  <div class='ocr_page' id='page_1' title='image "/cluster/home/n/w/nwhite01/storage/ocr_20150623/157/hvd.32044010248185/354.png"; bbox 0 0 4142 6360; ppageno 0'>
   <div class='ocr_carea' id='block_1_1' title="bbox 396 381 502 448">
    <p class='ocr_par' dir='ltr' id='par_1_1' title="bbox 396 381 502 448">
     <span class='ocr_line' id='line_1_1' title="bbox 396 381 502 448; baseline -0.019 -1"><span class='ocrx_word' id='word_1_1' title='bbox 396 381 502 448; x_wconf 70' lang='grc'><strong>897</strong></span> 
     </span>
    </p>
   </div>
   <div class='ocr_carea' id='block_1_2' title="bbox 1610 389 2460 452">
    <p class='ocr_par' dir='ltr' id='par_1_2' title="bbox 1610 389 2460 452">
     <span class='ocr_line' id='line_1_2' title="bbox 1610 389 2460 452; baseline 0.005 -6"><span class='ocrx_word' id='word_1_2' title='bbox 1610 389 1986 449; x_wconf 74' lang='lat' dir='ltr'><strong>DlSCll‘LlN.\</strong></span> <span class='ocrx_word' id='word_1_3' title='bbox 2027 391 2460 452; x_wconf 73' lang='lat' dir='ltr'><strong>CLERICALIS.</strong></span> 
     </span>
    </p>
   </div>
   <div class='ocr_carea' id='block_1_3' title="bbox 3567 404 3674 463">
    <p class='ocr_par' dir='ltr' id='par_1_3' title="bbox 3567 404 3674 463">
     <span class='ocr_line' id='line_1_3' title="bbox 3567 404 3674 463; baseline 0.028 -3"><span class='ocrx_word' id='word_1_4' title='bbox 3567 404 3674 463; x_wconf 83' lang='lat'><strong>698</strong></span> 
     </span>
    </p>
   </div>
   <div class='ocr_carea' id='block_1_4' title="bbox 393 486 3677 582">
    <p class='ocr_par' dir='ltr' id='par_1_4' title="bbox 393 486 3677 582">
     <span class='ocr_line' id='line_1_4' title="bbox 393 486 3677 582; baseline 0.005 -24"><span class='ocrx_word' id='word_1_5' title='bbox 393 503 577 558; x_wconf 86' lang='lat' dir='ltr'><strong>minus</strong></span> <span class='ocrx_word' id='word_1_6' title='bbox 627 501 822 558; x_wconf 91' lang='lat' dir='ltr'><strong>domus</strong></span> <span class='ocrx_word' id='word_1_7' title='bbox 865 502 1155 573; x_wconf 89' lang='lat' dir='ltr'><strong>comperit,</strong></span> <span class='ocrx_word' id='word_1_8' title='bbox 1202 503 1446 560; x_wconf 88' lang='lat' dir='ltr'><strong>suaviter</strong></span> <span class='ocrx_word' id='word_1_9' title='bbox 1495 521 1605 560; x_wconf 74' lang='lat' dir='ltr'><strong>sure</strong></span> <span class='ocrx_word' id='word_1_10' title='bbox 1661 507 1816 561; x_wconf 82' lang='lat' dir='ltr'><strong>uxori</strong></span> <span class='ocrx_word' id='word_1_11' title='bbox 1865 509 1983 561; x_wconf 87' lang='lat' dir='ltr'><strong>ait:</strong></span> <span class='ocrx_word' id='word_1_12' title='bbox 2018 510 2060 566; x_wconf 82' lang='lat' dir='ltr'><strong>A</strong></span> <span class='ocrx_word' id='word_1_13' title='bbox 2088 524 2317 578; x_wconf 82' lang='lat' dir='ltr'><strong>persona</strong></span> <span class='ocrx_word' id='word_1_14' title='bbox 2344 510 2389 565; x_wconf 91' lang='lat' dir='ltr'><strong>si</strong></span> <span class='ocrx_word' id='word_1_15' title='bbox 2417 509 2592 566; x_wconf 90' lang='lat' dir='ltr'><strong>malus</strong></span> <span class='ocrx_word' id='word_1_16' title='bbox 2643 519 2792 566; x_wconf 90' lang='lat' dir='ltr'><strong>esset</strong></span> <span class='ocrx_word' id='word_1_17' title='bbox 2839 509 3089 582; x_wconf 80' lang='lat' dir='ltr'><strong>gentibus</strong></span> <span class='ocrx_word' id='word_1_18' title='bbox 3113 520 3166 567; x_wconf 90' lang='lat' dir='ltr'><strong>et</strong></span> <span class='ocrx_word' id='word_1_19' title='bbox 3192 513 3448 570; x_wconf 86' lang='lat' dir='ltr'><strong>crudelis.</strong></span> <span class='ocrx_word' id='word_1_20' title='bbox 3481 486 3677 576; x_wconf 51' lang='lat' dir='ltr'><strong>Alius.</strong></span> 
     </span>
    </p>
   </div>
   <div class='ocr_carea' id='block_1_5' title="bbox 390 591 1990 665">
    <p class='ocr_par' dir='ltr' id='par_1_5' title="bbox 390 591 1990 665">
     <span class='ocr_line' id='line_1_5' title="bbox 390 591 1990 665; baseline 0.001 -16"><span class='ocrx_word' id='word_1_21' title='bbox 390 593 670 663; x_wconf 84' lang='lat' dir='ltr'><strong>Interroga</strong></span> <span class='ocrx_word' id='word_1_22' title='bbox 694 591 800 646; x_wconf 89' lang='lat' dir='ltr'><strong>alta</strong></span> <span class='ocrx_word' id='word_1_23' title='bbox 830 604 964 646; x_wconf 86' lang='lat' dir='ltr'><strong>voce</strong></span> <span class='ocrx_word' id='word_1_24' title='bbox 991 593 1132 647; x_wconf 86' lang='lat' dir='ltr'><strong>unde</strong></span> <span class='ocrx_word' id='word_1_25' title='bbox 1157 594 1304 647; x_wconf 88' lang='lat' dir='ltr'><strong>venit</strong></span> <span class='ocrx_word' id='word_1_26' title='bbox 1328 593 1458 648; x_wconf 90' lang='lat' dir='ltr'><strong>mihi</strong></span> <span class='ocrx_word' id='word_1_27' title='bbox 1491 595 1590 648; x_wconf 88' lang='lat' dir='ltr'><strong>iste</strong></span> <span class='ocrx_word' id='word_1_28' title='bbox 1615 603 1723 648; x_wconf 89' lang='lat' dir='ltr'><strong>tam</strong></span> <span class='ocrx_word' id='word_1_29' title='bbox 1761 611 1990 665; x_wconf 90' lang='lat' dir='ltr'><strong>magnus</strong></span> 
     </span>
    </p>
   </div>
   <div class='ocr_carea' id='block_1_6' title="bbox 391 682 1989 753">
    <p class='ocr_par' dir='ltr' id='par_1_6' title="bbox 391 682 1989 753">
     <span class='ocr_line' id='line_1_6' title="bbox 391 682 1989 753; baseline 0 -14"><span class='ocrx_word' id='word_1_30' title='bbox 391 698 591 739; x_wconf 82' lang='lat' dir='ltr'><strong>census</strong></span> <span class='ocrx_word' id='word_1_31' title='bbox 616 696 775 753; x_wconf 86' lang='lat' dir='ltr'><strong>quem</strong></span> <span class='ocrx_word' id='word_1_32' title='bbox 801 682 1004 748; x_wconf 86' lang='lat' dir='ltr'><strong>habeo;</strong></span> <span class='ocrx_word' id='word_1_33' title='bbox 1033 686 1174 753; x_wconf 88' lang='lat' dir='ltr'><strong>quod</strong></span> <span class='ocrx_word' id='word_1_34' title='bbox 1213 695 1268 738; x_wconf 93' lang='lat' dir='ltr'><strong>ut</strong></span> <span class='ocrx_word' id='word_1_35' title='bbox 1295 700 1408 739; x_wconf 91' lang='lat' dir='ltr'><strong>rem</strong></span> <span class='ocrx_word' id='word_1_36' title='bbox 1451 687 1592 740; x_wconf 88' lang='lat' dir='ltr'><strong>scias</strong></span> <span class='ocrx_word' id='word_1_37' title='bbox 1630 687 1855 740; x_wconf 87' lang='lat' dir='ltr'><strong>multum</strong></span> <span class='ocrx_word' id='word_1_38' title='bbox 1877 688 1989 741; x_wconf 85' lang='lat' dir='ltr'><strong>ela-</strong></span> 
     </span>
    </p>
   </div>
   <div class='ocr_carea' id='block_1_7' title="bbox 389 772 1980 844">
    <p class='ocr_par' dir='ltr' id='par_1_7' title="bbox 389 772 1980 844">
     <span class='ocr_line' id='line_1_7' title="bbox 389 772 1980 844; baseline 0.002 -15"><span class='ocrx_word' id='word_1_39' title='bbox 389 773 548 829; x_wconf 89' lang='lat' dir='ltr'><strong>bora.</strong></span> <span class='ocrx_word' id='word_1_40' title='bbox 580 772 734 828; x_wconf 90' lang='lat' dir='ltr'><strong>Tunc</strong></span> <span class='ocrx_word' id='word_1_41' title='bbox 776 774 889 844; x_wconf 89' lang='lat' dir='ltr'><strong>ipsa</strong></span> <span class='ocrx_word' id='word_1_42' title='bbox 921 774 1026 828; x_wconf 90' lang='lat' dir='ltr'><strong>alta</strong></span> <span class='ocrx_word' id='word_1_43' title='bbox 1059 791 1195 831; x_wconf 85' lang='lat' dir='ltr'><strong>voce</strong></span> <span class='ocrx_word' id='word_1_44' title='bbox 1231 776 1347 830; x_wconf 90' lang='lat' dir='ltr'><strong>ait:</strong></span> <span class='ocrx_word' id='word_1_45' title='bbox 1385 777 1628 842; x_wconf 84' lang='lat' dir='ltr'><strong>Domine,</strong></span> <span class='ocrx_word' id='word_1_46' title='bbox 1675 779 1816 834; x_wconf 87' lang='lat' dir='ltr'><strong>unde</strong></span> <span class='ocrx_word' id='word_1_47' title='bbox 1872 789 1980 832; x_wconf 90' lang='lat' dir='ltr'><strong>tam</strong></span> 
     </span>
    </p>
   </div>
   <div class='ocr_carea' id='block_1_8' title="bbox 387 865 1982 936">
    <p class='ocr_par' dir='ltr' id='par_1_8' title="bbox 387 865 1982 936">
     <span class='ocr_line' id='line_1_8' title="bbox 387 865 1982 936; baseline 0.001 -16"><span class='ocrx_word' id='word_1_48' title='bbox 387 879 644 935; x_wconf 88' lang='lat' dir='ltr'><strong>magnum</strong></span> <span class='ocrx_word' id='word_1_49' title='bbox 673 879 895 919; x_wconf 88' lang='lat' dir='ltr'><strong>censum</strong></span> <span class='ocrx_word' id='word_1_50' title='bbox 929 865 1164 920; x_wconf 81' lang='lat' dir='ltr'><strong>habuisti</strong></span> <span class='ocrx_word' id='word_1_51' title='bbox 1209 883 1330 921; x_wconf 90' lang='lat' dir='ltr'><strong>cum</strong></span> <span class='ocrx_word' id='word_1_52' title='bbox 1363 883 1655 936; x_wconf 77' lang='lat' dir='ltr'><strong>numquam</strong></span> <span class='ocrx_word' id='word_1_53' title='bbox 1710 879 1982 924; x_wconf 89' lang='lat' dir='ltr'><strong>mercator</strong></span> 
     </span>
    </p>
   </div>
   <div class='ocr_carea' id='block_1_9' title="bbox 388 955 1979 1024">
    <p class='ocr_par' dir='ltr' id='par_1_9' title="bbox 388 955 1979 1024">
     <span class='ocr_line' id='line_1_9' title="bbox 388 955 1979 1024; baseline 0.003 -13"><span class='ocrx_word' id='word_1_54' title='bbox 388 955 596 1012; x_wconf 81' lang='lat' dir='ltr'><strong>fueris?</strong></span> <span class='ocrx_word' id='word_1_55' title='bbox 622 959 691 1013; x_wconf 89' lang='lat' dir='ltr'><strong>At</strong></span> <span class='ocrx_word' id='word_1_56' title='bbox 719 959 810 1013; x_wconf 89' lang='lat' dir='ltr'><strong>ille</strong></span> <span class='ocrx_word' id='word_1_57' title='bbox 842 975 855 1012; x_wconf 92' lang='lat'>:</span> <span class='ocrx_word' id='word_1_58' title='bbox 888 957 1042 1024; x_wconf 85' lang='lat' dir='ltr'><strong>Quod</strong></span> <span class='ocrx_word' id='word_1_59' title='bbox 1074 957 1216 1013; x_wconf 82' lang='lat' dir='ltr'><strong>Deus</strong></span> <span class='ocrx_word' id='word_1_60' title='bbox 1246 958 1468 1013; x_wconf 86' lang='lat' dir='ltr'><strong>donavit</strong></span> <span class='ocrx_word' id='word_1_61' title='bbox 1490 974 1641 1013; x_wconf 90' lang='lat' dir='ltr'><strong>serva</strong></span> <span class='ocrx_word' id='word_1_62' title='bbox 1665 969 1719 1012; x_wconf 89' lang='lat' dir='ltr'><strong>et</strong></span> <span class='ocrx_word' id='word_1_63' title='bbox 1748 959 1830 1014; x_wconf 84' lang='lat' dir='ltr'><strong>fac</strong></span> <span class='ocrx_word' id='word_1_64' title='bbox 1855 961 1979 1015; x_wconf 88' lang='lat' dir='ltr'><strong>inde</strong></span> 
     </span>
    </p>
   </div>
   <div class='ocr_carea' id='block_1_10' title="bbox 387 1049 1976 1118">
    <p class='ocr_par' dir='ltr' id='par_1_10' title="bbox 387 1049 1976 1118">
     <span class='ocr_line' id='line_1_10' title="bbox 387 1049 1976 1118; baseline 0.001 -15"><span class='ocrx_word' id='word_1_65' title='bbox 387 1049 724 1104; x_wconf 73' lang='lat' dir='ltr'><strong>voluntatem</strong></span> <span class='ocrx_word' id='word_1_66' title='bbox 759 1060 902 1104; x_wconf 89' lang='lat' dir='ltr'><strong>tuam</strong></span> <span class='ocrx_word' id='word_1_67' title='bbox 955 1060 1145 1104; x_wconf 89' lang='lat' dir='ltr'><strong>etnon</strong></span> <span class='ocrx_word' id='word_1_68' title='bbox 1197 1050 1439 1118; x_wconf 84' lang='lat' dir='ltr'><strong>inquiras</strong></span> <span class='ocrx_word' id='word_1_69' title='bbox 1471 1050 1614 1106; x_wconf 91' lang='lat' dir='ltr'><strong>unde</strong></span> <span class='ocrx_word' id='word_1_70' title='bbox 1653 1052 1782 1104; x_wconf 92' lang='lat' dir='ltr'><strong>mihi</strong></span> <span class='ocrx_word' id='word_1_71' title='bbox 1831 1060 1976 1106; x_wconf 87' lang='lat' dir='ltr'><strong>tanta</strong></span> 
     </span>
    </p>
   </div>
   <div class='ocr_carea' id='block_1_11' title="bbox 387 1139 1977 1214">
    <p class='ocr_par' dir='ltr' id='par_1_11' title="bbox 387 1139 1977 1214">
     <span class='ocr_line' id='line_1_11' title="bbox 387 1139 1977 1214; baseline 0 -18"><span class='ocrx_word' id='word_1_72' title='bbox 387 1143 619 1214; x_wconf 90' lang='lat' dir='ltr'><strong>pecunia</strong></span> <span class='ocrx_word' id='word_1_73' title='bbox 673 1141 902 1196; x_wconf 86' lang='lat' dir='ltr'><strong>venerit.</strong></span> <span class='ocrx_word' id='word_1_74' title='bbox 947 1142 1017 1195; x_wconf 81' lang='lat' dir='ltr'><strong>At</strong></span> <span class='ocrx_word' id='word_1_75' title='bbox 1075 1142 1192 1212; x_wconf 88' lang='lat' dir='ltr'><strong>ipsa</strong></span> <span class='ocrx_word' id='word_1_76' title='bbox 1216 1141 1358 1196; x_wconf 89' lang='lat' dir='ltr'><strong>sicut</strong></span> <span class='ocrx_word' id='word_1_77' title='bbox 1416 1139 1712 1209; x_wconf 90' lang='lat' dir='ltr'><strong>injunctnm</strong></span> <span class='ocrx_word' id='word_1_78' title='bbox 1779 1140 1977 1208; x_wconf 89' lang='lat' dir='ltr'><strong>fuerat,</strong></span> 
     </span>
    </p>
   </div>
   <div class='ocr_carea' id='block_1_12' title="bbox 385 1232 1973 1304">
    <p class='ocr_par' dir='ltr' id='par_1_12' title="bbox 385 1232 1973 1304">
     <span class='ocr_line' id='line_1_12' title="bbox 385 1232 1973 1304; baseline -0.001 -16"><span class='ocrx_word' id='word_1_79' title='bbox 385 1234 558 1304; x_wconf 88' lang='lat' dir='ltr'><strong>magis</strong></span> <span class='ocrx_word' id='word_1_80' title='bbox 581 1241 636 1287; x_wconf 88' lang='lat' dir='ltr'><strong>et</strong></span> <span class='ocrx_word' id='word_1_81' title='bbox 664 1233 837 1302; x_wconf 88' lang='lat' dir='ltr'><strong>magis</strong></span> <span class='ocrx_word' id='word_1_82' title='bbox 887 1242 946 1287; x_wconf 85' lang='grc' dir='ltr'><strong>ιιι</strong></span> <span class='ocrx_word' id='word_1_83' title='bbox 992 1248 1106 1288; x_wconf 90' lang='lat' dir='ltr'><strong>rem</strong></span> <span class='ocrx_word' id='word_1_84' title='bbox 1163 1232 1330 1287; x_wconf 87' lang='lat' dir='ltr'><strong>sciret</strong></span> <span class='ocrx_word' id='word_1_85' title='bbox 1377 1232 1692 1304; x_wconf 76' lang='lat' dir='ltr'><strong>instigabat.</strong></span> <span class='ocrx_word' id='word_1_86' title='bbox 1747 1232 1973 1287; x_wconf 86' lang='lat' dir='ltr'><strong>Demum</strong></span> 
     </span>
    </p>
   </div>
   <div class='ocr_carea' id='block_1_13' title="bbox 383 1325 1968 1395">
    <p class='ocr_par' dir='ltr' id='par_1_13' title="bbox 383 1325 1968 1395">
     <span class='ocr_line' id='line_1_13' title="bbox 383 1325 1968 1395; baseline 0.001 -20"><span class='ocrx_word' id='word_1_87' title='bbox 383 1325 539 1394; x_wconf 87' lang='lat' dir='ltr'><strong>quasi</strong></span> <span class='ocrx_word' id='word_1_88' title='bbox 565 1333 785 1379; x_wconf 87' lang='lat' dir='ltr'><strong>coactus</strong></span> <span class='ocrx_word' id='word_1_89' title='bbox 826 1325 1078 1395; x_wconf 81' lang='lat' dir='ltr'><strong>precibus</strong></span> <span class='ocrx_word' id='word_1_90' title='bbox 1121 1326 1305 1380; x_wconf 80' lang='lat' dir='ltr'><strong>uxoris</strong></span> <span class='ocrx_word' id='word_1_91' title='bbox 1337 1340 1448 1379; x_wconf 80' lang='lat' dir='ltr'><strong>sua:</strong></span> <span class='ocrx_word' id='word_1_92' title='bbox 1477 1325 1652 1394; x_wconf 90' lang='lat' dir='ltr'><strong>inquit</strong></span> <span class='ocrx_word' id='word_1_93' title='bbox 1679 1325 1968 1380; x_wconf 84' lang='lat' dir='ltr'><strong>dominus:</strong></span> 
     </span>
    </p>
   </div>
   <div class='ocr_carea' id='block_1_14' title="bbox 383 1415 1970 1488">
    <p class='ocr_par' dir='ltr' id='par_1_14' title="bbox 383 1415 1970 1488">
     <span class='ocr_line' id='line_1_14' title="bbox 383 1415 1970 1488; baseline -0.001 -17"><span class='ocrx_word' id='word_1_94' title='bbox 383 1415 523 1473; x_wconf 79' lang='lat' dir='ltr'><strong>Vide</strong></span> <span class='ocrx_word' id='word_1_95' title='bbox 559 1433 626 1472; x_wconf 90' lang='lat' dir='ltr'><strong>ne</strong></span> <span class='ocrx_word' id='word_1_96' title='bbox 648 1417 904 1488; x_wconf 92' lang='lat' dir='ltr'><strong>cuiquam</strong></span> <span class='ocrx_word' id='word_1_97' title='bbox 952 1428 1162 1472; x_wconf 88' lang='lat' dir='ltr'><strong>secreta</strong></span> <span class='ocrx_word' id='word_1_98' title='bbox 1193 1426 1376 1472; x_wconf 91' lang='lat' dir='ltr'><strong>nostra</strong></span> <span class='ocrx_word' id='word_1_99' title='bbox 1409 1417 1662 1486; x_wconf 70' lang='lat' dir='ltr'><strong>(lelegas;</strong></span> <span class='ocrx_word' id='word_1_100' title='bbox 1698 1416 1838 1472; x_wconf 85' lang='lat' dir='ltr'><strong>latro</strong></span> <span class='ocrx_word' id='word_1_101' title='bbox 1874 1416 1970 1470; x_wconf 93' lang='lat' dir='ltr'><strong>fni.</strong></span> 
     </span>
    </p>
   </div>
   <div class='ocr_carea' id='block_1_15' title="bbox 381 1506 1974 1576">
    <p class='ocr_par' dir='ltr' id='par_1_15' title="bbox 381 1506 1974 1576">
     <span class='ocr_line' id='line_1_15' title="bbox 381 1506 1974 1576; baseline 0 -14"><span class='ocrx_word' id='word_1_102' title='bbox 381 1508 454 1562; x_wconf 81' lang='lat' dir='ltr'><strong>At</strong></span> <span class='ocrx_word' id='word_1_103' title='bbox 483 1507 597 1576; x_wconf 88' lang='lat' dir='ltr'><strong>ipsa</strong></span> <span class='ocrx_word' id='word_1_104' title='bbox 623 1508 736 1564; x_wconf 85' lang='lat' dir='ltr'><strong>ait:</strong></span> <span class='ocrx_word' id='word_1_105' title='bbox 771 1506 963 1561; x_wconf 86' lang='lat' dir='ltr'><strong>Mirum</strong></span> <span class='ocrx_word' id='word_1_106' title='bbox 994 1508 1120 1562; x_wconf 87' lang='lat' dir='ltr'><strong>mihi</strong></span> <span class='ocrx_word' id='word_1_107' title='bbox 1151 1508 1365 1562; x_wconf 87' lang='lat' dir='ltr'><strong>videtur</strong></span> <span class='ocrx_word' id='word_1_108' title='bbox 1402 1509 1672 1576; x_wconf 68' lang='lat' dir='ltr'><strong>quomodo</strong></span> <span class='ocrx_word' id='word_1_109' title='bbox 1719 1517 1825 1561; x_wconf 91' lang='lat' dir='ltr'><strong>tam</strong></span> <span class='ocrx_word' id='word_1_110' title='bbox 1860 1523 1974 1562; x_wconf 71' lang='lat' dir='ltr'><strong>ma~</strong></span> 
     </span>
    </p>
   </div>
   <div class='ocr_carea' id='block_1_16' title="bbox 382 1599 1971 1671">
    <p class='ocr_par' dir='ltr' id='par_1_16' title="bbox 382 1599 1971 1671">
     <span class='ocr_line' id='line_1_16' title="bbox 382 1599 1971 1671; baseline 0.004 -20"><span class='ocrx_word' id='word_1_111' title='bbox 382 1614 548 1670; x_wconf 88' lang='lat' dir='ltr'><strong>gnum</strong></span> <span class='ocrx_word' id='word_1_112' title='bbox 598 1614 819 1655; x_wconf 86' lang='lat' dir='ltr'><strong>censum</strong></span> <span class='ocrx_word' id='word_1_113' title='bbox 868 1599 1156 1654; x_wconf 87' lang='lat' dir='ltr'><strong>latrocinio</strong></span> <span class='ocrx_word' id='word_1_114' title='bbox 1201 1601 1486 1669; x_wconf 80' lang='lat' dir='ltr'><strong>acquirere</strong></span> <span class='ocrx_word' id='word_1_115' title='bbox 1531 1600 1775 1670; x_wconf 93' lang='lat' dir='ltr'><strong>potuisti,</strong></span> <span class='ocrx_word' id='word_1_116' title='bbox 1826 1603 1971 1671; x_wconf 87' lang='lat' dir='ltr'><strong>quod</strong></span> 
     </span>
    </p>
   </div>
   <div class='ocr_carea' id='block_1_17' title="bbox 381 1693 1972 1764">
    <p class='ocr_par' dir='ltr' id='par_1_17' title="bbox 381 1693 1972 1764">
     <span class='ocr_line' id='line_1_17' title="bbox 381 1693 1972 1764; baseline -0.001 -14"><span class='ocrx_word' id='word_1_117' title='bbox 381 1711 677 1764; x_wconf 84' lang='lat' dir='ltr'><strong>numquam</strong></span> <span class='ocrx_word' id='word_1_118' title='bbox 703 1694 1007 1749; x_wconf 82' lang='lat' dir='ltr'><strong>audivimus</strong></span> <span class='ocrx_word' id='word_1_119' title='bbox 1032 1695 1325 1750; x_wconf 85' lang='lat' dir='ltr'><strong>clamorem</strong></span> <span class='ocrx_word' id='word_1_120' title='bbox 1353 1695 1465 1748; x_wconf 88' lang='lat' dir='ltr'><strong>sive</strong></span> <span class='ocrx_word' id='word_1_121' title='bbox 1493 1693 1728 1764; x_wconf 85' lang='lat' dir='ltr'><strong>aliquam</strong></span> <span class='ocrx_word' id='word_1_122' title='bbox 1761 1693 1972 1749; x_wconf 82' lang='lat' dir='ltr'><strong>Calum-</strong></span> 
     </span>
    </p>
   </div>
   <div class='ocr_carea' id='block_1_18' title="bbox 381 1785 1969 1857">
    <p class='ocr_par' dir='ltr' id='par_1_18' title="bbox 381 1785 1969 1857">
     <span class='ocr_line' id='line_1_18' title="bbox 381 1785 1969 1857; baseline 0.001 -17"><span class='ocrx_word' id='word_1_123' title='bbox 381 1785 527 1841; x_wconf 86' lang='lat' dir='ltr'><strong>niam</strong></span> <span class='ocrx_word' id='word_1_124' title='bbox 562 1787 704 1842; x_wconf 87' lang='lat' dir='ltr'><strong>inde.</strong></span> <span class='ocrx_word' id='word_1_125' title='bbox 731 1788 937 1857; x_wconf 89' lang='lat' dir='ltr'><strong>Atipse</strong></span> <span class='ocrx_word' id='word_1_126' title='bbox 973 1788 1086 1841; x_wconf 89' lang='lat' dir='ltr'><strong>ait:</strong></span> <span class='ocrx_word' id='word_1_127' title='bbox 1117 1787 1347 1854; x_wconf 81' lang='lat' dir='ltr'><strong>Quidam</strong></span> <span class='ocrx_word' id='word_1_128' title='bbox 1393 1787 1652 1856; x_wconf 83' lang='lat' dir='ltr'><strong>magister</strong></span> <span class='ocrx_word' id='word_1_129' title='bbox 1690 1801 1844 1840; x_wconf 90' lang='lat' dir='ltr'><strong>meus</strong></span> <span class='ocrx_word' id='word_1_130' title='bbox 1883 1802 1969 1841; x_wconf 89' lang='lat' dir='ltr'><strong>me</strong></span> 
     </span>
    </p>
   </div>
   <div class='ocr_carea' id='block_1_19' title="bbox 379 1865 2051 1950">
    <p class='ocr_par' dir='ltr' id='par_1_19' title="bbox 379 1865 2051 1950">
     <span class='ocr_line' id='line_1_19' title="bbox 379 1865 2051 1950; baseline -0.002 -16"><span class='ocrx_word' id='word_1_131' title='bbox 379 1893 602 1934; x_wconf 86' lang='lat' dir='ltr'><strong>carmen</strong></span> <span class='ocrx_word' id='word_1_132' title='bbox 634 1879 854 1934; x_wconf 85' lang='lat' dir='ltr'><strong>edocuit</strong></span> <span class='ocrx_word' id='word_1_133' title='bbox 880 1879 1022 1950; x_wconf 90' lang='lat' dir='ltr'><strong>quod</strong></span> <span class='ocrx_word' id='word_1_134' title='bbox 1063 1877 1306 1932; x_wconf 82' lang='lat' dir='ltr'><strong>dicebam</strong></span> <span class='ocrx_word' id='word_1_135' title='bbox 1351 1880 1571 1947; x_wconf 88' lang='lat' dir='ltr'><strong>quando</strong></span> <span class='ocrx_word' id='word_1_136' title='bbox 1607 1877 1968 1932; x_wconf 88' lang='lat' dir='ltr'><strong>ascendebam</strong></span> <span class='ocrx_word' id='word_1_137' title='bbox 2009 1865 2051 1919; x_wconf 81' lang='grc' dir='ltr'><strong>Β</strong></span> 
     </span>
    </p>
   </div>
   <div class='ocr_carea' id='block_1_20' title="bbox 377 1968 1970 2039">
    <p class='ocr_par' dir='ltr' id='par_1_20' title="bbox 377 1968 1970 2039">
     <span class='ocr_line' id='line_1_20' title="bbox 377 1968 1970 2039; baseline 0 -17"><span class='ocrx_word' id='word_1_138' title='bbox 377 1983 545 2039; x_wconf 85' lang='lat' dir='ltr'><strong>super</strong></span> <span class='ocrx_word' id='word_1_139' title='bbox 595 1978 799 2024; x_wconf 91' lang='lat' dir='ltr'><strong>tectum</strong></span> <span class='ocrx_word' id='word_1_140' title='bbox 851 1977 907 2024; x_wconf 88' lang='lat' dir='ltr'><strong>et</strong></span> <span class='ocrx_word' id='word_1_141' title='bbox 960 1969 1182 2024; x_wconf 87' lang='lat' dir='ltr'><strong>veniens</strong></span> <span class='ocrx_word' id='word_1_142' title='bbox 1216 1969 1283 2022; x_wconf 90' lang='lat' dir='ltr'><strong>ad</strong></span> <span class='ocrx_word' id='word_1_143' title='bbox 1310 1968 1602 2023; x_wconf 82' lang='lat' dir='ltr'><strong>fenestram</strong></span> <span class='ocrx_word' id='word_1_144' title='bbox 1635 1969 1970 2037; x_wconf 82' lang='lat' dir='ltr'><strong>accipiebam</strong></span> 
     </span>
    </p>
   </div>
   <div class='ocr_carea' id='block_1_21' title="bbox 376 2059 1968 2131">
    <p class='ocr_par' dir='ltr' id='par_1_21' title="bbox 376 2059 1968 2131">
     <span class='ocr_line' id='line_1_21' title="bbox 376 2059 1968 2131; baseline -0.001 -15"><span class='ocrx_word' id='word_1_145' title='bbox 376 2061 592 2117; x_wconf 84' lang='lat' dir='ltr'><strong>radium</strong></span> <span class='ocrx_word' id='word_1_146' title='bbox 615 2060 752 2116; x_wconf 61' lang='lat' dir='ltr'><strong>Iunce</strong></span> <span class='ocrx_word' id='word_1_147' title='bbox 769 2076 928 2115; x_wconf 91' lang='lat' dir='ltr'><strong>manu</strong></span> <span class='ocrx_word' id='word_1_148' title='bbox 952 2073 1007 2118; x_wconf 90' lang='lat' dir='ltr'><strong>et</strong></span> <span class='ocrx_word' id='word_1_149' title='bbox 1029 2077 1249 2117; x_wconf 86' lang='lat' dir='ltr'><strong>carmen</strong></span> <span class='ocrx_word' id='word_1_150' title='bbox 1277 2076 1454 2116; x_wconf 89' lang='lat' dir='ltr'><strong>meum</strong></span> <span class='ocrx_word' id='word_1_151' title='bbox 1479 2061 1680 2131; x_wconf 82' lang='lat' dir='ltr'><strong>septies</strong></span> <span class='ocrx_word' id='word_1_152' title='bbox 1701 2059 1968 2126; x_wconf 86' lang='lat' dir='ltr'><strong>dicebam,</strong></span> 
     </span>
    </p>
   </div>
   <div class='ocr_carea' id='block_1_22' title="bbox 376 2151 1969 2222">
    <p class='ocr_par' dir='ltr' id='par_1_22' title="bbox 376 2151 1969 2222">
     <span class='ocr_line' id='line_1_22' title="bbox 376 2151 1969 2222; baseline -0.001 -14"><span class='ocrx_word' id='word_1_153' title='bbox 376 2152 606 2214; x_wconf 85' lang='lat' dir='ltr'><strong>scilicet,</strong></span> <span class='ocrx_word' id='word_1_154' title='bbox 629 2153 854 2217; x_wconf 81' lang='lat' dir='ltr'><strong>saulem,</strong></span> <span class='ocrx_word' id='word_1_155' title='bbox 904 2162 958 2208; x_wconf 90' lang='lat' dir='ltr'><strong>et</strong></span> <span class='ocrx_word' id='word_1_156' title='bbox 990 2153 1062 2208; x_wconf 91' lang='lat' dir='ltr'><strong>ita</strong></span> <span class='ocrx_word' id='word_1_157' title='bbox 1110 2153 1504 2209; x_wconf 88' lang='lat' dir='ltr'><strong>descendebam</strong></span> <span class='ocrx_word' id='word_1_158' title='bbox 1555 2152 1674 2208; x_wconf 88' lang='lat' dir='ltr'><strong>sine</strong></span> <span class='ocrx_word' id='word_1_159' title='bbox 1706 2151 1969 2222; x_wconf 91' lang='lat' dir='ltr'><strong>periculo.</strong></span> 
     </span>
    </p>
   </div>
   <div class='ocr_carea' id='block_1_23' title="bbox 380 2245 1970 2316">
    <p class='ocr_par' dir='ltr' id='par_1_23' title="bbox 380 2245 1970 2316">
     <span class='ocr_line' id='line_1_23' title="bbox 380 2245 1970 2316; baseline 0.002 -19"><span class='ocrx_word' id='word_1_160' title='bbox 380 2245 652 2314; x_wconf 81' lang='lat' dir='ltr'><strong>Quidquid</strong></span> <span class='ocrx_word' id='word_1_161' title='bbox 688 2245 985 2316; x_wconf 91' lang='lat' dir='ltr'><strong>pretiosum</strong></span> <span class='ocrx_word' id='word_1_162' title='bbox 1017 2246 1361 2301; x_wconf 86' lang='lat' dir='ltr'><strong>inveniebam</strong></span> <span class='ocrx_word' id='word_1_163' title='bbox 1389 2246 1440 2300; x_wconf 93' lang='lat' dir='ltr'><strong>in</strong></span> <span class='ocrx_word' id='word_1_164' title='bbox 1469 2245 1630 2301; x_wconf 89' lang='lat' dir='ltr'><strong>domo</strong></span> <span class='ocrx_word' id='word_1_165' title='bbox 1673 2245 1970 2301; x_wconf 88' lang='lat' dir='ltr'><strong>corrodens</strong></span> 
     </span>
    </p>
   </div>
   <div class='ocr_carea' id='block_1_24' title="bbox 376 2335 1972 2393">
    <p class='ocr_par' dir='ltr' id='par_1_24' title="bbox 376 2335 1972 2393">
     <span class='ocr_line' id='line_1_24' title="bbox 376 2335 1972 2393; baseline -0.001 -1"><span class='ocrx_word' id='word_1_166' title='bbox 376 2336 679 2392; x_wconf 86' lang='lat' dir='ltr'><strong>sumebam.</strong></span> <span class='ocrx_word' id='word_1_167' title='bbox 713 2335 828 2393; x_wconf 84' lang='lat' dir='ltr'><strong>iloc</strong></span> <span class='ocrx_word' id='word_1_168' title='bbox 871 2336 1014 2392; x_wconf 88' lang='lat' dir='ltr'><strong>facto</strong></span> <span class='ocrx_word' id='word_1_169' title='bbox 1045 2337 1239 2393; x_wconf 90' lang='lat' dir='ltr'><strong>iterum</strong></span> <span class='ocrx_word' id='word_1_170' title='bbox 1279 2337 1346 2392; x_wconf 91' lang='lat' dir='ltr'><strong>ad</strong></span> <span class='ocrx_word' id='word_1_171' title='bbox 1385 2338 1595 2393; x_wconf 78' lang='lat' dir='ltr'><strong>radium</strong></span> <span class='ocrx_word' id='word_1_172' title='bbox 1627 2335 1766 2392; x_wconf 78' lang='lat' dir='ltr'><strong>luna:</strong></span> <span class='ocrx_word' id='word_1_173' title='bbox 1789 2335 1972 2391; x_wconf 85' lang='lat' dir='ltr'><strong>venie-</strong></span> 
     </span>
    </p>
   </div>
   <div class='ocr_carea' id='block_1_25' title="bbox 374 2427 1968 2500">
    <p class='ocr_par' dir='ltr' id='par_1_25' title="bbox 374 2427 1968 2500">
     <span class='ocr_line' id='line_1_25' title="bbox 374 2427 1968 2500; baseline 0.001 -17"><span class='ocrx_word' id='word_1_174' title='bbox 374 2427 523 2490; x_wconf 87' lang='lat' dir='ltr'><strong>bam,</strong></span> <span class='ocrx_word' id='word_1_175' title='bbox 558 2437 612 2482; x_wconf 91' lang='lat' dir='ltr'><strong>et</strong></span> <span class='ocrx_word' id='word_1_176' title='bbox 633 2429 824 2484; x_wconf 89' lang='lat' dir='ltr'><strong>eodem</strong></span> <span class='ocrx_word' id='word_1_177' title='bbox 856 2429 1100 2485; x_wconf 87' lang='lat' dir='ltr'><strong>carmine</strong></span> <span class='ocrx_word' id='word_1_178' title='bbox 1123 2430 1325 2500; x_wconf 85' lang='lat' dir='ltr'><strong>septies</strong></span> <span class='ocrx_word' id='word_1_179' title='bbox 1353 2429 1532 2492; x_wconf 91' lang='lat' dir='ltr'><strong>dicto,</strong></span> <span class='ocrx_word' id='word_1_180' title='bbox 1558 2444 1682 2486; x_wconf 91' lang='lat' dir='ltr'><strong>cum</strong></span> <span class='ocrx_word' id='word_1_181' title='bbox 1713 2430 1968 2484; x_wconf 87' lang='lat' dir='ltr'><strong>omnibus</strong></span> 
     </span>
    </p>
   </div>
   <div class='ocr_carea' id='block_1_26' title="bbox 375 2519 1964 2592">
    <p class='ocr_par' dir='ltr' id='par_1_26' title="bbox 375 2519 1964 2592">
     <span class='ocr_line' id='line_1_26' title="bbox 375 2519 1964 2592; baseline -0.002 -17"><span class='ocrx_word' id='word_1_182' title='bbox 375 2521 429 2575; x_wconf 90' lang='lat' dir='ltr'><strong>in</strong></span> <span class='ocrx_word' id='word_1_183' title='bbox 471 2520 631 2576; x_wconf 89' lang='lat' dir='ltr'><strong>domo</strong></span> <span class='ocrx_word' id='word_1_184' title='bbox 661 2521 892 2592; x_wconf 88' lang='lat' dir='ltr'><strong>sumptis</strong></span> <span class='ocrx_word' id='word_1_185' title='bbox 933 2521 1314 2585; x_wconf 77' lang='lat' dir='ltr'><strong>ascendebam,</strong></span> <span class='ocrx_word' id='word_1_186' title='bbox 1355 2530 1407 2576; x_wconf 92' lang='lat' dir='ltr'><strong>et</strong></span> <span class='ocrx_word' id='word_1_187' title='bbox 1445 2521 1588 2591; x_wconf 91' lang='lat' dir='ltr'><strong>quod</strong></span> <span class='ocrx_word' id='word_1_188' title='bbox 1637 2519 1964 2576; x_wconf 86' lang='lat' dir='ltr'><strong>sustuleram</strong></span> 
     </span>
    </p>
   </div>
   <div class='ocr_carea' id='block_1_27' title="bbox 374 2613 1964 2685">
    <p class='ocr_par' dir='ltr' id='par_1_27' title="bbox 374 2613 1964 2685">
     <span class='ocr_line' id='line_1_27' title="bbox 374 2613 1964 2685; baseline -0.001 -18"><span class='ocrx_word' id='word_1_189' title='bbox 374 2614 442 2668; x_wconf 89' lang='lat' dir='ltr'><strong>ad</strong></span> <span class='ocrx_word' id='word_1_190' title='bbox 488 2613 777 2683; x_wconf 90' lang='lat' dir='ltr'><strong>hospitium</strong></span> <span class='ocrx_word' id='word_1_191' title='bbox 807 2613 1140 2669; x_wconf 88' lang='lat' dir='ltr'><strong>deferebam.</strong></span> <span class='ocrx_word' id='word_1_192' title='bbox 1189 2613 1306 2668; x_wconf 82' lang='lat' dir='ltr'><strong>Tali</strong></span> <span class='ocrx_word' id='word_1_193' title='bbox 1348 2613 1563 2685; x_wconf 89' lang='lat' dir='ltr'><strong>ingenio</strong></span> <span class='ocrx_word' id='word_1_194' title='bbox 1613 2614 1755 2668; x_wconf 89' lang='lat' dir='ltr'><strong>lnmc</strong></span> <span class='ocrx_word' id='word_1_195' title='bbox 1803 2627 1964 2682; x_wconf 81' lang='lat' dir='ltr'><strong>quem</strong></span> 
     </span>
    </p>
   </div>
   <div class='ocr_carea' id='block_1_28' title="bbox 371 2701 1963 2771">
    <p class='ocr_par' dir='ltr' id='par_1_28' title="bbox 371 2701 1963 2771">
     <span class='ocr_line' id='line_1_28' title="bbox 371 2701 1963 2771; baseline 0.001 -15"><span class='ocrx_word' id='word_1_196' title='bbox 371 2703 622 2771; x_wconf 83' lang='lat' dir='ltr'><strong>possideo</strong></span> <span class='ocrx_word' id='word_1_197' title='bbox 652 2719 874 2758; x_wconf 89' lang='lat' dir='ltr'><strong>censum</strong></span> <span class='ocrx_word' id='word_1_198' title='bbox 929 2703 1120 2760; x_wconf 85' lang='lat' dir='ltr'><strong>habeo.</strong></span> <span class='ocrx_word' id='word_1_199' title='bbox 1146 2704 1215 2758; x_wconf 89' lang='lat' dir='ltr'><strong>At</strong></span> <span class='ocrx_word' id='word_1_200' title='bbox 1245 2703 1441 2758; x_wconf 90' lang='lat' dir='ltr'><strong>mulier</strong></span> <span class='ocrx_word' id='word_1_201' title='bbox 1461 2703 1538 2757; x_wconf 89' lang='lat' dir='ltr'><strong>ait</strong></span> <span class='ocrx_word' id='word_1_202' title='bbox 1567 2720 1580 2757; x_wconf 92' lang='lat'>:</span> <span class='ocrx_word' id='word_1_203' title='bbox 1623 2701 1767 2758; x_wconf 88' lang='lat' dir='ltr'><strong>Bene</strong></span> <span class='ocrx_word' id='word_1_204' title='bbox 1791 2701 1963 2757; x_wconf 81' lang='lat' dir='ltr'><strong>fecisti</strong></span> 
     </span>
    </p>
   </div>
   <div class='ocr_carea' id='block_1_29' title="bbox 372 2793 1962 2866">
    <p class='ocr_par' dir='ltr' id='par_1_29' title="bbox 372 2793 1962 2866">
     <span class='ocr_line' id='line_1_29' title="bbox 372 2793 1962 2866; baseline 0.001 -20"><span class='ocrx_word' id='word_1_205' title='bbox 372 2794 514 2864; x_wconf 89' lang='lat' dir='ltr'><strong>qttod</strong></span> <span class='ocrx_word' id='word_1_206' title='bbox 556 2794 686 2848; x_wconf 88' lang='lat' dir='ltr'><strong>mihi</strong></span> <span class='ocrx_word' id='word_1_207' title='bbox 716 2793 840 2848; x_wconf 84' lang='lat' dir='ltr'><strong>talia</strong></span> <span class='ocrx_word' id='word_1_208' title='bbox 872 2795 1079 2860; x_wconf 79' lang='lat' dir='ltr'><strong>dixisti,</strong></span> <span class='ocrx_word' id='word_1_209' title='bbox 1138 2810 1262 2849; x_wconf 89' lang='lat' dir='ltr'><strong>nam</strong></span> <span class='ocrx_word' id='word_1_210' title='bbox 1314 2794 1362 2850; x_wconf 87' lang='lat' dir='ltr'><strong>si</strong></span> <span class='ocrx_word' id='word_1_211' title='bbox 1414 2795 1742 2866; x_wconf 83' lang='lat' dir='ltr'><strong>quandoque</strong></span> <span class='ocrx_word' id='word_1_212' title='bbox 1794 2793 1962 2848; x_wconf 86' lang='lat' dir='ltr'><strong>ﬁlium</strong></span> 
     </span>
    </p>
   </div>
   <div class='ocr_carea' id='block_1_30' title="bbox 373 2885 1963 2957">
    <p class='ocr_par' dir='ltr' id='par_1_30' title="bbox 373 2885 1963 2957">
     <span class='ocr_line' id='line_1_30' title="bbox 373 2885 1963 2957; baseline 0.001 -17"><span class='ocrx_word' id='word_1_213' title='bbox 373 2885 635 2950; x_wconf 86' lang='lat' dir='ltr'><strong>habuero,</strong></span> <span class='ocrx_word' id='word_1_214' title='bbox 663 2901 956 2956; x_wconf 86' lang='lat' dir='ltr'><strong>nepauper</strong></span> <span class='ocrx_word' id='word_1_215' title='bbox 985 2887 1165 2957; x_wconf 82' lang='lat' dir='ltr'><strong>degat,</strong></span> <span class='ocrx_word' id='word_1_216' title='bbox 1220 2887 1322 2941; x_wconf 87' lang='lat' dir='ltr'><strong>hoc</strong></span> <span class='ocrx_word' id='word_1_217' title='bbox 1372 2900 1592 2940; x_wconf 89' lang='lat' dir='ltr'><strong>carmen</strong></span> <span class='ocrx_word' id='word_1_218' title='bbox 1638 2885 1864 2940; x_wconf 90' lang='lat' dir='ltr'><strong>docebo.</strong></span> <span class='ocrx_word' id='word_1_219' title='bbox 1893 2887 1963 2941; x_wconf 89' lang='lat' dir='ltr'><strong>At</strong></span> 
     </span>
    </p>
   </div>
   <div class='ocr_carea' id='block_1_31' title="bbox 371 2977 1959 3048">
    <p class='ocr_par' dir='ltr' id='par_1_31' title="bbox 371 2977 1959 3048">
     <span class='ocr_line' id='line_1_31' title="bbox 371 2977 1959 3048; baseline -0.001 -16"><span class='ocrx_word' id='word_1_220' title='bbox 371 2978 620 3032; x_wconf 85' lang='lat' dir='ltr'><strong>dominus</strong></span> <span class='ocrx_word' id='word_1_221' title='bbox 675 2977 896 3047; x_wconf 86' lang='lat' dir='ltr'><strong>inquit:</strong></span> <span class='ocrx_word' id='word_1_222' title='bbox 951 2978 1213 3035; x_wconf 83' lang='lat' dir='ltr'><strong>Permitte</strong></span> <span class='ocrx_word' id='word_1_223' title='bbox 1271 2994 1357 3034; x_wconf 88' lang='lat' dir='ltr'><strong>me</strong></span> <span class='ocrx_word' id='word_1_224' title='bbox 1415 2979 1654 3033; x_wconf 90' lang='lat' dir='ltr'><strong>dormire</strong></span> <span class='ocrx_word' id='word_1_225' title='bbox 1702 2977 1959 3048; x_wconf 90' lang='lat' dir='ltr'><strong>quoniam</strong></span> 
     </span>
    </p>
   </div>
   <div class='ocr_carea' id='block_1_32' title="bbox 369 3067 1961 3139">
    <p class='ocr_par' dir='ltr' id='par_1_32' title="bbox 369 3067 1961 3139">
     <span class='ocr_line' id='line_1_32' title="bbox 369 3067 1961 3139; baseline 0 -17"><span class='ocrx_word' id='word_1_226' title='bbox 369 3081 563 3122; x_wconf 77' lang='lat' dir='ltr'><strong>somno</strong></span> <span class='ocrx_word' id='word_1_227' title='bbox 594 3080 918 3138; x_wconf 85' lang='lat' dir='ltr'><strong>aggravatus</strong></span> <span class='ocrx_word' id='word_1_228' title='bbox 943 3069 1061 3125; x_wconf 89' lang='lat' dir='ltr'><strong>volo</strong></span> <span class='ocrx_word' id='word_1_229' title='bbox 1084 3070 1398 3139; x_wconf 87' lang='lat' dir='ltr'><strong>quiescere.</strong></span> <span class='ocrx_word' id='word_1_230' title='bbox 1433 3078 1485 3123; x_wconf 93' lang='lat' dir='ltr'><strong>et</strong></span> <span class='ocrx_word' id='word_1_231' title='bbox 1523 3077 1582 3122; x_wconf 93' lang='lat' dir='ltr'><strong>ut</strong></span> <span class='ocrx_word' id='word_1_232' title='bbox 1615 3069 1790 3136; x_wconf 87' lang='lat' dir='ltr'><strong>magis</strong></span> <span class='ocrx_word' id='word_1_233' title='bbox 1816 3067 1961 3122; x_wconf 87' lang='lat' dir='ltr'><strong>deci-</strong></span> 
     </span>
    </p>
   </div>
   <div class='ocr_carea' id='block_1_33' title="bbox 367 3157 1959 3228">
    <p class='ocr_par' dir='ltr' id='par_1_33' title="bbox 367 3157 1959 3228">
     <span class='ocr_line' id='line_1_33' title="bbox 367 3157 1959 3228; baseline 0.005 -22"><span class='ocrx_word' id='word_1_234' title='bbox 367 3165 554 3227; x_wconf 82' lang='lat' dir='ltr'><strong>peret,</strong></span> <span class='ocrx_word' id='word_1_235' title='bbox 601 3159 751 3227; x_wconf 89' lang='lat' dir='ltr'><strong>quasi</strong></span> <span class='ocrx_word' id='word_1_236' title='bbox 807 3157 1085 3215; x_wconf 89' lang='lat' dir='ltr'><strong>dormiens</strong></span> <span class='ocrx_word' id='word_1_237' title='bbox 1139 3168 1374 3215; x_wconf 88' lang='lat' dir='ltr'><strong>stertere</strong></span> <span class='ocrx_word' id='word_1_238' title='bbox 1430 3160 1618 3228; x_wconf 75' lang='lat' dir='ltr'><strong>erepit.</strong></span> <span class='ocrx_word' id='word_1_239' title='bbox 1679 3158 1959 3228; x_wconf 86' lang='lat' dir='ltr'><strong>Perceptis</strong></span> 
     </span>
    </p>
   </div>
   <div class='ocr_carea' id='block_1_34' title="bbox 367 3247 1957 3320">
    <p class='ocr_par' dir='ltr' id='par_1_34' title="bbox 367 3247 1957 3320">
     <span class='ocr_line' id='line_1_34' title="bbox 367 3247 1957 3320; baseline 0.002 -19"><span class='ocrx_word' id='word_1_240' title='bbox 367 3247 599 3317; x_wconf 85' lang='lat' dir='ltr'><strong>denique</strong></span> <span class='ocrx_word' id='word_1_241' title='bbox 639 3248 834 3304; x_wconf 88' lang='lat' dir='ltr'><strong>talibus</strong></span> <span class='ocrx_word' id='word_1_242' title='bbox 890 3249 1070 3305; x_wconf 82' lang='lat' dir='ltr'><strong>verbis</strong></span> <span class='ocrx_word' id='word_1_243' title='bbox 1096 3290 1111 3316; x_wconf 93' lang='lat'><strong>,</strong></span> <span class='ocrx_word' id='word_1_244' title='bbox 1170 3249 1258 3304; x_wconf 89' lang='lat' dir='ltr'><strong>fur</strong></span> <span class='ocrx_word' id='word_1_245' title='bbox 1301 3249 1425 3304; x_wconf 89' lang='lat' dir='ltr'><strong>inde</strong></span> <span class='ocrx_word' id='word_1_246' title='bbox 1455 3249 1672 3320; x_wconf 80' lang='lat' dir='ltr'><strong>gavisus</strong></span> <span class='ocrx_word' id='word_1_247' title='bbox 1719 3259 1775 3304; x_wconf 91' lang='lat' dir='ltr'><strong>et</strong></span> <span class='ocrx_word' id='word_1_248' title='bbox 1813 3248 1957 3304; x_wconf 91' lang='lat' dir='ltr'><strong>dicto</strong></span> 
     </span>
    </p>
   </div>
   <div class='ocr_carea' id='block_1_35' title="bbox 367 3337 1960 3410">
    <p class='ocr_par' dir='ltr' id='par_1_35' title="bbox 367 3337 1960 3410">
     <span class='ocr_line' id='line_1_35' title="bbox 367 3337 1960 3410; baseline 0.001 -18"><span class='ocrx_word' id='word_1_249' title='bbox 367 3338 568 3408; x_wconf 80' lang='lat' dir='ltr'><strong>septies</strong></span> <span class='ocrx_word' id='word_1_250' title='bbox 593 3339 852 3407; x_wconf 87' lang='lat' dir='ltr'><strong>carmine,</strong></span> <span class='ocrx_word' id='word_1_251' title='bbox 890 3348 945 3394; x_wconf 90' lang='lat' dir='ltr'><strong>et</strong></span> <span class='ocrx_word' id='word_1_252' title='bbox 979 3350 1196 3410; x_wconf 88' lang='lat' dir='ltr'><strong>sumpto</strong></span> <span class='ocrx_word' id='word_1_253' title='bbox 1233 3356 1394 3394; x_wconf 91' lang='lat' dir='ltr'><strong>manu</strong></span> <span class='ocrx_word' id='word_1_254' title='bbox 1429 3340 1580 3394; x_wconf 86' lang='lat' dir='ltr'><strong>radio</strong></span> <span class='ocrx_word' id='word_1_255' title='bbox 1608 3339 1777 3405; x_wconf 79' lang='lat' dir='ltr'><strong>lunzn,</strong></span> <span class='ocrx_word' id='word_1_256' title='bbox 1810 3337 1960 3393; x_wconf 81' lang='lat' dir='ltr'><strong>laxa-</strong></span> 
     </span>
    </p>
   </div>
   <div class='ocr_carea' id='block_1_36' title="bbox 366 3428 1954 3502">
    <p class='ocr_par' dir='ltr' id='par_1_36' title="bbox 366 3428 1954 3502">
     <span class='ocr_line' id='line_1_36' title="bbox 366 3428 1954 3502; baseline 0.002 -21"><span class='ocrx_word' id='word_1_257' title='bbox 366 3428 439 3483; x_wconf 84' lang='lat' dir='ltr'><strong>tis</strong></span> <span class='ocrx_word' id='word_1_258' title='bbox 476 3429 724 3484; x_wconf 80' lang='lat' dir='ltr'><strong>nianibus</strong></span> <span class='ocrx_word' id='word_1_259' title='bbox 753 3439 809 3486; x_wconf 89' lang='lat' dir='ltr'><strong>et</strong></span> <span class='ocrx_word' id='word_1_260' title='bbox 862 3431 1090 3500; x_wconf 90' lang='lat' dir='ltr'><strong>pedibus</strong></span> <span class='ocrx_word' id='word_1_261' title='bbox 1148 3445 1244 3502; x_wconf 88' lang='lat' dir='ltr'><strong>per</strong></span> <span class='ocrx_word' id='word_1_262' title='bbox 1289 3429 1587 3486; x_wconf 78' lang='lat' dir='ltr'><strong>fenestram</strong></span> <span class='ocrx_word' id='word_1_263' title='bbox 1632 3430 1685 3485; x_wconf 92' lang='lat' dir='ltr'><strong>in</strong></span> <span class='ocrx_word' id='word_1_264' title='bbox 1715 3430 1954 3497; x_wconf 91' lang='lat' dir='ltr'><strong>domum,</strong></span> 
     </span>
    </p>
   </div>
   <div class='ocr_carea' id='block_1_37' title="bbox 365 3519 1957 3589">
    <p class='ocr_par' dir='ltr' id='par_1_37' title="bbox 365 3519 1957 3589">
     <span class='ocr_line' id='line_1_37' title="bbox 365 3519 1957 3589; baseline 0.001 -17"><span class='ocrx_word' id='word_1_265' title='bbox 365 3533 623 3589; x_wconf 86' lang='lat' dir='ltr'><strong>magnum</strong></span> <span class='ocrx_word' id='word_1_266' title='bbox 679 3519 883 3575; x_wconf 81' lang='lat' dir='ltr'><strong>faciens</strong></span> <span class='ocrx_word' id='word_1_267' title='bbox 940 3535 1154 3588; x_wconf 88' lang='lat' dir='ltr'><strong>sonum,</strong></span> <span class='ocrx_word' id='word_1_268' title='bbox 1207 3521 1404 3575; x_wconf 91' lang='lat' dir='ltr'><strong>cecidit</strong></span> <span class='ocrx_word' id='word_1_269' title='bbox 1433 3529 1488 3576; x_wconf 92' lang='lat' dir='ltr'><strong>et</strong></span> <span class='ocrx_word' id='word_1_270' title='bbox 1528 3520 1700 3574; x_wconf 88' lang='lat' dir='ltr'><strong>fracto</strong></span> <span class='ocrx_word' id='word_1_271' title='bbox 1722 3535 1881 3574; x_wconf 89' lang='lat' dir='ltr'><strong>crure</strong></span> <span class='ocrx_word' id='word_1_272' title='bbox 1902 3529 1957 3575; x_wconf 91' lang='lat' dir='ltr'><strong>et</strong></span> 
     </span>
    </p>
   </div>
   <div class='ocr_carea' id='block_1_38' title="bbox 371 3609 1956 3683">
    <p class='ocr_par' dir='ltr' id='par_1_38' title="bbox 371 3609 1956 3683">
     <span class='ocr_line' id='line_1_38' title="bbox 371 3609 1956 3683; baseline 0.001 -18"><span class='ocrx_word' id='word_1_273' title='bbox 371 3610 600 3666; x_wconf 87' lang='lat' dir='ltr'><strong>brachio</strong></span> <span class='ocrx_word' id='word_1_274' title='bbox 660 3612 987 3683; x_wconf 90' lang='lat' dir='ltr'><strong>congemuit.</strong></span> <span class='ocrx_word' id='word_1_275' title='bbox 1036 3612 1118 3667; x_wconf 84' lang='lat' dir='ltr'><strong>Ad</strong></span> <span class='ocrx_word' id='word_1_276' title='bbox 1177 3611 1426 3667; x_wconf 90' lang='lat' dir='ltr'><strong>dominus</strong></span> <span class='ocrx_word' id='word_1_277' title='bbox 1456 3612 1648 3666; x_wconf 91' lang='lat' dir='ltr'><strong>domus</strong></span> <span class='ocrx_word' id='word_1_278' title='bbox 1676 3609 1828 3681; x_wconf 87' lang='lat' dir='ltr'><strong>quasi</strong></span> <span class='ocrx_word' id='word_1_279' title='bbox 1864 3626 1956 3666; x_wconf 84' lang='lat' dir='ltr'><strong>ne-</strong></span> 
     </span>
    </p>
   </div>
   <div class='ocr_carea' id='block_1_39' title="bbox 363 3704 1951 3774">
    <p class='ocr_par' dir='ltr' id='par_1_39' title="bbox 363 3704 1951 3774">
     <span class='ocr_line' id='line_1_39' title="bbox 363 3704 1951 3774; baseline 0.001 -16"><span class='ocrx_word' id='word_1_280' title='bbox 363 3705 542 3759; x_wconf 84' lang='lat' dir='ltr'><strong>sciens</strong></span> <span class='ocrx_word' id='word_1_281' title='bbox 573 3705 748 3774; x_wconf 91' lang='lat' dir='ltr'><strong>inquit</strong></span> <span class='ocrx_word' id='word_1_282' title='bbox 775 3722 788 3757; x_wconf 91' lang='lat'><strong>:</strong></span> <span class='ocrx_word' id='word_1_283' title='bbox 817 3704 896 3759; x_wconf 88' lang='lat' dir='ltr'><strong>Tu</strong></span> <span class='ocrx_word' id='word_1_284' title='bbox 936 3704 1057 3774; x_wconf 87' lang='lat' dir='ltr'><strong>quis</strong></span> <span class='ocrx_word' id='word_1_285' title='bbox 1084 3719 1145 3760; x_wconf 88' lang='lat' dir='ltr'><strong>es</strong></span> <span class='ocrx_word' id='word_1_286' title='bbox 1167 3706 1254 3774; x_wconf 92' lang='lat' dir='ltr'><strong>qui</strong></span> <span class='ocrx_word' id='word_1_287' title='bbox 1289 3707 1364 3759; x_wconf 86' lang='lat' dir='ltr'><strong>ita</strong></span> <span class='ocrx_word' id='word_1_288' title='bbox 1389 3704 1667 3760; x_wconf 87' lang='lat' dir='ltr'><strong>cecidisti?</strong></span> <span class='ocrx_word' id='word_1_289' title='bbox 1691 3705 1772 3758; x_wconf 86' lang='lat' dir='ltr'><strong>Ad</strong></span> <span class='ocrx_word' id='word_1_290' title='bbox 1829 3704 1951 3759; x_wconf 61' lang='lat' dir='ltr'><strong>haec</strong></span> 
     </span>
    </p>
   </div>
   <div class='ocr_carea' id='block_1_40' title="bbox 363 3795 1952 3868">
    <p class='ocr_par' dir='ltr' id='par_1_40' title="bbox 363 3795 1952 3868">
     <span class='ocr_line' id='line_1_40' title="bbox 363 3795 1952 3868; baseline -0.001 -17"><span class='ocrx_word' id='word_1_291' title='bbox 363 3796 506 3852; x_wconf 89' lang='lat' dir='ltr'><strong>latro</strong></span> <span class='ocrx_word' id='word_1_292' title='bbox 539 3813 552 3851; x_wconf 90' lang='lat'><strong>:</strong></span> <span class='ocrx_word' id='word_1_293' title='bbox 588 3797 698 3868; x_wconf 83' lang='lat' dir='ltr'><strong>Ego</strong></span> <span class='ocrx_word' id='word_1_294' title='bbox 721 3811 839 3853; x_wconf 83' lang='lat' dir='ltr'><strong>sum</strong></span> <span class='ocrx_word' id='word_1_295' title='bbox 887 3797 973 3853; x_wconf 86' lang='lat' dir='ltr'><strong>ille</strong></span> <span class='ocrx_word' id='word_1_296' title='bbox 1004 3797 1092 3852; x_wconf 85' lang='lat' dir='ltr'><strong>fur</strong></span> <span class='ocrx_word' id='word_1_297' title='bbox 1120 3796 1301 3854; x_wconf 87' lang='lat' dir='ltr'><strong>infelix</strong></span> <span class='ocrx_word' id='word_1_298' title='bbox 1333 3796 1426 3867; x_wconf 90' lang='lat' dir='ltr'><strong>qui</strong></span> <span class='ocrx_word' id='word_1_299' title='bbox 1465 3795 1574 3851; x_wconf 90' lang='lat' dir='ltr'><strong>tuis</strong></span> <span class='ocrx_word' id='word_1_300' title='bbox 1612 3796 1817 3851; x_wconf 88' lang='lat' dir='ltr'><strong>credidi</strong></span> <span class='ocrx_word' id='word_1_301' title='bbox 1843 3795 1952 3850; x_wconf 89' lang='lat' dir='ltr'><strong>fal-</strong></span> 
     </span>
    </p>
   </div>
   <div class='ocr_carea' id='block_1_41' title="bbox 359 3889 800 3946">
    <p class='ocr_par' dir='ltr' id='par_1_41' title="bbox 359 3889 800 3946">
     <span class='ocr_line' id='line_1_41' title="bbox 359 3889 800 3946; baseline -0.002 -1"><span class='ocrx_word' id='word_1_302' title='bbox 359 3889 572 3946; x_wconf 84' lang='lat' dir='ltr'><strong>lacibus</strong></span> <span class='ocrx_word' id='word_1_303' title='bbox 597 3889 800 3944; x_wconf 75' lang='lat' dir='ltr'><strong>verbis.</strong></span> 
     </span>
    </p>
   </div>
   <div class='ocr_carea' id='block_1_42' title="bbox 434 3977 1948 4049">
    <p class='ocr_par' dir='ltr' id='par_1_42' title="bbox 434 3977 1948 4049">
     <span class='ocr_line' id='line_1_42' title="bbox 434 3977 1948 4049; baseline -0.002 -14"><span class='ocrx_word' id='word_1_304' title='bbox 434 3981 514 4036; x_wconf 88' lang='lat' dir='ltr'><strong>Ad</strong></span> <span class='ocrx_word' id='word_1_305' title='bbox 561 3981 666 4036; x_wconf 88' lang='lat' dir='ltr'><strong>hoc</strong></span> <span class='ocrx_word' id='word_1_306' title='bbox 712 3979 856 4035; x_wconf 82' lang='lat' dir='ltr'><strong>ﬁlius</strong></span> <span class='ocrx_word' id='word_1_307' title='bbox 887 3998 900 4035; x_wconf 90' lang='lat'><strong>:</strong></span> <span class='ocrx_word' id='word_1_308' title='bbox 930 3979 1116 4047; x_wconf 86' lang='lat' dir='ltr'><strong>Pater,</strong></span> <span class='ocrx_word' id='word_1_309' title='bbox 1175 3988 1230 4035; x_wconf 90' lang='lat' dir='ltr'><strong>tu</strong></span> <span class='ocrx_word' id='word_1_310' title='bbox 1277 3978 1643 4040; x_wconf 89' lang='lat' dir='ltr'><strong>benedicaris,</strong></span> <span class='ocrx_word' id='word_1_311' title='bbox 1695 3977 1948 4049; x_wconf 88' lang='lat' dir='ltr'><strong>quoniam</strong></span> 
     </span>
    </p>
   </div>
   <div class='ocr_carea' id='block_1_43' title="bbox 361 4070 1945 4140">
    <p class='ocr_par' dir='ltr' id='par_1_43' title="bbox 361 4070 1945 4140">
     <span class='ocr_line' id='line_1_43' title="bbox 361 4070 1945 4140; baseline -0.001 -14"><span class='ocrx_word' id='word_1_312' title='bbox 361 4072 549 4126; x_wconf 85' lang='lat' dir='ltr'><strong>dolosa</strong></span> <span class='ocrx_word' id='word_1_313' title='bbox 614 4072 874 4130; x_wconf 89' lang='lat' dir='ltr'><strong>edocuisti</strong></span> <span class='ocrx_word' id='word_1_314' title='bbox 907 4087 992 4128; x_wconf 89' lang='lat' dir='ltr'><strong>me</strong></span> <span class='ocrx_word' id='word_1_315' title='bbox 1024 4072 1196 4128; x_wconf 86' lang='lat' dir='ltr'><strong>vitare</strong></span> <span class='ocrx_word' id='word_1_316' title='bbox 1239 4071 1488 4128; x_wconf 89' lang='lat' dir='ltr'><strong>consilia.</strong></span> <span class='ocrx_word' id='word_1_317' title='bbox 1545 4070 1899 4140; x_wconf 83' lang='lat' dir='ltr'><strong>Philosophus</strong></span> <span class='ocrx_word' id='word_1_318' title='bbox 1931 4086 1945 4124; x_wconf 89' lang='lat'><strong>:</strong></span> 
     </span>
    </p>
   </div>
   <div class='ocr_carea' id='block_1_44' title="bbox 360 4164 1945 4222">
    <p class='ocr_par' dir='ltr' id='par_1_44' title="bbox 360 4164 1945 4222">
     <span class='ocr_line' id='line_1_44' title="bbox 360 4164 1945 4222; baseline -0.001 -2"><span class='ocrx_word' id='word_1_319' title='bbox 360 4164 506 4220; x_wconf 83' lang='lat' dir='ltr'><strong>Cave</strong></span> <span class='ocrx_word' id='word_1_320' title='bbox 558 4166 839 4222; x_wconf 90' lang='lat' dir='ltr'><strong>consilium</strong></span> <span class='ocrx_word' id='word_1_321' title='bbox 895 4167 1129 4221; x_wconf 83' lang='lat' dir='ltr'><strong>azimum</strong></span> <span class='ocrx_word' id='word_1_322' title='bbox 1183 4167 1354 4222; x_wconf 86' lang='lat' dir='ltr'><strong>donec</strong></span> <span class='ocrx_word' id='word_1_323' title='bbox 1412 4165 1483 4221; x_wconf 89' lang='lat' dir='ltr'><strong>sit</strong></span> <span class='ocrx_word' id='word_1_324' title='bbox 1536 4164 1945 4221; x_wconf 83' lang='lat' dir='ltr'><strong>fermentatum.</strong></span> 
     </span>
    </p>
   </div>
   <div class='ocr_carea' id='block_1_45' title="bbox 361 4255 1948 4327">
    <p class='ocr_par' dir='ltr' id='par_1_45' title="bbox 361 4255 1948 4327">
     <span class='ocr_line' id='line_1_45' title="bbox 361 4255 1948 4327; baseline 0.002 -17"><span class='ocrx_word' id='word_1_325' title='bbox 361 4255 553 4311; x_wconf 80' lang='lat' dir='ltr'><strong>Alius:</strong></span> <span class='ocrx_word' id='word_1_326' title='bbox 585 4255 662 4311; x_wconf 84' lang='lat' dir='ltr'><strong>Ne</strong></span> <span class='ocrx_word' id='word_1_327' title='bbox 691 4259 883 4313; x_wconf 86' lang='lat' dir='ltr'><strong>credas</strong></span> <span class='ocrx_word' id='word_1_328' title='bbox 911 4257 1198 4314; x_wconf 91' lang='lat' dir='ltr'><strong>consilium</strong></span> <span class='ocrx_word' id='word_1_329' title='bbox 1243 4258 1512 4314; x_wconf 90' lang='lat' dir='ltr'><strong>monentis</strong></span> <span class='ocrx_word' id='word_1_330' title='bbox 1537 4259 1680 4327; x_wconf 87' lang='lat' dir='ltr'><strong>quod</strong></span> <span class='ocrx_word' id='word_1_331' title='bbox 1715 4257 1948 4327; x_wconf 80' lang='lat' dir='ltr'><strong>deneges</strong></span> 
     </span>
    </p>
   </div>
   <div class='ocr_carea' id='block_1_46' title="bbox 361 4347 1946 4436">
    <p class='ocr_par' dir='ltr' id='par_1_46' title="bbox 361 4347 1946 4436">
     <span class='ocr_line' id='line_1_46' title="bbox 361 4347 1946 4436; baseline 0.001 -34"><span class='ocrx_word' id='word_1_332' title='bbox 361 4347 588 4402; x_wconf 81' lang='lat' dir='ltr'><strong>alterius</strong></span> <span class='ocrx_word' id='word_1_333' title='bbox 614 4349 959 4405; x_wconf 87' lang='lat' dir='ltr'><strong>benefactum</strong></span> <span class='ocrx_word' id='word_1_334' title='bbox 989 4366 1004 4415; x_wconf 90' lang='lat'><strong>;</strong></span> <span class='ocrx_word' id='word_1_335' title='bbox 1033 4349 1123 4420; x_wconf 92' lang='lat' dir='ltr'><strong>qui</strong></span> <span class='ocrx_word' id='word_1_336' title='bbox 1151 4349 1378 4419; x_wconf 78' lang='lat' dir='ltr'><strong>denegat</strong></span> <span class='ocrx_word' id='word_1_337' title='bbox 1411 4364 1594 4403; x_wconf 88' lang='lat' dir='ltr'><strong>coram</strong></span> <span class='ocrx_word' id='word_1_338' title='bbox 1623 4348 1794 4436; x_wconf 66' lang='lat' dir='ltr'><strong>oculis</strong></span> <span class='ocrx_word' id='word_1_339' title='bbox 1824 4364 1946 4403; x_wconf 87' lang='lat' dir='ltr'><strong>cer-</strong></span> 
     </span>
    </p>
   </div>
   <div class='ocr_carea' id='block_1_47' title="bbox 360 4439 1944 4510">
    <p class='ocr_par' dir='ltr' id='par_1_47' title="bbox 360 4439 1944 4510">
     <span class='ocr_line' id='line_1_47' title="bbox 360 4439 1944 4510; baseline 0.001 -16"><span class='ocrx_word' id='word_1_340' title='bbox 360 4440 540 4496; x_wconf 85' lang='lat' dir='ltr'><strong>nentis</strong></span> <span class='ocrx_word' id='word_1_341' title='bbox 582 4443 764 4496; x_wconf 90' lang='lat' dir='ltr'><strong>omnia</strong></span> <span class='ocrx_word' id='word_1_342' title='bbox 789 4457 848 4496; x_wconf 89' lang='lat' dir='ltr'><strong>se</strong></span> <span class='ocrx_word' id='word_1_343' title='bbox 875 4450 1116 4497; x_wconf 87' lang='lat' dir='ltr'><strong>accusat.</strong></span> <span class='ocrx_word' id='word_1_344' title='bbox 1140 4441 1330 4497; x_wconf 79' lang='lat' dir='ltr'><strong>Alius:</strong></span> <span class='ocrx_word' id='word_1_345' title='bbox 1361 4439 1418 4496; x_wconf 90' lang='lat' dir='ltr'><strong>Si</strong></span> <span class='ocrx_word' id='word_1_346' title='bbox 1456 4440 1622 4494; x_wconf 90' lang='lat' dir='ltr'><strong>fueris</strong></span> <span class='ocrx_word' id='word_1_347' title='bbox 1678 4439 1730 4495; x_wconf 91' lang='lat' dir='ltr'><strong>in</strong></span> <span class='ocrx_word' id='word_1_348' title='bbox 1764 4439 1944 4510; x_wconf 90' lang='lat' dir='ltr'><strong>aliquo</strong></span> 
     </span>
    </p>
   </div>
   <div class='ocr_carea' id='block_1_48' title="bbox 2096 597 3683 677">
    <p class='ocr_par' dir='ltr' id='par_1_48' title="bbox 2096 597 3683 677">
     <span class='ocr_line' id='line_1_48' title="bbox 2096 597 3683 677; baseline 0.007 -24"><span class='ocrx_word' id='word_1_349' title='bbox 2096 597 2244 654; x_wconf 88' lang='lat' dir='ltr'><strong>Tene</strong></span> <span class='ocrx_word' id='word_1_350' title='bbox 2263 609 2463 654; x_wconf 90' lang='lat' dir='ltr'><strong>rectam</strong></span> <span class='ocrx_word' id='word_1_351' title='bbox 2488 601 2754 671; x_wconf 80' lang='lat' dir='ltr'><strong>justitiam</strong></span> <span class='ocrx_word' id='word_1_352' title='bbox 2794 601 2937 656; x_wconf 86' lang='lat' dir='ltr'><strong>inter</strong></span> <span class='ocrx_word' id='word_1_353' title='bbox 2966 602 3215 658; x_wconf 86' lang='lat' dir='ltr'><strong>homines</strong></span> <span class='ocrx_word' id='word_1_354' title='bbox 3253 613 3309 658; x_wconf 85' lang='lat' dir='ltr'><strong>et</strong></span> <span class='ocrx_word' id='word_1_355' title='bbox 3354 607 3683 677; x_wconf 83' lang='lat' dir='ltr'><strong>diligentte,</strong></span> 
     </span>
    </p>
   </div>
   <div class='ocr_carea' id='block_1_49' title="bbox 2093 691 3678 764">
    <p class='ocr_par' dir='ltr' id='par_1_49' title="bbox 2093 691 3678 764">
     <span class='ocr_line' id='line_1_49' title="bbox 2093 691 3678 764; baseline 0.006 -20"><span class='ocrx_word' id='word_1_356' title='bbox 2093 706 2194 745; x_wconf 88' lang='lat' dir='ltr'><strong>nec</strong></span> <span class='ocrx_word' id='word_1_357' title='bbox 2247 706 2505 761; x_wconf 89' lang='lat' dir='ltr'><strong>properes</strong></span> <span class='ocrx_word' id='word_1_358' title='bbox 2553 691 2645 746; x_wconf 90' lang='lat' dir='ltr'><strong>ulli</strong></span> <span class='ocrx_word' id='word_1_359' title='bbox 2682 694 2908 748; x_wconf 89' lang='lat' dir='ltr'><strong>reddere</strong></span> <span class='ocrx_word' id='word_1_360' title='bbox 2952 705 3194 750; x_wconf 89' lang='lat' dir='ltr'><strong>tnntuum</strong></span> <span class='ocrx_word' id='word_1_361' title='bbox 3232 696 3356 751; x_wconf 91' lang='lat' dir='ltr'><strong>boni</strong></span> <span class='ocrx_word' id='word_1_362' title='bbox 3391 700 3474 753; x_wconf 87' lang='lat' dir='ltr'><strong>vel</strong></span> <span class='ocrx_word' id='word_1_363' title='bbox 3526 701 3678 764; x_wconf 92' lang='lat' dir='ltr'><strong>mali,</strong></span> 
     </span>
    </p>
   </div>
   <div class='ocr_carea' id='block_1_50' title="bbox 2089 781 3680 854">
    <p class='ocr_par' dir='ltr' id='par_1_50' title="bbox 2089 781 3680 854">
     <span class='ocr_line' id='line_1_50' title="bbox 2089 781 3680 854; baseline 0.01 -23"><span class='ocrx_word' id='word_1_364' title='bbox 2089 781 2213 850; x_wconf 87' lang='lat' dir='ltr'><strong>quia</strong></span> <span class='ocrx_word' id='word_1_365' title='bbox 2238 783 2439 838; x_wconf 89' lang='lat' dir='ltr'><strong>diutius</strong></span> <span class='ocrx_word' id='word_1_366' title='bbox 2471 784 2780 854; x_wconf 83' lang='lat' dir='ltr'><strong>expectabit</strong></span> <span class='ocrx_word' id='word_1_367' title='bbox 2811 793 2862 840; x_wconf 91' lang='lat' dir='ltr'><strong>te</strong></span> <span class='ocrx_word' id='word_1_368' title='bbox 2889 786 3119 852; x_wconf 87' lang='lat' dir='ltr'><strong>amicus,</strong></span> <span class='ocrx_word' id='word_1_369' title='bbox 3143 797 3198 842; x_wconf 89' lang='lat' dir='ltr'><strong>et</strong></span> <span class='ocrx_word' id='word_1_370' title='bbox 3233 789 3432 844; x_wconf 77' lang='lat' dir='ltr'><strong>diutius</strong></span> <span class='ocrx_word' id='word_1_371' title='bbox 3472 792 3680 848; x_wconf 89' lang='lat' dir='ltr'><strong>timebit</strong></span> 
     </span>
    </p>
   </div>
   <div class='ocr_carea' id='block_1_51' title="bbox 2087 873 2444 928">
    <p class='ocr_par' dir='ltr' id='par_1_51' title="bbox 2087 873 2444 928">
     <span class='ocr_line' id='line_1_51' title="bbox 2087 873 2444 928; baseline 0.006 -2"><span class='ocrx_word' id='word_1_372' title='bbox 2087 881 2140 928; x_wconf 87' lang='lat' dir='ltr'><strong>te</strong></span> <span class='ocrx_word' id='word_1_373' title='bbox 2170 873 2444 928; x_wconf 87' lang='lat' dir='ltr'><strong>inimicus.</strong></span> 
     </span>
    </p>
   </div>
   <div class='ocr_carea' id='block_1_52' title="bbox 2624 986 3134 1045">
    <p class='ocr_par' dir='ltr' id='par_1_52' title="bbox 2624 986 3134 1045">
     <span class='ocr_line' id='line_1_52' title="bbox 2624 986 3134 1045; baseline 0.01 -5"><span class='ocrx_word' id='word_1_374' title='bbox 2624 986 2898 1043; x_wconf 79' lang='lat' dir='ltr'><strong>FABULA</strong></span> <span class='ocrx_word' id='word_1_375' title='bbox 2946 989 3134 1045; x_wconf 76' lang='lat' dir='ltr'><strong>XXIII.</strong></span> 
     </span>
    </p>
   </div>
   <div class='ocr_carea' id='block_1_53' title="bbox 2151 1097 3673 1176">
    <p class='ocr_par' dir='ltr' id='par_1_53' title="bbox 2151 1097 3673 1176">
     <span class='ocr_line' id='line_1_53' title="bbox 2151 1097 3673 1176; baseline 0.006 -24"><span class='ocrx_word' id='word_1_376' title='bbox 2151 1097 2310 1154; x_wconf 84' lang='lat' dir='ltr'><strong>Plato</strong></span> <span class='ocrx_word' id='word_1_377' title='bbox 2335 1108 2516 1153; x_wconf 85' lang='lat' dir='ltr'><strong>retuttt</strong></span> <span class='ocrx_word' id='word_1_378' title='bbox 2542 1100 2594 1153; x_wconf 94' lang='lat' dir='ltr'><strong>in</strong></span> <span class='ocrx_word' id='word_1_379' title='bbox 2639 1097 2778 1154; x_wconf 83' lang='lat' dir='ltr'><strong>libro</strong></span> <span class='ocrx_word' id='word_1_380' title='bbox 2810 1101 2878 1154; x_wconf 90' lang='lat' dir='ltr'><strong>de</strong></span> <span class='ocrx_word' id='word_1_381' title='bbox 2933 1099 3240 1172; x_wconf 87' lang='lat' dir='ltr'><strong>Prophetiis</strong></span> <span class='ocrx_word' id='word_1_382' title='bbox 3270 1105 3417 1174; x_wconf 89' lang='lat' dir='ltr'><strong>quod</strong></span> <span class='ocrx_word' id='word_1_383' title='bbox 3449 1107 3673 1176; x_wconf 88' lang='lat' dir='ltr'><strong>quidam</strong></span> 
     </span>
    </p>
   </div>
   <div class='ocr_carea' id='block_1_54' title="bbox 2079 1191 3678 1263">
    <p class='ocr_par' dir='ltr' id='par_1_54' title="bbox 2079 1191 3678 1263">
     <span class='ocr_line' id='line_1_54' title="bbox 2079 1191 3678 1263; baseline 0.007 -20"><span class='ocrx_word' id='word_1_384' title='bbox 2079 1204 2174 1243; x_wconf 84' lang='lat' dir='ltr'><strong>rex</strong></span> <span class='ocrx_word' id='word_1_385' title='bbox 2219 1191 2420 1245; x_wconf 90' lang='lat' dir='ltr'><strong>eratin</strong></span> <span class='ocrx_word' id='word_1_386' title='bbox 2478 1191 2684 1248; x_wconf 80' lang='lat' dir='ltr'><strong>Graecia</strong></span> <span class='ocrx_word' id='word_1_387' title='bbox 2725 1207 2890 1248; x_wconf 82' lang='lat' dir='ltr'><strong>senex</strong></span> <span class='ocrx_word' id='word_1_388' title='bbox 2919 1195 3172 1263; x_wconf 81' lang='lat' dir='ltr'><strong>gentibus</strong></span> <span class='ocrx_word' id='word_1_389' title='bbox 3227 1198 3480 1252; x_wconf 86' lang='lat' dir='ltr'><strong>crudelis.</strong></span> <span class='ocrx_word' id='word_1_390' title='bbox 3541 1199 3678 1254; x_wconf 88' lang='lat' dir='ltr'><strong>lluic</strong></span> 
     </span>
    </p>
   </div>
   <div class='ocr_carea' id='block_1_55' title="bbox 2081 1281 3676 1361">
    <p class='ocr_par' dir='ltr' id='par_1_55' title="bbox 2081 1281 3676 1361">
     <span class='ocr_line' id='line_1_55' title="bbox 2081 1281 3676 1361; baseline 0.007 -25"><span class='ocrx_word' id='word_1_391' title='bbox 2081 1281 2253 1336; x_wconf 85' lang='lat' dir='ltr'><strong>crevit</strong></span> <span class='ocrx_word' id='word_1_392' title='bbox 2305 1282 2596 1336; x_wconf 81' lang='lat' dir='ltr'><strong>maximum</strong></span> <span class='ocrx_word' id='word_1_393' title='bbox 2624 1299 2656 1338; x_wconf 89' lang='lat' dir='ltr'><strong>e</strong></span> <span class='ocrx_word' id='word_1_394' title='bbox 2678 1285 2862 1340; x_wconf 73' lang='lat' dir='ltr'><strong>lllllltiS</strong></span> <span class='ocrx_word' id='word_1_395' title='bbox 2911 1287 3160 1354; x_wconf 87' lang='lat' dir='ltr'><strong>partibus</strong></span> <span class='ocrx_word' id='word_1_396' title='bbox 3191 1287 3412 1356; x_wconf 89' lang='lat' dir='ltr'><strong>bellmn,</strong></span> <span class='ocrx_word' id='word_1_397' title='bbox 3440 1291 3594 1361; x_wconf 84' lang='lat' dir='ltr'><strong>cujus</strong></span> <span class='ocrx_word' id='word_1_398' title='bbox 3615 1303 3676 1347; x_wconf 92' lang='lat' dir='ltr'><strong>ut</strong></span> 
     </span>
    </p>
   </div>
   <div class='ocr_carea' id='block_1_56' title="bbox 2078 1374 3664 1446">
    <p class='ocr_par' dir='ltr' id='par_1_56' title="bbox 2078 1374 3664 1446">
     <span class='ocr_line' id='line_1_56' title="bbox 2078 1374 3664 1446; baseline 0.005 -18"><span class='ocrx_word' id='word_1_399' title='bbox 2078 1374 2240 1428; x_wconf 86' lang='lat' dir='ltr'><strong>sciret</strong></span> <span class='ocrx_word' id='word_1_400' title='bbox 2270 1382 2544 1435; x_wconf 91' lang='lat' dir='ltr'><strong>eventum,</strong></span> <span class='ocrx_word' id='word_1_401' title='bbox 2578 1376 2742 1430; x_wconf 92' lang='lat' dir='ltr'><strong>totius</strong></span> <span class='ocrx_word' id='word_1_402' title='bbox 2784 1392 2894 1430; x_wconf 71' lang='lat' dir='ltr'><strong>sua:</strong></span> <span class='ocrx_word' id='word_1_403' title='bbox 2920 1377 3156 1446; x_wconf 79' lang='lat' dir='ltr'><strong>regionis</strong></span> <span class='ocrx_word' id='word_1_404' title='bbox 3188 1389 3242 1432; x_wconf 89' lang='lat' dir='ltr'><strong>et</strong></span> <span class='ocrx_word' id='word_1_405' title='bbox 3272 1379 3483 1434; x_wconf 77' lang='lat' dir='ltr'><strong>vicinia:</strong></span> <span class='ocrx_word' id='word_1_406' title='bbox 3513 1398 3664 1436; x_wconf 84' lang='lat' dir='ltr'><strong>man-</strong></span> 
     </span>
    </p>
   </div>
   <div class='ocr_carea' id='block_1_57' title="bbox 2077 1465 3670 1542">
    <p class='ocr_par' dir='ltr' id='par_1_57' title="bbox 2077 1465 3670 1542">
     <span class='ocr_line' id='line_1_57' title="bbox 2077 1465 3670 1542; baseline 0.006 -22"><span class='ocrx_word' id='word_1_407' title='bbox 2077 1465 2228 1520; x_wconf 90' lang='lat' dir='ltr'><strong>davit</strong></span> <span class='ocrx_word' id='word_1_408' title='bbox 2260 1465 2631 1536; x_wconf 82' lang='lat' dir='ltr'><strong>phil050phos,</strong></span> <span class='ocrx_word' id='word_1_409' title='bbox 2679 1467 2876 1536; x_wconf 92' lang='lat' dir='ltr'><strong>quibus</strong></span> <span class='ocrx_word' id='word_1_410' title='bbox 2925 1471 3266 1542; x_wconf 75' lang='lat' dir='ltr'><strong>congregatis</strong></span> <span class='ocrx_word' id='word_1_411' title='bbox 3313 1472 3390 1527; x_wconf 89' lang='lat' dir='ltr'><strong>ait</strong></span> <span class='ocrx_word' id='word_1_412' title='bbox 3431 1489 3445 1527; x_wconf 93' lang='lat'>:</span> <span class='ocrx_word' id='word_1_413' title='bbox 3483 1473 3670 1530; x_wconf 83' lang='lat' dir='ltr'><strong>Videte</strong></span> 
     </span>
    </p>
   </div>
   <div class='ocr_carea' id='block_1_58' title="bbox 2077 1556 3664 1635">
    <p class='ocr_par' dir='ltr' id='par_1_58' title="bbox 2077 1556 3664 1635">
     <span class='ocr_line' id='line_1_58' title="bbox 2077 1556 3664 1635; baseline 0.008 -27"><span class='ocrx_word' id='word_1_414' title='bbox 2077 1556 2334 1626; x_wconf 90' lang='lat' dir='ltr'><strong>quoniam</strong></span> <span class='ocrx_word' id='word_1_415' title='bbox 2383 1573 2635 1628; x_wconf 88' lang='lat' dir='ltr'><strong>magnmn</strong></span> <span class='ocrx_word' id='word_1_416' title='bbox 2698 1560 2827 1614; x_wconf 89' lang='lat' dir='ltr'><strong>mihi</strong></span> <span class='ocrx_word' id='word_1_417' title='bbox 2872 1570 2926 1615; x_wconf 89' lang='lat' dir='ltr'><strong>et</strong></span> <span class='ocrx_word' id='word_1_418' title='bbox 2970 1563 3396 1635; x_wconf 86' lang='lat' dir='ltr'><strong>vobis_ingruat</strong></span> <span class='ocrx_word' id='word_1_419' title='bbox 3441 1566 3664 1634; x_wconf 88' lang='lat' dir='ltr'><strong>bellum,</strong></span> 
     </span>
    </p>
   </div>
   <div class='ocr_carea' id='block_1_59' title="bbox 2075 1648 3673 1726">
    <p class='ocr_par' dir='ltr' id='par_1_59' title="bbox 2075 1648 3673 1726">
     <span class='ocr_line' id='line_1_59' title="bbox 2075 1648 3673 1726; baseline 0.008 -25"><span class='ocrx_word' id='word_1_420' title='bbox 2075 1648 2218 1718; x_wconf 90' lang='lat' dir='ltr'><strong>quod</strong></span> <span class='ocrx_word' id='word_1_421' title='bbox 2251 1659 2472 1718; x_wconf 88' lang='lat' dir='ltr'><strong>propter</strong></span> <span class='ocrx_word' id='word_1_422' title='bbox 2501 1666 2678 1706; x_wconf 91' lang='lat' dir='ltr'><strong>meum</strong></span> <span class='ocrx_word' id='word_1_423' title='bbox 2724 1653 2890 1707; x_wconf 88' lang='lat' dir='ltr'><strong>credo</strong></span> <span class='ocrx_word' id='word_1_424' title='bbox 2930 1655 3080 1708; x_wconf 89' lang='lat' dir='ltr'><strong>vobis</strong></span> <span class='ocrx_word' id='word_1_425' title='bbox 3102 1656 3320 1710; x_wconf 75' lang='lat' dir='ltr'><strong>evenire</strong></span> <span class='ocrx_word' id='word_1_426' title='bbox 3349 1667 3673 1726; x_wconf 86' lang='lat' dir='ltr'><strong>peccatum;</strong></span> 
     </span>
    </p>
   </div>
   <div class='ocr_carea' id='block_1_60' title="bbox 2073 1737 3672 1814">
    <p class='ocr_par' dir='ltr' id='par_1_60' title="bbox 2073 1737 3672 1814">
     <span class='ocr_line' id='line_1_60' title="bbox 2073 1737 3672 1814; baseline 0.007 -22"><span class='ocrx_word' id='word_1_427' title='bbox 2073 1737 2166 1793; x_wconf 83' lang='lat' dir='ltr'><strong>sed</strong></span> <span class='ocrx_word' id='word_1_428' title='bbox 2197 1739 2242 1792; x_wconf 90' lang='lat' dir='ltr'><strong>si</strong></span> <span class='ocrx_word' id='word_1_429' title='bbox 2279 1737 2480 1807; x_wconf 88' lang='lat' dir='ltr'><strong>aliquid</strong></span> <span class='ocrx_word' id='word_1_430' title='bbox 2503 1749 2586 1795; x_wconf 82' lang='lat' dir='ltr'><strong>est</strong></span> <span class='ocrx_word' id='word_1_431' title='bbox 2609 1741 2661 1795; x_wconf 92' lang='lat' dir='ltr'><strong>in</strong></span> <span class='ocrx_word' id='word_1_432' title='bbox 2696 1757 2783 1796; x_wconf 89' lang='lat' dir='ltr'><strong>me</strong></span> <span class='ocrx_word' id='word_1_433' title='bbox 2818 1744 2962 1812; x_wconf 93' lang='lat' dir='ltr'><strong>quod</strong></span> <span class='ocrx_word' id='word_1_434' title='bbox 3009 1744 3081 1799; x_wconf 91' lang='lat' dir='ltr'><strong>sit</strong></span> <span class='ocrx_word' id='word_1_435' title='bbox 3139 1746 3672 1814; x_wconf 82' lang='lat' dir='ltr'><strong>reprehendcmhnn,</strong></span> 
     </span>
    </p>
   </div>
   <div class='ocr_carea' id='block_1_61' title="bbox 2078 1829 3671 1905">
    <p class='ocr_par' dir='ltr' id='par_1_61' title="bbox 2078 1829 3671 1905">
     <span class='ocr_line' id='line_1_61' title="bbox 2078 1829 3671 1905; baseline 0.008 -23"><span class='ocrx_word' id='word_1_436' title='bbox 2078 1829 2244 1884; x_wconf 89' lang='lat' dir='ltr'><strong>dicite</strong></span> <span class='ocrx_word' id='word_1_437' title='bbox 2278 1840 2334 1883; x_wconf 91' lang='lat' dir='ltr'><strong>et</strong></span> <span class='ocrx_word' id='word_1_438' title='bbox 2363 1841 2544 1884; x_wconf 89' lang='lat' dir='ltr'><strong>vestro</strong></span> <span class='ocrx_word' id='word_1_439' title='bbox 2567 1831 2769 1900; x_wconf 88' lang='lat' dir='ltr'><strong>judicio</strong></span> <span class='ocrx_word' id='word_1_440' title='bbox 2803 1835 3074 1905; x_wconf 84' lang='lat' dir='ltr'><strong>corrigere</strong></span> <span class='ocrx_word' id='word_1_441' title='bbox 3101 1834 3391 1892; x_wconf 89' lang='lat' dir='ltr'><strong>festinabo.</strong></span> <span class='ocrx_word' id='word_1_442' title='bbox 3421 1837 3671 1896; x_wconf 84' lang='lat' dir='ltr'><strong>Philoso-</strong></span> 
     </span>
    </p>
   </div>
   <div class='ocr_carea' id='block_1_62' title="bbox 2079 1921 3662 1995">
    <p class='ocr_par' dir='ltr' id='par_1_62' title="bbox 2079 1921 3662 1995">
     <span class='ocr_line' id='line_1_62' title="bbox 2079 1921 3662 1995; baseline 0.011 -27"><span class='ocrx_word' id='word_1_443' title='bbox 2079 1921 2260 1990; x_wconf 81' lang='lat' dir='ltr'><strong>phus:</strong></span> <span class='ocrx_word' id='word_1_444' title='bbox 2299 1923 2371 1978; x_wconf 90' lang='lat' dir='ltr'><strong>De</strong></span> <span class='ocrx_word' id='word_1_445' title='bbox 2415 1924 2788 1979; x_wconf 83' lang='lat' dir='ltr'><strong>criminalibus</strong></span> <span class='ocrx_word' id='word_1_446' title='bbox 2837 1926 2892 1980; x_wconf 93' lang='lat' dir='ltr'><strong>in</strong></span> <span class='ocrx_word' id='word_1_447' title='bbox 2943 1941 3170 1995; x_wconf 88' lang='lat' dir='ltr'><strong>corpore</strong></span> <span class='ocrx_word' id='word_1_448' title='bbox 3225 1939 3406 1983; x_wconf 89' lang='lat' dir='ltr'><strong>vestro</strong></span> <span class='ocrx_word' id='word_1_449' title='bbox 3458 1931 3662 1986; x_wconf 88' lang='lat' dir='ltr'><strong>nullum</strong></span> 
     </span>
    </p>
   </div>
   <div class='ocr_carea' id='block_1_63' title="bbox 2075 2013 3666 2093">
    <p class='ocr_par' dir='ltr' id='par_1_63' title="bbox 2075 2013 3666 2093">
     <span class='ocr_line' id='line_1_63' title="bbox 2075 2013 3666 2093; baseline 0.006 -25"><span class='ocrx_word' id='word_1_450' title='bbox 2075 2013 2296 2076; x_wconf 88' lang='lat' dir='ltr'><strong>scimus,</strong></span> <span class='ocrx_word' id='word_1_451' title='bbox 2330 2031 2427 2070; x_wconf 91' lang='lat' dir='ltr'><strong>nec</strong></span> <span class='ocrx_word' id='word_1_452' title='bbox 2449 2015 2578 2084; x_wconf 93' lang='lat' dir='ltr'><strong>quid</strong></span> <span class='ocrx_word' id='word_1_453' title='bbox 2609 2016 2764 2071; x_wconf 89' lang='lat' dir='ltr'><strong>nobis</strong></span> <span class='ocrx_word' id='word_1_454' title='bbox 2796 2025 2852 2072; x_wconf 84' lang='lat' dir='ltr'><strong>et</strong></span> <span class='ocrx_word' id='word_1_455' title='bbox 2883 2018 3036 2073; x_wconf 81' lang='lat' dir='ltr'><strong>votis</strong></span> <span class='ocrx_word' id='word_1_456' title='bbox 3059 2030 3343 2075; x_wconf 83' lang='lat' dir='ltr'><strong>venturum</strong></span> <span class='ocrx_word' id='word_1_457' title='bbox 3365 2021 3437 2078; x_wconf 91' lang='lat' dir='ltr'><strong>sit</strong></span> <span class='ocrx_word' id='word_1_458' title='bbox 3463 2037 3666 2093; x_wconf 84' lang='lat' dir='ltr'><strong>cogno-</strong></span> 
     </span>
    </p>
   </div>
   <div class='ocr_carea' id='block_1_64' title="bbox 2081 2105 3672 2178">
    <p class='ocr_par' dir='ltr' id='par_1_64' title="bbox 2081 2105 3672 2178">
     <span class='ocr_line' id='line_1_64' title="bbox 2081 2105 3672 2178; baseline 0.007 -19"><span class='ocrx_word' id='word_1_459' title='bbox 2081 2105 2318 2173; x_wconf 83' lang='lat' dir='ltr'><strong>scimus;</strong></span> <span class='ocrx_word' id='word_1_460' title='bbox 2351 2107 2443 2162; x_wconf 90' lang='lat' dir='ltr'><strong>sed</strong></span> <span class='ocrx_word' id='word_1_461' title='bbox 2470 2108 2558 2164; x_wconf 92' lang='lat' dir='ltr'><strong>hic</strong></span> <span class='ocrx_word' id='word_1_462' title='bbox 2597 2123 2765 2178; x_wconf 85' lang='lat' dir='ltr'><strong>prope</strong></span> <span class='ocrx_word' id='word_1_463' title='bbox 2812 2111 2896 2163; x_wconf 86' lang='lat' dir='ltr'><strong>via</strong></span> <span class='ocrx_word' id='word_1_464' title='bbox 2949 2110 3111 2165; x_wconf 87' lang='lat' dir='ltr'><strong>trium</strong></span> <span class='ocrx_word' id='word_1_465' title='bbox 3162 2112 3372 2167; x_wconf 86' lang='lat' dir='ltr'><strong>dierum</strong></span> <span class='ocrx_word' id='word_1_466' title='bbox 3425 2126 3672 2170; x_wconf 88' lang='lat' dir='ltr'><strong>moratur</strong></span> 
     </span>
    </p>
   </div>
   <div class='ocr_carea' id='block_1_65' title="bbox 2079 2193 3665 2274">
    <p class='ocr_par' dir='ltr' id='par_1_65' title="bbox 2079 2193 3665 2274">
     <span class='ocr_line' id='line_1_65' title="bbox 2079 2193 3665 2274; baseline 0.009 -30"><span class='ocrx_word' id='word_1_467' title='bbox 2079 2193 2298 2263; x_wconf 90' lang='lat' dir='ltr'><strong>quidam</strong></span> <span class='ocrx_word' id='word_1_468' title='bbox 2352 2195 2568 2266; x_wconf 86' lang='lat' dir='ltr'><strong>sapiens</strong></span> <span class='ocrx_word' id='word_1_469' title='bbox 2627 2198 2789 2252; x_wconf 91' lang='lat' dir='ltr'><strong>homo</strong></span> <span class='ocrx_word' id='word_1_470' title='bbox 2845 2200 3064 2256; x_wconf 90' lang='lat' dir='ltr'><strong>nomine</strong></span> <span class='ocrx_word' id='word_1_471' title='bbox 3113 2200 3408 2267; x_wconf 83' lang='lat' dir='ltr'><strong>Marianos,</strong></span> <span class='ocrx_word' id='word_1_472' title='bbox 3445 2203 3534 2272; x_wconf 89' lang='lat' dir='ltr'><strong>qui</strong></span> <span class='ocrx_word' id='word_1_473' title='bbox 3568 2220 3665 2274; x_wconf 89' lang='lat' dir='ltr'><strong>per</strong></span> 
     </span>
    </p>
   </div>
   <div class='ocr_carea' id='block_1_66' title="bbox 2075 2281 3667 2361">
    <p class='ocr_par' dir='ltr' id='par_1_66' title="bbox 2075 2281 3667 2361">
     <span class='ocr_line' id='line_1_66' title="bbox 2075 2281 3667 2361; baseline 0.007 -23"><span class='ocrx_word' id='word_1_474' title='bbox 2075 2281 2334 2353; x_wconf 90' lang='lat' dir='ltr'><strong>Spiritum</strong></span> <span class='ocrx_word' id='word_1_475' title='bbox 2381 2295 2627 2341; x_wconf 86' lang='lat' dir='ltr'><strong>sanctum</strong></span> <span class='ocrx_word' id='word_1_476' title='bbox 2661 2286 2918 2356; x_wconf 84' lang='lat' dir='ltr'><strong>loquitur.</strong></span> <span class='ocrx_word' id='word_1_477' title='bbox 2947 2289 3028 2342; x_wconf 86' lang='lat' dir='ltr'><strong>Ad</strong></span> <span class='ocrx_word' id='word_1_478' title='bbox 3059 2303 3182 2344; x_wconf 90' lang='lat' dir='ltr'><strong>eum</strong></span> <span class='ocrx_word' id='word_1_479' title='bbox 3212 2305 3341 2360; x_wconf 87' lang='lat' dir='ltr'><strong>ergo</strong></span> <span class='ocrx_word' id='word_1_480' title='bbox 3391 2291 3459 2346; x_wconf 92' lang='lat' dir='ltr'><strong>de</strong></span> <span class='ocrx_word' id='word_1_481' title='bbox 3487 2292 3667 2361; x_wconf 91' lang='lat' dir='ltr'><strong>philo-</strong></span> 
     </span>
    </p>
   </div>
   <div class='ocr_carea' id='block_1_67' title="bbox 2072 2376 3663 2450">
    <p class='ocr_par' dir='ltr' id='par_1_67' title="bbox 2072 2376 3663 2450">
     <span class='ocr_line' id='line_1_67' title="bbox 2072 2376 3663 2450; baseline 0.007 -22"><span class='ocrx_word' id='word_1_482' title='bbox 2072 2376 2259 2444; x_wconf 85' lang='lat' dir='ltr'><strong>sophis</strong></span> <span class='ocrx_word' id='word_1_483' title='bbox 2289 2378 2492 2432; x_wconf 89' lang='lat' dir='ltr'><strong>nostris</strong></span> <span class='ocrx_word' id='word_1_484' title='bbox 2513 2377 2727 2448; x_wconf 91' lang='lat' dir='ltr'><strong>aliquos</strong></span> <span class='ocrx_word' id='word_1_485' title='bbox 2750 2377 2945 2448; x_wconf 89' lang='lat' dir='ltr'><strong>legate,</strong></span> <span class='ocrx_word' id='word_1_486' title='bbox 2989 2380 3103 2450; x_wconf 88' lang='lat' dir='ltr'><strong>ipse</strong></span> <span class='ocrx_word' id='word_1_487' title='bbox 3145 2381 3296 2437; x_wconf 83' lang='lat' dir='ltr'><strong>vobis</strong></span> <span class='ocrx_word' id='word_1_488' title='bbox 3326 2382 3378 2436; x_wconf 93' lang='lat' dir='ltr'><strong>in</strong></span> <span class='ocrx_word' id='word_1_489' title='bbox 3409 2391 3518 2438; x_wconf 88' lang='lat' dir='ltr'><strong>tota</strong></span> <span class='ocrx_word' id='word_1_490' title='bbox 3550 2385 3663 2439; x_wconf 87' lang='lat' dir='ltr'><strong>vita</strong></span> 
     </span>
    </p>
   </div>
   <div class='ocr_carea' id='block_1_68' title="bbox 2075 2469 3664 2542">
    <p class='ocr_par' dir='ltr' id='par_1_68' title="bbox 2075 2469 3664 2542">
     <span class='ocr_line' id='line_1_68' title="bbox 2075 2469 3664 2542; baseline 0.007 -21"><span class='ocrx_word' id='word_1_491' title='bbox 2075 2479 2264 2524; x_wconf 90' lang='lat' dir='ltr'><strong>vestra</strong></span> <span class='ocrx_word' id='word_1_492' title='bbox 2296 2469 2424 2539; x_wconf 88' lang='lat' dir='ltr'><strong>quid</strong></span> <span class='ocrx_word' id='word_1_493' title='bbox 2453 2479 2741 2524; x_wconf 90' lang='lat' dir='ltr'><strong>venturum</strong></span> <span class='ocrx_word' id='word_1_494' title='bbox 2767 2471 2838 2526; x_wconf 91' lang='lat' dir='ltr'><strong>sit</strong></span> <span class='ocrx_word' id='word_1_495' title='bbox 2863 2487 2962 2542; x_wconf 88' lang='lat' dir='ltr'><strong>per</strong></span> <span class='ocrx_word' id='word_1_496' title='bbox 2984 2489 3078 2528; x_wconf 91' lang='lat' dir='ltr'><strong>eos</strong></span> <span class='ocrx_word' id='word_1_497' title='bbox 3103 2473 3420 2530; x_wconf 86' lang='lat' dir='ltr'><strong>declarabit.</strong></span> <span class='ocrx_word' id='word_1_498' title='bbox 3455 2476 3550 2531; x_wconf 87' lang='lat' dir='ltr'><strong>His</strong></span> <span class='ocrx_word' id='word_1_499' title='bbox 3587 2477 3664 2532; x_wconf 87' lang='lat' dir='ltr'><strong>ita</strong></span> 
     </span>
    </p>
   </div>
   <div class='ocr_carea' id='block_1_69' title="bbox 2068 2562 3666 2638">
    <p class='ocr_par' dir='ltr' id='par_1_69' title="bbox 2068 2562 3666 2638">
     <span class='ocr_line' id='line_1_69' title="bbox 2068 2562 3666 2638; baseline 0.005 -23"><span class='ocrx_word' id='word_1_500' title='bbox 2068 2562 2308 2631; x_wconf 85' lang='lat' dir='ltr'><strong>peractis</strong></span> <span class='ocrx_word' id='word_1_501' title='bbox 2324 2573 2533 2632; x_wconf 84' lang='lat' dir='ltr'><strong>septem</strong></span> <span class='ocrx_word' id='word_1_502' title='bbox 2577 2562 2927 2632; x_wconf 82' lang='lat' dir='ltr'><strong>philosophos</strong></span> <span class='ocrx_word' id='word_1_503' title='bbox 2955 2566 3020 2618; x_wconf 91' lang='lat' dir='ltr'><strong>ad</strong></span> <span class='ocrx_word' id='word_1_504' title='bbox 3048 2581 3170 2620; x_wconf 89' lang='lat' dir='ltr'><strong>eum</strong></span> <span class='ocrx_word' id='word_1_505' title='bbox 3200 2567 3366 2632; x_wconf 81' lang='lat' dir='ltr'><strong>misit,</strong></span> <span class='ocrx_word' id='word_1_506' title='bbox 3396 2568 3486 2638; x_wconf 91' lang='lat' dir='ltr'><strong>qui</strong></span> <span class='ocrx_word' id='word_1_507' title='bbox 3516 2577 3666 2637; x_wconf 88' lang='lat' dir='ltr'><strong>post-</strong></span> 
     </span>
    </p>
   </div>
   <div class='ocr_carea' id='block_1_70' title="bbox 2068 2653 3664 2723">
    <p class='ocr_par' dir='ltr' id='par_1_70' title="bbox 2068 2653 3664 2723">
     <span class='ocr_line' id='line_1_70' title="bbox 2068 2653 3664 2723; baseline 0.006 -17"><span class='ocrx_word' id='word_1_508' title='bbox 2068 2667 2231 2720; x_wconf 87' lang='lat' dir='ltr'><strong>quam</strong></span> <span class='ocrx_word' id='word_1_509' title='bbox 2262 2654 2352 2708; x_wconf 92' lang='lat' dir='ltr'><strong>ubi</strong></span> <span class='ocrx_word' id='word_1_510' title='bbox 2387 2653 2732 2708; x_wconf 88' lang='lat' dir='ltr'><strong>habitaverat</strong></span> <span class='ocrx_word' id='word_1_511' title='bbox 2765 2655 3134 2723; x_wconf 84' lang='lat' dir='ltr'><strong>intraverunt,</strong></span> <span class='ocrx_word' id='word_1_512' title='bbox 3163 2657 3352 2712; x_wconf 89' lang='lat' dir='ltr'><strong>urbem</strong></span> <span class='ocrx_word' id='word_1_513' title='bbox 3390 2659 3664 2715; x_wconf 86' lang='lat' dir='ltr'><strong>desertam</strong></span> 
     </span>
    </p>
   </div>
   <div class='ocr_carea' id='block_1_71' title="bbox 2067 2745 3664 2821">
    <p class='ocr_par' dir='ltr' id='par_1_71' title="bbox 2067 2745 3664 2821">
     <span class='ocr_line' id='line_1_71' title="bbox 2067 2745 3664 2821; baseline 0.004 -21"><span class='ocrx_word' id='word_1_514' title='bbox 2067 2745 2212 2801; x_wconf 90' lang='lat' dir='ltr'><strong>illius</strong></span> <span class='ocrx_word' id='word_1_515' title='bbox 2239 2746 2534 2801; x_wconf 80' lang='lat' dir='ltr'><strong>maximam</strong></span> <span class='ocrx_word' id='word_1_516' title='bbox 2585 2747 2842 2803; x_wconf 80' lang='lat' dir='ltr'><strong>invenere</strong></span> <span class='ocrx_word' id='word_1_517' title='bbox 2874 2758 3084 2818; x_wconf 91' lang='lat' dir='ltr'><strong>partem</strong></span> <span class='ocrx_word' id='word_1_518' title='bbox 3110 2765 3129 2814; x_wconf 88' lang='lat'><strong><em>;</em></strong></span> <span class='ocrx_word' id='word_1_519' title='bbox 3157 2749 3252 2804; x_wconf 89' lang='lat' dir='ltr'><strong>sed</strong></span> <span class='ocrx_word' id='word_1_520' title='bbox 3279 2749 3385 2806; x_wconf 87' lang='lat' dir='ltr'><strong>illis</strong></span> <span class='ocrx_word' id='word_1_521' title='bbox 3415 2766 3664 2821; x_wconf 73' lang='lat' dir='ltr'><strong>quzeren-</strong></span> 
     </span>
    </p>
   </div>
   <div class='ocr_carea' id='block_1_72' title="bbox 2075 2839 3662 2913">
    <p class='ocr_par' dir='ltr' id='par_1_72' title="bbox 2075 2839 3662 2913">
     <span class='ocr_line' id='line_1_72' title="bbox 2075 2839 3662 2913; baseline 0.004 -20"><span class='ocrx_word' id='word_1_522' title='bbox 2075 2839 2220 2895; x_wconf 90' lang='lat' dir='ltr'><strong>tibus</strong></span> <span class='ocrx_word' id='word_1_523' title='bbox 2271 2839 2564 2910; x_wconf 87' lang='lat' dir='ltr'><strong>hospitium</strong></span> <span class='ocrx_word' id='word_1_524' title='bbox 2622 2839 2871 2908; x_wconf 83' lang='lat' dir='ltr'><strong>Mariani,</strong></span> <span class='ocrx_word' id='word_1_525' title='bbox 2919 2840 3120 2895; x_wconf 90' lang='lat' dir='ltr'><strong>dictum</strong></span> <span class='ocrx_word' id='word_1_526' title='bbox 3152 2840 3253 2897; x_wconf 84' lang='lat' dir='ltr'><strong>fuit</strong></span> <span class='ocrx_word' id='word_1_527' title='bbox 3293 2843 3437 2912; x_wconf 89' lang='lat' dir='ltr'><strong>quod</strong></span> <span class='ocrx_word' id='word_1_528' title='bbox 3466 2843 3580 2913; x_wconf 90' lang='lat' dir='ltr'><strong>ipse</strong></span> <span class='ocrx_word' id='word_1_529' title='bbox 3605 2855 3662 2899; x_wconf 90' lang='lat' dir='ltr'><strong>et</strong></span> 
     </span>
    </p>
   </div>
   <div class='ocr_carea' id='block_1_73' title="bbox 2065 2931 3662 3002">
    <p class='ocr_par' dir='ltr' id='par_1_73' title="bbox 2065 2931 3662 3002">
     <span class='ocr_line' id='line_1_73' title="bbox 2065 2931 3662 3002; baseline 0.003 -16"><span class='ocrx_word' id='word_1_530' title='bbox 2065 2931 2218 2986; x_wconf 89' lang='lat' dir='ltr'><strong>multi</strong></span> <span class='ocrx_word' id='word_1_531' title='bbox 2250 2932 2315 2986; x_wconf 88' lang='lat' dir='ltr'><strong>de</strong></span> <span class='ocrx_word' id='word_1_532' title='bbox 2335 2931 2652 2987; x_wconf 82' lang='lat' dir='ltr'><strong>concivibus</strong></span> <span class='ocrx_word' id='word_1_533' title='bbox 2684 2932 2947 3002; x_wconf 88' lang='lat' dir='ltr'><strong>petissent</strong></span> <span class='ocrx_word' id='word_1_534' title='bbox 2975 2933 3279 2989; x_wconf 87' lang='lat' dir='ltr'><strong>heremum.</strong></span> <span class='ocrx_word' id='word_1_535' title='bbox 3310 2934 3436 2991; x_wconf 89' lang='lat' dir='ltr'><strong>lstts</strong></span> <span class='ocrx_word' id='word_1_536' title='bbox 3459 2936 3662 2992; x_wconf 86' lang='lat' dir='ltr'><strong>auditis</strong></span> 
     </span>
    </p>
   </div>
   <div class='ocr_carea' id='block_1_74' title="bbox 2061 3019 3658 3094">
    <p class='ocr_par' dir='ltr' id='par_1_74' title="bbox 2061 3019 3658 3094">
     <span class='ocr_line' id='line_1_74' title="bbox 2061 3019 3658 3094; baseline 0.006 -21"><span class='ocrx_word' id='word_1_537' title='bbox 2061 3029 2421 3090; x_wconf 78' lang='lat' dir='ltr'><strong>perrexerunt</strong></span> <span class='ocrx_word' id='word_1_538' title='bbox 2448 3019 2515 3074; x_wconf 90' lang='lat' dir='ltr'><strong>ad</strong></span> <span class='ocrx_word' id='word_1_539' title='bbox 2557 3035 2704 3076; x_wconf 87' lang='lat' dir='ltr'><strong>eum.</strong></span> <span class='ocrx_word' id='word_1_540' title='bbox 2752 3021 2900 3089; x_wconf 88' lang='lat' dir='ltr'><strong>Quos</strong></span> <span class='ocrx_word' id='word_1_541' title='bbox 2927 3031 2986 3076; x_wconf 91' lang='lat' dir='ltr'><strong>ut</strong></span> <span class='ocrx_word' id='word_1_542' title='bbox 3025 3023 3160 3078; x_wconf 89' lang='lat' dir='ltr'><strong>vidit</strong></span> <span class='ocrx_word' id='word_1_543' title='bbox 3199 3024 3444 3094; x_wconf 88' lang='lat' dir='ltr'><strong>sapiens,</strong></span> <span class='ocrx_word' id='word_1_544' title='bbox 3469 3025 3658 3082; x_wconf 82' lang='lat' dir='ltr'><strong>dixit:</strong></span> 
     </span>
    </p>
   </div>
   <div class='ocr_carea' id='block_1_75' title="bbox 2063 3110 3658 3183">
    <p class='ocr_par' dir='ltr' id='par_1_75' title="bbox 2063 3110 3658 3183">
     <span class='ocr_line' id='line_1_75' title="bbox 2063 3110 3658 3183; baseline 0.006 -18"><span class='ocrx_word' id='word_1_545' title='bbox 2063 3110 2276 3175; x_wconf 83' lang='lat' dir='ltr'><strong>Venite,</strong></span> <span class='ocrx_word' id='word_1_546' title='bbox 2313 3111 2512 3177; x_wconf 88' lang='lat' dir='ltr'><strong>venite,</strong></span> <span class='ocrx_word' id='word_1_547' title='bbox 2542 3110 2703 3183; x_wconf 82' lang='lat' dir='ltr'><strong>legati</strong></span> <span class='ocrx_word' id='word_1_548' title='bbox 2747 3112 2893 3183; x_wconf 85' lang='lat' dir='ltr'><strong>regis</strong></span> <span class='ocrx_word' id='word_1_549' title='bbox 2923 3114 3306 3170; x_wconf 89' lang='lat' dir='ltr'><strong>inobedientis.</strong></span> <span class='ocrx_word' id='word_1_550' title='bbox 3343 3116 3483 3173; x_wconf 91' lang='lat' dir='ltr'><strong>Deus</strong></span> <span class='ocrx_word' id='word_1_551' title='bbox 3509 3117 3658 3174; x_wconf 90' lang='lat' dir='ltr'><strong>enim</strong></span> 
     </span>
    </p>
   </div>
   <div class='ocr_carea' id='block_1_76' title="bbox 1983 3195 3655 3272">
    <p class='ocr_par' dir='ltr' id='par_1_76' title="bbox 1983 3195 3655 3272">
     <span class='ocr_line' id='line_1_76' title="bbox 1983 3195 3655 3272; baseline 0.004 -23"><span class='ocrx_word' id='word_1_552' title='bbox 1983 3211 2027 3270; x_wconf 71' lang='grc' dir='ltr'>α</span> <span class='ocrx_word' id='word_1_553' title='bbox 2061 3195 2115 3250; x_wconf 93' lang='lat' dir='ltr'><strong>in</strong></span> <span class='ocrx_word' id='word_1_554' title='bbox 2141 3195 2386 3250; x_wconf 71' lang='lat' dir='ltr'><strong>custodia</strong></span> <span class='ocrx_word' id='word_1_555' title='bbox 2436 3197 2486 3250; x_wconf 91' lang='lat' dir='ltr'><strong>ei</strong></span> <span class='ocrx_word' id='word_1_556' title='bbox 2524 3197 2769 3252; x_wconf 85' lang='lat' dir='ltr'><strong>diversas</strong></span> <span class='ocrx_word' id='word_1_557' title='bbox 2823 3198 3074 3255; x_wconf 88' lang='lat' dir='ltr'><strong>nationes</strong></span> <span class='ocrx_word' id='word_1_558' title='bbox 3127 3201 3385 3267; x_wconf 87' lang='lat' dir='ltr'><strong>subdidit,</strong></span> <span class='ocrx_word' id='word_1_559' title='bbox 3421 3217 3655 3272; x_wconf 88' lang='lat' dir='ltr'><strong>quarum</strong></span> 
     </span>
    </p>
   </div>
   <div class='ocr_carea' id='block_1_77' title="bbox 2060 3288 3653 3364">
    <p class='ocr_par' dir='ltr' id='par_1_77' title="bbox 2060 3288 3653 3364">
     <span class='ocr_line' id='line_1_77' title="bbox 2060 3288 3653 3364; baseline 0.004 -22"><span class='ocrx_word' id='word_1_560' title='bbox 2060 3303 2167 3344; x_wconf 91' lang='lat' dir='ltr'><strong>non</strong></span> <span class='ocrx_word' id='word_1_561' title='bbox 2201 3297 2382 3344; x_wconf 89' lang='lat' dir='ltr'><strong>rectus</strong></span> <span class='ocrx_word' id='word_1_562' title='bbox 2409 3288 2742 3360; x_wconf 79' lang='lat' dir='ltr'><strong>gubernator</strong></span> <span class='ocrx_word' id='word_1_563' title='bbox 2765 3291 2859 3346; x_wconf 89' lang='lat' dir='ltr'><strong>sed</strong></span> <span class='ocrx_word' id='word_1_564' title='bbox 2885 3291 3112 3348; x_wconf 88' lang='lat' dir='ltr'><strong>immitis</strong></span> <span class='ocrx_word' id='word_1_565' title='bbox 3135 3293 3338 3348; x_wconf 81' lang='lat' dir='ltr'><strong>extitit.</strong></span> <span class='ocrx_word' id='word_1_566' title='bbox 3379 3293 3523 3349; x_wconf 90' lang='lat' dir='ltr'><strong>Deus</strong></span> <span class='ocrx_word' id='word_1_567' title='bbox 3558 3294 3653 3364; x_wconf 90' lang='lat' dir='ltr'><strong>qui</strong></span> 
     </span>
    </p>
   </div>
   <div class='ocr_carea' id='block_1_78' title="bbox 2059 3380 3654 3454">
    <p class='ocr_par' dir='ltr' id='par_1_78' title="bbox 2059 3380 3654 3454">
     <span class='ocr_line' id='line_1_78' title="bbox 2059 3380 3654 3454; baseline 0.005 -21"><span class='ocrx_word' id='word_1_568' title='bbox 2059 3380 2209 3435; x_wconf 91' lang='lat' dir='ltr'><strong>illum</strong></span> <span class='ocrx_word' id='word_1_569' title='bbox 2261 3390 2315 3437; x_wconf 90' lang='lat' dir='ltr'><strong>et</strong></span> <span class='ocrx_word' id='word_1_570' title='bbox 2354 3380 2500 3436; x_wconf 90' lang='lat' dir='ltr'><strong>illius</strong></span> <span class='ocrx_word' id='word_1_571' title='bbox 2537 3381 2785 3454; x_wconf 86' lang='lat' dir='ltr'><strong>subditos</strong></span> <span class='ocrx_word' id='word_1_572' title='bbox 2826 3383 2893 3438; x_wconf 92' lang='lat' dir='ltr'><strong>de</strong></span> <span class='ocrx_word' id='word_1_573' title='bbox 2941 3384 3131 3438; x_wconf 89' lang='lat' dir='ltr'><strong>eadem</strong></span> <span class='ocrx_word' id='word_1_574' title='bbox 3177 3389 3404 3440; x_wconf 89' lang='lat' dir='ltr'><strong>materia</strong></span> <span class='ocrx_word' id='word_1_575' title='bbox 3445 3385 3654 3441; x_wconf 85' lang='lat' dir='ltr'><strong>creavit</strong></span> 
     </span>
    </p>
   </div>
   <div class='ocr_carea' id='block_1_79' title="bbox 2058 3469 3654 3544">
    <p class='ocr_par' dir='ltr' id='par_1_79' title="bbox 2058 3469 3654 3544">
     <span class='ocr_line' id='line_1_79' title="bbox 2058 3469 3654 3544; baseline 0.003 -18"><span class='ocrx_word' id='word_1_576' title='bbox 2058 3469 2174 3538; x_wconf 88' lang='lat' dir='ltr'><strong>ejus</strong></span> <span class='ocrx_word' id='word_1_577' title='bbox 2196 3471 2605 3526; x_wconf 87' lang='lat' dir='ltr'><strong>immoderatam</strong></span> <span class='ocrx_word' id='word_1_578' title='bbox 2633 3473 2722 3528; x_wconf 91' lang='lat' dir='ltr'><strong>diu</strong></span> <span class='ocrx_word' id='word_1_579' title='bbox 2749 3488 2940 3543; x_wconf 88' lang='lat' dir='ltr'><strong>passus</strong></span> <span class='ocrx_word' id='word_1_580' title='bbox 2965 3474 3265 3544; x_wconf 86' lang='lat' dir='ltr'><strong>nequitiam</strong></span> <span class='ocrx_word' id='word_1_581' title='bbox 3317 3475 3654 3533; x_wconf 86' lang='lat' dir='ltr'><strong>multimodis</strong></span> 
     </span>
    </p>
   </div>
   <div class='ocr_carea' id='block_1_80' title="bbox 2059 3565 3654 3634">
    <p class='ocr_par' dir='ltr' id='par_1_80' title="bbox 2059 3565 3654 3634">
     <span class='ocr_line' id='line_1_80' title="bbox 2059 3565 3654 3634; baseline 0.004 -16"><span class='ocrx_word' id='word_1_582' title='bbox 2059 3565 2494 3622; x_wconf 91' lang='lat' dir='ltr'><strong>correctionibus</strong></span> <span class='ocrx_word' id='word_1_583' title='bbox 2521 3577 2582 3622; x_wconf 87' lang='lat' dir='ltr'><strong>ut</strong></span> <span class='ocrx_word' id='word_1_584' title='bbox 2599 3577 2944 3622; x_wconf 89' lang='lat' dir='ltr'><strong>converteret</strong></span> <span class='ocrx_word' id='word_1_585' title='bbox 2960 3568 3282 3634; x_wconf 88' lang='lat' dir='ltr'><strong>ammonuit,</strong></span> <span class='ocrx_word' id='word_1_586' title='bbox 3304 3569 3398 3623; x_wconf 90' lang='lat' dir='ltr'><strong>sed</strong></span> <span class='ocrx_word' id='word_1_587' title='bbox 3417 3569 3654 3625; x_wconf 88' lang='lat' dir='ltr'><strong>tamdem</strong></span> 
     </span>
    </p>
   </div>
   <div class='ocr_carea' id='block_1_81' title="bbox 2057 3655 3651 3726">
    <p class='ocr_par' dir='ltr' id='par_1_81' title="bbox 2057 3655 3651 3726">
     <span class='ocr_line' id='line_1_81' title="bbox 2057 3655 3651 3726; baseline 0.005 -17"><span class='ocrx_word' id='word_1_588' title='bbox 2057 3655 2124 3710; x_wconf 90' lang='lat' dir='ltr'><strong>ad</strong></span> <span class='ocrx_word' id='word_1_589' title='bbox 2159 3657 2369 3712; x_wconf 90' lang='lat' dir='ltr'><strong>malum</strong></span> <span class='ocrx_word' id='word_1_590' title='bbox 2420 3656 2538 3726; x_wconf 82' lang='lat' dir='ltr'><strong>ejus</strong></span> <span class='ocrx_word' id='word_1_591' title='bbox 2569 3659 2622 3713; x_wconf 91' lang='lat' dir='ltr'><strong>in</strong></span> <span class='ocrx_word' id='word_1_592' title='bbox 2670 3659 2814 3715; x_wconf 88' lang='lat' dir='ltr'><strong>illius</strong></span> <span class='ocrx_word' id='word_1_593' title='bbox 2841 3675 3026 3716; x_wconf 88' lang='lat' dir='ltr'><strong>necem</strong></span> <span class='ocrx_word' id='word_1_594' title='bbox 3057 3660 3497 3718; x_wconf 83' lang='lat' dir='ltr'><strong>inmisericordes</strong></span> <span class='ocrx_word' id='word_1_595' title='bbox 3524 3663 3651 3717; x_wconf 77' lang='lat' dir='ltr'><strong>bar-</strong></span> 
     </span>
    </p>
   </div>
   <div class='ocr_carea' id='block_1_82' title="bbox 2055 3745 3638 3823">
    <p class='ocr_par' dir='ltr' id='par_1_82' title="bbox 2055 3745 3638 3823">
     <span class='ocr_line' id='line_1_82' title="bbox 2055 3745 3638 3823; baseline 0.005 -23"><span class='ocrx_word' id='word_1_596' title='bbox 2055 3745 2213 3802; x_wconf 89' lang='lat' dir='ltr'><strong>baras</strong></span> <span class='ocrx_word' id='word_1_597' title='bbox 2247 3749 2528 3803; x_wconf 88' lang='lat' dir='ltr'><strong>suscitavit</strong></span> <span class='ocrx_word' id='word_1_598' title='bbox 2570 3759 2760 3819; x_wconf 83' lang='lat' dir='ltr'><strong>gentes</strong></span> <span class='ocrx_word' id='word_1_599' title='bbox 2790 3769 2803 3804; x_wconf 90' lang='lat'><strong>:</strong></span> <span class='ocrx_word' id='word_1_600' title='bbox 2831 3761 2887 3806; x_wconf 89' lang='lat' dir='ltr'><strong>et</strong></span> <span class='ocrx_word' id='word_1_601' title='bbox 2918 3751 3020 3806; x_wconf 93' lang='lat' dir='ltr'><strong>hoc</strong></span> <span class='ocrx_word' id='word_1_602' title='bbox 3047 3751 3194 3807; x_wconf 92' lang='lat' dir='ltr'><strong>dicto</strong></span> <span class='ocrx_word' id='word_1_603' title='bbox 3219 3753 3392 3809; x_wconf 88' lang='lat' dir='ltr'><strong>tacuit</strong></span> <span class='ocrx_word' id='word_1_604' title='bbox 3417 3754 3638 3823; x_wconf 86' lang='lat' dir='ltr'><strong>sapiens</strong></span> 
     </span>
    </p>
   </div>
   <div class='ocr_carea' id='block_1_83' title="bbox 2053 3835 3650 3916">
    <p class='ocr_par' dir='ltr' id='par_1_83' title="bbox 2053 3835 3650 3916">
     <span class='ocr_line' id='line_1_83' title="bbox 2053 3835 3650 3916; baseline 0.008 -28"><span class='ocrx_word' id='word_1_605' title='bbox 2053 3835 2236 3890; x_wconf 92' lang='lat' dir='ltr'><strong>homo.</strong></span> <span class='ocrx_word' id='word_1_606' title='bbox 2267 3836 2418 3904; x_wconf 89' lang='lat' dir='ltr'><strong>Quod</strong></span> <span class='ocrx_word' id='word_1_607' title='bbox 2445 3838 2728 3893; x_wconf 90' lang='lat' dir='ltr'><strong>audientes</strong></span> <span class='ocrx_word' id='word_1_608' title='bbox 2772 3839 3075 3910; x_wconf 90' lang='lat' dir='ltr'><strong>philosophi</strong></span> <span class='ocrx_word' id='word_1_609' title='bbox 3108 3842 3448 3899; x_wconf 89' lang='lat' dir='ltr'><strong>mirabantur</strong></span> <span class='ocrx_word' id='word_1_610' title='bbox 3476 3853 3532 3901; x_wconf 87' lang='lat' dir='ltr'><strong>et</strong></span> <span class='ocrx_word' id='word_1_611' title='bbox 3555 3847 3650 3916; x_wconf 92' lang='lat' dir='ltr'><strong>qui</strong></span> 
     </span>
    </p>
   </div>
   <div class='ocr_carea' id='block_1_84' title="bbox 2053 3928 3652 4006">
    <p class='ocr_par' dir='ltr' id='par_1_84' title="bbox 2053 3928 3652 4006">
     <span class='ocr_line' id='line_1_84' title="bbox 2053 3928 3652 4006; baseline 0.006 -23"><span class='ocrx_word' id='word_1_612' title='bbox 2053 3929 2275 3983; x_wconf 88' lang='lat' dir='ltr'><strong>aderant</strong></span> <span class='ocrx_word' id='word_1_613' title='bbox 2301 3928 2561 3983; x_wconf 91' lang='lat' dir='ltr'><strong>universi.</strong></span> <span class='ocrx_word' id='word_1_614' title='bbox 2604 3929 2700 3984; x_wconf 88' lang='lat' dir='ltr'><strong>Die</strong></span> <span class='ocrx_word' id='word_1_615' title='bbox 2747 3945 2879 3985; x_wconf 90' lang='lat' dir='ltr'><strong>vero</strong></span> <span class='ocrx_word' id='word_1_616' title='bbox 2929 3933 3086 3986; x_wconf 88' lang='lat' dir='ltr'><strong>tertia</strong></span> <span class='ocrx_word' id='word_1_617' title='bbox 3138 3935 3474 4006; x_wconf 86' lang='lat' dir='ltr'><strong>philosophis</strong></span> <span class='ocrx_word' id='word_1_618' title='bbox 3503 3953 3652 4006; x_wconf 72' lang='lat' dir='ltr'><strong>qum-</strong></span> 
     </span>
    </p>
   </div>
   <div class='ocr_carea' id='block_1_85' title="bbox 2053 4018 3650 4098">
    <p class='ocr_par' dir='ltr' id='par_1_85' title="bbox 2053 4018 3650 4098">
     <span class='ocr_line' id='line_1_85' title="bbox 2053 4018 3650 4098; baseline 0.006 -23"><span class='ocrx_word' id='word_1_619' title='bbox 2053 4018 2298 4075; x_wconf 82' lang='lat' dir='ltr'><strong>tentibus</strong></span> <span class='ocrx_word' id='word_1_620' title='bbox 2342 4019 2549 4074; x_wconf 89' lang='lat' dir='ltr'><strong>licitum</strong></span> <span class='ocrx_word' id='word_1_621' title='bbox 2582 4022 2930 4090; x_wconf 85' lang='lat' dir='ltr'><strong>rcpatriandi,</strong></span> <span class='ocrx_word' id='word_1_622' title='bbox 2974 4026 3300 4081; x_wconf 84' lang='lat' dir='ltr'><strong>reverendus</strong></span> <span class='ocrx_word' id='word_1_623' title='bbox 3335 4028 3422 4083; x_wconf 89' lang='lat' dir='ltr'><strong>ille</strong></span> <span class='ocrx_word' id='word_1_624' title='bbox 3468 4029 3650 4098; x_wconf 43' lang='lat' dir='ltr'><strong>philo.</strong></span> 
     </span>
    </p>
   </div>
   <div class='ocr_carea' id='block_1_86' title="bbox 2051 4111 3649 4185">
    <p class='ocr_par' dir='ltr' id='par_1_86' title="bbox 2051 4111 3649 4185">
     <span class='ocr_line' id='line_1_86' title="bbox 2051 4111 3649 4185; baseline 0.004 -18"><span class='ocrx_word' id='word_1_625' title='bbox 2051 4111 2275 4181; x_wconf 89' lang='lat' dir='ltr'><strong>sophico</strong></span> <span class='ocrx_word' id='word_1_626' title='bbox 2303 4111 2498 4182; x_wconf 82' lang='lat' dir='ltr'><strong>spiritu</strong></span> <span class='ocrx_word' id='word_1_627' title='bbox 2525 4111 2694 4166; x_wconf 86' lang='lat' dir='ltr'><strong>dixit:</strong></span> <span class='ocrx_word' id='word_1_628' title='bbox 2729 4112 3088 4168; x_wconf 80' lang='lat' dir='ltr'><strong>Revertimini</strong></span> <span class='ocrx_word' id='word_1_629' title='bbox 3117 4116 3373 4185; x_wconf 90' lang='lat' dir='ltr'><strong>quoniam</strong></span> <span class='ocrx_word' id='word_1_630' title='bbox 3401 4127 3649 4174; x_wconf 87' lang='lat' dir='ltr'><strong>mortuus</strong></span> 
     </span>
    </p>
   </div>
   <div class='ocr_carea' id='block_1_87' title="bbox 2050 4203 3642 4275">
    <p class='ocr_par' dir='ltr' id='par_1_87' title="bbox 2050 4203 3642 4275">
     <span class='ocr_line' id='line_1_87' title="bbox 2050 4203 3642 4275; baseline 0.003 -17"><span class='ocrx_word' id='word_1_631' title='bbox 2050 4211 2132 4258; x_wconf 90' lang='lat' dir='ltr'><strong>est</strong></span> <span class='ocrx_word' id='word_1_632' title='bbox 2178 4203 2430 4257; x_wconf 91' lang='lat' dir='ltr'><strong>dominus</strong></span> <span class='ocrx_word' id='word_1_633' title='bbox 2468 4211 2670 4266; x_wconf 83' lang='lat' dir='ltr'><strong>vester,</strong></span> <span class='ocrx_word' id='word_1_634' title='bbox 2711 4213 2766 4258; x_wconf 91' lang='lat' dir='ltr'><strong>et</strong></span> <span class='ocrx_word' id='word_1_635' title='bbox 2815 4203 3092 4272; x_wconf 88' lang='lat' dir='ltr'><strong>Deusjam</strong></span> <span class='ocrx_word' id='word_1_636' title='bbox 3129 4220 3327 4260; x_wconf 89' lang='lat' dir='ltr'><strong>novum</strong></span> <span class='ocrx_word' id='word_1_637' title='bbox 3353 4221 3532 4275; x_wconf 83' lang='lat' dir='ltr'><strong>regem</strong></span> <span class='ocrx_word' id='word_1_638' title='bbox 3570 4207 3642 4262; x_wconf 90' lang='lat' dir='ltr'><strong>ibi</strong></span> 
     </span>
    </p>
   </div>
   <div class='ocr_carea' id='block_1_88' title="bbox 2048 4295 3643 4369">
    <p class='ocr_par' dir='ltr' id='par_1_88' title="bbox 2048 4295 3643 4369">
     <span class='ocr_line' id='line_1_88' title="bbox 2048 4295 3643 4369; baseline 0.003 -20"><span class='ocrx_word' id='word_1_639' title='bbox 2048 4295 2226 4366; x_wconf 91' lang='lat' dir='ltr'><strong>posuit</strong></span> <span class='ocrx_word' id='word_1_640' title='bbox 2253 4296 2344 4365; x_wconf 91' lang='lat' dir='ltr'><strong>qui</strong></span> <span class='ocrx_word' id='word_1_641' title='bbox 2397 4295 2470 4350; x_wconf 93' lang='lat' dir='ltr'><strong>sit</strong></span> <span class='ocrx_word' id='word_1_642' title='bbox 2498 4304 2683 4351; x_wconf 90' lang='lat' dir='ltr'><strong>rectus</strong></span> <span class='ocrx_word' id='word_1_643' title='bbox 2713 4295 3047 4366; x_wconf 87' lang='lat' dir='ltr'><strong>gubernator</strong></span> <span class='ocrx_word' id='word_1_644' title='bbox 3099 4305 3155 4352; x_wconf 91' lang='lat' dir='ltr'><strong>et</strong></span> <span class='ocrx_word' id='word_1_645' title='bbox 3209 4297 3356 4352; x_wconf 90' lang='lat' dir='ltr'><strong>mitis</strong></span> <span class='ocrx_word' id='word_1_646' title='bbox 3390 4300 3643 4369; x_wconf 88' lang='lat' dir='ltr'><strong>gentibus</strong></span> 
     </span>
    </p>
   </div>
   <div class='ocr_carea' id='block_1_89' title="bbox 2045 4385 3642 4459">
    <p class='ocr_par' dir='ltr' id='par_1_89' title="bbox 2045 4385 3642 4459">
     <span class='ocr_line' id='line_1_89' title="bbox 2045 4385 3642 4459; baseline 0.001 -17"><span class='ocrx_word' id='word_1_647' title='bbox 2045 4387 2299 4442; x_wconf 86' lang='lat' dir='ltr'><strong>subditis.</strong></span> <span class='ocrx_word' id='word_1_648' title='bbox 2344 4385 2558 4442; x_wconf 84' lang='lat' dir='ltr'><strong>Auditis</strong></span> <span class='ocrx_word' id='word_1_649' title='bbox 2615 4386 2811 4442; x_wconf 89' lang='lat' dir='ltr'><strong>talibus</strong></span> <span class='ocrx_word' id='word_1_650' title='bbox 2858 4387 3169 4458; x_wconf 87' lang='lat' dir='ltr'><strong>philosophi</strong></span> <span class='ocrx_word' id='word_1_651' title='bbox 3219 4388 3311 4459; x_wconf 89' lang='lat' dir='ltr'><strong>qui</strong></span> <span class='ocrx_word' id='word_1_652' title='bbox 3356 4399 3642 4458; x_wconf 83' lang='lat' dir='ltr'><strong>venerant,</strong></span> 
     </span>
    </p>
   </div>
   <div class='ocr_carea' id='block_1_90' title="bbox 2047 4479 3642 4550">
    <p class='ocr_par' dir='ltr' id='par_1_90' title="bbox 2047 4479 3642 4550">
     <span class='ocr_line' id='line_1_90' title="bbox 2047 4479 3642 4550; baseline 0.004 -18"><span class='ocrx_word' id='word_1_653' title='bbox 2047 4479 2220 4535; x_wconf 89' lang='lat' dir='ltr'><strong>tribus</strong></span> <span class='ocrx_word' id='word_1_654' title='bbox 2239 4495 2361 4536; x_wconf 90' lang='lat' dir='ltr'><strong>cum</strong></span> <span class='ocrx_word' id='word_1_655' title='bbox 2389 4479 2650 4549; x_wconf 83' lang='lat' dir='ltr'><strong>praedicto</strong></span> <span class='ocrx_word' id='word_1_656' title='bbox 2680 4480 2926 4550; x_wconf 88' lang='lat' dir='ltr'><strong>sapiente</strong></span> <span class='ocrx_word' id='word_1_657' title='bbox 2953 4479 3380 4546; x_wconf 85' lang='lat' dir='ltr'><strong>remanentibus,</strong></span> <span class='ocrx_word' id='word_1_658' title='bbox 3405 4491 3642 4549; x_wconf 88' lang='lat' dir='ltr'><strong>quatuor</strong></span> 
     </span>
    </p>
   </div>
   <div class='ocr_carea' id='block_1_91' title="bbox 357 4530 3640 4642">
    <p class='ocr_par' dir='ltr' id='par_1_91' title="bbox 357 4530 3640 4642">
     <span class='ocr_line' id='line_1_91' title="bbox 837 4530 3629 4550; baseline 0.002 -8"><span class='ocrx_word' id='word_1_659' title='bbox 837 4533 848 4545; x_wconf 90' lang='lat'><strong>.</strong></span> <span class='ocrx_word' id='word_1_660' title='bbox 1167 4533 1178 4544; x_wconf 92' lang='lat'><strong>.</strong></span> <span class='ocrx_word' id='word_1_661' title='bbox 1415 4533 1426 4543; x_wconf 95' lang='lat'><strong>.</strong></span> <span class='ocrx_word' id='word_1_662' title='bbox 1495 4531 1506 4542; x_wconf 95' lang='lat'><strong>.</strong></span> <span class='ocrx_word' id='word_1_663' title='bbox 1775 4531 1786 4542; x_wconf 94' lang='lat'><strong>.</strong></span> <span class='ocrx_word' id='word_1_664' title='bbox 2055 4530 2216 4535; x_wconf 54' lang='grc' dir='ltr'><strong>αττη-</strong></span> <span class='ocrx_word' id='word_1_665' title='bbox 2389 4530 2643 4549; x_wconf 59' lang='grc' dir='ltr'><strong><em>τ-νη--η</em></strong></span> <span class='ocrx_word' id='word_1_666' title='bbox 2681 4530 2923 4550; x_wconf 66' lang='grc' dir='ltr'><strong>--τ--νη</strong></span> <span class='ocrx_word' id='word_1_667' title='bbox 2953 4530 3380 4546; x_wconf 43' lang='lat' dir='ltr'><strong>numam—ww.</strong></span> <span class='ocrx_word' id='word_1_668' title='bbox 3412 4530 3629 4549; x_wconf 53' lang='lat' dir='ltr'><strong>~.—---—v-</strong></span> 
     </span>
     <span class='ocr_line' id='line_1_92' title="bbox 357 4530 3640 4642; baseline 0.002 -19"><span class='ocrx_word' id='word_1_669' title='bbox 357 4530 500 4642; x_wconf 40' lang='grc' dir='ltr'>Ρ⁰¹¹⁰</span> <span class='ocrx_word' id='word_1_670' title='bbox 615 4549 806 4642; x_wconf 50' lang='lat' dir='ltr'><strong>&quot;feces:</strong></span> <span class='ocrx_word' id='word_1_671' title='bbox 838 4534 982 4600; x_wconf 70' lang='lat' dir='ltr'><strong>mde’</strong></span> <span class='ocrx_word' id='word_1_672' title='bbox 1972 4557 2019 4614; x_wconf 80' lang='grc' dir='ltr'><strong>Ῑ)</strong></span> <span class='ocrx_word' id='word_1_673' title='bbox 2047 4573 2484 4640; x_wconf 87' lang='lat' dir='ltr'><strong>repatriaverunt</strong></span> <span class='ocrx_word' id='word_1_674' title='bbox 2517 4571 2608 4642; x_wconf 93' lang='lat' dir='ltr'><strong>qui</strong></span> <span class='ocrx_word' id='word_1_675' title='bbox 2640 4572 2821 4627; x_wconf 89' lang='lat' dir='ltr'><strong>omnia</strong></span> <span class='ocrx_word' id='word_1_676' title='bbox 2846 4582 2904 4627; x_wconf 87' lang='lat' dir='ltr'><strong>ut</strong></span> <span class='ocrx_word' id='word_1_677' title='bbox 2937 4573 3018 4629; x_wconf 90' lang='lat' dir='ltr'><strong>eis</strong></span> <span class='ocrx_word' id='word_1_678' title='bbox 3040 4573 3243 4629; x_wconf 90' lang='lat' dir='ltr'><strong>dictum</strong></span> <span class='ocrx_word' id='word_1_679' title='bbox 3281 4572 3459 4628; x_wconf 86' lang='lat' dir='ltr'><strong>fuerat</strong></span> <span class='ocrx_word' id='word_1_680' title='bbox 3509 4589 3640 4630; x_wconf 85' lang='lat' dir='ltr'><strong>vera</strong></span> 
     </span>
    </p>
   </div>
   <div class='ocr_carea' id='block_1_92' title="bbox 359 4621 1941 4691">
    <p class='ocr_par' dir='ltr' id='par_1_92' title="bbox 359 4621 1941 4691">
     <span class='ocr_line' id='line_1_93' title="bbox 359 4621 1941 4691; baseline -0.002 -11"><span class='ocrx_word' id='word_1_681' title='bbox 359 4625 745 4680; x_wconf 84' lang='lat' dir='ltr'><strong>comminuitur</strong></span> <span class='ocrx_word' id='word_1_682' title='bbox 793 4625 992 4681; x_wconf 91' lang='lat' dir='ltr'><strong>bonum</strong></span> <span class='ocrx_word' id='word_1_683' title='bbox 1046 4625 1129 4679; x_wconf 69' lang='lat' dir='ltr'><strong>vel</strong></span> <span class='ocrx_word' id='word_1_684' title='bbox 1185 4625 1472 4678; x_wconf 88' lang='lat' dir='ltr'><strong>amittitur.</strong></span> <span class='ocrx_word' id='word_1_685' title='bbox 1522 4621 1830 4691; x_wconf 85' lang='lat' dir='ltr'><strong>Discipulos</strong></span> <span class='ocrx_word' id='word_1_686' title='bbox 1873 4621 1941 4677; x_wconf 84' lang='lat' dir='ltr'><strong>ad</strong></span> 
     </span>
    </p>
   </div>
   <div class='ocr_carea' id='block_1_93' title="bbox 359 4713 1944 4786">
    <p class='ocr_par' dir='ltr' id='par_1_93' title="bbox 359 4713 1944 4786">
     <span class='ocr_line' id='line_1_94' title="bbox 359 4713 1944 4786; baseline -0.001 -16"><span class='ocrx_word' id='word_1_687' title='bbox 359 4716 674 4784; x_wconf 86' lang='lat' dir='ltr'><strong>magistrum</strong></span> <span class='ocrx_word' id='word_1_688' title='bbox 703 4735 714 4770; x_wconf 91' lang='lat'><strong>:</strong></span> <span class='ocrx_word' id='word_1_689' title='bbox 742 4716 1026 4772; x_wconf 89' lang='lat' dir='ltr'><strong>Probibuit</strong></span> <span class='ocrx_word' id='word_1_690' title='bbox 1068 4716 1426 4786; x_wconf 87' lang='lat' dir='ltr'><strong>philosophus</strong></span> <span class='ocrx_word' id='word_1_691' title='bbox 1476 4713 1814 4769; x_wconf 83' lang='lat' dir='ltr'><strong>benefactum</strong></span> <span class='ocrx_word' id='word_1_692' title='bbox 1847 4730 1944 4769; x_wconf 87' lang='lat' dir='ltr'><strong>nc-</strong></span> 
     </span>
    </p>
   </div>
   <div class='ocr_carea' id='block_1_94' title="bbox 355 4805 1936 4880">
    <p class='ocr_par' dir='ltr' id='par_1_94' title="bbox 355 4805 1936 4880">
     <span class='ocr_line' id='line_1_95' title="bbox 355 4805 1936 4880; baseline -0.002 -19"><span class='ocrx_word' id='word_1_693' title='bbox 355 4821 506 4878; x_wconf 85' lang='lat' dir='ltr'><strong>gare.</strong></span> <span class='ocrx_word' id='word_1_694' title='bbox 538 4807 619 4863; x_wconf 82' lang='lat' dir='ltr'><strong>Ad</strong></span> <span class='ocrx_word' id='word_1_695' title='bbox 651 4810 753 4864; x_wconf 90' lang='lat' dir='ltr'><strong>hoc</strong></span> <span class='ocrx_word' id='word_1_696' title='bbox 805 4809 1062 4880; x_wconf 87' lang='lat' dir='ltr'><strong>magister</strong></span> <span class='ocrx_word' id='word_1_697' title='bbox 1092 4826 1106 4862; x_wconf 91' lang='lat'>:</span> <span class='ocrx_word' id='word_1_698' title='bbox 1139 4809 1242 4875; x_wconf 87' lang='lat' dir='ltr'><strong>Qui</strong></span> <span class='ocrx_word' id='word_1_699' title='bbox 1293 4809 1522 4877; x_wconf 87' lang='lat' dir='ltr'><strong>denegat</strong></span> <span class='ocrx_word' id='word_1_700' title='bbox 1570 4805 1936 4874; x_wconf 85' lang='lat' dir='ltr'><strong>benefactum,</strong></span> 
     </span>
    </p>
   </div>
   <div class='ocr_carea' id='block_1_95' title="bbox 356 4899 1936 4972">
    <p class='ocr_par' dir='ltr' id='par_1_95' title="bbox 356 4899 1936 4972">
     <span class='ocr_line' id='line_1_96' title="bbox 356 4899 1936 4972; baseline -0.003 -15"><span class='ocrx_word' id='word_1_701' title='bbox 356 4902 585 4970; x_wconf 87' lang='lat' dir='ltr'><strong>denegat</strong></span> <span class='ocrx_word' id='word_1_702' title='bbox 609 4902 799 4968; x_wconf 80' lang='lat' dir='ltr'><strong>Deum,</strong></span> <span class='ocrx_word' id='word_1_703' title='bbox 841 4911 895 4957; x_wconf 90' lang='lat' dir='ltr'><strong>et</strong></span> <span class='ocrx_word' id='word_1_704' title='bbox 944 4903 1032 4957; x_wconf 85' lang='lat' dir='ltr'><strong>ille</strong></span> <span class='ocrx_word' id='word_1_705' title='bbox 1057 4902 1147 4972; x_wconf 90' lang='lat' dir='ltr'><strong>qui</strong></span> <span class='ocrx_word' id='word_1_706' title='bbox 1193 4917 1296 4956; x_wconf 94' lang='lat' dir='ltr'><strong>non</strong></span> <span class='ocrx_word' id='word_1_707' title='bbox 1341 4900 1524 4956; x_wconf 84' lang='lat' dir='ltr'><strong>obcdit</strong></span> <span class='ocrx_word' id='word_1_708' title='bbox 1564 4899 1672 4969; x_wconf 86' lang='lat' dir='ltr'><strong>regi</strong></span> <span class='ocrx_word' id='word_1_709' title='bbox 1723 4899 1936 4966; x_wconf 87' lang='lat' dir='ltr'><strong>victori,</strong></span> 
     </span>
    </p>
   </div>
   <div class='ocr_carea' id='block_1_96' title="bbox 353 4989 1939 5061">
    <p class='ocr_par' dir='ltr' id='par_1_96' title="bbox 353 4989 1939 5061">
     <span class='ocr_line' id='line_1_97' title="bbox 353 4989 1939 5061; baseline -0.003 -15"><span class='ocrx_word' id='word_1_710' title='bbox 353 4999 440 5046; x_wconf 84' lang='lat' dir='ltr'><strong>est</strong></span> <span class='ocrx_word' id='word_1_711' title='bbox 490 4992 809 5048; x_wconf 88' lang='lat' dir='ltr'><strong>inobediens</strong></span> <span class='ocrx_word' id='word_1_712' title='bbox 855 4993 986 5048; x_wconf 89' lang='lat' dir='ltr'><strong>Deo.</strong></span> <span class='ocrx_word' id='word_1_713' title='bbox 1033 4989 1642 5061; x_wconf 64' lang='lat' dir='ltr'><strong>Diseipulns:0stenele</strong></span> <span class='ocrx_word' id='word_1_714' title='bbox 1683 4989 1812 5042; x_wconf 89' lang='lat' dir='ltr'><strong>mihi</strong></span> <span class='ocrx_word' id='word_1_715' title='bbox 1853 5003 1939 5042; x_wconf 90' lang='lat' dir='ltr'><strong>ra-</strong></span> 
     </span>
    </p>
   </div>
   <div class='ocr_carea' id='block_1_97' title="bbox 356 5076 1936 5154">
    <p class='ocr_par' dir='ltr' id='par_1_97' title="bbox 356 5076 1936 5154">
     <span class='ocr_line' id='line_1_98' title="bbox 356 5076 1936 5154; baseline -0.002 -18"><span class='ocrx_word' id='word_1_716' title='bbox 356 5083 557 5139; x_wconf 87' lang='lat' dir='ltr'><strong>tionem</strong></span> <span class='ocrx_word' id='word_1_717' title='bbox 588 5084 858 5154; x_wconf 89' lang='lat' dir='ltr'><strong>quomodo</strong></span> <span class='ocrx_word' id='word_1_718' title='bbox 890 5084 990 5140; x_wconf 91' lang='lat' dir='ltr'><strong>hoc</strong></span> <span class='ocrx_word' id='word_1_719' title='bbox 1011 5098 1132 5139; x_wconf 90' lang='lat' dir='ltr'><strong>esse</strong></span> <span class='ocrx_word' id='word_1_720' title='bbox 1162 5082 1352 5152; x_wconf 86' lang='lat' dir='ltr'><strong>possit.</strong></span> <span class='ocrx_word' id='word_1_721' title='bbox 1403 5079 1694 5150; x_wconf 85' lang='lat' dir='ltr'><strong>Magister:</strong></span> <span class='ocrx_word' id='word_1_722' title='bbox 1721 5076 1936 5132; x_wconf 84' lang='lat' dir='ltr'><strong>Nullum</strong></span> 
     </span>
    </p>
   </div>
   <div class='ocr_carea' id='block_1_98' title="bbox 352 5170 1934 5249">
    <p class='ocr_par' dir='ltr' id='par_1_98' title="bbox 352 5170 1934 5249">
     <span class='ocr_line' id='line_1_99' title="bbox 352 5170 1934 5249; baseline -0.005 -17"><span class='ocrx_word' id='word_1_723' title='bbox 352 5175 696 5232; x_wconf 71' lang='lat' dir='ltr'><strong>benefactum</strong></span> <span class='ocrx_word' id='word_1_724' title='bbox 724 5178 967 5249; x_wconf 87' lang='lat' dir='ltr'><strong>procedit</strong></span> <span class='ocrx_word' id='word_1_725' title='bbox 993 5177 1059 5232; x_wconf 89' lang='lat' dir='ltr'><strong>de</strong></span> <span class='ocrx_word' id='word_1_726' title='bbox 1085 5184 1333 5231; x_wconf 89' lang='lat' dir='ltr'><strong>creatura</strong></span> <span class='ocrx_word' id='word_1_727' title='bbox 1375 5174 1442 5228; x_wconf 88' lang='lat' dir='ltr'><strong>ad</strong></span> <span class='ocrx_word' id='word_1_728' title='bbox 1495 5178 1801 5227; x_wconf 91' lang='lat' dir='ltr'><strong>creaturam</strong></span> <span class='ocrx_word' id='word_1_729' title='bbox 1833 5170 1934 5224; x_wconf 84' lang='lat' dir='ltr'><strong>nisi</strong></span> 
     </span>
    </p>
   </div>
   <div class='ocr_carea' id='block_1_99' title="bbox 352 5260 1932 5336">
    <p class='ocr_par' dir='ltr' id='par_1_99' title="bbox 352 5260 1932 5336">
     <span class='ocr_line' id='line_1_100' title="bbox 352 5260 1932 5336; baseline -0.004 -14"><span class='ocrx_word' id='word_1_730' title='bbox 352 5281 420 5322; x_wconf 74' lang='lat' dir='ltr'><strong>ex</strong></span> <span class='ocrx_word' id='word_1_731' title='bbox 455 5265 561 5322; x_wconf 88' lang='lat' dir='ltr'><strong>Deo</strong></span> <span class='ocrx_word' id='word_1_732' title='bbox 587 5267 862 5336; x_wconf 89' lang='lat' dir='ltr'><strong>procedat,</strong></span> <span class='ocrx_word' id='word_1_733' title='bbox 903 5277 959 5324; x_wconf 82' lang='lat' dir='ltr'><strong>et</strong></span> <span class='ocrx_word' id='word_1_734' title='bbox 995 5267 1067 5322; x_wconf 90' lang='lat' dir='ltr'><strong>illi</strong></span> <span class='ocrx_word' id='word_1_735' title='bbox 1097 5267 1189 5336; x_wconf 87' lang='lat' dir='ltr'><strong>qui</strong></span> <span class='ocrx_word' id='word_1_736' title='bbox 1239 5266 1506 5335; x_wconf 87' lang='lat' dir='ltr'><strong>denegant</strong></span> <span class='ocrx_word' id='word_1_737' title='bbox 1539 5260 1932 5326; x_wconf 82' lang='lat' dir='ltr'><strong>benefactnres,</strong></span> 
     </span>
    </p>
   </div>
   <div class='ocr_carea' id='block_1_100' title="bbox 352 5350 1936 5430">
    <p class='ocr_par' dir='ltr' id='par_1_100' title="bbox 352 5350 1936 5430">
     <span class='ocr_line' id='line_1_101' title="bbox 352 5350 1936 5430; baseline -0.004 -18"><span class='ocrx_word' id='word_1_738' title='bbox 352 5369 408 5412; x_wconf 87' lang='lat' dir='ltr'><strong>et</strong></span> <span class='ocrx_word' id='word_1_739' title='bbox 443 5367 513 5413; x_wconf 88' lang='lat' dir='ltr'><strong>tta</strong></span> <span class='ocrx_word' id='word_1_740' title='bbox 537 5359 804 5430; x_wconf 85' lang='lat' dir='ltr'><strong>denegant</strong></span> <span class='ocrx_word' id='word_1_741' title='bbox 826 5359 1016 5413; x_wconf 88' lang='lat' dir='ltr'><strong>Deum.</strong></span> <span class='ocrx_word' id='word_1_742' title='bbox 1053 5357 1206 5412; x_wconf 80' lang='lat' dir='ltr'><strong>Alius</strong></span> <span class='ocrx_word' id='word_1_743' title='bbox 1235 5375 1247 5410; x_wconf 92' lang='lat'>:</span> <span class='ocrx_word' id='word_1_744' title='bbox 1279 5353 1502 5410; x_wconf 76' lang='lat' dir='ltr'><strong>Custodi</strong></span> <span class='ocrx_word' id='word_1_745' title='bbox 1537 5362 1587 5408; x_wconf 90' lang='lat' dir='ltr'><strong>te</strong></span> <span class='ocrx_word' id='word_1_746' title='bbox 1612 5368 1642 5406; x_wconf 91' lang='lat' dir='ltr'><strong>a</strong></span> <span class='ocrx_word' id='word_1_747' title='bbox 1675 5367 1800 5421; x_wconf 85' lang='lat' dir='ltr'><strong>rege</strong></span> <span class='ocrx_word' id='word_1_748' title='bbox 1845 5350 1936 5406; x_wconf 88' lang='lat' dir='ltr'><strong>illo</strong></span> 
     </span>
    </p>
   </div>
   <div class='ocr_carea' id='block_1_101' title="bbox 352 5447 1932 5519">
    <p class='ocr_par' dir='ltr' id='par_1_101' title="bbox 352 5447 1932 5519">
     <span class='ocr_line' id='line_1_102' title="bbox 352 5447 1932 5519; baseline -0.003 -17"><span class='ocrx_word' id='word_1_749' title='bbox 352 5451 443 5519; x_wconf 89' lang='lat' dir='ltr'><strong>qui</strong></span> <span class='ocrx_word' id='word_1_750' title='bbox 468 5448 616 5506; x_wconf 88' lang='lat' dir='ltr'><strong>ferus</strong></span> <span class='ocrx_word' id='word_1_751' title='bbox 643 5460 728 5506; x_wconf 88' lang='lat' dir='ltr'><strong>est</strong></span> <span class='ocrx_word' id='word_1_752' title='bbox 756 5461 814 5505; x_wconf 90' lang='lat' dir='ltr'><strong>ut</strong></span> <span class='ocrx_word' id='word_1_753' title='bbox 841 5451 946 5517; x_wconf 88' lang='lat' dir='ltr'><strong>leo,</strong></span> <span class='ocrx_word' id='word_1_754' title='bbox 979 5450 1066 5506; x_wconf 93' lang='lat' dir='ltr'><strong>cui</strong></span> <span class='ocrx_word' id='word_1_755' title='bbox 1105 5461 1188 5504; x_wconf 88' lang='lat' dir='ltr'><strong>est</strong></span> <span class='ocrx_word' id='word_1_756' title='bbox 1217 5448 1351 5504; x_wconf 90' lang='lat' dir='ltr'><strong>levis</strong></span> <span class='ocrx_word' id='word_1_757' title='bbox 1399 5447 1614 5501; x_wconf 87' lang='lat' dir='ltr'><strong>animus</strong></span> <span class='ocrx_word' id='word_1_758' title='bbox 1663 5452 1722 5498; x_wconf 91' lang='lat' dir='ltr'><strong>ut</strong></span> <span class='ocrx_word' id='word_1_759' title='bbox 1776 5457 1932 5514; x_wconf 91' lang='lat' dir='ltr'><strong>puer.</strong></span> 
     </span>
    </p>
   </div>
   <div class='ocr_carea' id='block_1_102' title="bbox 350 5541 1932 5611">
    <p class='ocr_par' dir='ltr' id='par_1_102' title="bbox 350 5541 1932 5611">
     <span class='ocr_line' id='line_1_103' title="bbox 350 5541 1932 5611; baseline -0.005 -16"><span class='ocrx_word' id='word_1_760' title='bbox 350 5541 503 5596; x_wconf 81' lang='lat' dir='ltr'><strong>Alius</strong></span> <span class='ocrx_word' id='word_1_761' title='bbox 528 5559 542 5595; x_wconf 92' lang='lat'><strong>:</strong></span> <span class='ocrx_word' id='word_1_762' title='bbox 571 5541 673 5609; x_wconf 90' lang='lat' dir='ltr'><strong>Qui</strong></span> <span class='ocrx_word' id='word_1_763' title='bbox 697 5541 894 5596; x_wconf 81' lang='lat' dir='ltr'><strong>malum</strong></span> <span class='ocrx_word' id='word_1_764' title='bbox 938 5541 1072 5597; x_wconf 88' lang='lat' dir='ltr'><strong>dicit</strong></span> <span class='ocrx_word' id='word_1_765' title='bbox 1101 5541 1167 5596; x_wconf 91' lang='lat' dir='ltr'><strong>de</strong></span> <span class='ocrx_word' id='word_1_766' title='bbox 1193 5554 1343 5611; x_wconf 86' lang='lat' dir='ltr'><strong>rege,</strong></span> <span class='ocrx_word' id='word_1_767' title='bbox 1367 5546 1492 5592; x_wconf 88' lang='lat' dir='ltr'><strong>ante</strong></span> <span class='ocrx_word' id='word_1_768' title='bbox 1534 5545 1746 5606; x_wconf 89' lang='lat' dir='ltr'><strong>tempus</strong></span> <span class='ocrx_word' id='word_1_769' title='bbox 1776 5549 1932 5589; x_wconf 90' lang='lat' dir='ltr'><strong>suum</strong></span> 
     </span>
    </p>
   </div>
   <div class='ocr_carea' id='block_1_103' title="bbox 353 5630 1930 5704">
    <p class='ocr_par' dir='ltr' id='par_1_103' title="bbox 353 5630 1930 5704">
     <span class='ocr_line' id='line_1_104' title="bbox 353 5630 1930 5704; baseline -0.004 -13"><span class='ocrx_word' id='word_1_770' title='bbox 353 5636 638 5693; x_wconf 74' lang='lat' dir='ltr'><strong>morietur.</strong></span> <span class='ocrx_word' id='word_1_771' title='bbox 671 5636 823 5694; x_wconf 85' lang='lat' dir='ltr'><strong>Alius</strong></span> <span class='ocrx_word' id='word_1_772' title='bbox 857 5652 870 5691; x_wconf 92' lang='lat'>:</span> <span class='ocrx_word' id='word_1_773' title='bbox 903 5637 1111 5693; x_wconf 90' lang='lat' dir='ltr'><strong>Diutius</strong></span> <span class='ocrx_word' id='word_1_774' title='bbox 1167 5636 1368 5691; x_wconf 85' lang='lat' dir='ltr'><strong>durare</strong></span> <span class='ocrx_word' id='word_1_775' title='bbox 1423 5631 1628 5704; x_wconf 89' lang='lat' dir='ltr'><strong>patitur</strong></span> <span class='ocrx_word' id='word_1_776' title='bbox 1674 5630 1814 5685; x_wconf 88' lang='lat' dir='ltr'><strong>Deus</strong></span> <span class='ocrx_word' id='word_1_777' title='bbox 1845 5643 1930 5685; x_wconf 80' lang='lat' dir='ltr'><strong>re-</strong></span> 
     </span>
    </p>
   </div>
   <div class='ocr_carea' id='block_1_104' title="bbox 350 5723 1933 5800">
    <p class='ocr_par' dir='ltr' id='par_1_104' title="bbox 350 5723 1933 5800">
     <span class='ocr_line' id='line_1_105' title="bbox 350 5723 1933 5800; baseline -0.003 -17"><span class='ocrx_word' id='word_1_778' title='bbox 350 5744 514 5799; x_wconf 86' lang='lat' dir='ltr'><strong>gnum</strong></span> <span class='ocrx_word' id='word_1_779' title='bbox 560 5729 701 5800; x_wconf 83' lang='lat' dir='ltr'><strong>regis</strong></span> <span class='ocrx_word' id='word_1_780' title='bbox 732 5730 783 5784; x_wconf 90' lang='lat' dir='ltr'><strong>in</strong></span> <span class='ocrx_word' id='word_1_781' title='bbox 822 5746 917 5784; x_wconf 87' lang='lat' dir='ltr'><strong>sua</strong></span> <span class='ocrx_word' id='word_1_782' title='bbox 966 5745 1192 5799; x_wconf 86' lang='lat' dir='ltr'><strong>persona</strong></span> <span class='ocrx_word' id='word_1_783' title='bbox 1235 5727 1509 5789; x_wconf 82' lang='lat' dir='ltr'><strong>peccantis</strong></span> <span class='ocrx_word' id='word_1_784' title='bbox 1547 5725 1592 5780; x_wconf 89' lang='lat' dir='ltr'><strong>si</strong></span> <span class='ocrx_word' id='word_1_785' title='bbox 1634 5724 1806 5780; x_wconf 71' lang='lat' dir='ltr'><strong>bonus</strong></span> <span class='ocrx_word' id='word_1_786' title='bbox 1863 5723 1933 5778; x_wconf 89' lang='lat' dir='ltr'><strong>sit</strong></span> 
     </span>
    </p>
   </div>
   <div class='ocr_carea' id='block_1_105' title="bbox 351 5818 1929 5894">
    <p class='ocr_par' dir='ltr' id='par_1_105' title="bbox 351 5818 1929 5894">
     <span class='ocr_line' id='line_1_106' title="bbox 351 5818 1929 5894; baseline -0.004 -17"><span class='ocrx_word' id='word_1_787' title='bbox 351 5823 600 5890; x_wconf 75' lang='lat' dir='ltr'><strong>gentibus</strong></span> <span class='ocrx_word' id='word_1_788' title='bbox 631 5833 682 5881; x_wconf 87' lang='lat' dir='ltr'><strong>et</strong></span> <span class='ocrx_word' id='word_1_789' title='bbox 721 5823 888 5890; x_wconf 90' lang='lat' dir='ltr'><strong>mitis,</strong></span> <span class='ocrx_word' id='word_1_790' title='bbox 949 5840 1109 5894; x_wconf 81' lang='lat' dir='ltr'><strong>quant</strong></span> <span class='ocrx_word' id='word_1_791' title='bbox 1163 5822 1360 5878; x_wconf 81' lang='lat' dir='ltr'><strong>faceret</strong></span> <span class='ocrx_word' id='word_1_792' title='bbox 1389 5821 1534 5893; x_wconf 81' lang='lat' dir='ltr'><strong>justo</strong></span> <span class='ocrx_word' id='word_1_793' title='bbox 1579 5819 1685 5891; x_wconf 80' lang='lat' dir='ltr'><strong>regi</strong></span> <span class='ocrx_word' id='word_1_794' title='bbox 1745 5818 1796 5873; x_wconf 86' lang='lat' dir='ltr'><strong>in</strong></span> <span class='ocrx_word' id='word_1_795' title='bbox 1833 5833 1929 5873; x_wconf 90' lang='lat' dir='ltr'><strong>sua</strong></span> 
     </span>
    </p>
   </div>
   <div class='ocr_carea' id='block_1_106' title="bbox 2043 4667 2786 4725">
    <p class='ocr_par' dir='ltr' id='par_1_106' title="bbox 2043 4667 2786 4725">
     <span class='ocr_line' id='line_1_107' title="bbox 2043 4667 2786 4725; baseline 0.004 -3"><span class='ocrx_word' id='word_1_796' title='bbox 2043 4675 2096 4722; x_wconf 90' lang='lat' dir='ltr'><strong>et</strong></span> <span class='ocrx_word' id='word_1_797' title='bbox 2119 4667 2412 4722; x_wconf 89' lang='lat' dir='ltr'><strong>constituta</strong></span> <span class='ocrx_word' id='word_1_798' title='bbox 2442 4667 2786 4725; x_wconf 88' lang='lat' dir='ltr'><strong>invenerunt.</strong></span> 
     </span>
    </p>
   </div>
   <div class='ocr_carea' id='block_1_107' title="bbox 2111 4757 3637 4836">
    <p class='ocr_par' dir='ltr' id='par_1_107' title="bbox 2111 4757 3637 4836">
     <span class='ocr_line' id='line_1_108' title="bbox 2111 4757 3637 4836; baseline 0.005 -23"><span class='ocrx_word' id='word_1_799' title='bbox 2111 4757 2286 4814; x_wconf 80' lang='lat' dir='ltr'><strong>Arabs</strong></span> <span class='ocrx_word' id='word_1_800' title='bbox 2307 4758 2446 4814; x_wconf 89' lang='lat' dir='ltr'><strong>dixit</strong></span> <span class='ocrx_word' id='word_1_801' title='bbox 2481 4759 2590 4814; x_wconf 83' lang='lat' dir='ltr'><strong>tilio</strong></span> <span class='ocrx_word' id='word_1_802' title='bbox 2619 4776 2717 4817; x_wconf 85' lang='lat' dir='ltr'><strong>suo</strong></span> <span class='ocrx_word' id='word_1_803' title='bbox 2748 4759 2859 4816; x_wconf 80' lang='lat' dir='ltr'><strong>:Ne</strong></span> <span class='ocrx_word' id='word_1_804' title='bbox 2884 4763 3112 4818; x_wconf 90' lang='lat' dir='ltr'><strong>moreris</strong></span> <span class='ocrx_word' id='word_1_805' title='bbox 3151 4763 3204 4818; x_wconf 87' lang='lat' dir='ltr'><strong>in</strong></span> <span class='ocrx_word' id='word_1_806' title='bbox 3229 4762 3449 4819; x_wconf 89' lang='lat' dir='ltr'><strong>civitate</strong></span> <span class='ocrx_word' id='word_1_807' title='bbox 3493 4764 3637 4836; x_wconf 89' lang='lat' dir='ltr'><strong>regis</strong></span> 
     </span>
    </p>
   </div>
   <div class='ocr_carea' id='block_1_108' title="bbox 2042 4850 3309 4924">
    <p class='ocr_par' dir='ltr' id='par_1_108' title="bbox 2042 4850 3309 4924">
     <span class='ocr_line' id='line_1_109' title="bbox 2042 4850 3309 4924; baseline 0.003 -18"><span class='ocrx_word' id='word_1_808' title='bbox 2042 4850 2290 4923; x_wconf 88' lang='lat' dir='ltr'><strong>dispensa</strong></span> <span class='ocrx_word' id='word_1_809' title='bbox 2311 4851 2468 4924; x_wconf 90' lang='lat' dir='ltr'><strong>cujus</strong></span> <span class='ocrx_word' id='word_1_810' title='bbox 2493 4853 2601 4910; x_wconf 88' lang='lat' dir='ltr'><strong>erit</strong></span> <span class='ocrx_word' id='word_1_811' title='bbox 2630 4854 2805 4922; x_wconf 88' lang='lat' dir='ltr'><strong>major</strong></span> <span class='ocrx_word' id='word_1_812' title='bbox 2842 4869 3005 4924; x_wconf 80' lang='lat' dir='ltr'><strong>qualn</strong></span> <span class='ocrx_word' id='word_1_813' title='bbox 3046 4856 3309 4912; x_wconf 90' lang='lat' dir='ltr'><strong>redditus.</strong></span> 
     </span>
    </p>
   </div>
   <div class='ocr_carea' id='block_1_109' title="bbox 2573 4962 3082 5020">
    <p class='ocr_par' dir='ltr' id='par_1_109' title="bbox 2573 4962 3082 5020">
     <span class='ocr_line' id='line_1_110' title="bbox 2573 4962 3082 5020; baseline 0.004 -2"><span class='ocrx_word' id='word_1_814' title='bbox 2573 4962 2851 5019; x_wconf 83' lang='lat' dir='ltr'><strong>FABULA</strong></span> <span class='ocrx_word' id='word_1_815' title='bbox 2893 4964 3082 5020; x_wconf 77' lang='lat' dir='ltr'><strong>XXIV.</strong></span> 
     </span>
    </p>
   </div>
   <div class='ocr_carea' id='block_1_110' title="bbox 2109 5074 3631 5148">
    <p class='ocr_par' dir='ltr' id='par_1_110' title="bbox 2109 5074 3631 5148">
     <span class='ocr_line' id='line_1_111' title="bbox 2109 5074 3631 5148; baseline 0.004 -19"><span class='ocrx_word' id='word_1_816' title='bbox 2109 5074 2322 5130; x_wconf 87' lang='lat' dir='ltr'><strong>Dictum</strong></span> <span class='ocrx_word' id='word_1_817' title='bbox 2364 5089 2598 5146; x_wconf 89' lang='lat' dir='ltr'><strong>namque</strong></span> <span class='ocrx_word' id='word_1_818' title='bbox 2652 5085 2737 5132; x_wconf 88' lang='lat' dir='ltr'><strong>est</strong></span> <span class='ocrx_word' id='word_1_819' title='bbox 2779 5077 2920 5148; x_wconf 91' lang='lat' dir='ltr'><strong>quod</strong></span> <span class='ocrx_word' id='word_1_820' title='bbox 2973 5079 3192 5148; x_wconf 88' lang='lat' dir='ltr'><strong>qttidam</strong></span> <span class='ocrx_word' id='word_1_821' title='bbox 3258 5094 3354 5135; x_wconf 79' lang='lat' dir='ltr'><strong>rex</strong></span> <span class='ocrx_word' id='word_1_822' title='bbox 3407 5095 3631 5135; x_wconf 86' lang='lat' dir='ltr'><strong>suorum</strong></span> 
     </span>
    </p>
   </div>
   <div class='ocr_carea' id='block_1_111' title="bbox 2037 5167 3624 5239">
    <p class='ocr_par' dir='ltr' id='par_1_111' title="bbox 2037 5167 3624 5239">
     <span class='ocr_line' id='line_1_112' title="bbox 2037 5167 3624 5239; baseline 0.003 -17"><span class='ocrx_word' id='word_1_823' title='bbox 2037 5167 2314 5222; x_wconf 85' lang='lat' dir='ltr'><strong>communi</strong></span> <span class='ocrx_word' id='word_1_824' title='bbox 2365 5183 2588 5224; x_wconf 89' lang='lat' dir='ltr'><strong>assensu</strong></span> <span class='ocrx_word' id='word_1_825' title='bbox 2637 5183 2922 5239; x_wconf 88' lang='lat' dir='ltr'><strong>procerum</strong></span> <span class='ocrx_word' id='word_1_826' title='bbox 2970 5173 3183 5227; x_wconf 90' lang='lat' dir='ltr'><strong>cuidam</strong></span> <span class='ocrx_word' id='word_1_827' title='bbox 3237 5186 3337 5228; x_wconf 92' lang='lat' dir='ltr'><strong>suo</strong></span> <span class='ocrx_word' id='word_1_828' title='bbox 3375 5171 3624 5227; x_wconf 89' lang='lat' dir='ltr'><strong>familiari</strong></span> 
     </span>
    </p>
   </div>
   <div class='ocr_carea' id='block_1_112' title="bbox 2035 5263 3626 5333">
    <p class='ocr_par' dir='ltr' id='par_1_112' title="bbox 2035 5263 3626 5333">
     <span class='ocr_line' id='line_1_113' title="bbox 2035 5263 3626 5333; baseline 0.004 -23"><span class='ocrx_word' id='word_1_829' title='bbox 2035 5273 2196 5327; x_wconf 88' lang='lat' dir='ltr'><strong>quem</strong></span> <span class='ocrx_word' id='word_1_830' title='bbox 2223 5267 2379 5314; x_wconf 90' lang='lat' dir='ltr'><strong>antea</strong></span> <span class='ocrx_word' id='word_1_831' title='bbox 2415 5271 2748 5333; x_wconf 86' lang='lat' dir='ltr'><strong>cognoverat</strong></span> <span class='ocrx_word' id='word_1_832' title='bbox 2794 5263 2846 5318; x_wconf 95' lang='lat' dir='ltr'><strong>in</strong></span> <span class='ocrx_word' id='word_1_833' title='bbox 2882 5263 3222 5320; x_wconf 89' lang='lat' dir='ltr'><strong>secularibus</strong></span> <span class='ocrx_word' id='word_1_834' title='bbox 3248 5279 3369 5319; x_wconf 80' lang='lat' dir='ltr'><strong>esse</strong></span> <span class='ocrx_word' id='word_1_835' title='bbox 3389 5265 3626 5333; x_wconf 90' lang='lat' dir='ltr'><strong>pruden-</strong></span> 
     </span>
    </p>
   </div>
   <div class='ocr_carea' id='block_1_113' title="bbox 2041 5350 3629 5425">
    <p class='ocr_par' dir='ltr' id='par_1_113' title="bbox 2041 5350 3629 5425">
     <span class='ocr_line' id='line_1_114' title="bbox 2041 5350 3629 5425; baseline 0.002 -22"><span class='ocrx_word' id='word_1_836' title='bbox 2041 5359 2146 5404; x_wconf 89' lang='lat' dir='ltr'><strong>tem</strong></span> <span class='ocrx_word' id='word_1_837' title='bbox 2179 5350 2344 5406; x_wconf 89' lang='lat' dir='ltr'><strong>totius</strong></span> <span class='ocrx_word' id='word_1_838' title='bbox 2372 5352 2523 5423; x_wconf 86' lang='lat' dir='ltr'><strong>regni</strong></span> <span class='ocrx_word' id='word_1_839' title='bbox 2572 5354 2844 5409; x_wconf 91' lang='lat' dir='ltr'><strong>commisit</strong></span> <span class='ocrx_word' id='word_1_840' title='bbox 2883 5355 3143 5422; x_wconf 89' lang='lat' dir='ltr'><strong>habenas,</strong></span> <span class='ocrx_word' id='word_1_841' title='bbox 3189 5356 3278 5425; x_wconf 89' lang='lat' dir='ltr'><strong>qui</strong></span> <span class='ocrx_word' id='word_1_842' title='bbox 3329 5354 3629 5424; x_wconf 72' lang='lat' dir='ltr'><strong>provincia:</strong></span> 
     </span>
    </p>
   </div>
   <div class='ocr_carea' id='block_1_114' title="bbox 2041 5444 3625 5516">
    <p class='ocr_par' dir='ltr' id='par_1_114' title="bbox 2041 5444 3625 5516">
     <span class='ocr_line' id='line_1_115' title="bbox 2041 5444 3625 5516; baseline -0.001 -18"><span class='ocrx_word' id='word_1_843' title='bbox 2041 5444 2286 5500; x_wconf 88' lang='lat' dir='ltr'><strong>redditus</strong></span> <span class='ocrx_word' id='word_1_844' title='bbox 2316 5446 2620 5515; x_wconf 87' lang='lat' dir='ltr'><strong>susciperet</strong></span> <span class='ocrx_word' id='word_1_845' title='bbox 2645 5455 2699 5501; x_wconf 90' lang='lat' dir='ltr'><strong>et</strong></span> <span class='ocrx_word' id='word_1_846' title='bbox 2721 5461 2914 5502; x_wconf 86' lang='lat' dir='ltr'><strong>causas</strong></span> <span class='ocrx_word' id='word_1_847' title='bbox 2946 5457 3224 5504; x_wconf 88' lang='lat' dir='ltr'><strong>tractaret.</strong></span> <span class='ocrx_word' id='word_1_848' title='bbox 3251 5445 3416 5516; x_wconf 90' lang='lat' dir='ltr'><strong>Cujus</strong></span> <span class='ocrx_word' id='word_1_849' title='bbox 3433 5445 3625 5505; x_wconf 88' lang='lat' dir='ltr'><strong>frater,</strong></span> 
     </span>
    </p>
   </div>
   <div class='ocr_carea' id='block_1_115' title="bbox 2037 5535 3623 5608">
    <p class='ocr_par' dir='ltr' id='par_1_115' title="bbox 2037 5535 3623 5608">
     <span class='ocr_line' id='line_1_116' title="bbox 2037 5535 3623 5608; baseline 0.001 -16"><span class='ocrx_word' id='word_1_850' title='bbox 2037 5535 2264 5592; x_wconf 89' lang='lat' dir='ltr'><strong>alterius</strong></span> <span class='ocrx_word' id='word_1_851' title='bbox 2296 5538 2452 5608; x_wconf 89' lang='lat' dir='ltr'><strong>regni</strong></span> <span class='ocrx_word' id='word_1_852' title='bbox 2508 5538 2660 5594; x_wconf 90' lang='lat' dir='ltr'><strong>dives</strong></span> <span class='ocrx_word' id='word_1_853' title='bbox 2701 5550 2994 5607; x_wconf 88' lang='lat' dir='ltr'><strong>mercator,</strong></span> <span class='ocrx_word' id='word_1_854' title='bbox 3046 5550 3310 5596; x_wconf 88' lang='lat' dir='ltr'><strong>remotam</strong></span> <span class='ocrx_word' id='word_1_855' title='bbox 3355 5539 3623 5595; x_wconf 89' lang='lat' dir='ltr'><strong>incolebat</strong></span> 
     </span>
    </p>
   </div>
   <div class='ocr_carea' id='block_1_116' title="bbox 2036 5629 3621 5701">
    <p class='ocr_par' dir='ltr' id='par_1_116' title="bbox 2036 5629 3621 5701">
     <span class='ocr_line' id='line_1_117' title="bbox 2036 5629 3621 5701; baseline -0.003 -15"><span class='ocrx_word' id='word_1_856' title='bbox 2036 5631 2330 5694; x_wconf 84' lang='lat' dir='ltr'><strong>civitatem,</strong></span> <span class='ocrx_word' id='word_1_857' title='bbox 2359 5629 2452 5700; x_wconf 91' lang='lat' dir='ltr'><strong>qui</strong></span> <span class='ocrx_word' id='word_1_858' title='bbox 2483 5640 2742 5701; x_wconf 88' lang='lat' dir='ltr'><strong>percepto</strong></span> <span class='ocrx_word' id='word_1_859' title='bbox 2765 5631 2832 5687; x_wconf 90' lang='lat' dir='ltr'><strong>de</strong></span> <span class='ocrx_word' id='word_1_860' title='bbox 2867 5631 3052 5688; x_wconf 89' lang='lat' dir='ltr'><strong>fratris</strong></span> <span class='ocrx_word' id='word_1_861' title='bbox 3107 5631 3490 5686; x_wconf 89' lang='lat' dir='ltr'><strong>sublimationc</strong></span> <span class='ocrx_word' id='word_1_862' title='bbox 3519 5643 3621 5700; x_wconf 81' lang='lat' dir='ltr'><strong>pa-</strong></span> 
     </span>
    </p>
   </div>
   <div class='ocr_carea' id='block_1_117' title="bbox 2037 5721 3626 5793">
    <p class='ocr_par' dir='ltr' id='par_1_117' title="bbox 2037 5721 3626 5793">
     <span class='ocr_line' id='line_1_118' title="bbox 2037 5721 3626 5793; baseline -0.003 -16"><span class='ocrx_word' id='word_1_863' title='bbox 2037 5732 2154 5779; x_wconf 88' lang='lat' dir='ltr'><strong>rato</strong></span> <span class='ocrx_word' id='word_1_864' title='bbox 2176 5721 2436 5778; x_wconf 92' lang='lat' dir='ltr'><strong>comitatu</strong></span> <span class='ocrx_word' id='word_1_865' title='bbox 2496 5731 2659 5793; x_wconf 84' lang='lat' dir='ltr'><strong>prout</strong></span> <span class='ocrx_word' id='word_1_866' title='bbox 2707 5724 2886 5780; x_wconf 85' lang='lat' dir='ltr'><strong>decuit</strong></span> <span class='ocrx_word' id='word_1_867' title='bbox 2912 5735 2973 5778; x_wconf 89' lang='lat' dir='ltr'><strong>ut</strong></span> <span class='ocrx_word' id='word_1_868' title='bbox 2997 5723 3222 5778; x_wconf 89' lang='lat' dir='ltr'><strong>fratrem</strong></span> <span class='ocrx_word' id='word_1_869' title='bbox 3274 5723 3474 5777; x_wconf 88' lang='lat' dir='ltr'><strong>viseret</strong></span> <span class='ocrx_word' id='word_1_870' title='bbox 3519 5722 3626 5774; x_wconf 86' lang='lat' dir='ltr'><strong>iter</strong></span> 
     </span>
    </p>
   </div>
   <div class='ocr_carea' id='block_1_118' title="bbox 2035 5813 3620 5888">
    <p class='ocr_par' dir='ltr' id='par_1_118' title="bbox 2035 5813 3620 5888">
     <span class='ocr_line' id='line_1_119' title="bbox 2035 5813 3620 5888; baseline -0.001 -17"><span class='ocrx_word' id='word_1_871' title='bbox 2035 5815 2255 5886; x_wconf 73' lang='lat' dir='ltr'><strong>incepit,</strong></span> <span class='ocrx_word' id='word_1_872' title='bbox 2284 5815 2567 5888; x_wconf 59' lang='lat' dir='ltr'><strong>praemisso</strong></span> <span class='ocrx_word' id='word_1_873' title='bbox 2591 5814 2804 5873; x_wconf 87' lang='lat' dir='ltr'><strong>tandem</strong></span> <span class='ocrx_word' id='word_1_874' title='bbox 2847 5817 3044 5874; x_wconf 89' lang='lat' dir='ltr'><strong>nuncio</strong></span> <span class='ocrx_word' id='word_1_875' title='bbox 3075 5831 3143 5874; x_wconf 86' lang='lat' dir='ltr'><strong>ne</strong></span> <span class='ocrx_word' id='word_1_876' title='bbox 3168 5813 3376 5873; x_wconf 86' lang='lat' dir='ltr'><strong>subitus</strong></span> <span class='ocrx_word' id='word_1_877' title='bbox 3402 5821 3495 5869; x_wconf 87' lang='lat' dir='ltr'><strong>aut</strong></span> <span class='ocrx_word' id='word_1_878' title='bbox 3520 5815 3620 5870; x_wconf 83' lang='lat' dir='ltr'><strong>im-</strong></span> 
     </span>
    </p>
   </div>
  </div>
