4142 6360
1472 356 1675 415 PETRI
1706 355 2046 415 ALPHONSI
2080 355 2173 411 EX
2203 353 2451 413 ΠΗ)Εο
2490 346 2882 409 CllRlSTIANl

3718 341 3831 398 700

545 478 801 549 provisus
823 473 1057 537 veniret,
1083 469 1178 541 qui
1200 468 1267 525 de
1297 466 1529 524 adventu
1558 484 1658 525 suo
1698 469 1853 524 fratri
1878 469 2125 525 referret.
2158 482 2207 538 Α
2235 471 2374 541 phus
2400 482 2416 522 :
2447 466 2549 535 Qui
2581 466 2753 522 servit
2795 463 2909 536 regi
2953 460 3070 519 sine
3118 462 3336 517 fortuna
3357 499 3372 525 ,
3427 457 3532 513 hoc
3553 456 3827 549 saeculum

545 566 765 625 Civitati
794 566 849 621 in
880 579 986 635 qua
1013 561 1183 627 frater
1212 560 1403 616 aderat
1428 561 1899 632 appropinquavit.
1928 562 2130 617 Audito

543 657 735 714 fratris
763 656 1023 721 adventu,
1046 651 1219 708 frater
1236 652 1478 708 occurrit
1497 661 1553 708 et
1584 653 1760 726 bylari
1811 654 1959 710 vultu
1995 654 2131 710 satis

543 764 670 806 eum
704 754 959 803 accurate
1006 745 1266 815 suscepit.
1316 743 1636 802 Transactis
1691 746 1899 817 aliquot
1939 745 2133 803 diebus

539 837 760 912 proviso
808 845 1052 906 tempore
1078 846 1132 891 et
1159 835 1278 892 loco
1327 839 1474 909 regis
1505 837 1667 892 etiam
1725 836 1947 892 fratrem
1972 851 2133 891 suum

539 929 825 985 advenisse
847 927 989 981 inter
1028 935 1224 981 cattcra
1255 941 1374 997 qua:
1402 927 1608 983 sciebat
1649 926 1866 997 placere
1925 925 2128 981 retulit.

538 1017 638 1073 Cui
669 1032 803 1072 rex:
834 1014 892 1071 Si
938 1012 1109 1069 frater
1151 1025 1276 1069 tuus
1303 1024 1478 1070 tecum
1513 1015 1566 1070 in
1608 1028 1729 1070 meo
1753 1030 1920 1085 regno
1944 1029 2128 1069 rema—

538 1124 672 1165 nere
713 1106 1084 1178 acquieverit,
1136 1106 1320 1160 omnia
1374 1117 1548 1160 tecum
1598 1105 1675 1161 illi
1724 1106 1886 1160 etiam
1946 1120 2127 1160 rerum

537 1213 785 1256 mearum
816 1195 1119 1252 custodiam
1159 1212 1500 1252 communem
1532 1211 1655 1253 esse
1685 1196 1951 1264 concedo;
1985 1197 2129 1266 quod

536 1294 584 1350 si
614 1292 857 1349 laborem
889 1289 1154 1356 renuerit,
1178 1290 1231 1344 in
1257 1290 1358 1346 hac
1383 1289 1604 1346 civitate
1632 1288 1810 1360 largas
1840 1289 1888 1343 ei
1918 1302 2131 1357 posses-

538 1385 722 1442 siones
752 1383 966 1441 donabo
993 1390 1049 1436 et
1085 1381 1505 1438 consuetudines
1521 1391 1575 1435 et
1597 1395 1719 1450 quae
1746 1381 1969 1434 deberet
1994 1378 2129 1435 mihi

536 1475 723 1532 facere
779 1472 1119 1530 condonabo.
1180 1470 1236 1528 Si
1290 1486 1420 1527 vero
1462 1470 1678 1540 demum
1722 1477 1900 1525 tactus
1943 1484 2128 1524 amore

535 1564 741 1622 natalis
770 1563 870 1621 soli
902 1562 1200 1633 repatriare
1223 1561 1477 1630 voluerit,
1505 1561 1657 1631 plura
1683 1561 2126 1617 vestimentorum

534 1656 856 1723 mutatoria,
888 1663 944 1711 et
972 1669 1328 1725 quaecumque
1355 1654 1402 1709 ei
1441 1653 1643 1708 fuerint
1673 1652 1980 1709 necessaria
2013 1651 2126 1706 lar-

535 1748 653 1821 gire
700 1763 825 1804 cum
874 1747 1267 1803 babundantia.
1309 1745 1521 1801 Auditis
1574 1744 1915 1801 sermonibus
1984 1742 2127 1814 regis

2233 560 2413 631 perdit
2456 566 2512 616 et
2558 557 2726 613 aliud.
2775 554 2980 611 Filius:
3011 551 3057 611 0
3082 551 3264 617 Pater,
3303 563 3479 620 quare
3517 545 3720 604 oblitus
3765 563 3859 609 es,

2230 649 2413 707 dicere
2441 648 2713 719 quomodo
2735 646 2895 703 debet
2923 646 3085 702 homo
3114 642 3404 699 comedere
3427 654 3616 695 coram
3660 638 3829 711 rege?

2230 740 2394 796 Pater
2419 758 2433 795 :
2464 739 2580 795 Non
2610 738 2813 795 oblitus
2849 736 2926 792 fui
2972 736 3174 799 dicere,
3206 735 3334 805 quia
3374 730 3521 797 nulla
3552 739 3639 786 est
3663 729 3828 787 diffe-

2232 832 2410 887 rentia
2442 831 2729 887 comedere
2759 844 2943 886 coram
2989 842 3117 898 rege
3175 833 3232 881 et
3265 824 3415 879 alibi.
3461 823 3630 879 Filius
3662 840 3678 879 :
3725 824 3829 879 Dic

2229 937 2359 995 ergo
2377 921 2648 994 quomodo
2668 922 2868 992 ubique
2889 921 3112 976 debeam
3134 920 3445 975 comedere.
3465 916 3660 973 Pater:
3684 917 3827 973 Cum

2230 1014 2468 1070 ablueris
2497 1028 2693 1069 manus
2719 1022 2779 1068 ttt
2807 1013 3096 1076 comedas,
3128 1010 3262 1066 nihil
3294 1019 3485 1080 tangas
3515 1009 3618 1064 nisi
3651 1025 3826 1081 pran-

2229 1106 2377 1161 dium
2404 1106 2577 1162 donec
2598 1105 2872 1161 comedas.
2899 1103 2978 1159 Ne
3000 1103 3256 1160 comedas
3278 1115 3472 1171 panem
3500 1101 3824 1171 priusquam

2229 1195 2411 1252 veniat
2437 1196 2582 1251 aliud
2613 1194 2876 1250 ferculum
2905 1209 3068 1265 super
3090 1208 3358 1258 mensam,
3390 1207 3459 1248 ne
3487 1192 3690 1249 dicaris
3720 1196 3830 1249 im-

2228 1289 2471 1359 patiens;
2497 1301 2597 1343 nec
2620 1295 2828 1342 tantum
2853 1284 3034 1341 bolum
3062 1284 3248 1339 mittas
3273 1284 3326 1341 in
3350 1298 3447 1339 ore
3467 1292 3560 1338 tuo
3584 1292 3640 1338 ut
3665 1283 3828 1337 mira:

2229 1377 2467 1433 defluant
2498 1378 2624 1434 hinc
2661 1386 2715 1432 et
2752 1377 2901 1438 inde,
2942 1391 3011 1431 ne
3047 1374 3248 1430 dicaris
3287 1373 3461 1445 glttto.
3503 1373 3581 1430 Ne
3623 1375 3829 1446 gltttias

2227 1470 2411 1526 bolum
2437 1470 2752 1541 priusquam
2783 1468 2949 1525 fuerit
2972 1469 3112 1529 bene
3136 1466 3610 1525 commasticatum
3641 1467 3698 1522 in
3728 1476 3828 1522 tuo

2228 1575 2353 1627 ore,
2383 1574 2455 1616 ne
2479 1558 2870 1630 stranguleris;
2900 1571 3003 1613 nec
3032 1555 3231 1628 pocula
3255 1570 3440 1612 sumas
3462 1554 3636 1611 donec
3672 1556 3828 1612 sitos

2226 1665 2461 1707 vacuum
2480 1690 2496 1716 ,
2527 1663 2597 1705 ne
2624 1648 2825 1705 dicaris
2864 1648 3125 1713 vinosus;
3156 1660 3260 1701 nec
3292 1644 3535 1714 loquaris
3564 1644 3692 1701 dum
3721 1644 3827 1700 ali-

2228 1741 2359 1811 quid
2388 1741 2442 1797 in
2468 1755 2566 1797 ore
2597 1739 2863 1807 tenueris,
2894 1755 2964 1795 ne
2993 1738 3197 1810 aliquid
3224 1739 3391 1795 intret
3419 1737 3485 1793 de
3514 1746 3736 1809 gutture
3762 1738 3822 1793 in

535 1837 710 1895 frater
759 1837 984 1894 fratrem
1042 1835 1316 1901 convenit,
1349 1846 1404 1890 et
1458 1843 1660 1906 quanta
1710 1833 1960 1890 dominus
2003 1847 2125 1903 pro-
2151 1838 2198 1899 Β
2231 1834 2481 1889 intimam
2509 1833 2766 1889 arteriam
2791 1848 2860 1887 ne
2883 1832 2955 1887 sit
2977 1831 3074 1891 tibi
3101 1844 3266 1887 causa
3289 1830 3503 1885 mortis.
3531 1827 3587 1885 Si
3617 1829 3823 1886 videris

535 1927 765 1983 miserat
809 1926 1004 1983 ordine
1041 1925 1379 1981 retractavit.
1422 1923 1520 1981 Cui
1563 1922 1776 1979 frater:
1825 1922 1885 1978 Si
1926 1923 2011 1977 vis
2060 1929 2121 1976 ut

534 2027 714 2075 tecum
760 2032 970 2087 morer,
1017 2018 1243 2074 ostende
1290 2017 1419 2072 mihi
1469 2017 1657 2086 quanti
1706 2021 1833 2070 sunt
1876 2013 2120 2069 redditus

532 2111 701 2183 regis.
742 2110 862 2182 Ipse
885 2124 1016 2165 vero
1041 2124 1231 2165 omnes
1252 2109 1509 2165 ostendit.
1533 2107 1739 2163 Deinde
1768 2105 2120 2176 interrogavit

531 2216 673 2273 quas
692 2216 961 2273 expensas
980 2215 1073 2256 rex
1097 2200 1323 2264 faceret,
1371 2201 1514 2271 quod
1539 2200 1655 2270 ipse
1677 2198 1953 2255 indicavit.
1970 2195 2122 2252 Tunc

533 2292 653 2363 ipse
684 2291 1023 2362 computavit
1058 2305 1181 2346 cum
1212 2288 1382 2344 fratre
1413 2289 1540 2360 quia
1578 2299 1816 2359 quantus
1848 2295 1969 2343 erat
1999 2286 2121 2341 red-

532 2384 680 2440 ditus
705 2391 852 2438 tanta
879 2391 1001 2439 erat
1031 2392 1086 2438 et
1115 2396 1353 2453 expensa
1373 2423 1388 2448 ,
1415 2390 1470 2438 et
1496 2381 1634 2438 dixit
1661 2380 1816 2436 fratri
1845 2400 1861 2435 :
1897 2380 2121 2447 Amice,

531 2474 690 2530 video
718 2482 924 2530 tantam
950 2488 1070 2530 esse
1105 2474 1250 2545 regis
1277 2488 1571 2544 expensam
1607 2483 1843 2545 quantus
1871 2483 1956 2528 est
1990 2472 2118 2528 red-

535 2564 718 2631 ditus.
744 2574 801 2621 et
841 2566 886 2621 si
930 2565 1339 2622 consurrexerit
1378 2564 1580 2620 bellum
1636 2564 1751 2636 regi
1793 2570 2002 2628 vestro,
2035 2562 2121 2618 vel

534 2656 738 2727 aliquid
766 2659 901 2722 tale,
940 2656 1084 2712 unde
1110 2655 1429 2726 procurabit
1466 2656 1580 2724 ipse
1613 2656 1817 2712 milites
1843 2669 2004 2721 suos,
2036 2653 2120 2709 vel

533 2747 678 2803 unde
708 2747 948 2802 inveniet
972 2748 1055 2803 eis
1082 2748 1367 2802 nummos?
1397 2745 1628 2801 Frater:
1659 2745 1856 2821 Aliquo
1891 2743 2120 2801 consilio

533 2837 903 2908 acquiremus.
927 2835 1023 2893 Cul
1068 2836 1276 2891 frater:
1304 2835 1493 2890 Timeo
1535 2848 1603 2889 ne
1641 2849 1837 2891 census
1866 2850 2019 2891 meus
2049 2833 2122 2890 sit

532 2942 662 2999 pars
691 2926 852 2997 hujus
881 2926 1120 2994 consilii,
1151 2935 1206 2981 et
1237 2926 1355 2981 ideo
1393 2925 1543 2992 vale,
1576 2924 1702 2996 quia
1734 2924 1857 2982 nolo
1887 2924 2120 2995 amplius

531 3020 759 3075 morari.

602 3109 964 3183 Philosophus
996 3128 1009 3166 :
1059 3109 1176 3167 [lex
1209 3117 1294 3166 est
1327 3106 1522 3165 similis
1562 3106 1703 3180 igni,
1741 3108 1829 3164 cui
1867 3107 1913 3163 si
1956 3107 2120 3173 nimis

533 3204 785 3261 admotus
814 3178 1000 3269 fueris,
1026 3202 1395 3269 cremaberis;
1425 3203 1470 3258 si
1496 3216 1562 3257 ex
1590 3178 1705 3256 toto
1732 3208 1993 3264 remotus,
2022 3199 2121 3253 fri-
2147 3178 2190 3238 (ἶ

514 3297 703 3378 μεως.
734 3296 905 3354 Filius
948 3296 1018 3353 ad
1045 3304 1255 3368 patrem
1284 3313 1299 3351 :
1329 3293 1389 3351 Si
1416 3292 1706 3352 credidero
1730 3291 1912 3348 verbis
1939 3289 2120 3361 philo-

532 3386 719 3458 sophi,
771 3402 1069 3459 numquam
1134 3385 1425 3442 familiaris
1460 3400 1557 3442 ero
1594 3384 1729 3455 regi.
1772 3382 1872 3439 Cui
1918 3380 2118 3438 Pater:

530 3479 667 3546 Fili,
714 3478 930 3549 placere
970 3479 1086 3552 regi
1132 3492 1347 3534 summa
1396 3477 1685 3548 prudentia
1756 3485 1861 3531 est.
1902 3473 2119 3530 Filius:

531 3570 717 3638 Pater,
758 3571 914 3628 crudi
952 3587 1040 3627 me
1077 3571 1370 3641 quomodo,
1448 3568 1491 3625 si
1534 3566 1838 3639 oportuerit
1881 3580 1969 3622 me
2008 3567 2122 3639 regi

535 3662 764 3730 servire,
794 3671 854 3719 ιιι
879 3663 1121 3734 prudens
1147 3674 1204 3719 et
1238 3663 1377 3718 bene
1411 3663 1604 3717 doctus
1633 3659 1840 3715 valeam
1882 3659 2120 3732 placere.

534 3756 740 3814 Pater:
783 3755 866 3811 Ad
908 3753 1216 3825 huiusmodi
1258 3753 1672 3810 instructionem
1722 3751 1892 3808 multa
1940 3761 2123 3809 essent

536 3848 844 3906 necessaria
868 3863 990 3918 quae
1016 3847 1177 3903 modo
1199 3846 1267 3903 ad
1294 3846 1609 3902 memoriam
1636 3861 1745 3901 non
1774 3860 2118 3912 revocamus,

532 3949 590 3997 ct
611 3939 843 3997 fortasse
868 3940 914 3996 si
943 3939 1433 4012 praescriberentur
1458 3939 1554 3995 tibi
1578 3937 1795 4010 pusillo,
1818 3938 1872 3994 in
1900 3936 2118 3993 ttcdium

532 4039 896 4097 verterentur,
927 4030 1026 4088 sed
1047 4029 1113 4087 de
1141 4030 1327 4087 multis
1354 4045 1523 4102 pauca
1550 4038 1607 4086 et
1629 4045 1751 4101 qute
1783 4030 1829 4085 si
1860 4027 2121 4084 observa-

531 4119 677 4176 veris
704 4131 867 4176 erunt
895 4119 1052 4177 utilia
1086 4120 1415 4183 referemus,
1450 4119 1535 4176 Ad
1562 4133 1720 4191 quem
1754 4119 1934 4176 ﬁlius:
1977 4119 2046 4174 Et
2074 4120 2120 4176 si

531 4211 730 4269 erectis
760 4213 985 4271 auribus
1016 4212 1184 4270 multa
1211 4213 1372 4285 cupio
1400 4213 1670 4285 promissa
1703 4212 1841 4268 mihi
1865 4211 2120 4267 audiendi

529 4305 724 4361 avidus
761 4306 1116 4362 vehementer
1141 4305 1397 4377 efﬂagito.
1457 4305 1623 4360 Pater
1655 4323 1669 4359 :
1710 4304 1819 4373 Qui
1853 4304 1967 4361 vult
2008 4304 2118 4375 regi

531 4411 654 4453 esse
684 4396 997 4464 familiaris,
1024 4397 1186 4453 debet
1212 4398 1397 4453 videre
1421 4401 1568 4453 omni
1597 4397 1719 4453 visu
1749 4403 1947 4455 mentis
1975 4399 2118 4469 quod

2226 1926 2412 1983 bolum
2444 1925 2538 1996 qui
2575 1924 2790 1996 placeat
2826 1923 2920 1979 tibi
2961 1922 3014 1978 in
3054 1921 3346 1993 paropside
3385 1935 3570 1978 coram
3603 1921 3817 1988 sodali,

2221 2033 2330 2076 non
2369 2031 2589 2083 sumas,
2629 2030 2699 2075 ne
2732 2014 2948 2071 dicatur
2990 2013 3088 2069 tibi
3132 2026 3303 2085 prava
3349 2011 3651 2067 rusticitas.
3682 2009 3821 2066 Post

2224 2106 2517 2180 prandium
2556 2120 2754 2162 manus
2783 2105 2942 2161 ablue
2972 2105 3097 2175 quia
3139 2104 3423 2175 physicum
3455 2112 3541 2159 est
3564 2111 3622 2159 et
3653 2117 3821 2158 cura-

2223 2199 2370 2266 bile;
2416 2199 2489 2255 ob
2536 2198 2641 2254 hoc
2686 2197 2833 2253 enim
2880 2196 3176 2253 multorum
3223 2194 3368 2251 oculi
3413 2194 3822 2249 dcteriorantur

2222 2291 2441 2362 quando
2468 2298 2591 2362 post
2610 2290 2841 2359 prandia
2868 2289 3120 2347 manibus
3143 2303 3253 2345 non
3277 2286 3480 2343 ablutis
3507 2295 3814 2363 terguntur.

2221 2383 2432 2440 Filius:
2464 2382 2521 2439 Si
2560 2382 2684 2454 quis
2730 2381 3045 2439 invitaverit
3088 2395 3174 2439 me
3208 2382 3276 2436 ad
3315 2379 3638 2451 prandium,
3676 2394 3814 2449 quo-

2221 2476 2385 2533 modo
2406 2474 2781 2546 respondebo?
2802 2473 3107 2529 Concedam
3135 2472 3322 2527 statim
3350 2486 3419 2526 an
3445 2472 3593 2526 non?
3615 2469 3813 2525 Pater:

2222 2570 2330 2626 Fac
2375 2569 2513 2625 sicut
2545 2568 2842 2625 auctoritas
2875 2566 3183 2625 Iudaeorum
3206 2566 3449 2639 praecipit
3486 2565 3626 2629 (24).
3670 2565 3815 2623 Dicit

2221 2661 2366 2717 enim
2397 2677 2412 2715 :
2457 2659 2515 2715 Si
2559 2659 2682 2729 quis
2724 2658 3039 2715 invitaverit
3086 2667 3140 2717 te
3175 2657 3246 2714 ad
3281 2656 3592 2728 prandium,
3624 2658 3814 2715 videas

2220 2762 2511 2819 personam
2543 2747 2847 2805 invitantis.
2878 2746 2935 2803 Si
2963 2747 3111 2803 enim
3135 2761 3331 2817 magna
3354 2761 3591 2817 persona
3619 2745 3809 2810 fuerit,

2222 2839 2408 2895 statim
2440 2840 2711 2906 concede;
2760 2839 2846 2895 sin
2895 2848 3116 2905 autem,
3162 2838 3458 2895 secundum
3494 2837 3639 2908 quod
3681 2836 3809 2899 erit.

2220 2931 2458 2986 secunda
2492 2930 2576 2987 vel
2608 2930 2767 2987 tertia
2794 2931 2933 2986 vice.
2959 2929 3072 2985 Hoc
3096 2930 3260 2987 etiam
3292 2929 3527 2985 refertur
3550 2928 3615 2984 de
3638 2928 3815 2984 Abra-

2222 3020 2370 3077 ham.
2394 3021 2640 3089 Quadam
2661 3021 2804 3077 enim
2829 3022 2917 3077 die
2944 3021 3071 3077 dum
3094 3035 3279 3077 coram
3303 3035 3403 3077 sua
3424 3029 3596 3077 staret
3618 3021 3810 3091 janua,

2224 3123 2568 3171 transeuntes
2608 3115 2710 3171 sub
2740 3114 2980 3170 humana
3021 3113 3206 3184 specie
3250 3112 3387 3169 vidit
3433 3122 3545 3168 tres
3588 3112 3821 3183 angelos

2223 3223 2359 3279 quos
2389 3208 2505 3279 ipse
2531 3223 2687 3266 suam
2717 3207 2936 3263 domum
2970 3206 3176 3262 intrare
3203 3205 3436 3263 honesto
3460 3205 3612 3261 vultu
3645 3221 3811 3278 roga-

2222 3301 2331 3365 vit,
2379 3300 2542 3371 pedes
2589 3300 2809 3365 lavare,
2858 3310 3122 3370 cyoorum
3167 3296 3523 3355 refectionem
3569 3314 3811 3367 sumere,

2222 3393 2397 3448 lassos
2441 3403 2595 3448 artus
2636 3405 2831 3448 somno
2877 3405 3152 3447 recreare.
3200 3389 3305 3461 lpsi
3348 3405 3513 3453 vero,
3552 3390 3814 3459 quoniam

2224 3498 2415 3554 magna
2443 3497 2672 3554 persona
2698 3488 2835 3548 erat,
2851 3482 3244 3553 acquieverunt
3267 3481 3386 3549 ejus
3405 3481 3652 3551 petitioni
3673 3481 3811 3553 (25).

2220 3572 2446 3629 Iuvenis
2487 3573 2556 3628 ad
2602 3587 2786 3629 senem
2818 3591 2832 3628 :
2871 3573 3006 3629 Cum
3056 3573 3320 3628 invitatus
3353 3571 3509 3628 fuero
3541 3573 3609 3627 ad
3640 3587 3812 3642 pran-

2221 3665 2395 3731 dium,
2416 3680 2607 3736 parum
2629 3665 2719 3720 vel
2744 3665 2907 3721 nimis
2930 3665 3253 3723 comedam?
3274 3664 3373 3721 Cui
3396 3680 3594 3722 senex:
3616 3664 3811 3732 Nimis,

2222 3759 2478 3828 quoniam
2509 3758 2557 3813 si
2588 3757 2798 3814 amicus
2824 3766 2949 3814 tuus
2983 3757 3152 3814 fuerit
3166 3757 3257 3828 qui
3288 3765 3342 3813 te
3372 3758 3647 3827 invitavit,
3678 3772 3813 3829 gau-

2222 3852 2372 3907 debit
2406 3850 2664 3917 multum;
2696 3850 2743 3905 si
2774 3858 2954 3906 autem
3000 3850 3275 3918 inimicus,
3308 3850 3539 3906 dolebit.
3568 3850 3682 3907 Hoc
3708 3865 3812 3908 al.-

2221 3943 2336 4000 dito
2366 3943 2490 3999 risit
2533 3958 2697 4014 puer,
2731 3942 2801 3998 ad
2842 3958 3003 4013 quem
3047 3957 3252 3998 senex:
3301 3941 3640 3999 Recordatus
3688 3957 3812 4000 sum

2221 4035 2374 4091 verbi
2401 4033 2543 4106 quod
2565 4034 2747 4090 audivi
2774 4034 2842 4090 de
2867 4033 3179 4090 Maimundo
3205 4033 3382 4106 nigro.
3411 4033 3642 4102 Quidam
3663 4033 3813 4089 enim

2222 4143 2388 4186 senex
2438 4127 2692 4198 quaesivit
2729 4127 2799 4183 ab
2839 4141 2907 4182 eo
2956 4134 3219 4197 quantum
3268 4134 3455 4196 posset
3500 4126 3813 4183 comedere.

2221 4218 2321 4274 Cui
2361 4219 2475 4289 ipse
2506 4235 2521 4273 :
2573 4218 2649 4275 De
2678 4217 2834 4287 cujus
2871 4217 3132 4288 prandio,
3171 4218 3239 4272 de
3272 4230 3397 4272 meo
3426 4215 3513 4271 vel
3555 4213 3815 4271 alterius?

2222 4312 2294 4367 At
2325 4312 2417 4368 ille
2446 4329 2460 4367 :
2492 4311 2572 4367 De
2600 4321 2713 4368 tuo.
2758 4310 3104 4368 Maimundus
3137 4328 3151 4365 :
3180 4307 3448 4377 Quantum
3477 4307 3651 4378 magis
3683 4321 3816 4377 pos-

2223 4420 2368 4462 sum.
2408 4405 2614 4461 Senex:
2640 4404 2720 4460 Tu
2760 4404 2921 4460 modo
2960 4396 3269 4459 recordaris
3301 4400 3587 4457 verborum
3622 4398 3816 4471 cuius-

531 4502 656 4543 cum
684 4489 896 4544 venerit
918 4488 986 4543 ad
1051 4500 1235 4558 regem
1260 4488 1523 4544 stare'diu
1543 4488 1733 4558 possit,
1762 4504 1862 4545 nec
1883 4502 2117 4559 unquam
2158 4522 2204 4578 ι)
2231 4497 2354 4552 dam
2382 4496 2585 4568 gulosi,
2626 4496 2763 4567 pigri
2782 4538 2798 4562 ,
2824 4496 3006 4564 stulti,
3038 4493 3239 4567 garruli
3277 4503 3335 4549 et
3388 4490 3722 4561 nugigeruli,
3758 4498 3818 4546 et

530 4579 721 4636 sedeat
751 4579 923 4636 donec
956 4592 1050 4634 rex
1084 4579 1397 4650 praecipiat,
1450 4592 1554 4636 nec
1579 4578 1831 4650 loquatur
1864 4578 1969 4634 nisi
2001 4593 2125 4634 cum

2228 4587 2486 4660 quicquid
2513 4588 2582 4643 de
2608 4588 2700 4644 illo
2730 4589 2928 4644 dicitur
2951 4587 3187 4658 amplius
3215 4587 3267 4641 in
3293 4600 3360 4640 eo
3386 4583 3680 4639 invenitur.
3711 4580 3810 4637 Ju-

530 4685 668 4731 oous
695 4669 880 4737 fuerit,
936 4685 1038 4727 nec
1064 4680 1310 4726 moretur
1335 4686 1458 4728 cum
1489 4686 1617 4744 rege
1645 4671 1747 4727 nisi
1798 4686 1895 4727 rex
1922 4686 2129 4743 praace-

536 4761 682 4835 perit
720 4764 956 4829 morari,
988 4772 1045 4820 et
1072 4762 1309 4819 fldeliter
1333 4763 1619 4820 consilium
1660 4771 1859 4820 taceat.
1898 4762 2128 4835 Semper

531 4854 604 4909 sit
649 4855 893 4913 intentus
937 4857 1132 4914 audire
1176 4858 1322 4929 quod
1369 4872 1466 4914 rex
1514 4857 1692 4924 dicet,
1765 4871 1833 4912 ne
1877 4864 2127 4929 oporteat

533 4957 714 5015 regem
750 4945 836 5001 bis
875 4956 1203 5019 praeceptum
1235 4956 1503 5020 repetere.
1564 4947 1955 5019 Quodcumque
1987 4961 2131 5018 pra:-

533 5035 677 5106 cepit
722 5051 817 5092 rex
856 5036 1042 5094 faciat.
1083 5039 1286 5097 Caveat
1321 5056 1389 5095 ne
1429 5040 1729 5095 mentiatur
1784 5040 1897 5112 regi
1942 5048 1999 5095 et
2045 5039 2127 5095 sic

533 5126 642 5182 erit
683 5126 733 5183 ei
784 5126 1075 5196 obediens;
1126 5146 1196 5187 ne
1223 5146 1482 5203 umquam
1530 5130 1774 5187 adsociet
1817 5148 1876 5189 se
1917 5132 2125 5190 homini

533 5235 700 5291 quem
731 5235 824 5276 rex
855 5220 980 5277 odio
1020 5222 1261 5279 habebit.
1317 5224 1449 5279 Cum
1489 5223 1604 5279 haec
1639 5224 1823 5281 omnia
1863 5234 1919 5282 et
1956 5226 2124 5282 multa

532 5311 640 5367 alia
676 5310 890 5379 fecerit,
923 5311 1152 5369 forsitan
1185 5314 1254 5369 de
1309 5327 1434 5383 rege
1470 5329 1579 5369 non
1616 5330 1873 5386 magnum
1903 5317 2126 5373 habebit

533 5404 859 5475 proficuum.
883 5404 1082 5463 Filius:
1104 5403 1246 5460 Nihil
1269 5405 1421 5476 pejus
1441 5407 1708 5480 contingit
1732 5408 1937 5465 homini
1959 5425 2123 5480 quam

534 5496 624 5552 ditt
653 5495 765 5568 regi
797 5497 1007 5554 servire
1050 5509 1108 5555 et
1131 5498 1264 5555 nihil
1292 5499 1419 5556 boni
1450 5501 1758 5571 acquirere.
1781 5500 1983 5557 Pater:
2010 5499 2126 5557 Hoc

534 5587 722 5644 multis
744 5585 858 5657 jam
895 5590 1104 5658 evenit;
1140 5598 1195 5646 et
1225 5591 1345 5648 ideo
1370 5591 1632 5663 praecepit
1673 5591 2028 5662 philosophus
2056 5605 2125 5648 ne

534 5679 804 5752 quispiam
829 5681 993 5737 nimis
1022 5696 1266 5740 moretur
1293 5685 1345 5741 in
1404 5682 1627 5742 servitio
1667 5684 1832 5757 regis.
1880 5683 2125 5741 Philoso-

610 5791 726 5866 (24)
766 5792 1013 5853 Talmud.

2226 4681 2380 4736 venis
2409 4698 2425 4736 :
2453 4678 2676 4735 Multum
2705 4681 2882 4750 placet
2907 4680 3041 4735 mihi
3067 4680 3134 4735 de
3162 4694 3228 4734 eo
3256 4677 3476 4739 audire,
3507 4677 3635 4747 quia
3660 4674 3816 4745 quic-

2226 4771 2357 4841 quid
2386 4771 2454 4827 de
2491 4786 2558 4826 eo
2593 4779 2678 4827 est
2721 4770 3049 4826 derisorium
3072 4778 3176 4836 est,
3226 4779 3284 4826 et
3321 4769 3367 4825 si
3409 4769 3542 4841 quid
3586 4770 3655 4824 de
3695 4766 3814 4837 ejus

2225 4861 2388 4918 dictis
2413 4861 2498 4917 vel
2529 4861 2689 4918 factis
2720 4871 2901 4919 mente
2931 4862 3165 4928 retines,
3195 4861 3473 4933 eloquere,
3505 4869 3563 4917 et
3599 4857 3813 4916 habebo

2225 4970 2327 5027 pro
2355 4969 2601 5012 munere.
2632 4954 2831 5011 Senex.

2785 5042 3061 5101 FABULA
3089 5043 3258 5100 XXV.

2297 5138 2560 5194 Dominus
2585 5152 2744 5194 servo
2781 5138 3039 5208 praecepit
3083 5137 3316 5207 quadam
3358 5145 3522 5194 nocte
3561 5144 3624 5192 ut
3666 5134 3814 5192 clau-

2226 5228 2381 5285 deret
2397 5227 2653 5297 januam:
2688 5227 2802 5298 ipse
2830 5242 2963 5283 vero
2984 5228 3188 5283 desidia
3216 5241 3438 5298 pressus
3455 5241 3682 5299 surgere
3704 5241 3814 5282 non

2226 5320 2434 5389 potuit,
2474 5328 2530 5374 et
2558 5317 2679 5374 ideo
2705 5318 2845 5374 dixit
2883 5318 3009 5387 quia
3043 5318 3225 5373 clausa
3269 5325 3407 5373 erat.
3442 5316 3602 5373 Mane
3630 5327 3814 5373 autem

2227 5409 2370 5468 facto
2390 5411 2649 5467 Dominus
2669 5410 2809 5466 dixit
2828 5426 2986 5467 servo
3008 5426 3024 5465 :
3048 5409 3375 5477 Maitnunde,
3396 5410 3549 5483 aperi
3566 5410 3810 5487 jan_uam.

2224 5502 2324 5559 Cui
2373 5517 2564 5559 servus
2602 5519 2616 5556 :
2662 5501 2914 5568 Domine,
2959 5502 3197 5558 sciebam
3236 5501 3381 5572 quod
3427 5500 3647 5558 volebas
3688 5514 3812 5555 eam

2225 5593 2387 5650 hodie
2406 5607 2528 5649 esse
2549 5600 2816 5663 apertam,
2840 5601 2897 5648 et
2922 5591 3041 5649 ideo
3069 5590 3214 5648 nolui
3238 5606 3361 5648 sero
3388 5606 3511 5648 eam
3533 5589 3809 5647 claudere.

2227 5682 2376 5738 Tunc
2405 5686 2638 5754 primum
2679 5685 2945 5755 comperit
2990 5686 3243 5742 dominus
3279 5684 3423 5755 quod
3464 5691 3686 5756 propter
3727 5680 3811 5752 pi-

2303 5793 2416 5866 (25)
2450 5791 2648 5850 Cenes.
2678 5810 2831 5863 xvttt,
