4142 6360
456 363 558 422 701
1676 358 1742 415 D1
1752 356 2059 418 SCIPIJNA
2104 359 2393 416 CLElllCA
2403 357 2525 414 LlS.
3623 361 3730 419 τω

452 505 673 578 gritiam
702 502 1008 568 dimiserat,
1045 507 1104 555 et
1130 499 1308 556 dixit:
1344 497 1542 570 Surge,
1573 496 1660 556 lae
1699 512 1837 568 opus
1869 507 2040 563 tuum,
2071 479 2114 533 Α
2144 498 2391 569 gerittibi
2416 496 2619 568 aliquid
2636 495 2998 562 adversi,noli
3016 494 3176 552 nimis
3193 495 3424 552 desolari
3443 512 3543 552 nec
3563 496 3727 554 nimis

449 597 582 669 quia
609 594 726 650 dies
754 601 837 650 est
859 600 917 650 ct
939 590 1023 647 sol
1041 590 1152 662 jam
1181 590 1326 647 altus
1350 599 1456 646 est.
1488 588 1586 647 Cui
1614 604 1807 645 servus
1831 603 1848 644 :
1877 587 1933 644 Si
1963 586 2043 644 sol
2141 590 2268 647 inde
2298 590 2538 657 tristari,
2564 588 2822 665 quoniam
2847 589 2950 647 hoc
2974 598 3055 645 est
3076 605 3249 659 genus
3275 588 3444 645 Deum
3470 590 3724 661 negandi.

447 685 563 756 iam
600 695 684 740 est
727 684 890 749 altus,
934 682 1004 738 da
1049 682 1183 738 mihi
1232 681 1541 738 comedere.
1586 678 1686 735 Cui
1740 678 2040 735 dominus:
2142 682 2310 738 Deum
2332 683 2495 739 debes
2514 697 2732 753 semper
2751 680 2973 737 laudare
2995 692 3106 737 tam
3128 682 3195 738 de
3213 681 3545 739 adversitate
3563 697 3727 752 quam

454 779 625 834 Serve
656 776 830 841 male,
871 775 957 831 vis
991 783 1154 830 nocte
1191 774 1497 829 comedere.
1533 760 1737 827 Serv'us
1769 784 1785 824 :
1827 768 1886 825 Si
1935 784 2039 824 nox
2143 773 2210 828 de
2237 773 2614 843 prosperitate.
2655 770 2821 827 Multa
2853 775 2996 827 enim
3028 773 3167 826 mala
3204 773 3525 842 contingunt
3554 772 3729 827 homi-

451 881 559 937 est,
587 870 838 940 permitte
866 883 953 923 me
974 868 1237 923 dormire.
1257 866 1460 921 lterum
1482 864 1736 920 dominus
1761 863 1812 917 in
1843 872 2000 918 nocte
2025 879 2039 916 :
2142 862 2301 918 nibus
2324 878 2443 933 qua:
2468 864 2725 918 eveniunt
2754 864 2834 918 eis
2860 872 2919 919 ut
2954 862 3158 930 majora
3194 862 3334 918 mala
3362 862 3643 935 effugiant,
3673 873 3731 918 et

450 963 786 1028 Maimunde,
812 975 975 1031 surge
999 969 1056 1016 et
1079 960 1265 1015 videas
1288 968 1469 1014 utrum
1500 956 1647 1028 pluat
1676 970 1776 1012 nec
1806 971 1895 1011 ne.
1925 954 2044 1025 Ipse
2142 955 2309 1009 multa
2329 956 2781 1025 continguntquae
2803 955 2854 1009 in
2878 955 3020 1011 bono
3046 955 3324 1019 liniuntur,
3348 965 3403 1010 et
3424 955 3544 1010 ideo
3566 955 3729 1011 debes

448 1070 583 1111 vero
609 1053 891 1111 advocavit
921 1067 1114 1109 canem
1142 1053 1234 1122 qui
1258 1051 1477 1120 iacebat
1502 1057 1657 1105 extra
1690 1048 1916 1119 januam
1941 1088 1956 1112 ,
1985 1056 2043 1103 et
2142 1044 2365 1101 laudare
2410 1045 2576 1101 Deum
2616 1047 2667 1101 in
2709 1044 2961 1102 omnibus
2998 1053 3052 1100 et
3098 1046 3150 1100 in
3200 1061 3265 1101 eo
3288 1044 3562 1102 conlidere
3589 1045 3731 1102 sicut

450 1161 576 1202 eum
609 1145 851 1201 venisset
877 1145 1062 1207 mnis,
1089 1143 1328 1214 palpavit
1359 1143 1525 1213 pedes
1548 1140 1695 1209 ejus.
1724 1139 1926 1211 quibus
1954 1140 2039 1195 in-
2142 1136 2279 1191 dixit
2302 1137 2680 1193 versiﬁcator:
2734 1153 2858 1192 cum
2897 1136 3069 1192 l‘ueris
3100 1136 3152 1191 in
3184 1137 3408 1191 tristitia
3437 1136 3573 1192 nihil
3604 1136 3731 1193 inde

449 1238 632 1295 ventis
659 1238 855 1301 siccis,
902 1236 1124 1291 domino
1167 1235 1387 1306 inquit:
1434 1233 1685 1297 Domine,
1724 1247 1831 1287 non
1883 1231 2038 1302 pluit.

446 1329 651 1385 lterum
694 1329 945 1385 dominus
988 1328 1058 1382 ad
1109 1341 1233 1383 eum
1282 1336 1445 1381 noctu
1490 1340 1558 1380 an
1604 1323 1746 1395 ignis
1791 1331 1938 1378 esset
1985 1321 2039 1376 in

449 1421 631 1476 domo.
672 1419 792 1490 Ipse
828 1434 959 1475 vero
985 1425 1182 1474 vocato
1213 1416 1509 1486 murilego,
1548 1412 1833 1484 temptavit
1870 1412 1914 1467 si
1945 1426 2037 1468 ca-

447 1513 594 1570 lidus
633 1522 781 1569 esset
814 1530 882 1569 an
915 1529 1057 1578 non;
1091 1526 1213 1568 cum
1266 1511 1567 1567 invenisset
1608 1524 1733 1564 eum
1783 1506 2039 1579 {rigidum

450 1606 530 1661 ait
555 1623 569 1660 :
599 1605 740 1662 Non.
765 1603 990 1661 Iuvenis
1020 1623 1037 1660 :
1063 1603 1346 1676 Pigritiam
1374 1602 1577 1667 audivi,
1614 1600 1774 1656 modo
1803 1598 2038 1670 garruli.

448 1708 615 1755 tatem
652 1699 771 1768 ejus
808 1699 1000 1755 audire
1034 1698 1210 1769 cupio.
1245 1695 1470 1752 Senex:
1512 1694 1725 1750 Dictum
1762 1701 1851 1747 est
1894 1691 2039 1762 quod

2141 1226 2407 1282 sollicitus
2428 1228 2562 1291 eris,
2592 1228 2687 1283 scd
2714 1228 2901 1282 horam
2934 1227 2988 1281 in
3021 1226 3376 1296 dispositione
3398 1227 3652 1296 permitte
3674 1234 3731 1282 et

2142 1316 2397 1371 reuuncia
2423 1331 2640 1387 semper
2666 1318 2864 1372 bonum
2899 1315 3178 1381 futurum,
3206 1325 3260 1372 et
3292 1316 3365 1369 ita
3390 1316 3502 1371 eris
3529 1315 3731 1371 oblitus

2142 1408 2442 1475 malorum,
2483 1409 2608 1477 quia
2654 1408 2825 1463 multa
2864 1407 3004 1463 mala
3039 1407 3295 1463 eveniunt
3339 1421 3463 1477 quae
3500 1406 3553 1461 in
3587 1407 3730 1462 bono

2140 1498 2417 1554 liniuntur.
2441 1498 2799 1570 Philosophus
2823 1516 2836 1552 :
2865 1498 3033 1568 Hujus
3055 1498 3236 1555 sazculi
3262 1498 3401 1554 bona
3431 1497 3726 1554 commixta

2140 1597 2266 1645 sunt
2300 1606 2315 1642 :
2352 1603 2459 1645 non
2487 1590 2631 1645 enim
2663 1590 2917 1646 comedes
2955 1589 3061 1645 mel
3100 1592 3218 1645 sine
3256 1602 3487 1644 veneno.
3520 1588 3673 1645 Alius
3711 1608 3724 1644 :

2142 1678 2504 1751 Quaecumqtte
2537 1680 2589 1736 in
2619 1680 2818 1736 saeculo
2856 1689 3016 1747 sunt,
3045 1679 3450 1737 commutabilia
3481 1689 3640 1746 sunt,
3673 1688 3732 1736 et

446 1789 701 1846 dominus
721 1806 853 1846 suus
880 1788 1135 1845 veniebat
1164 1788 1233 1843 de
1253 1786 1373 1842 foro
1396 1784 1551 1840 luctus
1579 1799 1678 1854 pro
1709 1783 1886 1848 lucro,
1910 1782 2031 1852 quia

2142 1787 2261 1843 quae
2284 1787 2351 1829 ex
2367 1773 2447 1829 eis
2470 1773 2564 1830 tibi
2593 1783 2721 1830 sunt
2754 1776 2894 1828 bona
2933 1782 3165 1829 ventura
3189 1812 3205 1838 ,
3234 1771 3360 1827 licet
3390 1772 3465 1828 sis
3503 1771 3723 1839 debilis,

446 1881 681 1936 multum
703 1881 945 1937 lucratus
976 1879 1173 1944 luerat,
1199 1885 1256 1933 et
1274 1876 1445 1932 exivit
1471 1891 1665 1932 servus
1690 1873 2037 1929 Maimundus

447 1983 639 2029 contra
661 1973 942 2030 dominum
966 1986 1147 2036 suum,
1170 1986 1331 2042 quem
1361 1985 1489 2026 cum
1510 1968 1722 2024 videret
1759 1965 2034 2029 dominus,

448 2065 633 2119 tim-:it
679 2078 748 2119 ne
787 2062 999 2134 aliquos
1033 2077 1281 2118 rumores
1302 2102 1318 2127 ,
1357 2070 1417 2117 ut
1451 2075 1568 2116 mos
1604 2075 1736 2115 suus
1770 2066 1924 2122 erat,
1955 2057 2039 2111 di-

446 2163 620 2223 ceret,
650 2162 707 2210 et
731 2154 872 2211 dixit
896 2168 913 2210 :
943 2155 1089 2210 Cave
1115 2170 1184 2209 ne
1209 2155 1362 2210 dicas
1397 2152 1530 2207 mihi
1562 2166 1809 2207 rumores
1837 2148 2035 2205 malos.

447 2244 652 2302 Servus
678 2262 693 2300 :
721 2245 886 2302 Canis
912 2257 1095 2301 nostra
1122 2259 1290 2316 parva
1331 2244 1522 2317 pipella
1553 2252 1770 2299 mortus
1800 2250 1905 2299 est.
1935 2241 2034 2297 Cui

446 2339 697 2395 dominus
744 2353 760 2393 :
803 2338 1091 2411 Quomodo
1134 2347 1347 2394 mortua
1394 2338 1517 2394 est?
1573 2336 1776 2394 Servus
1807 2353 1823 2392 :
1860 2335 2035 2391 Mulus

445 2439 633 2486 noster
654 2430 951 2485 exterritus
978 2429 1079 2484 l'uit
1104 2438 1160 2484 et
1182 2429 1328 2498 rupit
1345 2428 1600 2483 chamum
1622 2442 1805 2493 suum,
1826 2434 1881 2481 et
1904 2425 2033 2480 dum

446 2523 686 2592 fugeret,
733 2521 835 2578 sub
864 2522 1092 2591 pedibus
1121 2520 1238 2576 suis
1280 2534 1470 2576 canem
1510 2517 1813 2575 suﬂ‘ocavit.
1852 2516 2031 2573 Domi-

444 2628 550 2668 nus
578 2629 593 2665 :
626 2611 764 2678 Quid
795 2620 977 2666 actum
1015 2617 1099 2667 est
1127 2612 1195 2665 de
1229 2608 1415 2665 mulo?
1444 2608 1647 2663 Servus
1676 2623 1695 2662 :
1723 2606 1780 2662 ln
1810 2614 2031 2677 puteum

2143 1872 2323 1918 tamen
2350 1863 2577 1920 habebis
2598 1873 2655 1920 et
2681 1864 2821 1919 mala
2855 1864 3060 1920 viribus
3088 1863 3331 1919 devitare
3356 1878 3463 1917 non
3500 1862 3726 1934 poteris.

2138 1949 2294 2007 Alius
2322 1965 2338 2005 :
2370 1950 2523 2019 Quod
2555 1952 2710 2024 pigro
2751 1951 2967 2023 assequi
3001 1951 3309 2007 desiderata
3337 1951 3531 2016 donat,
3578 1950 3723 2007 idem

2138 2044 2397 2114 consequi
2440 2044 2620 2115 cupita
2662 2043 2919 2100 velociter
2966 2051 3145 2117 negat.
3178 2043 3369 2098 Alius:
3400 2042 3471 2097 Se
3499 2056 3599 2112 per
3633 2057 3728 2098 ve-

2140 2142 2415 2190 nustatem
2459 2136 2717 2190 saeculum
2769 2134 3061 2190 dedecorat
3111 2144 3165 2190 et
3218 2149 3315 2204 per
3347 2140 3622 2203 optantem
3665 2147 3726 2188 se

2142 2234 2291 2282 terra
2325 2226 2555 2299 deglutit
2596 2235 2653 2282 et
2695 2234 2868 2282 vorat.
2922 2225 3074 2282 Alius
3103 2243 3119 2280 :
3151 2225 3314 2294 Quasi
3355 2225 3408 2280 in
3446 2225 3554 2281 ictu
3582 2224 3728 2281 oeuli

2138 2316 2262 2372 ﬁuit
2293 2317 2462 2389 gloria
2487 2318 2695 2383 mundi,
2732 2326 2789 2375 et
2814 2334 2943 2374 cura
2967 2318 3174 2390 fragilis
3211 2326 3430 2375 maneat
3456 2333 3561 2374 non
3591 2333 3725 2376 exo-

2132 2415 2376 2477 ptantem
2404 2423 2465 2466 se
2490 2409 2655 2464 vilet.

2690 2522 2968 2580 FABULA
3004 2522 3195 2579 XXVI.

2204 2610 2629 2670 Proverbialiter
2654 2614 2842 2670 dicunt
2865 2613 3147 2671 Socratem
3168 2614 3440 2671 seculares
3463 2612 3729 2672 tumultus

444 2701 643 2758 cecidit
698 2710 756 2756 et
801 2710 1049 2757 mortuus
1096 2710 1202 2756 est.
1256 2698 1544 2767 Quomodo
1589 2696 1884 2754 exterritus
1931 2695 2034 2753 fuit
2133 2704 2465 2761 (imitantem
2493 2713 2550 2761 et
2581 2714 2848 2775 agrestem
2875 2706 3042 2763 vitam
3075 2708 3382 2778 cupientem
3418 2721 3609 2763 nemus
3638 2707 3724 2761 in.

443 2793 661 2850 titulus?
690 2792 892 2850 Servus
920 2812 935 2849 :
970 2793 1141 2848 Filius
1171 2800 1354 2849 vester
1381 2791 1450 2846 de
1486 2790 1687 2846 salario
1719 2788 1917 2845 cecidit
1955 2788 2031 2842 ila
2133 2796 2366 2853 coluisse
2384 2805 2440 2853 et
2464 2798 2662 2868 tugurii
2688 2797 2805 2854 loco
2828 2798 3110 2854 dimidium
3134 2799 3467 2855 inhabitasse
3485 2798 3713 2864 dolium,

441 2886 589 2956 quod
636 2894 879 2942 mortuus
915 2895 1032 2953 est,
1075 2893 1132 2940 et
1178 2884 1303 2939 inde
1338 2884 1637 2941 exterritus
1682 2880 1783 2937 fuit
1830 2879 2027 2936 mulus.
2131 2887 2285 2957 cujus
2321 2887 2547 2943 fundum
2596 2898 2757 2945 γθιιιο
2806 2890 3116 2960 opponebat
3157 2898 3213 2944 et
3260 2888 3454 2953 imbri,
3491 2898 3546 2945 et
3579 2888 3725 2959 quod

440 2974 746 3033 Dominus:
792 2976 930 3044 Quid
972 2977 1085 3048 agit
1125 2977 1358 3047 genitrix
1409 2974 1571 3047 ejus?
1614 2974 1864 3031 Servus:
1910 2972 2032 3028 Prae
2131 2989 2250 3036 erat
2295 2987 2542 3050 apertum
2569 2977 2811 3049 joeundo
2856 2979 2988 3046 soli,
3025 2995 3185 3051 quem
3233 2989 3519 3036 venatores
3581 2979 3727 3050 regis

439 3067 612 3123 nimio
637 3067 824 3125 dolore
852 3069 961 3124 nati
991 3079 1205 3126 mortua
1229 3078 1332 3125 est.
1364 3069 1663 3124 Dominus:
1691 3065 1825 3134 Quis
1848 3073 2032 3122 custo-
2131 3070 2407 3127 inventum
2459 3071 2584 3128 dum
2642 3073 2989 3128 intuerentur
3035 3079 3091 3127 et
3128 3070 3414 3127 illuderent
3448 3071 3726 3142 pediculos

440 3158 522 3214 ἀει
558 3159 814 3217 domum?
849 3160 1053 3218 Servus
1082 3178 1098 3216 ε
1141 3159 1364 3227 Nullus,
1395 3160 1654 3230 quoniam
1692 3161 1747 3214 ίη
1787 3158 2026 3214 εἱειενθηι
2055 3172 2100 3234 c
2132 3163 2484 3223 suﬂ‘ocantem
2520 3176 2803 3238 cmperunt
2831 3176 3080 3224 avertere
3110 3168 3240 3224 solis
3268 3169 3542 3224 radiorum
3568 3182 3721 3223 ame-

437 3263 600 3306 versa
630 3260 716 3307 est
740 3259 797 3308 et
820 3251 1075 3322 quicquid
1097 3252 1150 3306 in
1172 3267 1237 3307 ea
1256 3258 1396 3306 erat.
1422 3250 1680 3306 Dominus
1705 3264 1725 3305 ε
1745 3248 2030 3317 Quonim“
2132 3257 2384 3314 nitatem.
2417 3257 2623 3325 Quibus
2654 3257 2741 3314 ille
2769 3258 2980 3330 placido
3014 3258 3163 3313 vultu
3205 3276 3219 3313 :
3251 3257 3404 3325 Quod
3445 3257 3576 3312 mihi
3617 3272 3723 3313 non

440 3340 723 3399 combusta
766 3341 902 3397 fuit?
928 3342 1175 3397 Servus:
1219 3340 1419 3396 Eadem
1462 3350 1622 3398 nocte
1662 3355 1770 3411 qua
1808 3339 2029 3395 domina

440 3442 657 3488 mortua
694 3433 817 3501 fuit,
859 3434 1182 3504 pedissequa
1213 3448 1337 3503 quae
1374 3431 1628 3503 vigilabat
1662 3447 1760 3503 pro
1777 3431 1990 3488 domina
2011 3471 2028 3496 ,

438 3522 607 3579 oblita
637 3522 740 3578 fuit
769 3523 1050 3580 candelam
1083 3539 1136 3577 tn
1160 3523 1401 3578 thalamo
1436 3531 1493 3578 et
1519 3523 1593 3577 ita
1619 3522 1902 3579 combusta
1928 3522 2032 3579 fuit

439 3613 634 3669 domus
658 3621 794 3669 tota.
826 3614 1087 3669 Dominus
1115 3629 1129 3666 :
1157 3611 1489 3681 Pedissequa
1517 3612 1607 3667 ubi
1633 3612 1756 3668 est?
1783 3611 1986 3668 Servus
2012 3629 2026 3666 :

438 3703 561 3774 Ipsa
590 3703 808 3760 volebat
835 3704 1012 3775 ignem
1035 3703 1353 3773 extinguere
1378 3713 1433 3759 et
1455 3702 1651 3759 cecidit
1680 3719 1844 3774 super
1865 3712 2029 3775 caput

437 3801 497 3849 et
523 3800 733 3848 mortua
762 3800 871 3848 est.
902 3792 1166 3849 Dominus
1194 3809 1212 3848 :
1243 3793 1322 3848 Tu
1349 3792 1621 3862 quomodo
1652 3792 1876 3849 evasisti
1902 3809 2028 3849 eum

438 3893 551 3940 tam
593 3885 749 3957 piger
778 3884 888 3940 sis?
921 3883 1165 3941 Servus:
1203 3882 1339 3938 Cum
1376 3882 1614 3939 viderem
1648 3882 2028 3953 pedissequam

438 3974 778 4045 defunctam,
815 3974 1002 4048 eﬂ‘ugi.
1034 3975 1187 4032 Tunc
1218 3976 1478 4033 Dominus
1503 3976 2031 4033 valdecoutristatus

439 4068 509 4123 ad
556 4067 762 4125 vicinos
791 4084 919 4125 suos
951 4068 1101 4124 venit
1139 4083 1305 4126 orans
1344 4084 1441 4126 eos
1485 4077 1547 4124 ut
1594 4071 1932 4139 reciperetur
1972 4069 2028 4124 in

443 4157 673 4231 alicujus
700 4160 863 4217 domo
887 4169 943 4216 et
978 4162 1367 4232 hospitaretur.
1402 4161 1612 4218 Interea
1647 4162 1886 4218 obviavit
1912 4161 2028 4217 cui-

441 4251 567 4307 dam
596 4254 771 4308 amico
798 4269 901 4311 suo
931 4256 1026 4326 qui
1054 4270 1177 4311 eum
1209 4255 1416 4311 videret
1453 4271 1578 4312 eum
1611 4256 1821 4313 tristem
1856 4255 2028 4312 inter-

444 4344 655 4415 rogavit
681 4360 850 4416 quare
876 4346 951 4401 ita
977 4347 1309 4402 tristaretur.
1337 4346 1457 4418 ipse
1479 4361 1609 4404 vero
1631 4346 1820 4404 retulit
1843 4347 2028 4403 omnia

440 4449 561 4505 quae
585 4436 795 4493 dixerat
825 4439 927 4495 sibi
959 4453 1169 4495 servus.
1198 4439 1420 4496 Amicus
1455 4449 1635 4495 autem
1666 4439 1908 4497 desolato
1940 4457 2028 4497 re-

2130 3347 2294 3415 datis,
2329 3347 2549 3405 auferre
2580 3363 2686 3405 non
2716 3349 3080 3420 praesumatis.
3112 3347 3334 3404 Talibus
3364 3348 3486 3403 irati
3515 3348 3581 3403 de
3608 3346 3726 3404 lare

2133 3456 2243 3512 quo
2277 3441 2507 3512 degebat
2544 3441 2813 3513 expellere
2846 3440 3131 3497 voluerunt
3170 3446 3225 3495 et
3273 3440 3400 3496 inde
3429 3441 3515 3496 via
3546 3440 3724 3496 abdu-

2132 3545 2277 3598 cere,
2311 3546 2379 3588 ne
2401 3533 2778 3602 praztereuntis
2805 3531 2947 3589 oculi
2977 3531 3181 3587 domini
3206 3539 3315 3585 tam
3340 3530 3464 3587 vilis
3488 3544 3722 3601 persona

2128 3624 2449 3693 oﬂ'enderet,
2486 3625 2628 3696 quod
2658 3640 2763 3680 non
2802 3623 3042 3681 valentes
3081 3623 3269 3679 minati
3300 3631 3426 3678 sunt
3452 3622 3501 3677 ei
3539 3622 3726 3678 dicen-

2132 3726 2215 3773 tes
2243 3734 2258 3772 :
2292 3717 2429 3774 Vide
2460 3732 2526 3772 ne
2558 3717 2688 3787 quid
2722 3715 2849 3771 mali
2897 3731 2963 3772 ex
3007 3715 3379 3789 protervitatis
3416 3712 3595 3770 studio
3624 3710 3724 3767 tibl

2129 3809 2432 3877 contingat,
2462 3809 2588 3877 quia
2622 3823 2716 3863 rex
2737 3816 2792 3863 et
2815 3807 3069 3864 dominus
3121 3818 3309 3865 noster
3336 3820 3458 3861 cum
3485 3803 3718 3860 familia-

2129 3897 2282 3953 ribus
2311 3898 2425 3953 suis
2457 3908 2514 3953 et
2541 3898 2868 3969 primatibus
2897 3909 2981 3954 est
3022 3900 3126 3956 hac
3168 3907 3325 3965 parte
3367 3895 3719 3951 transiturus.

2128 3984 2254 4043 Illos
2281 3995 2463 4042 autem
2492 3986 2545 4042 in
2576 4002 2636 4043 se
2660 3987 2923 4043 latrantes
2941 3987 3293 4059 philosophus
3319 3986 3535 4040 intuens
3559 4002 3573 4038 :
3599 3983 3719 4039 Non

2132 4086 2246 4142 est,
2277 4077 2476 4147 inquit,
2506 4086 2686 4135 vester
2716 4077 2970 4135 dominus
3000 4077 3255 4133 dominus
3281 4090 3467 4141 meus,
3504 4075 3598 4130 sed
3623 4089 3722 4145 po-

2131 4168 2241 4224 tius
2260 4177 2346 4224 est
2376 4169 2482 4224 mei
2505 4168 2647 4224 servi
2676 4183 2890 4225 servus.
2915 4167 3069 4237 Quod
3102 4170 3383 4224 audientes
3416 4175 3475 4222 et
3516 4181 3720 4222 nover-

2129 4261 2233 4318 cali
2254 4261 2406 4318 vultu
2433 4277 2559 4318 eum
2586 4262 2966 4334 respicientes,
2991 4262 3213 4333 quidam
3239 4261 3567 4319 detruncare
3594 4275 3724 4333 pro-

2126 4363 2443 4425 posuerunt.
2483 4353 2660 4411 Minus
2704 4355 2935 4426 improbi
2976 4355 3147 4411 donec
3194 4353 3339 4425 regis
3387 4353 3718 4410 sententiam

2127 4444 2407 4513 audirent,
2455 4444 2672 4515 placere
2712 4444 3095 4501 decreverunt.
3140 4444 3275 4498 Dum
3317 4456 3447 4498 vero
3483 4441 3536 4496 in
3574 4441 3720 4497 hunc

442 4524 567 4580 tulit
600 4541 792 4584 versus
837 4529 1014 4585 amico
1058 4538 1121 4585 ut
1158 4530 1536 4586 consolaretur
1574 4544 1739 4597 eum,
1790 4531 2020 4590 dicens:
2056 4540 2102 4596 D
2128 4535 2343 4590 modum
2381 4535 2749 4602 detricarent,
2807 4550 2904 4591 rex
2949 4534 3248 4590 adveniens
3285 4543 3342 4588 et
3382 4546 3503 4602 quae
3548 4544 3718 4587 causa

439 4616 648 4683 Amice,
679 4618 786 4673 noli
815 4619 1047 4675 desolari
1075 4621 1202 4690 quia
1233 4621 1555 4679 multociens
1583 4623 1906 4695 contingunt
1930 4624 2025 4679 hoa

440 4706 572 4763 mini
618 4716 724 4764 tam
763 4725 957 4781 graves
992 4709 1385 4768 adversitatum
1424 4713 1835 4780 inundationes,
1880 4715 2028 4785 quod

440 4799 711 4857 desideret
738 4816 833 4858 eas
855 4803 1019 4858 etiam
1042 4804 1332 4861 inhonesta
1356 4813 1532 4863 morte
1557 4805 1730 4870 ﬁnire,
1756 4816 1813 4863 et
1839 4808 2024 4864 statim

438 4894 697 4949 eveniunt
728 4894 777 4951 ei
808 4903 957 4951 tanta
987 4898 1276 4954 commoda
1314 4897 1457 4968 quod
1496 4913 1721 4969 prorsus
1754 4898 1911 4956 dulce
1956 4901 2029 4955 sit

439 4986 490 5039 ei
532 4986 929 5056 praeteritarum
975 4989 1255 5045 reminisci
1290 4990 1726 5052 adversitatum:
1771 4994 1868 5049 sed
1912 4992 2027 5049 haec

442 5076 801 5133 humanarum
836 5094 1017 5135 rerum
1050 5087 1158 5134 tam
1185 5080 1454 5139 immensa
1472 5081 1757 5139 ﬂuctuatio
1781 5083 2029 5139 variante

440 5168 757 5225 meritorum
801 5171 994 5228 ordine
1039 5172 1235 5228 summi
1266 5172 1518 5231 [lectoris
1554 5175 1905 5246 distinguitur
1940 5191 2031 5230 ar-

330 5322 337 5329 ,
436 5261 624 5318 bitrio.
649 5261 778 5320 Haec
806 5273 862 5319 et
881 5265 1158 5337 prophette
1178 5264 1281 5322 Job
1307 5267 1737 5324 corroborantur
1758 5269 2029 5341 exemplo,

440 5354 596 5423 cujus
622 5356 864 5412 animum
894 5372 1001 5414 non
1033 5372 1247 5428 pessum
1279 5358 1427 5413 dedit
1449 5359 1672 5416 amissio
1695 5361 2029 5436 rerum(26).

440 5441 713 5516 Numquid
735 5447 900 5502 etiam
927 5447 1124 5505 audisti
1147 5450 1290 5519 quod
1314 5448 1450 5504 dixit
1472 5450 1868 5522 philosophus:
1896 5453 2029 5521 Quis

437 5543 619 5604 potest
648 5535 704 5591 in
734 5537 839 5593 hoc
862 5537 1083 5603 saeculo,
1114 5554 1238 5594 cum
1267 5540 1525 5613 mutabile
1546 5539 1644 5606 sit,
1673 5541 1878 5613 aliquid
1915 5551 2027 5599 sta-

438 5624 547 5681 bile
563 5627 1073 5686 ltabereiArabicus
1092 5629 1202 5687 lilio
1230 5645 1362 5686 suo:
1388 5631 1511 5699 Fili,
1537 5647 1661 5688 cum
1686 5632 1829 5691 forte
1852 5633 2026 5690 conti-

2130 4624 2287 4698 litigii
2331 4624 2471 4681 foret
2500 4624 2846 4697 perquirens,
2874 4641 2995 4695 qua:
3023 4632 3174 4695 gesta
3214 4621 3432 4678 fuerant
3461 4619 3547 4676 vel
3577 4619 3722 4676 dicta

2129 4713 2347 4771 {annulis
2386 4717 2749 4772 referentibus
2791 4717 3065 4788 cognovit.
3131 4714 3331 4771 Voleus
3387 4712 3572 4783 itaque
3621 4726 3722 4768 rex

2132 4821 2200 4861 an
2222 4807 2347 4863 licta
2379 4806 2613 4863 fuissent
2639 4822 2991 4879 cognoscere,
3014 4807 3082 4862 ad
3118 4804 3493 4877 philosOphum
3521 4820 3719 4877 prope-

2133 4897 2277 4953 ravit
2295 4896 2573 4967 inquirens
2596 4898 2725 4967 quid
2748 4896 2815 4953 de
2848 4912 2907 4952 se
2932 4897 3157 4953 diceret.
3191 4894 3346 4951 Sicut
3370 4895 3520 4967 prius
3543 4894 3723 4952 famu-

2133 4990 2232 5055 lis,
2265 4989 2337 5045 ita
2378 5002 2502 5044 etim
2551 4989 2652 5044 sibi
2710 4989 2793 5044 sui
2823 4988 2970 5043 servi
3021 5002 3239 5044 servum
3285 5001 3407 5044 esse
3449 4985 3717 5054 asseruit,

2131 5097 2363 5155 quorum
2408 5081 2732 5138 sententiam
2782 5081 3072 5137 verborum
3119 5094 3231 5153 rex.
3262 5079 3495 5151 benigno
3552 5076 3719 5132 aifatu

2135 5175 2421 5246 diligenter
2441 5174 2661 5230 enodari
2691 5171 2792 5229 sibi
2819 5172 3132 5244 postulavit.
3166 5172 3245 5227 Ad
3275 5187 3435 5242 quem
3486 5168 3723 5241 philoso-

2134 5269 2306 5340 phus,
2334 5276 2551 5325 servata
2593 5266 2775 5323 vultus
2802 5267 3095 5338 dignitate,
3132 5266 3331 5323 leniter
3365 5263 3539 5334 inquit
3570 5281 3585 5318 :
3616 5259 3721 5317 Vo-

2135 5362 2317 5417 luntas
2348 5360 2568 5432 quidem
2592 5357 2835 5429 subjecta
2863 5369 2946 5415 est
2982 5367 3038 5415 et
3075 5358 3244 5414 servit
3278 5354 3432 5420 mihi,
3466 5368 3574 5409 non
3616 5367 3719 5423 ego

2133 5452 2259 5509 sibi.
2292 5450 2373 5507 Tu
2411 5466 2443 5508 e
2495 5466 2757 5509 converso
2808 5451 3085 5521 subjectus
3112 5464 3172 5505 es
3201 5446 3465 5503 voluntati
3514 5452 3570 5502 et
3614 5446 3720 5505 sibi

2131 5543 2330 5610 servis,
2362 5558 2469 5600 non
2500 5546 2612 5611 ipsa
2646 5543 2762 5609 tibi,
2796 5542 2979 5614 itaque
3013 5554 3205 5597 servus
3232 5553 3292 5595 es
3319 5536 3436 5607 ejus
3464 5537 3557 5608 qui
3583 5537 3721 5595 mihi

2128 5634 2317 5690 servit.
2367 5634 2521 5692 Tunc
2553 5649 2670 5705 rex,
2703 5633 2880 5693 defixo
2903 5631 3176 5706 paululum
3201 5630 3340 5699 visu,
3367 5629 3449 5688 sic
3475 5627 3719 5702 incepit:

512 5783 626 5858 (26)
672 5785 788 5844 Job.
821 5787 861 5859 t,
888 5788 977 5846 22.
1010 5771 1248 5852 (2³ηὲκὲ
1264 5773 1418 5852 n‘vsn
1443 5798 1534 5853 ’ττι
1556 5774 1650 5853 κὸπ
1674 5800 1795 5855 31‘s
1821 5803 1951 5857 utan
1970 5776 2043 5853 κθ
2058 5804 2167 5857 nat
2186 5777 2287 5855 5::
