4142 6360
451 315 557 370 703
1382 304 1580 368 PETRI
1620 311 1956 369 ALI’IIONSI
1991 312 2082 368 EX
2115 309 2358 370 ,100Εο
2394 310 2786 368 CIlRlSTlANI
3631 318 3737 374 ’ῖει

452 425 526 482 Ut
556 431 703 494 patet
725 423 777 478 in
808 421 986 478 verbis
1008 420 1232 476 nihilum
1257 434 1378 476 esse
1409 421 1704 489 potentiam
1737 421 2034 476 conﬁteris.
2067 439 2112 488 Α
2144 421 2401 476 thesauro
2431 421 2596 475 vitam
2627 419 2768 475 fame
2804 421 2886 475 vel
2927 422 3016 476 siti
3053 421 3420 479 laborantium
3451 439 3740 498 quousque

459 518 558 574 Cui
592 516 941 587 philosophus
964 514 1017 568 in
1046 521 1329 584 angustam
1370 528 1482 568 sua:
1513 514 1710 568 mentis
1741 513 1922 568 sedem
1950 528 2034 568 re-

453 620 642 678 ceptus
674 609 785 663 ait:
811 607 928 664 Scis
964 606 1076 676 ipse
1118 605 1348 660 nimium
1381 605 1475 659 tibi
1517 604 1861 660 ambitionem
1893 619 2038 658 mor-

454 701 644 755 talium
689 711 867 752 rerum
907 695 1236 750 dominatam
1269 695 1435 750 fuisse
1462 705 1517 750 et
1545 696 1830 751 materiam
1869 693 2036 750 rebus

453 789 700 859 gerendis
728 800 777 844 te
797 788 1071 858 optavisse
1097 788 1240 858 quod
1267 803 1335 842 ne
1373 789 1545 842 virtus
1575 796 1684 852 tua,
1715 797 1774 842 ut
1817 787 1932 858 ipse
1960 785 2038 840 fa-

450 883 615 946 teris,
643 888 1028 937 consuesceret
1059 879 1246 945 tacita;
1279 879 1374 935 sed
1402 880 1471 934 ob
1490 879 1796 951 cupidinem
1829 879 2037 951 gloriae,

451 976 593 1030 sicut
635 975 708 1028 rei
750 973 1039 1028 sinceritas
1078 981 1198 1036 est,
1250 971 1424 1027 fecisti
1477 971 1868 1040 adipiscenda),
1917 985 2039 1041 qua:

453 1079 614 1136 quam
637 1064 708 1118 sit
732 1063 882 1119 exilis
907 1071 961 1118 et
985 1062 1147 1117 totius
1169 1077 1335 1117 vacua
1361 1063 1616 1132 ponderis
1637 1063 1708 1116 sit
1730 1063 2036 1118 considera.

449 1153 577 1209 Tua:
635 1153 909 1224 pnctcrita
973 1152 1158 1224 gloria:
1209 1153 1445 1222 potentia
1507 1161 1692 1223 utpote
1752 1168 1872 1222 qua:
1924 1150 2039 1220 jam

448 1245 593 1300 nulla
625 1254 729 1309 est,
762 1245 1045 1299 metuenda
1077 1259 1182 1298 non
1217 1251 1322 1306 est,
1355 1246 1448 1298 sed
1495 1259 1670 1314 neque
1703 1243 1903 1308 futura,
1935 1258 2039 1298 cu-

445 1340 537 1412 jus
565 1347 794 1394 eventus
820 1335 1133 1391 dubitabilis
1161 1345 1246 1392 est
1279 1344 1330 1389 et
1372 1335 1631 1390 incertus.
1675 1333 1750 1387 De
1790 1331 2038 1404 prtesenti

451 1441 677 1491 constat
711 1431 838 1501 quia
867 1431 941 1484 ita
969 1444 1137 1500 parva
1166 1438 1270 1497 est,
1310 1432 1383 1483 ita
1419 1437 1796 1483 momentanea
1829 1436 1884 1482 et
1923 1441 2042 1497 quae

469 1529 525 1584 in
569 1527 678 1583 ictu
713 1525 854 1580 oculi
900 1525 1222 1579 adnullanda
1259 1541 1272 1577 :
1318 1524 1386 1579 ob
1434 1525 1537 1579 hoc
1581 1524 1724 1577 enim
1769 1523 1911 1577 nulla
1957 1521 2041 1576 sui

458 1630 615 1693 parte
649 1629 733 1676 est
775 1618 1131 1675 formidanda.
1169 1615 1444 1687 Perceptis
1474 1615 1704 1685 denique
1734 1613 2042 1683 philosophi

448 1713 664 1780 verbis,
725 1727 818 1768 rex
869 1711 946 1765 ait
985 1708 1339 1780 complicibus
1368 1709 1479 1762 suis
1515 1724 1530 1762 :
1565 1707 1770 1762 Servus
1801 1705 1892 1760 Dei
1926 1713 2038 1768 est,

2136 514 2312 583 potuit
2339 514 2611 568 sustinere
2650 529 2756 566 non
2794 513 3004 568 distulit
3035 528 3135 570 nec
3164 513 3396 570 suffecit.
3440 516 3544 573 llic
3592 518 3738 574 idem

2137 605 2206 658 de
2235 605 2479 660 vestibus
2502 614 2556 660 et
2590 605 2845 676 pretiosis
2870 605 3142 676 lapidibus
3172 607 3308 679 egit,
3335 617 3389 663 et
3414 613 3494 665 sic
3519 612 3741 666 transiit

2137 696 2378 751 circulus
2411 697 2539 750 anni
2572 697 2758 768 inquo
2791 712 2896 752 non
2920 697 3250 768 paucosjam
3277 702 3469 756 mortis
3501 704 3740 761 nexibus

2139 789 2379 842 irretitos
2407 771 2677 844 liberavit.
2702 789 2833 844 Erat
2862 798 3039 844 autem
3065 790 3119 844 in
3144 793 3334 847 eadem
3365 793 3592 864 regione
3613 796 3740 865 qui-

2139 879 2262 933 dam
2331 879 2476 950 regis
2510 880 2811 952 praescripti
2853 882 3099 939 notarius
3139 883 3232 954 qui
3284 884 3475 940 livoris
3522 887 3740 942 macula

2139 977 2315 1024 tactus
2341 983 2508 1040 puero
2536 969 2832 1036 invidebat,
2859 980 2916 1025 et
2934 988 3126 1042 graves
3154 973 3470 1030 inimicitias
3491 975 3738 1032 latenter

2140 1063 2453 1128 exercebat,
2486 1069 2541 1116 et
2577 1075 2758 1132 regem
2814 1077 2944 1132 erga
2974 1078 3198 1132 puerum
3239 1064 3294 1119 in
3329 1064 3468 1118 iram
3507 1081 3742 1136 exaspe-

2140 1149 2297 1205 rabat
2328 1150 2380 1206 in
2409 1151 2494 1208 his
2527 1153 2708 1208 verbis
2735 1169 2750 1207 :
2788 1152 3044 1219 Domine,
3084 1155 3284 1211 leuitas
3313 1167 3512 1212 vestra:
3549 1174 3740 1213 mora-

2141 1240 2313 1298 litatis
2343 1244 2394 1297 in
2432 1245 2600 1299 vestri
2635 1244 2806 1300 ﬁlium
2833 1247 3131 1302 consiliarii
3162 1248 3248 1303 cui
3279 1258 3435 1319 pater
3461 1250 3740 1306 inﬁnitam

2141 1333 2364 1407 reliquit
2405 1337 2720 1408 pecuniam,
2752 1353 2820 1394 ne
2847 1339 3025 1395 dicam
3057 1339 3248 1407 stulte,
3292 1343 3519 1396 nimium
3555 1344 3741 1400 molis

2142 1423 2274 1493 fuit;
2301 1429 2459 1484 modo
2481 1445 2714 1500 namque
2736 1445 2834 1487 nec
2855 1447 2952 1488 vos
2975 1447 3074 1488 nec
3095 1432 3183 1488 ille
3209 1435 3495 1502 pecuniam
3522 1435 3742 1492 habetis

2141 1531 2303 1586 quam
2347 1516 2682 1574 inconsultus
2727 1521 2998 1590 superﬂue
3046 1522 3382 1594 dilapidavit.
3433 1525 3548 1580 Rex
3601 1541 3741 1582 vero

2145 1608 2343 1665 talibus
2371 1609 2424 1664 in
2455 1611 2589 1665 iram
2615 1625 2922 1669 commotus
2951 1629 3050 1683 pro
3076 1629 3244 1685 puero
3266 1615 3466 1686 legavit
3493 1618 3578 1672 cui
3605 1619 3738 1673 talia

2143 1701 2282 1759 dixit
2309 1722 2320 1759 :
2350 1705 2612 1774 [nsipiens
2635 1705 2706 1760 ﬁli
2731 1706 3016 1777 sapientis,
3039 1707 3184 1764 iners
3206 1709 3484 1766 artiﬁciosi
3511 1715 3741 1782 prodigo

452 1807 631 1860 videte
660 1820 728 1860 ne
758 1804 885 1874 quid
914 1801 1200 1857 molestum
1231 1802 1278 1856 ci
1313 1801 1521 1855 faciatis
1548 1810 1641 1854 aut
1668 1799 2030 1852 inhonestum.
2069 1795 2115 1858 Β
2144 1797 2302 1868 largi,
2343 1807 2403 1853 nt
2436 1799 2564 1868 quid
2606 1800 2826 1855 divitias
2867 1801 3142 1871 sapienter
3169 1815 3526 1873 congregatas
3553 1816 3609 1860 et
3635 1806 3734 1861 tibi

522 1893 827 1965 Diseipulus
856 1894 1115 1963 magistro
1141 1909 1154 1945 ε
1181 1891 1314 1946 Cum
1347 1892 1541 1947 celeria
1571 1892 1672 1946 ista
1701 1900 1826 1946 sunt
1849 1889 2032 1954 exilia,

452 2005 552 2046 cur
579 2003 947 2060 praeparamus
986 1995 1135 2042 tanta
1175 1987 1327 2055 quasi
1373 1985 1677 2039 durabilia?
1722 1983 1982 2054 Magister
2017 2000 2031 2037 :

452 2081 724 2150 Quoniam
749 2080 875 2134 vitae
905 2079 1165 2134 terminus
1202 2087 1282 2132 est
1321 2077 1578 2132 incertus.
1615 2075 1978 2144 Philosophus
2017 2091 2032 2129 :

453 2172 692 2244 Operare
717 2185 814 2241 pro
846 2169 1025 2224 futuro
1048 2168 1246 2222 sacculo
1271 2167 1423 2237 quasi
1450 2182 1591 2222 nunc
1619 2168 1694 2222 sis
1716 2167 2033 2231 moriturus,

450 2275 506 2322 et
531 2281 630 2336 pro
664 2262 914 2336 praesenti
939 2261 1080 2317 sicut
1111 2274 1324 2330 semper
1367 2259 1639 2324 victurus;
1669 2259 1861 2313 melius
1889 2259 2032 2313 enim

451 2369 536 2417 est
567 2359 710 2430 quod
749 2366 868 2429 post
907 2366 1052 2410 tuam
1091 2364 1317 2410 mortem
1377 2370 1406 2408 a
1445 2363 1495 2408 te
1529 2355 1757 2422 qiucsita
1800 2353 2036 2408 habeant

453 2451 688 2514 inimici,
720 2463 881 2519 quam
936 2447 990 2502 in
1039 2448 1148 2500 vita
1195 2461 1353 2517 egeas
1391 2445 1534 2515 quod
1577 2445 1671 2499 tibi
1711 2444 2036 2499 subveniant

453 2543 679 2600 inimici.
717 2539 798 2598 οι)
841 2541 954 2595 haec
1002 2540 1182 2608 itaque
1225 2553 1348 2593 cum
1389 2537 1672 2592 honestate
1711 2535 1806 2591 tibi
1847 2535 2032 2590 omnia

449 2635 695 2709 provide,
721 2635 847 2705 quia
869 2633 1047 2690 brevis
1069 2640 1150 2687 est
1175 2646 1366 2688 cursus
1389 2631 1530 2685 vitaz.
1549 2629 1738 2685 Alius:
1764 2628 2031 2683 Saeculum

450 2738 534 2785 est
563 2727 719 2799 quasi
765 2725 887 2782 fons
929 2723 1198 2780 instabilis
1238 2722 1392 2792 cujus
1431 2722 1688 2776 introitus
1721 2729 1805 2776 est
1843 2720 2035 2778 matris

451 2831 659 2886 uterus,
688 2829 743 2875 et
770 2819 1010 2890 ejusdem
1040 2834 1186 2874 mors
1210 2819 1316 2874 erit
1344 2816 1542 2872 exitus.
1573 2813 1926 2872 Versiﬁcator
1955 2831 1972 2870 :

523 2912 670 2968 Mors
695 2920 772 2966 est
795 2920 945 2982 porta
967 2919 1150 2982 patens
1173 2909 1390 2964 terrenis
1405 2908 1588 2982 pervia
1613 2909 1835 2982 cunctis,

593 2982 697 3038 Sed
720 2977 899 3054 quiem
921 2977 1033 3052 post
1061 2982 1196 3036 hanc
1227 2996 1343 3051 qua:
1369 2977 1435 3033 sit
1459 2977 1699 3032 habenda
1731 2979 1940 3033 domus.

448 3076 546 3133 Est
581 3075 774 3130 domus
803 3073 1111 3128 delitiarum
1150 3072 1260 3128 Deo
1301 3070 1702 3136 famulantium,
1741 3081 1825 3126 est
1871 3079 1927 3126 et
1948 3069 2032 3125 di-

2139 1891 2204 1945 ad
2229 1892 2550 1946 servandum
2591 1893 2912 1949 commissas
2946 1893 3139 1948 dedisti
3171 1897 3475 1965 perniciei?
3499 1898 3580 1952 Ad
3617 1899 3738 1954 haec

2138 1995 2276 2050 puer
2305 1980 2420 2035 visu
2465 1981 2516 2036 in
2549 1989 2749 2036 terram
2779 1983 2978 2049 deﬁxo,
3009 1985 3268 2054 principis
3291 1987 3437 2042 enim
3466 1989 3737 2044 vultuosi-

2139 2077 2306 2123 tatem
2336 2077 2521 2140 utpote
2551 2075 2722 2126 torvis
2750 2071 3138 2128 inflammatam
3163 2074 3456 2132 luminibus
3500 2079 3732 2133 vereba-

2139 2171 2268 2215 tur:
2295 2160 2542 2228 Domine,
2575 2163 2618 2218 si
2650 2178 2783 2233 pace
2811 2173 2990 2233 vestra
3020 2165 3145 2221 licet
3170 2166 3356 2224 dicere
3383 2185 3489 2224 non
3523 2179 3580 2224 ut
3607 2171 3736 2242 qui—

2137 2251 2364 2307 busdam
2393 2253 2608 2308 videtur
2634 2253 2830 2310 stultus
2858 2265 3013 2325 patre
3036 2257 3283 2327 sapiente
3315 2260 3468 2314 vobis
3497 2276 3615 2315 sum
3645 2275 3732 2316 re-

2138 2344 2326 2410 lictus,
2360 2356 2517 2417 pater
2551 2349 2751 2402 etenim
2793 2364 2946 2405 meus
2983 2350 3297 2406 thesaurum
3343 2355 3732 2425 congregavit,

2137 2447 2522 2508 congregatum
2556 2439 2698 2496 unde
2719 2439 2867 2495 fures
2898 2455 3088 2511 rapere
3119 2444 3330 2512 possint
3355 2443 3644 2499 collocavit
3670 2455 3728 2500 et

2136 2529 2269 2584 mihi
2305 2530 2392 2585 cui
2435 2531 2667 2602 possetis
2697 2533 2915 2588 auferre
2950 2535 3032 2588 vel
3061 2534 3202 2604 ignis
3228 2535 3584 2602 comburere,
3618 2537 3734 2592 sive

2137 2621 2336 2691 aliquis
2374 2637 2534 2679 casus
2559 2623 2774 2694 eripere
2799 2625 3038 2696 reliquit.
3072 2625 3185 2696 Ego
3215 2641 3346 2681 vero
3375 2628 3624 2683 eumdem
3659 2627 3732 2683 ibi

2137 2712 2399 2769 collocavi
2441 2715 2532 2770 ubi
2573 2715 2803 2771 ﬁdeliter
2836 2717 2938 2772 sibi
2980 2718 3285 2774 servabitur
3328 2729 3384 2776 et
3418 2720 3573 2775 mihi.
3616 2719 3733 2775 Rex

2135 2810 2318 2858 autem
2344 2803 2470 2872 quid
2508 2803 2632 2860 inde
2675 2804 2890 2861 fecisset
2923 2807 3153 2878 rogavit.
3183 2807 3326 2865 Puer
3353 2823 3486 2865 vero
3518 2809 3651 2880 quid
3678 2819 3734 2863 et

2136 2894 2372 2965 qualiter
2399 2894 2607 2952 fecerat
2642 2898 2933 2956 relaxavit.
2956 2900 3246 2970 Comperta
3274 2901 3510 2973 denique
3535 2902 3731 2972 peritia

2135 2986 2352 3059 juvenis
2373 2999 2778 3044 remuneratum
2803 2991 2954 3062 prius
2983 3007 3106 3047 eum
3131 2993 3597 3049 circuustantibus
3620 2992 3734 3045 Iau-

2137 3079 2318 3144 davit,
2352 3082 2524 3151 patris
2555 3083 2836 3137 servitium
2871 3085 3322 3154 recompensavit.
3360 3085 3463 3152 Qui
3500 3099 3567 3141 ex
3610 3085 3735 3142 inde

449 3181 607 3222 versa
647 3179 837 3235 poenas
867 3161 1314 3232 promerentium.
1345 3159 1520 3216 Arabs
1543 3161 1611 3216 ad
1642 3159 1860 3214 Patrem
1887 3177 1900 3212 :
1928 3159 2034 3213 Pa-

2138 3172 2399 3230 Iucrando
2433 3189 2602 3228 novas
2634 3184 2689 3228 et
2711 3172 2944 3241 majores
2974 3176 3248 3244 prioribus
3285 3177 3504 3233 divitias
3543 3177 3732 3247 acqui-

452 3270 570 3323 ter,
617 3254 885 3327 quomodo
929 3255 1146 3310 domum
1195 3254 1502 3310 delitiarum
1549 3260 1606 3308 et
1649 3253 1875 3324 gloriam
1920 3251 2038 3321 ejus

450 3350 654 3406 lucrari
678 3347 901 3419 potero?
929 3347 1090 3401 Pater
1116 3387 1128 3400 .
1155 3344 1422 3417 Quicquid
1449 3345 1642 3400 melius
1669 3353 1723 3400 et
1745 3345 2038 3414 pretiosius

450 3441 623 3496 habes
654 3453 852 3508 repone
888 3438 940 3492 in
976 3452 1040 3492 ea
1071 3435 1485 3492 custodiendum
1522 3443 1577 3489 et
1614 3435 1879 3500 invenies,
1911 3451 2034 3490 cum

451 3533 581 3587 illuc
601 3530 837 3596 veneris,
862 3529 955 3584 tibi
979 3535 1248 3598 paratum.
1274 3525 1443 3581 Filius
1468 3545 1482 3580 :
1507 3527 1792 3593 Quomodo
1815 3541 2036 3597 possum

455 3627 513 3684 in
549 3639 668 3679 eam
706 3624 923 3678 don'inm
969 3621 1252 3692 pecuniam
1288 3621 1615 3690 prtcmittere
1646 3619 1799 3689 cujus
1838 3621 2036 3676 ostium

452 3726 564 3768 non
606 3713 727 3766 novi
765 3710 947 3764 adire?
979 3710 1142 3764 Pater
1173 3727 1187 3764 :
1217 3709 1355 3764 Audi
1388 3709 1530 3778 quod
1567 3709 1692 3764 fecit
1724 3708 1865 3764 ﬁlius
1901 3722 2036 3763 con-

453 3800 644 3857 siliarii
694 3799 834 3870 regis
857 3807 977 3869 post
999 3799 1205 3854 obitum
1234 3799 1422 3867 patris.
1451 3798 1654 3854 Filius:
1684 3798 1866 3867 Pater,
1897 3797 2036 3864 fare,

452 3907 556 3950 nec
581 3890 968 3964 subterfugiam
1001 3889 1220 3946 monitis
1247 3891 1488 3947 obedire.
1513 3889 1678 3948 Pater

987 4004 1262 4062 FABULA
1301 4005 1512 4062 XXVII.

522 4097 638 4155 llex
663 4097 880 4169 quidam
909 4096 1096 4153 habuit
1133 4097 1436 4168 sapientem
1475 4097 1847 4154 consiliarium
1873 4108 1929 4154 et
1955 4099 2037 4154 fa-

449 4191 718 4247 miliarem
749 4191 838 4261 qui
873 4190 1090 4244 tandem
1125 4200 1331 4245 natura:
1357 4189 1565 4259 legibus
1593 4189 1782 4246 favens
1806 4207 2034 4262 parvum

449 4286 669 4357 reliquit
710 4286 978 4340 haeredem
1011 4283 1150 4339 bene
1194 4283 1600 4354 diseiplinatum
1643 4293 1699 4340 et
1731 4284 1994 4340 curialem
2019 4326 2035 4351 ,

449 4372 536 4436 cui
565 4389 752 4444 totam,
779 4392 900 4450 quae
923 4392 1118 4445 magna
1145 4387 1287 4440 erat,
1319 4376 1716 4446 possessionem
1744 4386 1800 4432 et
1823 4378 2037 4433 divitia-

449 4487 573 4527 rum
605 4485 829 4527 acervos
865 4468 1186 4538 subscripsit
1211 4475 1266 4522 et
1297 4467 1457 4522 morti
1500 4468 1683 4524 cessit.
1725 4468 1842 4535 Quo
1887 4471 2034 4526 facto
2067 4502 2114 4562 η

450 4579 546 4619 rex
599 4563 666 4618 ad
703 4578 762 4618 se
799 4577 1026 4633 puerum
1060 4561 1302 4626 vocavit,
1331 4571 1389 4616 et
1423 4561 1492 4617 de
1527 4561 1702 4631 patris
1735 4576 1932 4616 occasu
1971 4576 2038 4616 ne

449 4657 570 4728 plus
588 4655 738 4726 justo
761 4655 965 4710 doleret
986 4653 1308 4720 ammonuit,
1329 4661 1384 4708 et
1403 4669 1758 4724 quascumque
1782 4661 1936 4724 pater
1961 4653 2036 4708 illi

451 4746 685 4816 regenda
707 4745 931 4802 dederat
959 4744 1269 4800 testimonio
1291 4743 1548 4811 ﬁrmavit,
1572 4753 1626 4800 et
1647 4745 1866 4816 insuper
1895 4746 2039 4815 quod

451 4849 610 4894 aetate
635 4839 753 4910 ejus
780 4837 1029 4912 exigente
1067 4837 1122 4893 in
1164 4837 1336 4908 patris
1372 4837 1548 4895 locum
1578 4852 1702 4892 cum
1735 4838 2040 4908 susciperet

451 4928 528 4985 illi
553 4929 817 4999 promisit.
850 4929 977 4984 ludi-
999 4928 1118 4984 vale
1143 4929 1290 4986 dicto
1316 4929 1470 4985 laetus
1487 4929 1704 5002 juvenis
1725 4928 1791 4983 ad
1818 4928 2035 4999 propria

452 5020 746 5085 remeavit,
795 5035 954 5090 quem
991 5037 1084 5078 rex
1112 5023 1368 5077 oblivioni
1398 5023 1656 5088 tradidit,
1691 5037 1791 5078 nec
1825 5022 1941 5093 ipse
1969 5022 2035 5077 ad

452 5127 637 5182 regem
677 5125 920 5166 remeare
952 5114 1282 5183 preparavit.
1325 5113 1512 5185 Longo
1561 5115 1820 5184 temporis
1863 5116 2036 5171 inter-

450 5202 594 5257 vallo
624 5201 676 5255 in
706 5201 894 5256 eadem
938 5202 1155 5272 regione
1190 5202 1242 5256 in
1275 5218 1379 5271 qua
1421 5219 1554 5274 puer
1594 5212 1715 5260 erat
1747 5216 2035 5275 coeperunt

450 5307 612 5366 egere
666 5293 802 5348 adeo
850 5293 993 5364 quod
1045 5293 1304 5365 cyborum
1369 5295 1544 5350 inedia
1592 5296 2034 5367 periclitarcntur

451 5387 614 5442 fame.
647 5384 798 5452 Quod
826 5387 1014 5443 videns
1048 5401 1181 5456 puer
1207 5385 1361 5440 bonae
1392 5387 1588 5443 indolis
1617 5387 1800 5442 animo
1828 5390 2032 5444 condo-

448 5475 569 5539 luit,
598 5475 887 5532 condoIens
915 5478 1111 5533 horrea
1140 5476 1371 5548 deplevit
1397 5486 1453 5533 et
1481 5481 1812 5551 pauperibus
1838 5481 2032 5536 distri-

449 5567 592 5632 buit,
615 5577 671 5621 ct
699 5567 766 5623 de
786 5582 927 5638 penu
952 5568 1136 5624 vinum
1157 5569 1396 5626 extraxit
1419 5582 1473 5628 et
1495 5587 1690 5628 carnes
1710 5587 1848 5643 quas
1870 5587 2033 5643 egen-

451 5657 598 5713 tibus
623 5660 884 5730 erogavit.
917 5659 1208 5717 Crescente
1235 5663 1487 5732 penuria,
1519 5663 1845 5719 decrescens
1875 5678 2033 5734 pecu-

451 5749 537 5805 nia
563 5749 923 5820 indigentibus
947 5767 1051 5809 non
1078 5751 1308 5812 suffecit.
1328 5753 1519 5812 Postea
1546 5754 1670 5811 dato
1693 5770 1791 5828 pro
1816 5770 2028 5812 annona

2139 3264 2284 3318 sivit.
2326 3263 2442 3319 lloc
2478 3263 2638 3319 modo
2671 3265 2812 3334 quod
2848 3267 3120 3336 pretiosus
3151 3267 3341 3324 habuit
3381 3269 3524 3324 ﬁlius
3552 3269 3734 3324 consi-

2140 3355 2280 3412 liarii
2310 3357 2482 3428 regis,
2541 3357 2594 3411 in
2633 3357 2794 3414 domo
2837 3357 3145 3414 delitiarum
3180 3361 3583 3416 thesaurisavit.
3618 3361 3732 3415 Au-

2140 3449 2269 3505 ditis
2314 3451 2657 3507 sermonibus
2693 3451 2860 3522 patris
2903 3451 3046 3508 ﬁlius
3090 3454 3314 3524 inquit:
3350 3452 3579 3510 Juveuis
3627 3455 3733 3510 iste

2139 3543 2412 3611 sapienter
2439 3543 2550 3610 egit
2579 3552 2633 3598 et
2666 3559 2875 3615 magnae
2914 3544 3150 3615 speciem
3190 3545 3450 3601 bonitatis
3473 3545 3528 3600 in
3557 3560 3617 3601 se
3642 3544 3728 3599 fu-

2142 3641 2319 3687 turum
2344 3632 2623 3697 indicavit,
2656 3645 2712 3690 et
2743 3633 2871 3690 fecit
2895 3636 3038 3691 sicut
3068 3635 3422 3707 philosophus
3459 3637 3569 3691 ﬁlio
3597 3652 3734 3706 pra:-

2139 3725 2284 3793 cepit
2311 3725 2497 3781 dicens
2528 3744 2539 3780 :
2573 3726 2698 3795 Fili,
2724 3728 2896 3783 vende
2927 3743 3028 3784 noc
3057 3731 3314 3784 saeculum
3343 3745 3445 3800 pro
3469 3730 3653 3785 futuro
3673 3737 3732 3784 et

2139 3824 2427 3885 utrumque
2447 3816 2766 3884 lucraberis,
2797 3819 2939 3888 quod
2965 3820 3037 3876 ita
3061 3821 3349 3892 contingit.
3379 3820 3532 3876 Alius
3562 3819 3731 3875 ﬁlium

2138 3909 2417 3979 corrigens
2444 3909 2580 3964 dixit
2611 3927 2624 3964 :
2652 3909 2776 3976 Fili,
2802 3925 2899 3980 pro
2929 3910 3112 3968 futuro
3140 3913 3340 3969 saeculo
3361 3928 3613 3985 operare,
3641 3928 3732 3968 an-

2141 4009 2358 4070 tequam
2392 4015 2536 4056 mors
2560 4008 2612 4056 te
2641 4010 2897 4074 segreget
2923 4003 2992 4060 ab
3021 4017 3188 4074 opere
3215 4004 3507 4074 corporali.
3534 4004 3728 4060 Alius:

2137 4092 2274 4148 Vide
2311 4108 2379 4148 ne
2412 4093 2669 4164 dicipiant
2709 4102 2762 4150 te
2796 4095 3086 4152 saeculares
3123 4096 3353 4164 delitizc,
3391 4107 3448 4152 et
3486 4097 3730 4153 irretitus

2139 4182 2369 4239 fallaciis
2399 4184 2751 4240 saecularibus
2775 4187 2967 4243 mortis
2997 4197 3242 4244 ventura:
3268 4188 3633 4254 obliviscaris,
3659 4203 3728 4243 ne

2140 4276 2237 4331 tibi
2275 4276 2555 4348 contingat
2599 4277 2741 4333 sicut
2782 4278 2980 4335 latroni
3019 4266 3238 4336 domum
3275 4280 3460 4338 divitis
3495 4279 3725 4337 ineunti.

2137 4369 2233 4426 Cui
2269 4370 2450 4427 ﬁlius:
2477 4370 2612 4436 Ede,
2633 4381 2808 4442 pater,
2837 4373 2964 4443 quid
2995 4375 3214 4431 accidit.
3245 4374 3442 4432 Pater:

2657 4463 2933 4520 FABULA
2971 4464 3206 4522 XXVIII.

2214 4556 2440 4612 Domum
2477 4557 2663 4614 divitis
2688 4557 2776 4612 fur
2805 4557 3047 4624 intravit,
3078 4568 3132 4614 et
3161 4560 3395 4618 diversis
3423 4577 3549 4628 eam
3579 4563 3728 4634 gazis

2140 4647 2355 4718 plenam
2413 4651 2642 4707 invenit.
2689 4652 2826 4709 Ilinc
2863 4653 3202 4723 stupefactus
3250 4655 3317 4709 de
3368 4654 3602 4710 diversis
3646 4657 3731 4710 di-

2137 4754 2315 4804 versa,
2346 4740 2414 4796 de
2449 4743 2701 4811 pretiosis
2730 4744 3050 4816 pretiosiora
3093 4745 3294 4817 eligere
3334 4746 3604 4802 studendo
3640 4761 3732 4804 cu-

2141 4834 2316 4896 ravit,
2357 4841 2411 4888 et
2447 4835 2572 4904 quia
2611 4836 2736 4891 vilia
2774 4837 3088 4907 relinquens
3135 4838 3189 4892 in
3231 4837 3480 4908 eligendo
3518 4850 3730 4909 tempus

2138 4926 2474 4996 consumpsit
2514 4927 2684 4985 donec
2738 4928 2854 4984 dies
2904 4929 3128 4982 veniens
3167 4928 3298 4999 quid
3339 4927 3522 4985 facere
3570 4929 3728 4984 vellet

2140 5015 2360 5072 detexit.
2407 5018 2721 5089 Experrecti
2778 5021 2843 5076 de
2880 5019 3176 5091 improviso
3209 5021 3400 5093 vigiles
3444 5022 3639 5078 domus
3673 5023 3726 5076 in

2137 5108 2384 5179 eligendo
2423 5110 2594 5169 furem
2625 5113 2971 5184 repperiunt,
3017 5114 3274 5182 capiunt,
3323 5113 3449 5170 inde
3505 5115 3636 5170 loris
3672 5126 3727 5170 et

2139 5208 2374 5262 fu-tibus
2432 5221 2632 5261 esesum
2691 5204 2743 5260 in
2796 5219 2920 5276 yma
2975 5206 3215 5260 carceris
3265 5205 3583 5262 detrudunt.
3644 5207 3725 5261 Ad

2137 5301 2384 5355 ultimum
2409 5299 2533 5352 data
2556 5298 2696 5352 sicut
2713 5296 2825 5367 jam
2851 5296 2917 5352 de
2943 5295 3194 5352 confesso
3212 5299 3482 5353 sententia
3509 5313 3725 5353 amaras

2137 5391 2364 5446 audiens
2409 5389 2680 5461 hystorias
2722 5387 3006 5457 capitalem
3047 5391 3373 5444 sententiam
3404 5391 3600 5456 subiit,
3630 5392 3722 5461 qui

2135 5482 2180 5538 si
2212 5492 2319 5536 tam
2351 5496 2516 5551 prop-3
2551 5479 2694 5533 diem
2729 5486 3014 5533 venturum
3037 5481 3465 5550 pnccOgitasset,
3491 5498 3559 5537 ne
3593 5483 3722 5537 loris

2136 5585 2191 5632 et
2221 5573 2452 5631 fustibus
2498 5575 2820 5635 caederetur,
2849 5573 2933 5628 vel
2977 5573 3121 5643 quod
3165 5575 3389 5644 gravius
3418 5575 3620 5643 extitit,
3652 5591 3720 5631 ne

2135 5667 2311 5736 capite
2341 5665 2647 5736 privaretur
2673 5663 3037 5736 praecavisset.

2205 5757 2354 5813 alios
2383 5758 2736 5830 philosophus
2769 5757 2904 5814 dixit
2929 5777 2942 5812 :
2965 5755 3134 5829 llujus
3155 5757 3338 5814 s'eculi
3371 5757 3568 5816 diviti-3
3593 5764 3714 5814 sunt

3863 6257 3872 6259 _
3911 6240 3998 6257 ιι-
4007 6240 4090 6253 ειη-
