4038 6452
259 391 353 447 705
1478 390 1862 448 DlSClPLlNA
1901 390 2311 448 CLERlCALlS

3429 401 3534 462 706

257 506 584 564 transitoria)
626 514 770 563 s.cnt
817 507 1050 562 hominis
1090 507 1300 563 somnia
1355 508 1710 577 dormientis,
1747 511 1838 581 qui
1871 515 1913 572 Α
1946 508 2211 564 devitarc.
2250 508 2402 565 Alius
2437 528 2451 564 :
2490 509 2614 565 lleri
2652 509 2883 567 ducebat
2909 514 3201 580 exercitus,
3233 517 3392 575 hodie
3432 523 3537 578 du-

254 599 507 669 evigilans
538 615 880 670 qumcunque
925 601 1190 656 habuerat
1233 602 1286 657 in
1315 603 1607 672 aperiendo
1656 604 1842 660 oculos

255 691 748 763 irrecupcrabiliter
775 693 969 762 perdit,
1013 694 1155 748 sicut
1181 695 1339 765 vulgo
1367 697 1586 752 dicitur.

780 783 1054 841 FABULA
1106 786 1298 842 XXIX.

314 877 491 948 Opilio
529 877 754 946 quidam
786 878 837 932 in
865 879 1077 934 somnis
1110 880 1256 934 mille
1283 895 1412 937 oves
1448 880 1660 947 habuit,
1699 897 1836 953 quas

251 983 440 1040 magno
477 969 700 1038 quidam
749 969 974 1038 cupiens
1021 974 1204 1028 cinere
1249 985 1307 1027 ut
1345 975 1528 1031 carius
1553 977 1832 1043 venderet,

250 1060 385 1115 sicut
411 1062 708 1115 somnianti
739 1063 914 1116 visum
958 1064 1136 1119 fuerat
1164 1107 1179 1131 ,
1213 1083 1312 1137 pro
1343 1084 1670 1138 unaquaque
1696 1071 1831 1127 duos

251 1149 446 1204 solidos
474 1151 606 1204 dare
636 1151 866 1207 volebat.
903 1154 1010 1208 Sed
1039 1154 1130 1224 qui
1165 1157 1431 1211 vendebat
1464 1173 1591 1213 cum
1620 1159 1831 1216 duobus

249 1239 432 1296 solidis
461 1241 744 1298 denarium
796 1244 862 1298 de
901 1260 1224 1316 unaquaque
1256 1248 1376 1316 plus
1403 1251 1678 1316 poscebat.
1722 1251 1830 1308 Illis

249 1332 308 1387 de
334 1335 509 1401 pretio
553 1336 1029 1398 contendentibus.
1082 1339 1182 1393 hoc
1215 1340 1374 1395 modo
1421 1356 1646 1396 somnus
1696 1357 1827 1398 eva-

248 1424 389 1489 nuit;
431 1425 524 1479 sed
563 1427 840 1494 venditor,
871 1429 997 1482 dttm
1031 1444 1154 1484 esse
1204 1433 1474 1486 somnium
1530 1435 1824 1502 comperit,

247 1530 348 1570 non
391 1517 596 1586 apertis
644 1520 818 1575 oculis
859 1521 1097 1576 clamare
1121 1525 1283 1592 erepit
1316 1540 1330 1577 :
1362 1523 1471 1577 Pro
1502 1541 1827 1596 unaquaque

247 1608 372 1663 mihi
419 1609 606 1680 viginti
661 1612 901 1682 quinque
945 1614 1202 1670 denarios
1236 1617 1431 1684 tribue,
1467 1627 1524 1674 et
1557 1629 1828 1690 quotquot

247 1711 367 1754 sunt
393 1710 570 1756 tecum
607 1704 805 1758 abduc.

313 1792 468 1848 llunc
499 1809 629 1850 vero
671 1798 724 1850 in
753 1799 968 1854 modum
1015 1803 1349 1857 transcuntia
1401 1805 1584 1859 mundi
1626 1806 1820 1876 gaudia

247 1895 512 1942 sectantes
549 1896 604 1943 et
638 1890 865 1946 diversis
903 1902 962 1946 ut
997 1895 1263 1951 retineant
1309 1896 1585 1954 inhiantes
1617 1901 1683 1953 de
1722 1901 1825 1954 im-

248 1978 460 2045 proviso
491 1982 716 2037 veniens
737 1983 852 2039 dies
875 1996 925 2040 et
955 1986 1080 2041 linis
1114 1989 1236 2042 vitae
1267 1989 1560 2059 intercipit,
1591 2003 1645 2046 et
1678 2009 1824 2062 qua:-

245 2084 348 2138 qnc
374 2071 579 2140 cupita,
607 2074 774 2129 velint
804 2078 996 2146 nolint,
1029 2079 1237 2135 adimit.
1264 2081 1395 2138 ltem
1425 2085 1566 2139 filius
1598 2103 1611 2139 :
1638 2085 1830 2143 Mortis

248 2175 414 2217 nexus
454 2162 636 2233 aliquo
668 2167 828 2222 modo
873 2168 1059 2240 fugere
1099 2174 1446 2242 poterimus?
1498 2177 1697 2231 Pater:
1730 2177 1829 2232 Mi-

247 2254 404 2318 nime,
440 2258 702 2326 quoniam
754 2261 917 2335 illius
951 2273 1035 2318 est
1081 2266 1400 2324 incurabilis
1438 2287 1674 2335 morsus,
1727 2289 1827 2328 nec

246 2348 465 2403 medicis
485 2349 692 2407 artibus
712 2332 826 2422 eius
849 2371 1065 2412 amaras
1095 2358 1364 2428 fugietuns
1389 2378 1600 2418 manus.
1626 2364 1824 2421 Filius:

246 2439 521 2507 Quomodo
541 2460 694 2514 ergo,
726 2462 792 2501 ue
811 2448 1602 2515 nimisltedat,sustiuebimus?
1633 2459 1822 2516 Pater:

247 2533 348 2589 Fac
373 2535 515 2590 sicut
537 2537 669 2592 dicit
701 2541 1038 2597 versificator
1068 2560 1081 2596 :

382 2626 539 2706 Quod
561 2632 726 2682 vitare
755 2633 934 2706 nequis
966 2637 1227 2690 constanti
1256 2639 1458 2706 suscipe
1479 2650 1681 2706 mente;

478 2695 568 2751 Sic
588 2715 706 2768 qua?
732 2695 867 2756 dura
893 2705 994 2772 fuit
1027 2723 1164 2760 mors
1193 2709 1285 2760 tibi
1307 2695 1448 2764 mitis
1468 2714 1586 2765 erit.

775 2793 1048 2853 FABULA
1089 2799 1257 2854 XXX.

309 2873 519 2933 Dictum
547 2890 631 2936 est
666 2882 733 2940 de
775 2889 1009 2956 quodam
1037 2890 1358 2961 philosopho
1388 2893 1528 2964 quod
1558 2911 1653 2963 per
1683 2901 1824 2951 anti-

245 2981 398 3035 qnum
433 2975 702 3032 transiens
746 2979 1074 3036 cimiteriqu
1118 2983 1376 3039 laminam
1425 2988 1557 3041 vidit
1589 3006 1825 3044 marmo-

245 3073 382 3114 ream
418 3064 694 3134 cujusdam
735 3073 929 3127 mortui
961 3074 1235 3130 cineribus
1266 3079 1682 3148 superpositam,
1726 3082 1821 3137 sed

245 3148 294 3202 in
333 3169 393 3207 ea
427 3169 614 3211 versus
650 3158 894 3231 inscripti
928 3165 1091 3220 verba
1123 3169 1318 3238 sepulti
1369 3172 1823 3240 praetereuntibus

241 3239 502 3310 loquentis
526 3252 899 3320 exprimebaut
925 3257 1026 3313 hoc
1052 3263 1209 3315 modo
1239 3279 1253 3315 :

380 3335 457 3393 Tu
475 3359 640 3422 prope
661 3349 751 3422 qui
772 3351 986 3417 transis,
1013 3370 1106 3407 nec
1122 3356 1252 3408 dicis
1274 3366 1441 3419 aceto,
1464 3359 1675 3422 resiste;

451 3413 683 3469 Auribus
706 3418 758 3471 in
778 3422 950 3475 cordis
974 3413 1098 3477 'Itwc
1121 3442 1234 3478 mea
1257 3427 1410 3480 t'erbu
1431 3413 1566 3481 tene.

377 3479 506 3562 Sunt
533 3487 822 3562 quotiens,
857 3497 997 3558 quod
1026 3511 1079 3548 es
1109 3501 1216 3561 ipse
1237 3500 1334 3562 [αἱ.
1359 3499 1562 3552 derisor
1582 3516 1781 3554 natura:

449 3552 638 3636 llorlis
667 3559 793 3612 dum
815 3552 986 3625 licuit,
1010 3552 1137 3632 pare
1157 3552 1371 3632 iuuante
1392 3569 1533 3636 frui;

376 3618 477 3706 Sed
506 3627 738 3706 ueniente
757 3647 878 3706 nece
897 3618 1176 3706 postquam
1198 3655 1313 3690 sum
1356 3618 1538 3706 raptus
1561 3641 1746 3694 amicis

445 3693 611 3765 Atque
638 3700 766 3774 nteis
782 3693 1040 3770 fontalis;
1062 3709 1187 3760 orba
1226 3693 1441 3774 parenti:
1471 3693 1658 3764 domus

378 3758 432 3813 31
439 3780 473 3848 ς
486 3758 719 3822 contexit
740 3773 770 3822 lt
779 3758 898 3848 iuno
920 3758 1314 3848 deploratitque

445 3833 772 3915 Inque-meos
796 3833 994 3897 cineres
1031 3833 1382 3902 ttllinta'dorirt
1405 3851 1568 3915 dedit,

377 3900 508 3985 Inde
524 3900 629 3961 mei
651 3911 826 3985 vultus
847 3919 1089 3985 Acorrodit
1115 3900 1253 3972 terra
1290 3922 1534 3985 nitorem,

445 3979 675 4059 Quaeque
702 3981 811 4059 fuit
827 3983 1012 4051 formw
1033 3988 1199 4056 gloria
1225 4006 1414 4059 magna
1438 3979 1602 4052 cadit.

383 4043 563 4133 Meque
579 4043 940 4133 [uisse‘rirum‘
955 4043 1177 4128 nequeas
1204 4043 1501 4129 agnoscere,
1529 4064 1575 4116 si
1591 4062 1710 4133 jam

445 4119 525 4172 Ad
552 4122 716 4194 uisum
742 4123 890 4190 [uero
911 4119 1048 4194 forte
1075 4119 1297 4184 retectits
1317 4119 1496 4186 Immo;

383 4186 518 4271 Ergo
546 4189 713 4271 Deum
739 4186 832 4260 pro
863 4186 944 4248 me
972 4213 1091 4271 cum
1120 4217 1252 4271 pura
1283 4214 1451 4256 mente
1476 4220 1709 4271 precare,

449 4263 710 4340 Quatinus
733 4276 926 4319 (eterna
965 4267 1054 4321 det
1093 4263 1220 4323 milii
1252 4289 1378 4340 pace
1405 4263 1532 4340 frui,

385 4328 760 4411 Et_quicunque
791 4345 939 4405 rogat
960 4353 1053 4411 pro
1085 4357 1165 4394 me
1186 4328 1466 4411 coinporiet
1487 4328 1540 4398 id
1565 4363 1728 4401 unum

450 4401 520 4455 Ut
543 4401 742 4457 mecum
764 4401 976 4460 maneat
994 4409 1048 4462 in
1069 4411 1272 4481 regione
1299 4401 1424 4481 poli.

255 4491 471 4551 Relectis
517 4496 712 4552 iterum
759 4507 814 4553 et
856 4500 1048 4556 iterum
1095 4505 1341 4560 versibus
1371 4507 1510 4572 istis,
1541 4510 1817 4567 saeculari-

253 4583 344 4661 bus
364 4589 685 4658 postpositis,
725 4588 897 4647 factus
925 4603 1007 4648 est
1037 4597 1262 4651 ercmita
1295 4599 1668 4672 philosophus.

319 4677 499 4734 lterum
529 4681 594 4735 de
620 4681 932 4738 Alexandro
973 4686 1174 4742 dictum
1222 4699 1306 4744 est
1351 4694 1493 4762 quod
1538 4695 1814 4766 sepultura

257 4766 358 4835 eius
382 4768 512 4826 foret
547 4788 710 4829 aurea
738 4784 794 4829 et
820 4777 870 4830 in
895 4779 1078 4846 pervio
1109 4781 1358 4838 omnibus
1380 4786 1521 4840 atrio
1549 4790 1718 4856 posita
1746 4791 1814 4845 ad

256 4874 399 4927 quem
443 4863 658 4932 plurimi
720 4879 1092 4925 convenerunt
1162 4872 1463 4945 philosophi
1508 4879 1575 4932 de
1619 4881 1816 4950 quibus

260 4966 382 5006 llttllS
406 4955 475 5008 ait
506 4969 522 5008 :
554 4957 864 5012 Alexander
889 4961 955 5014 de
987 4978 1118 5018 auro
1149 4963 1275 5020 fecit
1305 4966 1638 5035 thesaurum,
1671 4988 1815 5028 nunc

254 5054 284 5091 ε
316 5057 559 5104 converso
597 5068 787 5106 aurum
837 5055 904 5106 de
945 5071 1010 5110 eo
1060 5055 1191 5112 facit
1238 5060 1570 5116 thesaurum.
1614 5064 1813 5120 Alius:

259 5131 370 5187 lteri
397 5148 530 5194 tutus
558 5144 606 5197 ei
645 5160 751 5198 non
780 5146 1080 5202 sullicieltat
1108 5152 1358 5217 mundus,
1394 5155 1550 5209 hodie
1579 5168 1812 5226 quatuor

256 5226 374 5280 Sola:
401 5231 660 5289 sulliciuut
681 5239 728 5292 ei
759 5238 927 5305 ulnae;
960 5240 1070 5294 lteri
1095 5244 1292 5312 populo
1325 5247 1625 5316 imperavit,
1654 5250 1812 5306 hodie

256 5321 463 5384 populus
509 5325 739 5395 imperat
787 5331 881 5384 illi.
925 5333 1078 5387 Alius
1111 5351 1129 5389 ε.
1169 5336 1294 5391 l-leri
1347 5339 1544 5395 multos
1585 5343 1809 5412 populos

256 5414 411 5475 putuit
431 5434 458 5470 a
490 5433 658 5477 morte
691 5422 944 5491 liberare,
976 5427 1134 5483 hodie
1163 5446 1262 5486 nec
1291 5433 1407 5503 ejus
1427 5431 1605 5503 jacula
1637 5439 1810 5506 potuit

1841 4603 1894 4663 Ι)

1948 602 2093 655 citur
2120 603 2186 656 ab
2210 603 2312 656 illis
2338 610 2393 657 ct
2422 603 2583 656 datur
2611 604 2922 674 sepultura).
2954 607 3106 662 Alius
3132 623 3146 662 :
3178 608 3301 665 llcri
3338 622 3537 669 terram

1946 697 2248 765 premebat.
2294 699 2454 754 hodie
2497 699 2686 754 eadem
2727 709 2992 769 premitur
3018 704 3145 772 ipse.
3181 707 3372 764 Alius:
3409 710 3537 766 llcri

1943 803 2066 843 eum
2110 801 2300 859 gentes
2348 791 2636 858 timebant,
2683 793 2840 848 hodie
2882 808 3003 848 cum
3041 798 3201 853 vilem
3252 801 3532 872 deputant.

1943 880 2100 936 Alius
2131 899 2144 936 :
2179 881 2303 936 Heri
2333 883 2520 937 habuit
2545 884 2750 939 amicos
2794 895 2849 940 et
2885 887 3150 954 inimicos,
3183 891 3341 946 hodie
3370 895 3537 950 habet

1944 989 2135 1028 omnes
2159 975 2414 1044 aequales.
2467 974 2573 1030 Sed
2617 977 2682 1030 de
2730 977 2917 1047 viginti
2950 980 3158 1036 duobus
3184 986 3529 1056 philosophis

1935 1066 2411 1124 circumstantibus
2437 1070 2564 1139 quid
2590 1072 2820 1139 quisque
2863 1073 2928 1125 de
2980 1077 3358 1142 potentissimo
3403 1094 3532 1150 rege

1935 1159 2138 1213 diterit
2165 1161 2440 1216 memoria:
2471 1163 2683 1232 longum
2715 1173 2798 1217 est
2834 1164 3113 1222 reducere.

2018 1248 2215 1304 lterum
2246 1252 2508 1306 heremita
2537 1253 2884 1323 philosophus
2917 1256 3019 1311 hoc
3047 1259 3206 1312 modo
3223 1275 3378 1315 suant
3406 1278 3530 1318 cor-

1933 1341 2325 1396 rexitanimam
2357 1360 2374 1399 :
2407 1345 2598 1398 Anima
2630 1363 2766 1410 mea,
2807 1349 2948 1402 scias
2973 1357 3026 1401 et
3049 1365 3369 1418 cognoscas.
3399 1355 3530 1409 dum

1932 1430 2170 1499 potentia
2200 1431 2357 1484 estin
2392 1448 2553 1486 manu
2581 1443 2696 1500 tua,
2717 1436 2845 1504 quid
2872 1439 3117 1505 operaris
3143 1450 3432 1509 antequam
3460 1444 3530 1501 de

1933 1531 2024 1576 tuo
2054 1524 2320 1578 movearis
2358 1524 2476 1579 loco
2515 1526 2581 1579 ad
2613 1527 2831 1581 domum
2865 1528 2916 1582 in
2954 1545 3059 1600 qua
3111 1534 3527 1604 manetjustitia

1931 1625 1986 1670 et
2011 1615 2075 1669 ad
2108 1626 2320 1685 portam
2347 1617 2538 1686 judicii
2571 1619 2658 1674 ubi
2694 1620 2838 1690 leges
2874 1619 2925 1674 in
2957 1622 3131 1676 rotulo
3152 1624 3408 1694 quicquid
3432 1637 3523 1682 tua

1931 1719 2123 1761 manus
2151 1707 2259 1778 egit
2289 1707 2340 1762 in
2385 1708 2487 1762 hoc
2514 1709 2741 1773 saeculo,
2793 1710 2880 1765 ubi
2913 1712 3087 1783 angeli
3118 1730 3147 1767 a
3177 1716 3382 1771 dextris
3409 1725 3464 1772 et
3489 1732 3522 1772 a

1930 1797 2166 1850 sinistris
2197 1799 2594 1868 discooperient
2633 1810 2687 1855 et
2716 1804 3106 1859 renuntiabunt
3135 1807 3422 1863 consilium
3469 1818 3532 1864 et

1860 1864 1902 1922 Β
1935 1889 2190 1960 quicquid
2221 1864 2437 1946 fuerit—a
2475 1900 2526 1947 te
2551 1895 2939 1965 exc0gitatnm.
2981 1897 3122 1954 Ante
3151 1898 3316 1954 Deum
3344 1901 3525 1957 veniet

1931 1987 2082 2033 tuum
2104 1979 2392 2048 judicium;
2422 1997 2526 2036 una
2554 1982 2706 2038 lance
2733 1986 2987 2056 quicquid
3012 1987 3135 2042 boni
3164 1999 3216 2043 et
3239 1990 3343 2046 alia
3369 1992 3526 2060 quic-

1928 2069 2057 2139 quid
2088 2071 2213 2125 mali
2246 2073 2422 2142 egeris
2451 2089 2558 2127 uno
2575 2083 2632 2129 et
2657 2077 2844 2130 eodem
2869 2078 3235 2135 declarabitur
3250 2083 3522 2140 examine.

1931 2163 2133 2218 Omnes
2181 2164 2256 2219 tui
2290 2164 2489 2221 fratres
2525 2175 2580 2220 et
2607 2167 2763 2222 amici
2794 2184 2899 2223 non
2934 2169 3212 2225 invenient
3259 2182 3403 2228 tuatn
3436 2191 3528 2230 re-

1929 2251 2294 2322 demptionem
2325 2265 2379 2310 et
2406 2264 2458 2310 te
2486 2256 2736 2312 deserunt
2769 2273 2833 2314 ac
2862 2259 3141 2316 dimittunt
3172 2280 3185 2317 :
3217 2265 3378 2320 hodie
3417 2267 3526 2320 ita-

1928 2358 2036 2413 que
2081 2345 2507 2416 redemptionem
2553 2350 2738 2420 accipe
2767 2361 2823 2406 et
2869 2351 3066 2406 bonum
3101 2353 3185 2410 fac
3217 2357 3432 2412 assidue
3467 2370 3525 2414 et

1927 2448 2220 2507 antequam
2252 2439 2435 2494 veniat
2485 2441 2599 2496 dies
2629 2443 3064 2500 submonitorum
3113 2445 3179 2501 ad
3226 2447 3394 2518 Deum
3438 2465 3525 2504 re-

1925 2537 2159 2590 vertere,
2183 2537 2238 2582 et
2265 2544 2372 2583 non
2404 2529 2571 2592 dicas,
2599 2546 2725 2586 cras
2761 2544 3004 2587 revertar
3025 2543 3080 2588 et
3107 2551 3213 2590 non
3245 2537 3523 2602 morabor,

1925 2615 2048 2684 quia
2080 2617 2160 2672 sic
2190 2620 2580 2674 crastinantem
2609 2629 2662 2676 te.
2694 2621 2952 2692 impediet
2974 2627 3410 2696 concupiscentia
3437 2629 3522 2686 vel

1924 2705 2109 2762 forsan
2139 2709 2401 2766 detinebit
2431 2712 2548 2766 dies
2567 2723 2813 2768 extrema
2843 2731 2857 2768 :
2891 2716 3073 2785 itaque
3098 2717 3308 2773 dierum
3338 2723 3523 2777 saeculi

1928 2799 2280 2854 reminiscere
2304 2803 2714 2870 generationem
2746 2819 3010 2859 annorum
3041 2808 3388 2878 antiquormn
3421 2812 3514 2881 qui

1924 2902 2114 2944 omnes
2165 2892 2521 2948 transierunt.
2572 2894 2698 2947 Inde
2729 2895 2914 2962 accipe
2967 2911 3186 2951 sensum
3219 2917 3232 2952 :
3268 2901 3356 2955 ubi
3395 2911 3522 2957 sunt

1927 2995 2102 3052 reges,
2143 2981 2232 3036 tibi
2277 2984 2570 3056 principes,
2623 2985 2711 3040 ubi
2744 2988 2938 3043 divites
2968 2989 3059 3059 qui
3093 2993 3377 3048 thesauros
3407 2993 3520 3048 the-

1925 3075 2332 3130 saurisavernnt
2379 3085 2432 3131 et
2481 3078 2603 3134 inde
2641 3082 2858 3150 superbi
2895 3081 3149 3136 fuerunt?
3198 3083 3354 3138 Modo
3392 3095 3520 3142 sunt

1925 3166 2065 3220 sicut
2089 3169 2177 3237 qui
2207 3184 2310 3222 non
2339 3169 2590 3234 fuerunt;
2623 3172 2782 3225 modo
2809 3182 2936 3228 sunt
2964 3173 3100 3229 finiti
3131 3176 3271 3231 sicut
3293 3179 3383 3248 qui
3411 3195 3518 3235 non

1928 3259 2216 3325 vixerunt;
2249 3262 2408 3316 modo
2437 3273 2563 3317 sunt
2591 3266 2730 3318 sicut
2767 3263 2953 3320 folium
2977 3267 3119 3336 quod
3149 3271 3346 3326 arbore
3373 3271 3519 3326 deci-

1923 3349 2000 3404 dit
2037 3366 2144 3419 quo
2176 3350 2400 3404 ulterius
2430 3369 2534 3406 non
2568 3354 2722 3408 redit.
2755 3354 2869 3410 Non
2919 3358 3130 3423 timeas,
3164 3362 3340 3415 anima
3373 3379 3511 3427 utea,

1920 3455 2025 3494 nou
2059 3441 2268 3509 timeas;
2301 3443 2462 3497 nimis
2487 3444 2554 3499 de
2579 3445 2759 3500 saeculi
2793 3448 3211 3507 adversitatihus
3241 3471 3346 3509 non
3377 3456 3515 3510 oria-

1920 3539 2008 3583 tur
2039 3531 2206 3585 timor
2251 3541 2395 3585 tnus.
2427 3531 2580 3588 Time
2625 3536 2699 3588 tui
2738 3537 2880 3592 diem
2926 3538 3138 3608 jndieii,
3170 3558 3370 3612 paveas
3397 3557 3515 3600 tuo-

1921 3633 2038 3672 rum
2067 3620 2460 3676 multitudinem
2501 3635 2882 3693 peccatorum;
2934 3642 3208 3688 memento
3241 3636 3316 3689 tui
3349 3637 3516 3692 Creav

1921 3710 2053 3764 toris
2083 3713 2173 3780 qui
2207 3723 2329 3768 tuus
2353 3724 2434 3769 est
2456 3713 2626 3784 judex
2655 3728 2710 3772 et
2738 3721 2913 3776 testis.

1987 3806 2139 3862 Alius
2169 3813 2429 3864 neremita
2461 3829 2555 3882 per
2586 3815 2736 3870 vicos
2774 3817 3044 3875 clamabat
3101 3840 3114 3875 :
3167 3821 3244 3878 Ne
3292 3827 3519 3884 tradatis

1919 3900 2175 3956 oblivioni
2209 3905 2475 3958 durabilia
2500 3921 2599 3974 pro
2624 3908 2891 3964 habituris
2927 3913 3110 3967 linem.
3147 3915 3300 3970 Alius
3333 3935 3344 3970 :
3386 3919 3515 3973 Dili-

1920 3992 2030 4061 gite
2061 3994 2274 4048 animas
2317 4005 2528 4051 vestras
2559 4010 2822 4068 quantum
2861 4015 2914 4056 et
2945 4019 3193 4071 corpora.
3249 4019 3301 4062 et
3349 4013 3482 4078 perii

1919 4083 2095 4138 cietis.
2126 4086 2278 4140 Alius
2309 4104 2323 4141 :
2356 4087 2532 4144 Nolite
2561 4091 2808 4145 oblivisci
2839 4095 2983 4162 quod
3029 4111 3132 4149 non
3176 4099 3516 4156 obliviscitur

1921 4175 2095 4228 nostri
2121 4184 2174 4229 et
2205 4178 2404 4233 servile
2436 4179 2807 4246 gubernatori.
2857 4183 3008 4238 Alius
3044 4201 3058 4239 :
3089 4186 3301 4241 Timete
3334 4191 3513 4244 Domi-

1921 4280 2074 4330 num,
2099 4265 2224 4336 quia
2258 4267 2420 4321 timor
2451 4268 2662 4323 Domini
2691 4255 2777 4324 est
2805 4271 2973 4326 clavis
3004 4273 3071 4327 ad
3119 4290 3279 4328 onme
3312 4279 3511 4334 bonum

1919 4366 1973 4411 et
2013 4360 2079 4412 ad
2111 4359 2514 4429 percipiendam
2549 4362 2774 4433 gloriam
2800 4365 3128 4422 conductum
3188 4369 3262 4424 De
3291 4387 3396 4441 quo
3416 4373 3515 4427 St-

1921 4447 2099 4504 lomon
2123 4467 2136 4499 :
2157 4451 2325 4505 Deum
2371 4451 2656 4524 time(27).
2686 4456 2768 4511 Ad
2795 4467 2986 4513 cuncta
3018 4475 3136 4528 tritae
3172 4460 3305 4516 fiunt
3339 4463 3512 4518 addu-

1919 4550 2004 4595 cct
2034 4542 2455 4613 Deusjudicium
2485 4560 2582 4613 pro
2618 4548 2766 4602 omni
2793 4559 2997 4616 errato,
3027 4553 3139 4605 sive
3173 4555 3368 4607 bonum
3399 4557 3514 4613 sive

1922 4631 2119 4685 malum
2143 4634 2232 4687 sit.
2266 4633 2348 4689 Ob
2373 4636 2473 4691 hoc
2502 4637 2664 4708 igitur
2692 4638 3012 4694 immensam
3048 4641 3140 4697 Dei
3171 4659 3203 4697 ο
3229 4647 3512 4714 unipoteu-

1921 4724 2048 4776 tiam
2095 4724 2362 4794 supplices
2401 4743 2692 4783 exoramus
2740 4735 2998 4801 quatinus
3037 4737 3229 4788 vestris
3261 4738 3512 4805 operibus

1919 4815 2076 4868 bonis
2125 4817 2554 4884 praecedentibus
2601 4831 2719 4888 post
2766 4821 2999 4876 districti
3057 4825 3198 4879 diem
3237 4827 3427 4895 judicii
3478 4847 3509 4883 ιι

1918 4909 2125 4962 dextris
2152 4909 2272 4964 Filii
2305 4910 2420 4978 ejus
2450 4913 2699 4968 collocari
2727 4927 2780 4969 et
2806 4926 3006 4971 teterna
3037 4923 3220 4990 requie
3251 4939 3371 4978 cum
3399 4927 3512 4982 suis

1920 4999 2164 5054 fidelibus
2209 5017 2519 5058 mereamur
2569 5005 2770 5074 perfrui
2816 5009 2866 5062 in
2915 5012 3035 5065 aula
3083 5014 3324 5079 t-tnlesti,
3373 5027 3536 5086 piun-~

1919 5101 2098 5145 stante
2121 5091 2349 5149 Domino
2378 5105 2568 5150 nostro
2599 5095 2726 5152 Jesu
2758 5099 2977 5155 Christo
3020 5104 3104 5157 cui
3137 5117 3221 5159 est
3254 5108 3425 5161 honor
3450 5122 3504 5162 et

1919 5184 2087 5253 gloria
2118 5199 2240 5239 cum
2283 5185 2440 5241 Patre
2489 5198 2542 5242 et
2567 5201 2758 5244 sancto
2792 5191 2999 5262 Spiritu
3029 5212 3127 5264 per
3173 5200 3378 5251 tttiittittt
3410 5219 3505 5254 sae.

1919 5271 2161 5326 culorum
2189 5277 2403 5331 sarcula.
2437 5280 2629 5333 Amen.

1991 5364 2222 5435 ltlxplicit
2270 5369 2552 5424 Clericalis
2607 5372 2898 5442 Disciplina
2956 5376 3216 5430 translata
3265 5391 3295 5428 a
3344 5375 3503 5430 Petro

1917 5456 2144 5516 Alfuuso
2163 5461 2230 5514 de
2254 5461 2484 5518 Arabico
2513 5464 2565 5518 in
2596 5464 2869 5520 Latinum.

341 5657 424 5732 εἴ)
459 5664 519 5726 Et
547 5671 805 5728 mandata
837 5674 956 5745 ejus
985 5678 1215 5770 observa
1246 5699 1264 5770 ί
1295 5681 1400 5737 hoc
1429 5692 1515 5738 est
1542 5683 1690 5740 enim
1717 5688 1899 5770 omnis
1928 5691 2114 5748 homo.
2151 5692 2239 5758 Et,
2259 5703 2365 5752 etc.
2403 5697 2554 5754 Eccl.
2588 5715 2689 5768 xu,
2736 5701 2826 5770 l5,
2872 5701 2960 5756 14.
3008 5711 3112 5761 tt't?
3157 5712 3497 5764 mmmam

500 5774 576 5828 ra
599 5777 846 5827 381311:
876 5781 962 5831 an
989 5756 1129 5837 ὠν)
1157 5756 1220 5834 '7:
1253 5759 1324 5841 ἣν
1349 5785 1580 5840 nam:
1616 5789 1716 5841 unt
1745 5790 1823 5841 at;

1927 5796 1965 5845 rt
2213 5756 2277 5847 Β)
2307 5798 2393 5848 nn
2421 5800 2476 5852 ta
2502 5756 2760 5853 arma:
2786 5756 2853 5853 rit
2884 5801 2939 5852 ν)
2966 5802 3131 5854 am
3157 5801 3359 5854 unm:
3387 5806 3502 5862 nm
