4142 6360
509 417 3784 476 ΜΞ

1877 645 2012 686 ANNO
2050 646 2236 686 DOMINI
2276 647 2400 687 ICX.

755 827 2051 994 GALTERUS
2169 823 2480 988 AB

1665 1097 2202 1158 MAGALONENSIS
2235 1097 2570 1154 EPISCOPU

2097 1273 2166 1312 Ετ

2588 826 3525 995 INSULIS

503 1429 1651 1551 LIETBEBTUS
1711 1427 2324 1542 ABBAS
2411 1425 3082 1542 SANCTI
3167 1427 3773 1541 BUPPI.

1929 1646 2320 1664 ———-—

1030 1808 1542 1904 NOTITIA
1611 1809 2268 1902 HISTORICA
2339 1810 2464 1900 IN
2540 1805 3226 1900 GALTERUM.

1621 1999 1788 2071 (Call.
1823 2000 2023 2058 Christ.
2055 2016 2201 2066 nov.,
2233 2008 2275 2055 t.
2307 1999 2399 2068 Vl,
2430 2017 2485 2072 p.
2521 1999 2671 2070 745.)

1941 2158 2309 2173 ———‘.

567 2309 960 2369 Gothofredum
992 2309 1239 2378 proxime
1261 2307 1472 2378 excepit
1496 2307 1766 2370 Galterus,
1789 2322 1855 2361 ex
1886 2305 2084 2362 lusulis
2113 2309 2161 2366 Α
2187 2304 2361 2360 decim
2399 2303 2587 2360 solidis
2626 2300 3076 2374 Melgoriensibus
3114 2275 3341 2356 assertis
3366 2312 3436 2354 ex
3463 2298 3619 2354 arcb.
3652 2297 3780 2351 tte:-

493 2404 695 2475 oppido
734 2400 1002 2456 Flandria:
1040 2400 1308 2456 oriundus
1335 2442 1350 2466 ,
1383 2400 1468 2454 vir
1525 2399 1578 2454 in
1633 2399 1833 2455 divinis
1885 2399 2080 2455 studiis

495 2497 659 2564 longo
709 2491 889 2548 studio
930 2491 1276 2556 exercitatus,
1299 2501 1353 2546 et
1383 2490 1724 2546 saecularium
1775 2489 2080 2544 litterarum

496 2603 603 2642 non
637 2586 878 2656 ignarus,
908 2583 1130 2654 ingenio
1179 2591 1466 2653 praestans,
1498 2591 1553 2637 et
1603 2583 1788 2638 clarus
1837 2582 2078 2651 eloquio,

493 2678 585 2748 qui
616 2691 717 2732 suo
747 2683 989 2744 tempore
1024 2681 1243 2743 propter
1276 2673 1582 2726 doctrinam
1631 2681 1685 2725 et
1717 2672 2078 2726 eruditionem

493 2782 695 2838 magno
737 2765 839 2820 fuit
881 2765 935 2818 in
963 2764 1158 2835 pretio.
1186 2762 1286 2818 llic
1309 2763 1399 2818 ille
1429 2779 1666 2834 namque
1697 2773 1779 2818 est
1803 2763 2078 2830 Galterus,

491 2875 654 2930 queu.
673 2875 703 2913 a
724 2857 964 2913 Waltero
979 2856 1238 2927 episcopo
1254 2855 1645 2927 Magalonensi,
1662 2856 1728 2910 de
1746 2872 1854 2926 quo
1867 2855 2084 2911 Trithe-

492 2952 656 3012 mius.
685 2965 968 3021 perperam
1004 2950 1240 3005 secernit
1288 2949 1559 3004 Gariellus
1590 2967 1603 3004 :
1633 2964 1740 3003 non
1783 2950 1930 3003 enim
1963 2947 2080 3002 Ma-

491 3044 793 3115 golensem,
826 3044 919 3099 sed
949 3042 1388 3112 Magalonensem
1429 3043 1571 3114 apud
1607 3042 1965 3098 Trithemium
1995 3045 2079 3099 le-

491 3136 726 3207 gendum
757 3137 952 3206 probat
975 3135 1202 3206 epistola
1237 3135 1520 3206 ipsiusmet
1542 3135 1746 3191 Galteri
1775 3137 1842 3191 ad
1873 3136 2082 3192 Robcr-

489 3239 605 3285 tum
631 3229 981 3300 praepositum
1012 3227 1330 3284 lnsulanum
1356 3229 1498 3284 edita
1531 3246 1560 3284 a
1587 3229 1924 3293 Mabillonio,
1953 3245 2079 3285 cum

489 3320 747 3393 Maagalaa
781 3321 833 3374 iu
857 3318 1164 3387 Palaestina,
1189 3321 1274 3375 vel
1310 3319 1534 3391 Magalis
1571 3321 1624 3374 in
1658 3319 1919 3390 Hispania
1953 3321 2079 3374 nul-

490 3413 602 3467 lum
627 3412 866 3467 ascribat
889 3411 1261 3482 pontificatum
1311 3411 1724 3480 episcopatuum
1758 3409 1968 3464 notitia.
2000 3408 2080 3464 Ex

490 3503 594 3558 hac
618 3512 797 3558 autem
821 3513 875 3558 et
897 3503 1065 3558 altera
1091 3518 1122 3557 a
1148 3501 1403 3557 Brunone
1430 3501 1700 3572 Signiensi
1727 3503 1983 3572 episcopo
2012 3501 2079 3557 ad

490 3593 772 3648 Galtcrum
823 3595 972 3659 data,
1022 3609 1187 3663 quam
1254 3593 1423 3648 habes
1480 3602 1614 3648 tem.
1659 3591 1754 3647 ΧΠ
1799 3592 2077 3664 Spicileg.,

491 3703 545 3758 p.
575 3686 665 3751 79,
695 3695 917 3756 apparet
945 3685 1222 3740 Galterum
1253 3685 1552 3756 Scripturis
1575 3687 1751 3742 sacris
1782 3686 2080 3756 plurimum

489 3777 769 3834 studuisse
811 3787 925 3831 tum
980 3792 1104 3832 cum
1163 3777 1304 3847 apud
1350 3775 1563 3832 lnsulas
1605 3785 1934 3832 moraretur.
1969 3774 2082 3831 Sub

489 3868 806 3926 Gothofredi
854 3878 1041 3940 postea
1087 3870 1374 3940 disciplina
1427 3871 1734 3939 meruisse,
1787 3883 2079 3943 antequam

488 3964 642 4018 fleret
671 3963 983 4034 episcopus,
1007 3963 1206 4018 docent
1241 3962 1482 4020 Verdalaz
1509 3964 1777 4019 carmina.
1813 3963 2082 4020 Defuncto

487 4065 669 4111 autem
706 4057 968 4127 magistro
1016 4057 1284 4112 successit
1335 4057 1638 4127 discipulus
1684 4073 1774 4111 an.
1803 4056 1962 4124 1105,
1988 4066 2084 4112 aut

486 4148 678 4203 saltem
705 4148 864 4214 1101,
892 4157 951 4203 ut
996 4148 1166 4219 liquet
1205 4164 1269 4204 ex
1306 4149 1474 4204 veteri
1523 4149 1713 4204 charta
1747 4149 1872 4204 data
1902 4166 1974 4204 vn
2002 4148 2078 4204 Id.

485 4238 633 4305 Maii,
658 4255 804 4295 anno
831 4240 992 4305 1125,
1017 4256 1180 4310 quem
1209 4241 1526 4295 vicesimum
1551 4241 1851 4295 secundum
1877 4257 2084 4310 prresu-

483 4332 630 4386 latus
655 4331 739 4386 sui
765 4332 1162 4386 annumerabat
1206 4329 1481 4394 Galterus,
1506 4340 1566 4385 ut
1595 4331 1855 4386 diximus.
1882 4330 2082 4387 Factus

481 4425 774 4493 episcopus
808 4422 1054 4476 animum
1083 4422 1281 4492 adjecit
1311 4432 1370 4476 ut
1402 4423 1546 4478 mdes
1586 4438 1772 4477 sacras
1801 4432 2080 4479 restaura-

481 4524 586 4581 ret,
611 4531 805 4585 nempe
864 4515 1301 4585 Magalonenseln
1345 4514 1625 4569 basilicam
1654 4531 1720 4568 ex
1751 4525 1902 4584 parte
1930 4515 2080 4585 deje-

481 4615 626 4661 ctam
671 4605 932 4671 suifulsit,
961 4605 1155 4659 turrim
1209 4603 1394 4659 Sancti
1449 4604 1718 4674 Sepulcri,
1759 4605 2080 4673 triclinium,

483 4698 892 4764 dormitorium,
926 4696 1186 4751 conclave
1212 4711 1241 4749 a
1271 4695 1645 4750 fundamentis
1674 4695 1961 4762 excitavit;
1993 4713 2084 4754 sa-

480 4787 810 4844 cerdotalem
869 4787 1114 4844 ecclesiae
1172 4787 1562 4857 supellectilem
1611 4789 1784 4853 auxit,
1831 4805 2078 4854 auream,

481 4887 819 4946 argenteam,
869 4879 1210 4949 sericatoque
1260 4880 1521 4946 tradidit,
1565 4880 1826 4936 ecclesias
1896 4880 2081 4936 Sancti

2111 3656 2154 3711 Β

2183 2399 2417 2453 lonensi.
2469 2396 2548 2450 Eo
2589 2395 2806 2451 circiter
2855 2403 3098 2464 tempore
3154 2391 3478 2447 Guillelmus
3519 2390 3780 2445 dominus

2183 2489 2664 2562 Montispessulaui
2715 2487 2840 2543 ﬁdei
2899 2493 3304 2543 sacramentum
3353 2483 3494 2538 dixit
3533 2481 3777 2547 Galtero,

2183 2587 2270 2642 cui
2321 2598 2467 2640 anno
2523 2583 2657 2638 1111
2714 2581 3010 2635 Eleazarus
3083 2577 3151 2632 de
3205 2576 3416 2632 Castris
3483 2573 3780 2630 ecclesiam

2185 2677 2243 2732 S.
2277 2676 2492 2732 Martini
2525 2675 2592 2730 de
2638 2673 2844 2736 Cretio,
2869 2679 3121 2742 quartam
3173 2677 3384 2738 partem
3433 2666 3776 2721 decimarum

2186 2768 2242 2824 S.
2264 2767 2542 2824 Michaelis
2565 2766 2633 2821 de
2658 2763 3005 2835 Agusauicis,
3023 2770 3077 2817 et
3107 2777 3230 2831 quae
3257 2761 3410 2830 prius
3437 2757 3777 2814 Gothofredo

2183 2866 2484 2929 dimiserat,
2517 2862 2810 2918 concessit.
2843 2859 3092 2915 Concilio
3123 2855 3414 2912 Viennensi
3447 2853 3623 2909 adfuit
3647 2851 3778 2908 Gal-

2183 2968 2333 3015 terus
2357 2971 2503 3011 anno
2535 2953 2694 3009 1112.
2725 2953 3051 3008 Guillelmus
3080 2952 3148 3006 de
3171 2947 3418 3004 Fabricis
3443 2946 3670 3016 largitus
3691 2953 3778 3001 est

2183 3065 2329 3105 anno
2357 3049 2548 3104 eodem
2573 3047 2845 3102 mediante
2881 3044 3101 3100 Galtero
3137 3043 3384 3098 ecclesia:
3413 3039 3601 3094 Sancti
3625 3038 3773 3092 Bau-

2182 3140 2295 3197 dilii
2321 3140 2541 3210 podium
2571 3139 2625 3192 in
2671 3152 2783 3208 quo
2821 3137 2923 3192 sita
2953 3135 3205 3198 ecclesia,
3229 3142 3282 3188 et
3311 3131 3578 3202 quidquid
3603 3130 3775 3184 habe-

2182 3232 2275 3287 bat
2315 3231 2370 3285 in
2422 3231 2560 3284 valle
2581 3227 2848 3284 Carreria.
2877 3228 2980 3281 Ato
3020 3227 3086 3282 de
3128 3225 3385 3280 Cornoue
3424 3222 3774 3277 medietatem

2181 3324 2406 3379 decimae
2435 3320 2493 3375 S.
2518 3319 2796 3375 Michaelis
2818 3319 2884 3374 de
2906 3317 3190 3372 Grimiano
3219 3313 3640 3370 Gellonensibus
3663 3311 3778 3366 sol-

2180 3414 2259 3468 vit
2292 3414 2345 3468 in
2372 3412 2623 3468 manibus
2647 3409 2849 3465 Galteri
2878 3425 2909 3463 v
2932 3406 3060 3463 ldus
3083 3406 3229 3472 Maii,
3250 3422 3396 3461 anno
3426 3404 3582 3459 1115.
3618 3401 3778 3457 Guil~

2181 3506 2377 3560 lelmus
2405 3502 2689 3572 Monspelii
2715 3500 2972 3556 dominus
3005 3508 3196 3555 contra
3228 3511 3464 3569 paganos
3494 3494 3560 3548 ad
3590 3509 3773 3562 expu-

2181 3597 2452 3671 gnandam
2495 3595 2728 3651 insulam
2752 3593 3065 3664 Majoricam
3099 3605 3349 3662 pergens,
3385 3594 3775 3644 testamentum

2183 3689 2425 3746 condidit
2466 3703 2610 3744 anno
2641 3687 2800 3750 HM,
2826 3687 2894 3741 de
2938 3685 3170 3742 consilio
3213 3683 3458 3753 ejusdem
3505 3678 3771 3750 episcopi,

2184 3784 2273 3840 cui
2317 3791 2372 3838 et
2413 3781 2668 3837 Ecclesia:
2709 3778 3076 3850 Magalonensi
3109 3786 3280 3832 totam
3319 3775 3502 3830 villam
3547 3772 3775 3826 Montis-

2185 3874 2486 3946 pessulani,
2511 3890 2633 3943 quae
2675 3880 2792 3926 erat
2821 3871 3124 3941 antiquitus
3151 3868 3412 3924 allodium
3462 3867 3636 3921 sancti
3669 3863 3774 3919 Pe-

2185 3968 2253 4023 tri
2300 3965 2701 4038 Magalonensis
2739 3963 3000 4030 ecclesire,
3033 3971 3088 4018 et
3135 3969 3310 4017 totum
3367 3958 3592 4016 feudum
3623 3955 3772 4028 quod

2183 4061 2420 4114 habebat
2467 4059 2537 4112 ab
2607 4057 2867 4128 episcopo
2929 4057 2984 4111 in
3032 4055 3296 4127 parochia
3357 4052 3415 4108 S.
3449 4050 3679 4108 Firmiui
3721 4057 3776 4105 et

2185 4152 2243 4207 S.
2269 4151 2512 4222 Dionysii
2542 4151 2607 4205 de
2642 4149 3088 4222 Montepelyreto,
3113 4157 3170 4204 et
3217 4148 3324 4204 alia
3364 4146 3589 4202 domina
3629 4145 3776 4214 lega-

2182 4243 2280 4297 vit.
2306 4241 2653 4297 Testamento
2679 4240 3004 4310 subscripsit
3041 4239 3324 4305 Galterus;
3356 4238 3445 4294 cui
3497 4235 3776 4304 exemplar

2183 4330 2602 4387 custodiendum
2643 4329 2921 4386 commisit
2961 4329 3304 4386 Guillelmus.
3337 4329 3382 4382 A
3443 4326 3605 4384 Petro
3647 4325 3777 4380 Ber-

2183 4421 2340 4476 nardi
2375 4419 2666 4476 Helenensi
2685 4421 2943 4491 episcopo
2973 4421 3180 4477 ascitus
3201 4420 3305 4475 fuit
3323 4435 3470 4474 anno
3497 4417 3689 4474 eodem
3717 4426 3780 4472 ut

2185 4517 2346 4570 tinem
2375 4515 2538 4570 simul
2563 4514 2907 4584 imponerent
2926 4515 3198 4570 diuturnae
3224 4512 3632 4576 controversiae,
3655 4525 3778 4580 qua:

2185 4607 2325 4662 inter
2359 4607 2690 4662 monasteria
2717 4606 3043 4663 Cuxanense
3071 4617 3126 4662 et
3161 4605 3430 4661 Arulense
3457 4604 3636 4658 inerat
3658 4615 3781 4671 pro-

2183 4706 2305 4768 pter
2346 4698 2633 4752 ecclesiam
2691 4695 2749 4752 S.
2787 4697 2932 4754 Petri
2990 4699 3058 4751 de
3100 4695 3376 4752 Turriliis.
3424 4694 3584 4749 Circa
3633 4691 3777 4746 idem

2187 4796 2402 4856 tempus
2424 4786 2652 4842 Pontius
2681 4787 2972 4842 Raimundi
3001 4786 3220 4842 Galtero
3245 4788 3481 4841 restituit
3513 4779 3780 4853 quidquid

2188 4880 2241 4932 in
2271 4879 2501 4934 ecclesia
2529 4879 2715 4935 Sancti
2742 4881 3005 4950 Stephani
3034 4880 3101 4935 de
3147 4877 3382 4934 Piniano
3419 4876 3678 4932 habebat.
3707 4876 3780 4928 A-

483 4967 683 5024 Briccii
704 4978 758 5022 et
783 4971 850 5024 de
897 4970 1134 5026 Laureto
1179 4980 1460 5027 canonicis
1512 4971 1741 5041 largitus
1771 4981 1872 5028 est.
1903 4973 1944 5025 A
1972 4973 2078 5028 Pa-
2109 4994 2152 5052 ο
2185 4972 2441 5029 demarus
2473 4973 2541 5028 de
2577 4973 2990 5028 Montearnaltlo
3021 4974 3198 5028 eidem
3244 4973 3462 5043 reliquit
3488 4971 3777 5028 ecclesiam

480 5058 710 5116 scbalill
736 5076 844 5115 una
862 5078 985 5116 cum
1010 5063 1132 5118 aliis
1156 5064 1341 5118 decem
1372 5063 1594 5117 arbitris
1623 5064 1826 5118 electus
1855 5073 1958 5130 est,
1981 5065 2074 5135 qui

480 5161 660 5209 ortam
687 5152 1058 5208 Casadensem
1085 5155 1228 5208 inter
1254 5164 1307 5210 et
1335 5155 1702 5210 Anianensem
1727 5156 1952 5212 abbates
1983 5174 2076 5212 su-

477 5261 580 5316 per
607 5245 946 5301 monasterio
993 5245 1061 5300 de
1106 5244 1430 5302 Gordanieis
1461 5247 1741 5316 querelam
1792 5248 2076 5318 referrent,

474 5355 646 5410 quam
674 5337 934 5394 Valentia:
993 5347 1332 5408 compescuit
1380 5355 1632 5396 summus
1660 5342 1902 5412 pontifex
1935 5359 2080 5399 anno

479 5431 639 5486 1107.
672 5431 866 5487 Datam
915 5430 1335 5487 Gelloneusibus
1375 5448 1405 5486 a
1456 5430 1516 5487 Β.
1545 5438 1825 5490 memoria:
1869 5434 2079 5491 Gotho-

475 5525 632 5583 fredo
662 5525 848 5582 Sancti
877 5526 1093 5583 Martini
1141 5527 1210 5583 de
1255 5526 1495 5584 Lundris
1540 5530 1832 5587 ecclesiam
1867 5532 2072 5586 confir-

2186 5064 2252 5119 dc
2277 5061 2688 5132 Senteiranicis,
2714 5063 2908 5120 Petrus
2928 5065 2994 5120 de
3018 5063 3205 5120 Salsas
3228 5065 3516 5122 ecclesiam
3545 5065 3612 5120 de
3637 5064 3778 5119 Casa

2187 5159 2356 5214 veteri
2408 5167 2462 5213 et
2520 5158 2741 5214 feudum
2783 5158 2838 5212 in
2889 5158 3130 5230 Gigcano
3173 5174 3274 5230 pro
3327 5168 3568 5230 quatuor
3624 5156 3780 5212 libris

2188 5249 2641 5321 Melgoriensibus
2667 5251 2845 5305 eidem
2873 5250 3269 5321 Oppigneravit.
3293 5249 3515 5320 Recepit
3536 5249 3780 5304 bominia

2188 5343 2462 5398 Guillelmi
2493 5342 2746 5411 Ribaute,
2769 5343 3022 5397 Dalmatii
3051 5343 3144 5397 lilii
3175 5352 3229 5398 et
3259 5340 3553 5398 Raimundi
3585 5343 3652 5398 de
3675 5341 3780 5396 Ca-

2186 5436 2316 5491 stris
2338 5453 2436 5506 pro
2463 5445 2646 5492 castro
2673 5437 2741 5491 de
2769 5436 3032 5508 Gigeauo.
3061 5433 3374 5491 Bernardus
3395 5451 3579 5491 comes
3603 5448 3777 5488 uxor-

2180 5545 2288 5600 que
2329 5527 2616 5584 Guillelma
2655 5528 3030 5584 cmmeterium
3059 5537 3111 5582 et
3133 5538 3276 5582 stare
3327 5529 3378 5582 ei
3422 5527 3776 5582 reddiderunt

474 5619 646 5675 mavit
698 5635 846 5675 anno
891 5619 1064 5689 1110,
1118 5621 1308 5677 indict.
1341 5637 1423 5689 ιιι,
1464 5632 1660 5694 quarta
1736 5623 2100 5680 decimarum
2180 5621 2336 5691 juxta
2378 5621 2668 5678 ecclesiam
2713 5619 2770 5676 S.
2811 5619 3046 5677 Romani
3083 5621 3150 5677 de
3174 5620 3452 5692 Melgorio.
3481 5619 3773 5674 Eleazarus

477 5719 632 5782 parte
672 5720 889 5770 servata
916 5712 1018 5771 sibi
1045 5721 1100 5770 et
1127 5711 1490 5781 oblationum,
1518 5713 1912 5785 canonicisquc
1933 5714 2078 5771 duo-

2186 5715 2254 5771 de
2304 5714 2722 5772 Monterotundo
2788 5715 3115 5771 communia;
3167 5714 3314 5771 sedis
3373 5710 3772 5786 Magalouensis
