4142 6360
345 367 446 420 709

1273 367 1645 425 GALTERUS
1683 367 1769 422 ΕΤ
1805 367 2258 425 ιιιετιςειιτυδ.
2297 399 2365 411 --
2403 368 2683 427 NOTITIA

3521 377 3626 432 710

343 483 629 542 ecclesiam
662 483 720 540 S.
756 483 929 556 Egidii
963 483 1030 541 de
1055 483 1216 541 Fisco
1238 501 1338 556 pro
1371 503 1399 542 ι
1432 487 1590 542 solid.
1625 486 1846 558 Melgor.
1877 485 1932 541 in
1964 490 2008 548 A
2037 490 2322 562 legationis
2349 488 2496 544 euris
2521 487 2846 559 praepeditus
2881 496 3136 560 praestare
3161 487 3402 545 nondum
3429 500 3622 558 potue-

344 581 599 636 manihus
627 579 830 635 Galteri
854 578 1532 650 dereliquit.,Recensetur
1557 581 1699 634 inter
1725 596 1931 650 praesu-

343 673 424 730 les
465 673 560 741 qui
601 687 746 728 anno
778 672 918 728 1115
951 672 1239 728 ecclesiam
1275 672 1692 728 Cassianensem
1731 687 1930 727 conse-

342 773 590 832 crarunt,
625 765 784 835 cujus
825 765 996 820 altare
1046 763 1146 819 SS.
1176 765 1440 834 apostolis
1468 764 1630 819 Petro
1657 773 1710 819 et
1734 763 1926 832 Paulo,

340 857 592 924 Andreae,
619 857 826 913 Jacoho
863 867 917 913 et
944 856 1001 912 S.
1027 856 1178 912 Fidei
1206 858 1424 928 abZipso
1454 858 1682 913 solemni
1707 858 1817 912 ritu
1845 859 1929 913 di-

341 957 544 1004 catum.
577 948 638 1004 L.
677 947 1012 1006 Vivariensis
1039 957 1093 1004 et
1124 948 1189 1003 A.
1216 948 1615 1004 Avenionensis
1641 951 1928 1019 episcopo-

339 1059 461 1097 rum
487 1053 680 1114 rogatu
723 1041 1000 1112 Stephano
1051 1041 1206 1097 Casa).
1241 1043 1335 1097 Dei
1376 1041 1560 1096 abbati
1606 1057 1925 1096 concessam

334 1135 448 1204 jam
485 1151 516 1190 a
550 1137 837 1191 decessore
869 1133 1155 1190 ecclesiam
1189 1133 1374 1189 Sancti
1403 1132 1674 1189 Vincentii
1702 1133 1768 1188 de
1791 1131 1928 1188 Jun-

339 1227 546 1296 quariis
583 1225 930 1281 conﬁrmavit
973 1241 1063 1279 an.
1101 1225 1257 1292 1116,
1282 1224 1638 1294 adjunxitque
1665 1225 1926 1282 ecclesias

340 1316 525 1373 Sancti
560 1317 706 1373 Petri
741 1317 807 1372 de
831 1317 1091 1372 Portiano
1118 1327 1172 1371 et
1201 1317 1268 1372 de
1290 1315 1564 1372 Caucone.
1592 1316 1928 1386 Approhavit

336 1425 482 1466 anno
511 1410 649 1465 1118
685 1409 1098 1466 ωᾱὶῐὶεθιίοιιεη]
1121 1407 1364 1464 ecclesia:
1391 1407 1704 1463 Murlensis.
1729 1407 1927 1462 Conci-

337 1505 613 1562 Tolosano
654 1505 848 1571 adfuit,
878 1505 972 1560 ubi
1011 1504 1220 1574 judicio
1243 1520 1274 1558 a
1303 1503 1518 1559 Calixto
1541 1501 1584 1556 ll
1616 1519 1715 1573 pro
1759 1502 1928 1557 Ania-

337 1598 600 1654 nensihus
629 1597 739 1652 lato
767 1595 951 1651 Idibus
978 1594 1108 1651 Julii
1129 1610 1276 1650 anno
1305 1595 1444 1650 1119
1467 1593 1812 1664 subscripsit.
1842 1591 1924 1647 Ad

335 1690 586 1746 eumdem
652 1697 875 1744 revocat
932 1703 1136 1742 annum
1195 1686 1468 1742 Gariellus
1521 1685 1846 1757 Templariis
1894 1701 1926 1741 a

333 1780 604 1838 Guillcmo
637 1779 926 1850 Monspelii
961 1779 1028 1834 ad
1055 1777 1317 1833 Sonariae-
1337 1777 1659 1832 suburhium
1686 1785 1925 1832 erectam

332 1877 526 1943 mdem,
557 1875 904 1943 dicatamque
934 1889 965 1927 a
991 1871 1211 1928 Caltero
1237 1871 1524 1927 ecclesiam
1554 1868 1615 1925 Β.
1645 1868 1829 1924 Maria:
1857 1869 1925 1924 de

332 1966 696 2033 ches,'nunc
725 1981 856 2020 vero
881 1963 1066 2019 Sancti
1095 1961 1325 2018 Joannis
1354 1961 1558 2033 Magni,
1586 1977 1708 2031 quae
1735 1969 1923 2031 postea

330 2061 388 2114 in
415 2059 885 2130 praeceptorialem
925 2057 1152 2112 domum
1203 2063 1538 2111 commutata
1583 2063 1698 2110 est:
1727 2061 1785 2108 at
1812 2070 1922 2108 non

330 2153 720 2209 animadvertit
747 2153 832 2206 vir
861 2152 1058 2208 doctus
1107 2149 1449 2220 Templarios
1490 2149 1544 2204 in
1573 2147 1922 2204 Occidentem

329 2263 439 2302 non
479 2255 795 2316 penetrasse
845 2252 974 2300 ante
1023 2259 1232 2298 annum
1286 2242 1446 2297 1128.
1479 2240 1616 2296 Cum
1667 2240 1922 2310 plurimis

328 2338 602 2408 episcOpis
655 2337 985 2407 subscripsit
1040 2334 1293 2391 Galterus
1331 2335 1494 2390 bullze
1541 2349 1570 2388 a
1621 2331 1922 2401 Calixto'Jl

329 2429 471 2485 datae
495 2447 532 2484 ιι
555 2429 633 2485 ld.
663 2429 794 2484 Julii
821 2428 962 2483 1120
985 2443 1087 2498 pro
1128 2428 1466 2482 monasterio
1494 2425 1784 2482 Electensi.
1811 2425 1923 2482 Me-

327 2531 575 2576 moratur
614 2521 668 2575 in
696 2522 886 2576 charta
909 2519 1206 2574 Raimundi
1233 2519 1300 2574 de
1321 2519 1574 2574 Cornone
1600 2527 1653 2573 et
1675 2517 1923 2574 Ricardae

329 2615 522 2670 uxoris
558 2629 660 2684 pro
716 2613 1054 2669 monasterio
1091 2611 1404 2667 Gellonensi
1451 2628 1549 2666 vm
1596 2611 1673 2666 1d.
1699 2610 1918 2666 Decem.

327 2724 420 2761 an.
452 2707 614 2762 1121.
647 2705 851 2761 Eodem
886 2721 1030 2761 anno
1071 2705 1396 2760 Guillclmns
1440 2703 1918 2774 Montispessulani

328 2799 584 2856 dominus
641 2799 884 2856 ecclesiae
930 2798 1300 2870 Magalonensi
1350 2807 1674 2854 testamento
1723 2797 1922 2868 legavit

329 2892 571 2947 moriens
599 2907 729 2947 vasa
759 2906 858 2946 sua
895 2892 1082 2946 omnia
1116 2903 1394 2962 argentea.
1422 2890 1582 2945 Anno
1630 2890 1768 2944 1122
1793 2889 1922 2946 Gal-

329 2993 479 3038 terus
502 2984 672 3038 astitit
697 2983 988 3039 conventui
1020 2984 1208 3038 habito
1237 2985 1378 3054 apud
1402 2982 1687 3038 Caslarum
1717 2983 1771 3037 in
1789 2983 1922 3038 diue-

327 3075 440 3132 cesi
491 3075 837 3142 Leutevensi,
868 3076 958 3131 ubi
1012 3076 1184 3147 ipsius
1221 3076 1432 3146 judicio
1461 3077 1612 3131 finita
1649 3075 1773 3142 fuit,
1799 3091 1922 3146 quae

2033 592 2138 648 rat,
2167 582 2468 652 promissos
2491 581 2707 635 tandem
2739 581 2954 636 duobus
2987 582 3040 635 in
3064 580 3239 646 libris,
3261 597 3368 636 non
3397 583 3618 652 quidem
3663 609 3684 658 ,ι

2031 674 2273 744 scripsit,
2303 684 2364 729 ut
2405 673 2547 743 apud
2605 672 2990 742 Trithemium,
3014 674 3092 729 sel
3142 675 3381 744 vulgavit
3429 674 3618 730 Flore:

2029 765 2353 834 psalmorum
2387 781 2416 820 a
2444 765 2698 820 Letberto
2729 767 2998 820 canonico
3029 764 3086 820 S.
3109 764 3254 821 Petri
3277 767 3420 836 apud
3457 766 3582 823 lnsu
3610 800 3620 812 -

2029 857 2111 912 las
2139 866 2193 912 et
2227 866 2410 929 postea
2452 859 2647 913 abbate
2681 857 2866 912 Sancti
2901 856 3024 912 Rufi
3072 859 3347 925 collectos,
3376 869 3430 915 et
3468 861 3622 915 misit

2029 950 2096 1004 ad
2120 949 2419 1006 Rohertum
2449 952 2568 1021 ejus
2599 951 3063 1020 consanguineum
3094 952 3446 1021 praepositum
3473 953 3622 1008 insu-

2028 1041 2237 1109 lanum,
2268 1052 2602 1113 caeterosque
2631 1043 2874 1112 ejusdem
2909 1042 3153 1096 ecclesiae
3173 1043 3490 1098 canonicos.
3513 1042 3618 1114 Ipsi

2028 1149 2248 1204 quoque
2275 1149 2382 1189 non
2417 1134 2749 1205 inelegantes
2780 1134 2846 1188 ad
2876 1132 3121 1188 diversos
3159 1134 3417 1203 epistolas
3447 1137 3619 1192 ascri-

2027 1225 2705 1297 bitTrithemius,aliaque
2728 1226 3008 1280 nonnulla.
3026 1224 3271 1294 Denique
3297 1243 3422 1282 cum
3447 1229 3616 1285 abbas

2027 1318 2356 1374 Anianensis
2397 1320 2618 1390 synodis
2649 1317 3132 1389 Magalonennihus
3171 1318 3363 1373 adesse
3391 1335 3582 1376 recusa
3613 1357 3620 1364 ι

2028 1423 2130 1479 ret,
2161 1431 2218 1469 re
2241 1431 2337 1485 per
2357 1415 2671 1486 episcopum
2699 1415 2765 1469 ad
2791 1413 3090 1470 Honorium
3121 1414 3160 1468 ll
3190 1424 3319 1471 tunc
3342 1416 3398 1471 in
3426 1419 3616 1472 cathe-

2027 1509 2126 1565 dra
2150 1507 2207 1563 S.
2227 1507 2369 1563 Petri
2393 1508 2691 1570 sedentem,
2717 1507 2915 1574 delata,
2940 1508 3384 1563 archidiaconum
3413 1518 3468 1564 et
3487 1526 3619 1580 pra:-

2029 1611 2303 1658 ccntorem
2351 1600 2676 1672 Agathensis
2725 1599 2981 1656 Ecclesiae
3027 1601 3302 1656 commisit
3367 1618 3618 1658 summus

2028 1690 2270 1762 pontifex
2298 1692 2443 1746 bulla
2467 1691 2608 1746 data'
2621 1691 2874 1746 Laterani
2901 1707 2939 1744 ιι
2963 1690 3236 1748 Kalendas
3269 1690 3442 1761 Junii,
3473 1708 3614 1762 pon-

2029 1785 2267 1840 tificatus
2296 1801 2440 1839 anno
2463 1801 2516 1852 v,
2540 1785 2744 1840 Christi
2769 1785 2926 1848 1129,
2953 1801 3059 1855 qua
3091 1800 3187 1856 per
3211 1786 3417 1863 legatos
3446 1787 3616 1857 signi-

1956 1851 1999 1904 Β
2028 1878 2225 1943 ficata,
2257 1876 2449 1932 Petrus
2499 1876 2830 1932 Anianensis
2877 1851 3047 1932 abbas
3091 1851 3312 1932 Caltervo
3362 1851 3616 1948 episcopo

2025 1977 2152 2024 ante
2198 1969 2368 2023 altare
2419 1966 2604 2023 Sancti
2649 1967 2846 2023 Briccii
2893 1968 3258 2023 obedientiam
3310 1969 3614 2024 secundum

2024 2061 2195 2117 Deum
2223 2062 2497 2133 promisit,
2527 2061 2916 2131 nonnullisque
2949 2061 3116 2116 cessit
3149 2061 3417 2128 ecclesiis,
3445 2077 3510 2116 ac
3536 2062 3618 2115 vi-

2024 2153 2211 2210 cissim
2237 2155 2527 2224 episcopus
2572 2169 2697 2208 cum
2749 2168 2976 2209 assensu
3005 2153 3398 2208 canonicorum
3444 2153 3615 2208 Ania-

2024 2247 2179 2303 nensi
2207 2246 2540 2301 monasterio
2561 2245 2848 2300 ecclesiam
2879 2253 3082 2300 sancta:
3106 2243 3288 2300 Maria:
3319 2244 3385 2300 de
3407 2243 3618 2300 Roveto

2025 2340 2264 2404 tradidit,
2298 2339 2541 2409 aliasque
2571 2354 2696 2394 cum
2741 2338 2934 2393 abbate
2972 2338 3232 2407 przedicto
3263 2338 3614 2406 permutavit,

2023 2431 2483 2503 quemadmodum
2518 2431 2749 2485 habetur
2786 2429 2841 2484 in
2885 2429 3248 2484 instrumento
3277 2430 3446 2484 veteri
3473 2431 3619 2500 apud

2023 2524 2343 2580 Cariellum.
2367 2523 2520 2578 lianc
2549 2532 2732 2578 autem
2778 2521 2971 2576 initam
3003 2538 3112 2578 non
3139 2521 3310 2576 multo
3337 2530 3460 2591 post
3487 2537 3619 2576 con-

2023 2617 2263 2672 cordiam
2284 2630 2315 2670 e
2345 2615 2482 2670 vivis
2512 2615 2812 2669 excessisse
2847 2613 3126 2668 Galterum
3177 2629 3460 2668 necessum
3492 2623 3616 2669 est:

2024 2707 2365 2763 ltaimundus
2398 2707 2545 2761 enim
2575 2706 2696 2776 ejus
2720 2721 3006 2761 successor
3035 2706 3148 2775 jam
3171 2713 3401 2776 przeerat
3430 2722 3620 2762 mense

2021 2799 2291 2871 Augusto,
2319 2807 2380 2853 ut
2411 2813 2538 2852 mox
2570 2797 2902 2853 videbimus.
2929 2796 3228 2853 Defunctus
3257 2809 3438 2852 autem
3462 2813 3619 2869 sepe-

2021 2891 2152 2947 litur
2172 2892 2364 2947 eodem
2391 2905 2501 2962 quo
2525 2890 2778 2946 decessor
2805 2888 3174 2946 Gothofredus
3199 2890 3412 2960 positus
3441 2890 3622 2946 fuerat

2021 2983 2164 3050 loco,
2188 2991 2249 3037 ut
2281 2990 2498 3037 constat
2535 2997 2603 3036 ex
2634 2980 2974 3038 carminibus
3019 2979 3162 3036 infra
3212 2981 3569 3051 subjiciendis
3601 3000 3616 3036 :

2022 3075 2167 3138 unde
2196 3073 2473 3130 concludit
2501 3071 2771 3128 Gariellus
2799 3071 2904 3127 sub
2931 3071 3091 3127 finem
3113 3073 3237 3127 vitae
3259 3072 3616 3128 decessorum

326 3170 629 3224 monachos
672 3168 1048 3225 Juncellenses
1076 3170 1219 3224 inter
1248 3178 1302 3224 et
1350 3170 1702 3226 Conchenses
1746 3171 1922 3226 inerat
1947 3193 1994 3254 ρ
2024 3166 2318 3238 praesulum
2343 3165 2558 3236 pietatis
2586 3164 2843 3219 aemulum
2869 3162 3216 3219 Palzestinam
3246 3165 3470 3235 petiisse
3492 3165 3621 3220 Gal-

325 3264 703 3319 controversia
747 3279 912 3334 super
955 3264 1184 3320 ecclesia
1213 3263 1280 3318 de
1321 3261 1559 3319 Casulis.
1587 3263 1920 3319 Discordan-

325 3365 410 3412 tes
438 3355 790 3411 Guillelmum
835 3355 1288 3426 Monspeliensem
1314 3366 1368 3412 et
1389 3357 1642 3413 comitem
1675 3356 1920 3430 Melgorii

269 3451 276 3462 ‘
325 3463 453 3502 cum
496 3463 693 3519 magna
720 3449 1033 3518 eloquentia
1078 3447 1456 3517 suavitateque
1483 3448 1744 3518 praeditus
1768 3463 1920 3504 com-

325 3555 532 3610 ponere
565 3556 674 3594 non
704 3550 892 3610 posset
927 3539 1199 3604 Galterus,
1233 3540 1301 3594 ad
1333 3539 1606 3594 Calixtum
1633 3538 1678 3592 ll
1702 3540 1922 3610 pontiﬁ-

327 3647 444 3686 cem
478 3632 688 3699 scribit,
717 3632 812 3702 qui
844 3647 989 3686 anno
1017 3632 1153 3685 1121»
1178 3631 1400 3686 Petrum
1444 3631 1919 3701 archiepiscopum

329 3719 718 3788 Viennensem,
761 3719 1048 3793 llugonem
1112 3721 1703 3792 Gratianopolitanum,
1737 3719 1921 3776 Hilde—

325 3816 542 3887 garium
589 3814 1055 3870 Tarraconensem
1079 3855 1094 3881 ,
1126 3827 1181 3868 et
1223 3814 1510 3868 Artaldum
1554 3813 1922 3883 Carpentora-

327 3915 566 3962 ctensem
625 3904 862 3970 induxit,
891 3913 950 3959 ut
996 3920 1122 3959 cum
1155 3904 1373 3960 Galtcro
1418 3905 1518 3960 has
1574 3905 1924 3973 conSOpirent

325 3997 664 4052 inimicitias.
691 3995 897 4051 Arbitri
952 3996 1135 4066 ilaque
1174 3997 1330 4051 electi
1374 3996 1428 4050 in
1457 3995 1688 4052 ecclesia
1733 3995 1921 4050 Sancti

326 4089 544 4145 lfartini
591 4091 658 4145 de
712 4088 900 4144 Cretio
921 4089 1010 4145 die
1067 4087 1289 4144 Sabbati
1333 4089 1366 4143 9
1411 4087 1540 4143 Maii
1579 4103 1726 4144 anno
1759 4088 1920 4156 1125,

325 4184 530 4238 Galteri
553 4183 903 4254 pontificatus
941 4199 1032 4238 an.
1068 4197 1204 4248 χχιι,
1235 4191 1630 4248 convenerunt,
1657 4182 1750 4236 ubi
1772 4197 1925 4252 qua»

325 4291 545 4345 cunque
596 4276 853 4331 comitem
893 4277 1036 4330 inter
1088 4285 1142 4330 et
1192 4259 1512 4345 toparcham
1550 4283 1920 4330 controverte-

327 4367 530 4422 bantur
569 4367 846 4430 deliniere,
869 4374 922 4422 et
966 4366 1255 4422 Gnillelmo
1319 4374 1572 4421 auctores
1625 4364 1816 4432 fuere,
1861 4373 1922 4419 ut

326 4458 604 4515 Bernardo
655 4460 777 4515 fidei
828 4469 1233 4514 sacramentum
1280 4459 1506 4514 diceret.
1546 4458 1697 4514 Hanc
1729 4459 1920 4513 defini-

325 4553 533 4608 tionem
563 4553 787 4607 mandat
822 4552 1075 4608 Galterus
1117 4551 1356 4608 Robcrto
1395 4551 1689 4622 praeposito
1714 4551 1923 4606 lnsula-
1955 4555 1999 4609 D

325 4661 452 4701 rum
495 4644 744 4715 epistola,
771 4645 824 4698 in
880 4661 988 4712 qua
1058 4660 1117 4700 se
1175 4645 1354 4714 ipsum
1407 4643 1464 4698 S.
1493 4643 1557 4698 11.
1587 4643 1648 4698 E.
1684 4645 1916 4714 legatum

325 4745 628 4807 nuncupat,
661 4751 772 4807 quo
799 4735 939 4790 forte
969 4737 1128 4791 titulo
1153 4752 1185 4791 a
1212 4751 1428 4792 summo
1464 4737 1720 4806 pontifice
1747 4735 1922 4791 fuerat

325 4833 739 4896 cohonestatus,
766 4838 824 4883 ut
840 4829 1049 4899 judicio
1078 4829 1220 4883 inter
1243 4830 1498 4885 comitem
1528 4837 1582 4883 et
1607 4830 1924 4898 toparcham

327 4923 552 4977 ferendo
597 4929 873 4991 prmesset.
924 4919 1039 4975 Hoc
1091 4921 1271 4975 adhuc
1321 4921 1543 4974 nomine
1589 4918 1929 4975 Casadenses

325 5015 850 5080 excommunicavit,
877 5015 971 5084 qui
1002 5013 1149 5068 litem
1180 5013 1442 5068 adversus
1470 5012 1809 5067 Aniancnses
1836 5029 1922 5067 re-

325 5106 596 5174 petierant
652 5106 798 5161 circa
845 5105 1133 5161 ecclesiam
1218 5105 1285 5159 de
1343 5103 1690 5158 Gordanicis.
1725 5103 1917 5158 lis-lem

325 5197 491 5252 aiam
541 5199 898 5254 suadentibus
941 5199 1164 5254 arbitris
1219 5197 1545 5253 Guillclmns
1585 5196 1707 5250 fldci
1735 5211 1920 5251 sacra—

326 5302 572 5344 mentum
599 5292 744 5362 quod
774 5291 1048 5345 abnuebat
1095 5289 1314 5346 Galtero
1343 5289 1611 5356 exhibuit,
1652 5297 1709 5342 ut
1751 5289 1920 5358 liquet

330 5397 396 5435 ex
423 5383 560 5437 actis
592 5383 878 5438 consulum
909 5397 940 5436 a
971 5380 1211 5437 Gariello
1246 5383 1450 5437 citatis.

401 5472 479 5528 Eo
499 5474 716 5529 circiter
748 5482 992 5544 tempore
1035 5473 1181 5543 quod
1233 5473 1477 5527 muneris
1528 5470 1819 5542 pastoralis
1863 5478 1919 5525 et

401 5677 476 5748 {fl
523 5677 630 5731 Hoc
686 5678 872 5734 faxrsan
903 5679 1162 5748 deceptus
1201 5677 1322 5731 loco
1354 5674 1923 5748 confunditgdoctissi-

327 5745 462 5805 mus
485 5748 918 5820 PagiCalterum
947 5745 1196 5805 nostrum
1225 5764 1348 5803 cum
1379 5748 1617 5803 Galterio
1633 5746 1699 5802 dc
1720 5745 1925 5802 Castel-

2027 3265 2224 3324 terum,
2249 3256 2432 3326 ibique
2487 3255 2631 3310 diem
2689 3255 2940 3310 ultimum
2969 3255 3195 3323 abiisse,
3233 3265 3289 3311 et
3338 3257 3393 3310 in
3435 3265 3620 3312 monte

2021 3345 2317 3416 Peregrino
2354 3345 2544 3400 eodem
2583 3361 2695 3415 quo
2743 3345 2998 3400 decessor
3043 3345 3254 3400 tumulo
3284 3346 3564 3401 conditum
3599 3365 3616 3401 :

2022 3449 2078 3496 at
2099 3457 2222 3497 cum
2250 3440 2403 3510 prius
2430 3456 2537 3494 non
2569 3449 2799 3507 constet,
2821 3449 2876 3496 et
2901 3455 2932 3494 a
2960 3439 3285 3509 quibusdam
3313 3439 3366 3493 in
3388 3439 3617 3495 dubium

2022 3541 2330 3598 revocetur,
2359 3537 2420 3584 ut
2453 3529 2569 3600 jam
2611 3529 2872 3597 diximus,
2905 3529 3180 3600 posterius
3209 3529 3476 3584 incertum
3506 3544 3621 3582 ma-

2022 3636 2133 3693 net,
2157 3637 2212 3682 et
2255 3627 2417 3682 ﬁdem
2468 3641 2686 3682 omnem
2737 3635 2960 3696 superat
3006 3633 3228 3696 propter
3267 3623 3526 3694 exiguum
3563 3629 3618 3677 et

2021 3719 2184 3776 breve
2214 3719 2471 3789 temporis
2491 3719 2748 3788 spatium.
2777 3718 2835 3774 In
2863 3718 3033 3775 veteri
3080 3717 3394 3789 necrologio
3427 3714 3616 3786 Maga-

2022 3812 2264 3868 lonensis
2303 3811 2549 3868 ecclesiae
2584 3810 2782 3880 legitur
2813 3827 2826 3864 :
2853 3808 3039 3863 Prima
3063 3807 3148 3864 die
3187 3807 3353 3862 Luna:
3385 3817 3500 3878 post
3531 3824 3620 3876 sy-

2023 3905 2218 3959 nodum
2247 3904 2470 3958 Paschaz
2506 3911 2710 3957 tenetur
2735 3901 3030 3970 capitulum
3075 3902 3247 3970 facere
3279 3902 3494 3954 missam
3519 3917 3616 3970 pro

2023 3997 2204 4050 anima
2238 3995 2301 4049 ι).
2331 3993 2535 4049 Galteri
2571 3990 2964 4064 Magalonensis
3002 3992 3250 4061 episcopi.
3280 3989 3414 4060 Ejus
3435 3991 3618 4045 obitus

2023 4089 2332 4159 assignatur
2360 4089 2426 4141 ad
2456 4084 2644 4141 Nonas
2671 4083 2984 4140 Decembris
3009 4084 3061 4137 in
3088 4082 3408 4154 Necrologio
3430 4084 3617 4140 Sancti

2023 4179 2198 4251 Egidii
2243 4189 2524 4233 asservato
2583 4177 2638 4230 in
2686 4174 3012 4230 bibliotheca
3063 4173 3155 4228 Fr.
3188 4173 3616 4228 Pmdicatornnt

2023 4269 2531 4337 Chamberiacensi,
2560 4270 2652 4325 ubi
2701 4267 2904 4324 dicitur
2951 4267 3253 4321 monachus
3304 4265 3617 4322 Molismen—

2024 4363 2124 4430 sis,
2151 4363 2298 4434 quod
2354 4361 2546 4416 nullibi
2599 4360 2781 4416 adhuc
2841 4359 3038 4429 reperi.
3077 4357 3152 4412 De
3202 4355 3421 4413 Galtcro
3461 4366 3616 4413 vetus

2026 4469 2245 4526 quoque
2269 4470 2425 4509 musa
2452 4452 2596 4523 apud
2621 4451 2908 4508 Verdalam
2938 4450 3156 4506 cecinit.

2100 4590 2178 4644 Illi
2203 4590 2455 4646 Galterus
2478 4588 2720 4644 succedit
2747 4587 2892 4642 filius
2917 4587 3056 4657 ejus,

2169 4681 2341 4736 Filius
2371 4681 2656 4751 obsequio,
2688 4679 2830 4734 filius
2854 4678 3048 4742 ofﬁcio,

2098 4775 2320 4839 Doctus,
2345 4782 2398 4829 et
2423 4781 2656 4839 astutus,
2692 4786 2786 4841 per
2820 4787 3013 4825 versus
3041 4771 3118 4840 (l)
3161 4769 3362 4834 clarus,
3394 4773 3612 4836 acutus,

2168 4865 2400 4935 Magnus
2429 4863 2679 4928 consilio,
2708 4878 2940 4931 magnus
2968 4871 3021 4915 et
3054 4862 3140 4914 elo
3163 4859 3294 4928 guio,

2099 4957 2344 5026 Corpore
2372 4954 2642 5019 sincerus,
2673 4961 2726 5006 et
2759 4951 3022 5020 religione
3049 4965 3297 5015 severus,

2174 5049 2464 5118 Impatiens
2496 5045 2737 5111 seeleris,
2765 5043 3103 5113 compatiens
3134 5042 3375 5106 miseris,

2099 5143 2315 5197 Norma:
2347 5141 2607 5207 cultores,
2645 5149 2696 5194 et
2725 5147 2944 5193 nostros
2969 5137 3121 5191 auxit
3153 5136 3410 5200 honores,

2170 5237 2354 5292 Crevit
2389 5237 2702 5298 thesaurus,
2737 5231 2961 5298 fabrica,
2989 5231 3155 5299 fama,
3183 5231 3400 5286 domus.

2098 5331 2225 5386 Inde
2253 5345 2490 5400 sequens
2527 5327 2665 5382 tristi
2699 5325 2923 5396 vestigia
2958 5334 3105 5379 sorte
3136 5322 3383 5394 magistri

2169 5423 2397 5488 lnteriit,
2421 5421 2632 5492 positus
2661 5435 2772 5490 quo
2796 5429 2950 5490 pater
2976 5427 3101 5472 ante
3138 5430 3294 5470 suus.

2031 5673 2177 5726 lione
2201 5669 2400 5726 celebri
2430 5678 2609 5740 poeta,
2637 5669 2729 5740 qui
2757 5667 2957 5726 smculo
2983 5682 3082 5721 xm
3114 5664 3358 5720 florebat.
3387 5662 3488 5718 Alii
3517 5678 3603 5719 au-

2033 5754 2138 5798 tem
2173 5744 2359 5812 legunt
2382 5741 2659 5812 percomis.
