4142 6360
504 338 613 394 715
1564 323 1925 381 LIETBERTI
1956 322 2255 379 ABBATIS
2294 324 2353 379 S.
2394 321 2556 378 RUFI
3637 325 3742 382 716

504 461 608 507 tes.
635 447 747 507 Nec
771 447 1062 506 attendatis
1097 444 1229 517 quid
1266 448 1602 513 quantumve
1640 454 1672 494 a
1706 438 1874 494 nobis
1912 437 2068 493 vobis
2098 442 2145 499 Α
2168 437 2299 494 dum
2327 437 2547 494 eosdem
2584 436 2755 493 libros
2788 438 3161 508 postulaverit,
3192 454 3295 510 pro
3335 453 3435 495 sua
3477 439 3743 510 petitione

504 542 748 607 offertur,
772 540 869 596 sed
889 555 955 595 ex
989 544 1194 608 quanto
1246 534 1403 590 vobis
1449 530 1724 587 offeratur.
1768 528 1944 584 Testis
1985 535 2071 583 est
2167 537 2221 584 et
2240 537 2427 586 nostra
2455 529 2819 599 promissione
2845 545 3060 601 semper
3080 531 3280 588 habere
3302 539 3596 588 mereatur.

503 636 650 690 enim
688 632 823 687 mihi
870 630 1015 686 Deus
1070 625 1344 699 quomodo
1398 638 1589 679 omnes
1638 621 1855 692 cupiam
1883 634 1983 676 vos
2012 620 2071 674 in

504 724 804 782 visceribus
824 720 952 777 Jesu
987 719 1229 785 Christi;
1259 724 1316 772 et
1361 716 1468 771 hoc
1511 729 1610 770 oro
1639 724 1700 768 ut
1731 713 2074 782 omnipotens

504 815 648 871 Deus
679 828 777 884 per
832 811 1161 881 condignum
1211 806 1542 878 poenitentiae
1588 804 1825 861 fructum
1859 818 1963 871 vos,
2003 802 2074 858 ad

502 919 707 976 pascua
754 902 880 957 vitae
931 908 1145 956 aeternae
1198 897 1494 968 perducere
1545 892 2074 967 dignetur.§Neque

500 997 648 1050 enim
674 994 840 1051 vestri
872 992 1119 1049 oblivisci
1148 989 1440 1061 aliquando
1464 1004 1778 1059 possumus.
1807 985 2074 1042 Volumus

502 1096 559 1143 et
582 1101 840 1159 rogamus
862 1094 923 1143 ut
942 1084 1157 1156 quoties
1181 1084 1415 1141 domnus
1452 1082 1770 1138 Hescelinus
1797 1081 1865 1137 ad
1888 1082 2073 1153 legen-

579 1199 759 1273 (5)7Ex
800 1202 904 1273 hac
927 1198 1153 1270 epistola
1194 1194 1644 1273 seupragfatione,
1668 1208 1831 1273 quam
1857 1207 1922 1247 ex
1948 1190 2070 1245 Bel-

506 1265 922 1343 gic‘a'Duuensis
942 1265 1256 1343 monasterii
1291 1265 1616 1343 bibliotheca
1641 1265 2071 1343 eruimus,neon-

506 1331 756 1398 iirmatur
793 1338 1305 1411 sententiaqﬂoberti
1346 1335 1659 1411 in-breviori
1703 1333 1874 1389 Gallia
1913 1331 2073 1411 (ξιιτί-

508 1414 708 1475 stiana,
738 1409 1011 1465 censentis
1053 1408 1333 1464 Galterum
1378 1405 2076 1475 blagaloriensem_episco-

507 1498 639 1551 pum
661 1470 910 1551 eumdem
930 1494 1050 1551 esse
1071 1494 1194 1551 cum
1217 1476 1455 1551 Galtero,
1471 1470 1575 1551 'qui
1603 1471 1791 1551 lf‘lores
1828 1470 2077 1551 Psalmo-

508 1539 629 1605 rum
656 1549 913 1619 vulgavit.
941 1547 1217 1619 Immerito
1241 1539 1469 1619 proinde
1488 1539 1591 1619 hoc
1606 1542 1835 1619 in‘loco
1859 1539 2080 1619 .Rlob‘er-

508 1629 625 1674 tum
651 1608 854 1675 erroris
878 1619 1154 1689 postulant
1174 1608 1585 1689 Sail-Martinam
1604 1612 1660 1665 in
1682 1610 1876 1689 fusiori
1904 1608 2079 1689 Gallia

507 1689 841 1753 Christiana,
878 1680 955 1744 'ac
991 1686 1185 1742 Petrus
1226 1684 1442 1740 Gabriel
1492 1683 1547 1736 in
1580 1683 1741 1753 serie
1785 1680 2077 1753 praescium

508 1750 996 1829 Magalonen’sium,
1019 1758 1113 1827 qui
1133 1756 1382 1813 Galteros
1402 1754 1540 1809 duos
1561 1751 1847 1807 distinctos
1867 1750 2079 1804 volunt.

2242 618 2429 675 Gratia
2471 618 2568 674 Dei
2611 622 2945 690 prawedente
2966 636 3063 691 per
3087 620 3460 691 importunum
3501 621 3744 677 laborem

2173 716 2228 764 et
2256 707 2568 764 instantiam
2593 717 2839 765 nostram
2878 724 2982 779 pax
3024 709 3166 765 inter
3208 708 3481 779 principes
3523 718 3747 767 nostros

2176 799 2471 855 reformata
2490 808 2594 866 est,
2624 800 2769 856 unde
2795 807 2908 856 tota
2934 801 3109 871 patria
3146 808 3339 856 nostra
3377 801 3609 858 laetatur.
3635 800 3749 857 Va-

2174 892 2279 947 lete
2305 931 2321 959 ,
2366 900 2421 947 et
2473 891 2636 948 amici
2685 892 2854 949 vestri
2897 891 3220 948 memoriam
3290 906 3509 963 semper
3576 892 3746 950 habe-

2172 992 2284 1040 tote
2313 983 2414 1055 (5).

2181 1185 2469 1254 Praeterea,
2491 1200 2559 1258 ex
2576 1184 2685 1242 hac
2709 1184 2933 1258 epistola
2946 1184 3488 1258 constat,__Ga1terum
3512 1183 3750 1258 διακριθ-

2177 1272 2401 1337 nensem
2438 1256 2753 1337 episcopum
2799 1255 2961 1337 legati
2993 1256 3277 1326 apostolici
3304 1255 3586 1337 dignitate
3606 1255 3749 1337 '_fun-

2177 1334 2326 1381 ctum
2382 1341 2505 1382 esse
2535 1326 2717 1395 :quod
2760 1325 2943 1380 nullus
2987 1325 3176 1395 eorum
3224 1325 3450 1380 notavit.
3486 1325 3567 1395 Ad
3606 1326 3748 1393 hac,

2180 1394 2621 1465 consanguineus
2649 1394 2752 1450 fuit
2780 1395 2999 1450 Roberti
3040 1394 3281 1450 Insulani
3326 1394 3622 1465 praepositi,
3666 1398 3749 1452 uti

2183 1465 2301 1534 ipse
2324 1464 2526 1520 diserte
2547 1467 2812 1588 agnoscit.
2844 1465 2994 1520 Sedit
3018 1465 3287 1548 Galterius
3322 1464 3392 1520 ab
3405 1478 3561 1547 .anno
3584 1465 3747 1533 1105,

2185 1537 2253 1588 ad
2277 1551 2482 1588 annum
2512 1537 2563 1588 ll
2613 1536 2667 1588 9.
2700 1544 2943 1588 tempore
2964 1544 3137 1588 sancti
3160 1534 3422 1588 Bernardt
3451 1532 3747 1588 Claraaval-

2185 1532 2253 1589 ad
2277 1551 2482 1589 annum
2512 1532 2681 1605 1199,
2700 1544 2943 1605 tempore
2964 1536 3137 1590 sancti
3160 1534 3422 1590 Bernardi
3451 1532 3749 1605 Clay-gravat;

2180 1604 2250 1675 lis
2279 1605 2510 1669 abbatis,
2548 1605 2644 1674 qui
2672 1604 2726 1659 in
2757 1603 2985 1675 epistola
3006 1605 3076 1659 98
3098 1604 3283 1659 laudat
3303 1604 3524 1659 fratrem
3540 1603 3749 1675 Hesce-

2184 1674 2378 1741 linum,
2404 1690 2515 1729 non
2538 1673 2737 1746 alium,
2761 1673 2822 1729 ut
2848 1684 3008 1746 puto,
3027 1690 3191 1744 quam
3217 1676 3314 1746 qui
3343 1674 3431 1730 hic
3451 1688 3485 1728 a
3522 1673 3750 1730 Galtero

2184 1752 2519 1800 memoratur
2545 1745 2846 1801 canonicus
2867 1745 3176 1801 lnsulanus.

519 1854 3749 1900 P————_————‘——I—————_———‘

1101 1976 1711 2093 GALTERI
1791 1974 2431 2089 EPISCOPI
2515 1969 3143 2087 DIPLOMA

1580 2155 1719 2213 Ριὶο
1752 2152 2201 2213 MONASTERIO
2237 2152 2689 2211 GELLONENSI.

1240 2269 1445 2342 (Gallia
1470 2267 1777 2324 Christiana
1802 2283 1928 2325 nov.
1951 2267 2107 2335 edit.,
2134 2275 2267 2323 tom.
2300 2265 2390 2337 Vl,
2418 2267 2698 2338 instrum.,
2723 2267 2830 2324 col.
2861 2267 3014 2338 275.)

574 2461 777 2519 Notitia
805 2454 1117 2518 donationis
1150 2467 1317 2524 quam
1340 2449 1469 2508 fecit
1494 2448 1808 2507 Gotafridus
1835 2448 2075 2521 Magalo—
2106 2461 2150 2517 Β
2178 2462 2232 2508 et
2257 2451 2671 2509 successoribus
2697 2449 2812 2507 suis
2845 2449 2901 2504 in
2936 2450 3052 2519 jam
3093 2446 3239 2504 dicta
3261 2448 3489 2505 ecclesia
3519 2446 3578 2504 Β.
3606 2447 3750 2506 Maro

504 2557 690 2612 nensis
719 2539 1006 2623 episcopus
1034 2543 1344 2604 Gellonensi
1387 2540 1741 2597 monasterio.
1769 2539 1926 2595 Dedit
1971 2540 2078 2595 ita-

503 2660 611 2715 que
658 2644 816 2698 bona:
866 2639 1147 2696 memoriae
1193 2631 1519 2692 Gotafredus
1562 2627 1853 2701 episcopus
1894 2628 2077 2685 Gello-

501 2735 662 2791 nensi
701 2731 1034 2788 monasterio
1061 2728 1347 2785 ecclesiam
1380 2726 1439 2782 S.
1468 2721 1688 2781 Martini
1712 2723 1780 2778 de
1804 2720 2075 2786 Lundras,

500 2837 629 2883 ante
656 2840 822 2896 quam
854 2822 1201 2879 donationem
1234 2820 1374 2875 idem
1403 2820 1691 2890 episcopus
1725 2813 1948 2873 retinuit
1974 2811 2078 2868 sibi

500 2928 752 2991 quartam
777 2924 987 2987 partem
1014 2913 1071 2968 in
1109 2912 1336 2969 decimis
1354 2953 1369 2978 ,
1397 2922 1451 2965 et
1478 2909 1846 2965 oblationibus
1866 2950 1881 2976 ,
1914 2916 2090 2964 cate-

498 3012 690 3081 risque
709 3007 952 3080 ejusdem
975 3003 1217 3060 ecclesiae
1239 3001 1560 3069 redditibus,
1583 3000 1726 3056 sicut
1750 3000 1892 3056 sacri
1912 3014 2078 3055 cano-

500 3117 598 3158 nes
647 3099 976 3155 instituunt:
1009 3094 1462 3166 quaquuartam
1505 3102 1714 3162 partem
1765 3092 1912 3148 dedit
1940 3106 2078 3160 pra:-

498 3190 646 3247 fatus
671 3189 960 3260 episcopus
990 3186 1044 3241 in
1076 3185 1329 3241 manibus
1353 3183 1573 3256 Augerii
1618 3182 1985 3238 archidiaconi
2023 3188 2078 3236 et

498 3281 764 3354 Rostagni
791 3282 858 3337 de
879 3279 1212 3350 Cavaierago
1245 3278 1299 3332 in
1320 3292 1480 3332 usum
1500 3276 1731 3331 fratrum
1756 3275 2078 3347 regulariter

495 3374 793 3431 viventium
840 3370 1203 3444 profuturam.
1234 3367 1433 3424 Postea
1476 3382 1604 3421 vero
1650 3373 1867 3421 mortuo
1912 3364 2079 3421 Gota-

496 3468 640 3523 frido
683 3465 960 3536 episcopo,
987 3472 1041 3518 et
1079 3460 1136 3516 in
1167 3461 1289 3516 loco
1343 3459 1462 3529 ejus
1515 3457 1753 3513 Galterio
1798 3458 2074 3528 episcopo,

497 3558 815 3624 substituto,
844 3555 1088 3610 fecerunt
1140 3551 1550 3621 Magalonenses
1590 3549 1842 3604 canonici
1885 3549 2078 3604 defini-

498 3649 849 3704 tionem-cum
870 3644 1073 3700 abbate
1116 3641 1278 3696 Petro
1304 3641 1468 3695 talem
1500 3639 1772 3707 videlicet,
1793 3639 1941 3710 quod
1963 3640 2077 3696 sin-

496 3737 639 3810 gulis
667 3736 825 3791 annis
848 3734 1163 3805 persolvant
1191 3733 1273 3788 eis
1300 3730 1652 3788 Gellonenses
1679 3732 1935 3786 monachi
1955 3746 2078 3786 vac-

494 3843 617 3884 cam
648 3842 815 3882 unam
838 3825 1107 3881 valentem
1138 3840 1215 3879 xu
1252 3823 1456 3880 solidos
1486 3831 1577 3878 :et
1610 3824 1656 3879 si
1685 3839 1908 3879 vaccam
1941 3824 2072 3880 dare

494 3917 792 3984 noluerint,
824 3916 1027 3972 donent
1059 3930 1138 3969 xu
1177 3914 1380 3970 solidos
1412 3912 1786 3985 Melgoriensis
1816 3923 2065 3972 monetae.

495 4008 610 4065 Hoc
632 4018 811 4063 tamen
834 4007 891 4061 in
921 4006 1318 4061 monachorum
1339 4006 1444 4060 erit
1465 4004 1904 4073 arbitrio,utrum
1933 4021 2065 4062 vac-

492 4118 612 4159 cam
636 4100 948 4172 persolvant
971 4098 1055 4153 vel
1075 4113 1153 4152 xu
1178 4096 1399 4164 solidos,
1414 4096 1659 4152 debitum
1686 4105 1867 4152 autem
1896 4096 2063 4163 istud,

489 4206 713 4247 vaccam
747 4189 997 4247 videlicet
1023 4197 1118 4245 aut
1164 4205 1241 4244 xu
1287 4189 1510 4256 solidos,
1538 4189 1767 4245 reddant
1810 4190 2066 4247 monachi

488 4281 964 4355 Magalonensibus
981 4280 1261 4337 canonicis
1280 4281 1455 4350 prima
1481 4280 1567 4335 vel
1590 4280 1828 4336 secunda
1858 4281 2067 4337 hebdo-

488 4375 649 4429 mada
675 4372 955 4430 Adventus
984 4371 1221 4428 Domini.
1245 4370 1550 4442 Episcopus
1584 4387 1715 4428 vero
1743 4373 1939 4428 retinet
1965 4373 2069 4428 sibi

2178 2545 2279 2600 tini
2324 2543 2680 2601 reverentiam
2727 2540 3111 2612 episcopalem,
3133 2548 3187 2595 et
3227 2539 3463 2595 debitam
3493 2541 3750 2599 obedien-

2180 2638 2330 2704 tiam,
2375 2644 2429 2693 et
2473 2635 2730 2708 synodos,
2757 2633 3007 2690 videlicet
3078 2634 3221 2689 inter
3278 2633 3468 2689 ambas
3515 2635 3755 2705 synodos

2178 2729 2419 2799 quinque
2446 2725 2670 2796 solidos,
2699 2734 2756 2783 et
2778 2725 2966 2782 decem
2994 2725 3271 2792 denarios,
3295 2734 3348 2781 et
3372 2726 3624 2797 albergos
3645 2724 3752 2782 sibi

2175 2831 2232 2877 et
2281 2820 2688 2877 successoribus
2738 2820 2874 2876 suis.
2904 2818 3055 2875 Hanc
3095 2819 3463 2875 deﬁnitionem
3508 2817 3754 2875 fecerunt

2177 2911 2465 2986 episcopus
2496 2910 2768 2967 Galterius
2789 2919 2844 2967 et
2864 2911 3033 2968 abbas
3066 2908 3261 2965 Petrus
3296 2908 3439 2964 inter
3462 2908 3755 2965 canonicos

2177 3004 2588 3079 Magalonen‘ses
2618 3010 2683 3075 [et
2732 3006 3031 3062 monachos
3073 3003 3423 3060 Gellonenscs
3452 3000 3508 3057 in
3546 2999 3753 3057 Monte-

2176 3100 2469 3169 pessulano
2494 3098 2550 3153 in
2571 3097 2860 3169 praesentia
2880 3095 3268 3152 canonicorum
3290 3091 3755 3163 Magalonensium

2176 3189 2320 3245 Petri
2343 3189 2733 3256 archidiaconi,
2756 3200 2809 3243 et
2858 3186 3082 3242 Deodati
3128 3184 3408 3255 mancipii,
3429 3192 3486 3239 et
3537 3180 3754 3247 Nicetii,

2177 3290 2231 3336 et
2256 3280 2402 3337 Petri
2428 3282 2496 3337 de
2524 3278 2844 3345 Frizonicis,
2873 3288 2927 3333 et
2957 3275 3231 3332 Guillelmi
3268 3274 3336 3329 de
3380 3273 3512 3338 Dite,
3542 3281 3598 3328 et
3626 3286 3756 3328 cum

2177 3372 2371 3428 abbate
2397 3371 2617 3427 fuerunt
2641 3370 2717 3425 ibi
2756 3368 3094 3423 ltaimundus
3112 3366 3179 3422 de
3217 3364 3484 3420 Pradinas
3524 3360 3754 3419 vocatus

2176 3463 2347 3535 prior,
2373 3471 2427 3518 et
2455 3461 2797 3516 Raimundus
2832 3461 2899 3515 de
2923 3459 3181 3525 Baladuc,
3204 3466 3258 3513 et
3287 3456 3560 3528 Seguinus
3583 3454 3758 3511 Cleri-

2176 3571 2297 3624 cus,
2325 3564 2379 3611 et
2420 3554 2742 3619 tiuillelmus
2766 3552 3006 3608 Delinus.
3035 3550 3103 3605 Et
3141 3566 3244 3623 ego
3273 3550 3546 3607 Galterius
3574 3550 3759 3622 Maga-

2175 3647 2415 3703 lonensis
2439 3647 2727 3717 episcopus
2775 3652 2993 3715 pr0pter
3031 3643 3392 3699 reverentiam
3422 3644 3598 3699 sancti
3647 3643 3757 3697 loci

2176 3748 2231 3796 et
2253 3754 2495 3794 amorem
2531 3737 2705 3794 sancti
2729 3734 3002 3792 Guillelmi
3032 3733 3367 3792 confessoris
3390 3735 3556 3791 laudo
3582 3735 3757 3791 eccle-

2176 3831 2313 3887 siam
2337 3831 2451 3902 jam
2486 3829 2687 3885 dictam
2711 3827 2872 3883 Petro
2900 3826 3082 3883 abbati
3114 3836 3167 3884 et
3197 3827 3607 3883 successoribus
3635 3828 3756 3897 ejus

2174 3922 2473 3979 secundum
2523 3919 3072 3989 deﬁnitionem,qute
3123 3919 3377 3989 superius
3421 3919 3754 3983 continetur,

2173 4031 2299 4072 cum
2322 4013 2548 4071 decimis
2569 4022 2624 4069 et
2645 4012 2922 4083 primitiis,
2943 4019 2999 4066 et
3024 4010 3258 4077 allodiis,
3285 4019 3340 4065 et
3365 4009 3754 4075 oblationibus,

2173 4115 2228 4163 et
2249 4107 2581 4173 coemeterio,
2603 4114 2657 4161 et
2695 4120 2819 4160 cum
2849 4103 3106 4161 omnibus
3143 4102 3373 4176 justitiis
3413 4104 3482 4158 ad
3508 4103 3756 4160 eamdem

2175 4199 2460 4255 ecclesiam
2492 4199 2906 4270 pertinentibus.

2243 4288 2441 4345 Actum
2495 4305 2642 4346 anno
2681 4296 2685 4301 '
2726 4288 3023 4347 Dominicae
3100 4286 3498 4347 lnearnationis
3572 4283 3750 4351 mo,

2174 4376 2363 4433 indict.
2389 4394 2471 4433 ιιι.

505 4502 3758 4535 m

776 4630 1799 4786 LIETBERTI
1876 4629 2683 4791 ABBATIS
2769 4635 2928 4792 S.
3023 4637 3468 4798 RUFI

1689 4884 2545 5014 EPISTOLKE.

1241 5077 1550 5150 (Maerens,
1586 5052 1867 5148 Anecdot.,
1908 5086 1950 5133 t.
1988 5076 2030 5147 Ι,
2071 5095 2126 5150 p.
2167 5078 2421 5149 529-552,
2461 5097 2530 5137 ex
2558 5096 2665 5138 ms.
2692 5080 3004 5153 Stamedii.)

479 5345 563 5401 Ad
598 5341 849 5418 Ogeriu_m
862 5343 1205 5418 prapositmn
1223 5346 1640 5418 congregationis
1665 5343 2062 5404 Ferranicaz.-—

763 5412 1109 5471 Commendat
1143 5414 1191 5469 ei
1219 5412 1457 5469 ordinent
1482 5417 1814 5472 canonicum.

552 5530 799 5588 Orcaato
819 5526 1126 5585 Ferranicae
1147 5531 1588 5602 congregationis
1610 5533 1903 5590 venerabili
1926 5550 2064 5605 pra:-

554 5650 711 5722 (6)1n
739 5650 1008 5722 indicibus
1031 5651 1287 5707 abbatum
1310 5652 1483 5708 sancti
1524 5651 1648 5712 Rufi
1672 5670 1782 5712 non
1807 5653 2062 5711 Lamber-

485 5720 593 5789 tus,
616 5720 728 5779 sed
753 5720 1046 5779 Lietbertus
1073 5723 1235 5792 vulgo
1267 5723 1590 5794 appellatur.

2096 5260 2143 5320 D
2166 5258 2369 5328 posito,
2398 5266 2700 5331 sanctoque
2726 5260 2847 5332 ejus
2870 5260 3187 5329 conventui,
3209 5269 3267 5318 et
3297 5262 3557 5320 omnibus
3580 5264 3636 5320 in
3659 5281 3749 5321 ea-

2170 5350 2370 5406 nonieo
2397 5351 2589 5407 ordine
2616 5354 2918 5409 secundum
2948 5351 3122 5408 Deum
3152 5353 3462 5412 viventibus
3503 5353 3753 5411 Lausu-

2171 5458 2274 5499 rus
2307 5442 2385 5515 (6)
2416 5443 2640 5501 humilis
2664 5445 2908 5501 ecclesiae
2934 5444 3120 5501 Sancti
3140 5444 3263 5501 Rufi
3298 5446 3378 5519 (7)
3410 5462 3626 5515 servus,
3656 5462 3751 5503 sa—

2168 5533 2335 5590 lutem
2368 5543 2423 5591 et
2450 5534 2680 5607 gratiam
2711 5534 2765 5589 in
2789 5534 3011 5591 Christo
3037 5533 3168 5592 Jesu
3198 5543 3365 5608 atque
3401 5537 3567 5607 ccepti
3596 5535 3742 5592 sacri

2152 5688 2159 5697 .
2241 5650 2319 5723 (7)
2342 5650 2547 5723 iSaneti
2583 5649 2705 5706 Rufi
2748 5650 2962 5719 insigne
3000 5651 3393 5709 monasterium
3439 5650 3745 5723 Canonico-

2170 5738 2293 5779 runt
2340 5722 2714 5796 Regularium,
2749 5722 2960 5779 ordinis
3011 5723 3187 5779 sancti
3227 5722 3542 5796 Augustini,
3585 5730 3742 5790 caput

4119 570 4121 664 χ
