4142 6360
366 340 473 399 'm
1794 326 2201 409 ,ErlstoLE.
3510 336 3612 394 τη

369 458 582 516 ordinis
631 454 861 513 nitidam
919 458 1330 525 perseveranter
1356 449 1673 523 :observare
1736 454 1946 522 purita-
1971 460 2021 518 Λ
2048 454 2283 509 litteram
2315 450 2601 523 scripturae
2643 459 2898 515 reservet,
2925 459 3064 522 quos
3086 464 3216 509 vero
3234 450 3486 524 indignos
3523 454 3616 525 ju-

373 558 502 607 tem.

446 636 649 693 Sancto
694 633 920 706 Spiritui
957 633 1160 705 gratias
1202 632 1438 705 agimus,
1484 633 1643 705 cujus
1685 632 1946 690 instinctu

370 729 517 785 circa
566 726 892 784 canonicum
920 725 1169 781 ordinem
1195 740 1312 792 ,vos
1359 723 1555 781 fratres
1584 723 1852 781 fervorem
1893 734 1947 780 ct

373 818 618 875 studium
644 817 846 872 habere
873 816 1280 886 cognoscimus.
1304 814 1469 871 Decet
1494 814 1639 870 enim
1662 824 1723 869 ut
1741 822 1947 884 quanto

372 910 615 966 sanctior
640 908 796 975 ordo,
823 914 978 962 tanto
1009 906 1369 961 militantibus
1410 906 1469 959 in
1510 904 1615 960 bac
1656 905 1829 976 gratia
1877 904 1950 960 sit

374 1002 552 1071 major
578 1000 795 1057 devotio
819 1007 875 1054 et
903 998 1233 1055 sollicitudo.
1270 997 1515 1069 Dignitas
1544 997 1745 1067 quippe
1783 996 1947 1066 hujus

373 1091 606 1159 ordinis,
629 1090 878 1146 videlicet
899 1089 1149 1145 canonici
1194 1097 1248 1144 et
1283 1088 1656 1154 sacerdotalis,
1677 1086 1948 1142 veteribus

373 1190 430 1236 et
456 1181 614 1237 novis
666 1180 1037 1251 multipliciter
1091 1180 1496 1235 demonstratur
1540 1176 1731 1249 ﬁguris
1785 1184 1950 1246 atque

371 1272 656 1342 exemplis.
707 1270 861 1326 Hanc
908 1270 1256 1327 commendat
1312 1268 1546 1340 Spiritus
1608 1277 1830 1323 sanctus
1891 1269 1950 1321 in

375 1364 588 1434 psalmo
616 1363 836 1418 dicens:
862 1360 1069 1431 Moyses
1092 1368 1143 1415 et
1161 1360 1341 1414 Aaron
1370 1361 1426 1413 in
1453 1358 1810 1414 sacerdotibus
1835 1358 1949 1428 ejus

375 1455 688 1509 invocabant
733 1453 1017 1508 Dominum
1056 1462 1106 1507 et
1138 1455 1246 1523 ipse
1291 1450 1610 1506 exaudiebat
1648 1466 1737 1505 eos
1772 1448 1946 1521 (Psal.

376 1564 564 1616 xcvm,
592 1547 668 1618 6).
700 1545 768 1601 Et
789 1546 986 1602 iterum
1009 1544 1248 1600 deduxit.
1293 1584 1308 1599 .
1351 1585 1366 1600 .
1409 1581 1426 1598 .
1468 1580 1484 1598 .
1528 1583 1543 1598 .
1584 1582 1601 1598 .
1641 1581 1657 1598 .
1703 1581 1717 1596 .
1762 1582 1776 1596 .
1816 1580 1831 1595 .
1876 1581 1891 1595 .
1928 1574 1947 1596 υ

380 1680 397 1697 .
439 1680 457 1696 .
500 1680 515 1696 .
555 1680 570 1694 .
613 1678 630 1694 .
670 1678 688 1695 .
726 1678 740 1693 .
782 1678 798 1695 .
838 1678 853 1693 .
896 1678 911 1692 .
955 1677 971 1694 .
1016 1677 1031 1693 .
1073 1677 1088 1692 .
1133 1677 1148 1692 .
1190 1677 1204 1691 .
1269 1632 1383 1692 sive
1415 1634 1601 1706 regula
1628 1633 1949 1703 disciplinae,

377 1731 614 1802 percutit
642 1730 961 1802 Egyptum,
992 1728 1191 1783 liberat
1214 1726 1402 1794 Israel,
1435 1726 1628 1782 dividit
1650 1740 1801 1781 mare
1840 1724 1954 1778 Ru-

2047 545 2194 601 dicat
2221 544 2338 600 sine
2367 543 2640 612 scriptura
2668 542 2860 613 gladiis
2910 557 3006 598 sex
3051 542 3292 597 virorum
3343 556 3616 613 exponere

2048 652 2158 693 non
2186 636 2465 692 formidet.
2488 634 2664 705 Cujus
2682 634 2969 704 potestatis
2991 635 3297 691 sublimitas
3326 636 3615 692 terminis
3646 656 3650 662 λ

2048 727 2386 794 attribuitur,
2412 728 2509 797 qui
2529 728 2837 783 castitatem
2861 725 3111 796 corporis
3136 727 3418 783 munditia:
3436 727 3616 783 cordis

2046 834 2115 874 ex
2138 819 2467 883 discretione
2490 817 2847 881 associantes,
2882 817 3061 887 gladio
3086 817 3256 873 divini
3295 818 3447 874 verbi
3472 818 3617 874 circa

2048 913 2227 969 femur
2247 912 2627 984 potentissime
2653 913 2904 979 accincti,
2928 915 3186 971 lectulum
3215 915 3329 971 veri
3363 912 3617 969 Salomo-

2049 1005 2135 1060 nis
2162 1005 2536 1071 observantes,
2570 1018 2708 1074 puro
2737 1005 2896 1059 oculo
2920 1005 3098 1074 ipsum
3125 1020 3308 1078 regem
3342 1006 3396 1059 in
3424 1004 3621 1060 decore

2049 1092 2416 1148 indesinenter
2443 1093 2901 1161 contemplantur.
2934 1091 3137 1148 Deinde
3161 1093 3349 1163 paucis
3376 1101 3430 1148 et
3454 1091 3623 1162 pluri-

2049 1183 2152 1238 bus
2176 1183 2512 1249 memoratis,
2543 1183 2614 1238 ad
2649 1181 2860 1237 Novum
2884 1182 3291 1238 Testamentum
3313 1184 3618 1239 veniamus.

2048 1271 2233 1343 Ipsum
2261 1272 2357 1329 Dei
2377 1280 2432 1328 et
2453 1272 2698 1328 hominis
2729 1272 2928 1327 Filium
2957 1280 3171 1328 constat
3206 1287 3397 1330 omnes
3422 1271 3623 1344 gradus

2049 1363 2316 1420 clericalis
2363 1363 2571 1419 ordinis
2620 1364 2677 1418 in
2724 1363 2905 1433 seipse
2953 1378 3327 1429 consecrasse,
3375 1363 3622 1434 regulam

2052 1471 2269 1527 quoque
2307 1471 2415 1526 qua
2447 1455 2687 1510 vivim'us
2732 1456 2848 1511 suis
2884 1455 3147 1525 apostolis
3176 1453 3487 1510 tradidisse.
3525 1452 3625 1508 Hic

2051 1546 2351 1617 discipulos
2404 1552 2720 1617 congregat,
2771 1546 2941 1600 vitam
2989 1560 3335 1601 communem
3390 1544 3626 1601 instituit

2052 1639 2240 1695 dicens
2265 1656 2280 1692 :
2301 1635 2406 1703 Qui
2429 1653 2532 1691 non
2562 1635 2830 1691 renuntiat
2857 1637 3096 1691 omnibus
3117 1653 3234 1707 qua:
3258 1636 3624 1707 possidet,ncn

2054 1738 2220 1801 potest
2243 1745 2386 1783 meus
2404 1744 2514 1783 esse
2531 1728 2824 1798 discipulus
2853 1727 3005 1797 (Luc.
3037 1736 3149 1795 xiv,
3180 1721 3294 1799 ‘53).
3320 1726 3476 1782 Hanc
3496 1739 3626 1796 apo-

378 1823 564 1891 brum,
594 1838 767 1892 aquas
789 1821 953 1877 vertit
980 1820 1035 1874 in
1061 1819 1427 1884 dulcedinem,
1454 1817 1680 1871 ﬁumina
1704 1815 1959 1886 producit

2066 1825 2181 1880 stoli
2227 1823 2514 1893 primitivae
2556 1824 2781 1879 tradunt
2825 1822 3082 1879 Ecclesiae
3123 1824 3265 1880 sicut
3302 1824 3357 1879 in
3401 1823 3626 1878 Actibus

379 1915 451 1971 de
477 1923 649 1986 petra.
681 1913 785 1968 Per
825 1912 1167 1970 sacerdotem
1202 1911 1297 1965 dat
1321 1908 1466 1965 Deus
1508 1909 1702 1979 legem,
1738 1907 1958 1961 instruit

299 2066 306 2072 ,
378 2008 811 2073 tabernaculum,
834 2021 1040 2071 arcam,
1065 2018 1217 2071 vasa,
1242 2002 1587 2066 vestimenta,
1613 2000 1755 2055 ritus
1784 1998 1957 2055 sacri-

380 2100 657 2164 ﬁciorum,
697 2106 753 2154 et
790 2106 985 2153 caetera
1015 2111 1136 2166 quae
1175 2095 1447 2165 pertinent
1487 2092 1556 2148 ad
1585 2093 1791 2148 cultum
1838 2091 1956 2146 Dei.

360 2189 538 2257 ﬂanc
566 2186 957 2245 sacerdotalem
990 2185 1309 2265 dignitatem
1352 2183 1697 2239 commendat
1741 2180 1961 2237 claritas

362 2281 572 2337 wultus
605 2278 831 2349 qusis,
883 2276 1165 2348 gloriaque
1192 2275 1644 2330 vestimentorum
1684 2275 1865 2328 Aaron
1907 2279 1964 2327 et

383 2371 623 2429 ﬁliorum
658 2367 799 2438 ejus,
826 2373 880 2421 et
904 2365 1050 2435 quod
1080 2364 1287 2420 dictum
1311 2371 1397 2419 est
1415 2362 1588 2435 Moysi
1613 2382 1627 2418 :
1659 2362 1852 2418 Omnia
1875 2362 1963 2431 fac

382 2465 539 2518 iuxta
571 2459 840 2529 exemplar
865 2457 1004 2528 quod
1041 2456 1137 2511 tibi
1168 2463 1522 2510 monstratum
1566 2462 1643 2509 est
1689 2456 1746 2509 in
1789 2462 1964 2509 monte

384 2549 585 2613 (Exod.
618 2564 676 2613 x,
707 2548 785 2618 4).
833 2545 913 2601 Ex
947 2544 1147 2616 quibus
1176 2544 1356 2600 verbis
1382 2543 1657 2614 colligitur
1702 2542 1962 2613 quoniam

384 2643 651 2702 canonica
693 2650 750 2696 et
778 2638 1130 2696 sacerdotalis
1169 2637 1356 2708 regula
1385 2652 1453 2692 ex
1487 2635 1622 2706 ipsis
1650 2633 1964 2691 caelestibus

385 2731 793 2803 exemplaribus
812 2729 1158 2797 informatur,
1175 2728 1407 2800 plusque
1433 2734 1518 2783 est
1536 2725 1763 2783 dicenda
1781 2725 1966 2781 divina

386 2837 554 2895 quam
588 2823 849 2877 humana.
877 2818 937 2874 In
970 2820 1143 2890 ﬁgura
1184 2816 1363 2873 nostri
1399 2816 1609 2874 ordinis
1634 2825 1964 2887 praeceptum

387 2921 474 2969 est
502 2911 880 2968 sacerdotibus
920 2918 974 2966 et
998 2908 1200 2977 levitis,
1230 2918 1292 2965 ut
1319 2924 1430 2965 non
1471 2907 1709 2963 habeant
1736 2906 1965 2963 haeredi-

389 3018 556 3065 tatem
584 3009 726 3064 inter
754 3006 974 3062 fratres.
1011 3005 1148 3077 Ego,
1177 3006 1356 3077 inquit
1382 3003 1668 3072 Dominus,
1690 3019 1778 3058 ero
1800 3003 1966 3058 luere-

389 3102 533 3157 ditas
560 3117 759 3157 eorum.
806 3098 909 3154 Isti
938 3114 1066 3154 uasa
1094 3114 1250 3153 sacra
1273 3096 1599 3163 custodiunt,
1626 3096 1767 3150 circa
1794 3095 1967 3150 taber-

389 3192 587 3248 nacula
607 3191 888 3258 excubant,
924 3190 1140 3262 placant
1184 3190 1324 3244 iram
1364 3184 1484 3255 Dei,
1514 3195 1726 3258 portant
1752 3195 1966 3257 peccata

389 3283 592 3354 populi,
624 3292 780 3354 atque
808 3283 947 3336 inter
962 3280 1132 3336 Deum
1156 3289 1206 3335 et
1234 3279 1485 3350 populum
1516 3278 1828 3333 mediatores
1845 3284 1967 3331 sunt

389 3372 689 3429 constituti.
717 3369 930 3437 Quibus
952 3370 1136 3427 verbis
1164 3376 1312 3439 patet
1333 3369 1465 3439 'quia
1495 3366 1552 3423 hi
1578 3368 1672 3439 qui
1713 3376 1840 3423 sunt
1861 3362 1966 3422 hu-

388 3463 482 3533 jus
522 3463 748 3531 ordinis,
780 3461 884 3518 etsi
930 3469 1058 3516 sunt
1099 3459 1374 3527 homines,
1403 3459 1601 3515 debent
1643 3474 1763 3515 esse
1804 3473 1967 3528 super

392 3557 664 3614 homines.
702 3554 771 3610 Hi
798 3554 976 3610 tribus
1014 3553 1256 3609 excitant
1295 3553 1580 3623 populum,
1628 3552 1687 3606 hi
1717 3551 1775 3607 in
1815 3552 1968 3622 virga

391 3647 575 3702 Aaron
608 3645 786 3700 ferrea
826 3643 1042 3708 ﬂorent,
1074 3640 1424 3707 fruetiﬁcant,
1457 3640 1778 3710 exterisque
1822 3640 1972 3695 ordi-

392 3738 558 3792 nibus
587 3733 957 3804 praaeminent.
998 3730 1065 3785 Hi
1088 3746 1274 3786 arcam
1298 3738 1538 3801 portant,
1567 3729 1861 3786 Jordanem
1884 3729 1972 3785 di-

391 3827 606 3893 vidunt,
638 3821 1025 3893 promissionis
1069 3830 1274 3876 terram
1321 3828 1608 3891 occupant,
1632 3819 1851 3876 Iericho
1878 3820 1971 3875 de-

394 3925 634 3984 struunt,
663 3916 925 3972 barbaras
953 3922 1141 3985 gentes
1165 3912 1499 3984 opprimunt.
1552 3910 1748 3966 Omnia
1771 3911 1888 3966 haec
1915 3911 1972 3965 in

396 4016 588 4065 nostro
613 4006 803 4063 ordine
833 4004 1190 4076 spiritualiter
1224 4004 1548 4075 ﬁgurantur.
1604 4000 1802 4058 Noster
1830 4016 1972 4072 quo-

394 4114 505 4172 que
530 4098 750 4155 habitus
770 4096 1021 4167 pluribus
1050 4095 1231 4151 modis
1256 4103 1341 4150 est
1368 4095 1442 4150 ibi
1470 4094 1734 4165 ﬁguratus
1756 4102 1810 4149 et
1843 4108 1978 4149 con-

398 4198 642 4246 secratus
660 4187 715 4242 in
743 4186 1082 4243 vestimentis
1104 4183 1309 4242 Aaron.
1339 4184 1644 4240 Plurimum
1676 4185 1814 4241 nitet
1846 4185 1975 4256 bys—

399 4295 497 4336 sus
536 4289 761 4346 retorta,
792 4278 889 4333 ﬁlii
925 4278 1044 4349 ejus
1074 4278 1132 4332 in
1178 4277 1273 4332 Dei
1324 4276 1628 4332 ministerio
1674 4270 1836 4332 lineis
1883 4291 1970 4331 re-

401 4371 684 4442 splendent
723 4370 1088 4434 indumentis,
1129 4369 1336 4439 posteri
1366 4383 1559 4422 eorum
1589 4367 1767 4436 ephod
1811 4375 1975 4422 utun-

2056 1930 2246 1971 eorum
2272 1914 2532 1984 scriptum
2562 1922 2646 1969 est
2673 1932 2687 1968 :
2716 1913 2851 1967 Erat
2873 1931 2962 1968 cor
2984 1932 3147 1968 unum
3166 1924 3216 1969 et
3237 1915 3416 1968 anima
3444 1927 3551 1968 una
3569 1914 3626 1967 in

2057 2005 2191 2072 Deo,
2221 2015 2276 2060 et
2306 2018 2413 2059 non
2456 2004 2711 2060 dicebant
2736 2004 2941 2075 aliquid
2972 2005 3274 2075 proprium,
3303 2016 3429 2059 nam
3474 2012 3630 2059 erant

2058 2096 2167 2152 iiiis
2199 2096 2383 2151 omnia
2427 2095 2742 2151 communia
2780 2095 2921 2167 (Act.
2955 2110 3029 2162 Iv,
3073 2095 3187 2166 52).
3239 2094 3307 2150 Et
3350 2080 3637 2165 impletum.

2058 2197 2143 2244 est
2169 2188 2313 2259 quod
2340 2176 2499 2260 longe
2525 2197 2651 2243 ante
2678 2189 2747 2244 de
2773 2188 2878 2244 hoc
2908 2198 3097 2244 nostro
3131 2177 3323 2244 ordine
3366 2188 3627 2258 scriptum

2060 2290 2179 2336 est:
2209 2278 2342 2335 Ecce
2370 2297 2529 2350 quam
2565 2280 2758 2334 bonum
2785 2288 2835 2334 et
2856 2297 3012 2351 quam
3050 2281 3349 2350 jucundum
3384 2280 3630 2334 habitare

2062 2371 2253 2441 fratres
2275 2372 2332 2425 in
2358 2387 2520 2425 unum
2546 2370 2726 2440 (Psal.
2747 2387 2957 2439 cxxxu,
2983 2372 3061 2444 1).
3091 2371 3260 2427 Primi
3298 2370 3589 2427 audierunt
3612 2388 3628 2425 :

2061 2460 2199 2516 Ecce
2232 2478 2392 2533 quam
2430 2462 2642 2529 bonum,
2688 2477 2793 2519 nec
2838 2463 2941 2519 soli
2985 2463 3314 2528 audierunt;
3341 2477 3454 2517 non
3483 2461 3630 2517 enim

2063 2567 2238 2622 usque
2261 2552 2328 2607 ad
2356 2550 2479 2608 illos
2499 2556 2717 2607 tantum
2741 2552 2848 2608 ista
2874 2553 3091 2608 dilectio
3115 2561 3169 2608 et
3196 2552 3379 2608 unitas
3394 2550 3631 2607 fratrum

2062 2645 2232 2711 venit,
2257 2644 2537 2701 descendit
2577 2659 2816 2716 namque
2840 2645 2912 2700 ad
2961 2653 3212 2716 posteros
3249 2659 3424 2716 usque
3461 2643 3630 2700 etiam

2063 2736 2133 2792 ad
2156 2735 2467 2802 modernos,
2502 2744 2564 2791 ut
2594 2737 2708 2806 jam
2735 2735 2985 2792 dicamus
3013 2754 3027 2790 :
3065 2735 3201 2791 Ecce
3241 2752 3402 2807 quam
3442 2735 3632 2791 bonum

2062 2835 2114 2881 et
2143 2843 2300 2898 quam
2320 2827 2614 2896 jucundum
2642 2827 2881 2882 habitare
2905 2827 3095 2897 fratres
3116 2829 3176 2882 in
3203 2837 3385 2882 unum.
3407 2825 3518 2882 Sed
3544 2826 3633 2883 cui
3670 2889 3677 2896 ι

2068 2918 2149 2974 rei
2177 2917 2384 2972 similes
2408 2933 2599 2973 sumus
2625 2917 2772 2973 dicat
2790 2919 3055 2988 psalmus,
3078 2920 3216 2973 sicut
3236 2927 3557 2989 unguentum
3579 2918 3635 2971 in

2062 3010 2257 3079 capite,
2274 3008 2412 3078 quod
2427 3009 2691 3063 descendit
2706 3010 2763 3063 in
2779 3008 3018 3077 barbam,
3032 3009 3246 3064 barbam
3260 3008 3438 3064 Aaron
3455 3009 3636 3079 (ibid.,

2068 3099 2155 3170 ll).
2210 3097 2405 3154 Noster
2456 3099 2659 3164 Aaron,
2709 3100 2965 3156 sacerdos
3010 3107 3217 3166 noster,
3242 3107 3329 3156 est
3358 3097 3634 3156 Christus.

2065 3189 2186 3261 Ipse
2210 3189 2450 3260 seipsum
2478 3190 2670 3245 obtulit
2693 3206 2793 3260 pro
2813 3192 2975 3246 nobis
3004 3190 3060 3245 in
3083 3189 3431 3258 sacriﬁcium,
3454 3206 3638 3246 resur-

2068 3282 2226 3349 rexit,
2254 3282 2497 3337 ascendit
2526 3281 2581 3336 in
2612 3282 2832 3348 coelum,
2861 3281 3011 3337 venit
3057 3279 3293 3352 Spiritus
3342 3289 3566 3338 sanctus
3605 3297 3638 3335 a

2067 3371 2244 3443 capite
2280 3371 2349 3425 ‘in
2390 3361 2640 3439 barbam,
2675 3385 2706 3426 a
2730 3360 2951 3426 Christo
2998 3369 3067 3425 ad
3108 3370 3429 3442 discipulos.
3462 3368 3639 3424 Barba

2068 3463 2437 3520 maturitatem
2463 3464 2661 3532 ﬁgurat
2687 3469 2742 3517 et
2768 3459 3156 3532 perfectionem
3193 3480 3206 3516 :
3237 3460 3383 3532 quod
3410 3460 3642 3517 descen-

2068 3555 2150 3611 dit
2190 3555 2245 3609 in
2296 3570 2449 3610 oram
2479 3553 2788 3610 vestimenti
2816 3553 2957 3625 ejus,
2996 3553 3103 3609 hoc
3147 3561 3231 3609 est
3274 3554 3343 3609 ad
3395 3562 3640 3623 posteros

2069 3643 2329 3701 Ecclesiae
2370 3643 2652 3699 derivavit.
2706 3640 2904 3699 Secuta
2930 3650 3013 3698 est
3051 3643 3196 3698 enim
3219 3640 3479 3708 Ecclesia,
3519 3656 3641 3711 qua;

2070 3735 2237 3793 vestis
2280 3734 2635 3800 Domini’est,
2676 3741 2729 3789 et
2760 3733 2969 3805 peperit
3009 3734 3360 3790 monasteria.
3410 3732 3643 3803 Implen-

2072 3834 2184 3888 tur,
2231 3833 2294 3879 ut
2340 3823 2476 3889 dixi,
2533 3823 2737 3895 Spiritu
2781 3831 2992 3888 saneto,
3045 3823 3307 3893 jubentur
3349 3822 3643 3894 praedicare

2074 3914 2226 3970 omni
2262 3922 2545 3979 creaturae,
2572 3914 2848 3969 daemones
2896 3914 3106 3983 fugant,
3152 3912 3398 3968 inﬁrmos
3425 3920 3643 3977 sanant,

2074 4014 2322 4062 mortuos
2369 4005 2656 4071 suscitant,
2704 4014 3047 4060 sacramenta
3075 4003 3393 4069 conﬁciunt,
3424 4009 3643 4072 peccato
3686 4058 3703 4079 ,

2076 4098 2312 4163 solvunt,
2343 4096 2540 4151 coelum
2589 4094 2860 4165 aperiunt.
2894 4091 3122 4147 Demum
3173 4092 3241 4147 ad
3288 4092 3519 4146 nitorem
3553 4104 3647 4148 vt.-

2077 4189 2241 4244 stium
2271 4196 2326 4242 et
2353 4187 2596 4243 habitum
2634 4182 3129 4241 commendandum
3176 4182 3486 4237 redeamus.
3532 4180 3647 4236 Au-

2077 4279 2253 4347 distis,
2277 4278 2508 4334 Domino
2548 4278 2603 4333 in
2646 4285 2832 4332 monte
2863 4274 3267 4346 transﬁgurato,
3302 4272 3447 4344 quod
3480 4272 3647 4327 vesti-

2077 4381 2258 4427 menta
2287 4372 2406 4443 ejus
2434 4371 2750 4427 claruerunt
2796 4370 2939 4426 sicut
2983 4367 3099 4434 nix,
3132 4367 3353 4437 angelos
3379 4365 3544 4421 etiam
3591 4365 3644 4420 in

400 4466 492 4511 tur
512 4458 675 4511 lineo.
721 4456 859 4511 Cum
901 4470 1033 4527 ergo
1068 4471 1100 4511 a
1140 4452 1496 4510 femoralibus
1537 4469 1711 4523 usque
1755 4453 1823 4508 3d
1874 4453 1975 4508 lia-
2005 4483 2050 4539 ο
2078 4465 2216 4520 albis
2258 4464 2501 4519 vestibus
2544 4461 2862 4533 apparuisse
2907 4459 3159 4530 legimus.
3199 4456 3440 4513 Jacobus
3481 4455 3649 4511 frater

402 4562 522 4601 ram
550 4546 694 4601 lineo
724 4545 963 4602 candore
1012 4561 1140 4602 cum
1175 4545 1385 4601 caeteris
1421 4545 1705 4615 speciebus
1735 4542 1977 4614 fulgeant

403 4637 736 4702 sacerdotes,
764 4637 895 4708 quid
926 4639 1191 4708 ﬁguratur
1218 4636 1323 4691 nisi
1353 4636 1562 4691 ordinis
1597 4636 1769 4691 nostri
1797 4634 1978 4690 invio-

402 4729 618 4784 labilem
655 4729 1033 4785 auctoritatem
1064 4737 1118 4783 et
1145 4727 1578 4798 resplendentem
1620 4727 1886 4784 castitatis
1925 4733 1980 4781 et

404 4824 648 4879 honesta:
674 4824 800 4879 vitae
828 4824 1163 4895 puritatem?
1194 4823 1337 4890 Quid
1363 4822 1547 4878 tunica
1584 4820 1855 4877 Samuelis
1888 4836 1979 4876 re-

404 4932 502 4987 ges
548 4917 935 4973 constituentis
978 4917 1247 4989 designat,
1279 4916 1389 4972 nisi
1440 4913 1683 4971 tunicam
1735 4920 2009 4971 nostram’

403 5005 604 5060 lineam
631 5014 686 5061 et
707 5007 954 5075 talarem,
976 5007 1106 5078 quia
1127 5008 1266 5061 ﬁunt
1289 5022 1320 5061 a
1350 5006 1436 5062 sui
1461 5005 1699 5063 nominis
1718 5007 1984 5078 etymolo-

406 5097 494 5166 gia
529 5096 734 5161 mundo
774 5097 974 5153 corde?
1002 5095 1425 5153 Observavimus
1458 5111 1630 5166 genus
1676 5097 1884 5167 regium
1930 5106 1985 5152 et

408 5188 763 5258 sacerdotale,
808 5206 993 5247 coram
1038 5205 1254 5247 summo
1282 5205 1407 5261 rege
1434 5188 1757 5245 astabimus.
1791 5187 1985 5243 Veniat

410 5280 467 5334 in
505 5289 687 5336 mente
716 5290 905 5337 nostra
946 5282 1028 5336 vir
1068 5282 1159 5337 ille
1197 5282 1293 5352 qui
1328 5280 1473 5352 apud
1517 5278 1853 5337 Ezechielem
1902 5279 1985 5333 in-

410 5368 579 5426 dutus
608 5370 768 5427 lineis
808 5380 863 5427 et
900 5372 1352 5428 atramentarium
1396 5370 1671 5442 seriptorii
1717 5370 1785 5426 ad
1828 5384 1987 5426 renes

412 5461 615 5519 habere
644 5464 864 5531 dicitur,
894 5465 985 5520 eui
1029 5473 1180 5519 tanta
1218 5471 1462 5536 potestas
1494 5463 1807 5529 ascribitur,
1854 5470 1914 5517 ut
1956 5478 1988 5517 a

414 5554 731 5609 sanetuario
749 5554 1038 5626 incipiens,
1062 5569 1204 5626 quos
1231 5554 1424 5628 dignos
1447 5555 1735 5627 perpendit
1754 5568 1851 5626 per
1875 5552 1989 5608 Tau

416 5665 601 5751 ipsius
640 5666 849 5724 ordinis
898 5684 928 5724 a
951 5668 1289 5751 liepedicto.
1324 5669 1583 5751 episcopo
1606 5668 1989 5751 _Avenionensi

418 5734 701 5793 fundatum
749 5754 894 5794 anno
946 5739 1105 5809 1038,
1148 5739 1291 5795 hami
1336 5734 1531 5811 procul
1575 5741 1644 5796 ab
1689 5739 1987 5808 Avenione,

339 5942 433 5959 ⁵⁸*-

2080 4555 2295 4612 Domini
2356 4555 2643 4625 episcopus
2686 4554 3062 4623 episcoporum
3109 4550 3270 4605 lineis
3314 4547 3650 4604 vestimentis

2078 4660 2294 4714 semper
2322 4659 2457 4699 usus
2495 4652 2596 4698 est.
2646 4640 2841 4697 Petrus
2886 4641 3030 4695 hanc
3075 4646 3313 4693 tonsurae
3354 4644 3554 4714 nostra:
3595 4644 3651 4690 et

2080 4750 2294 4791 coronae
2342 4732 2571 4788 formam
2626 4731 2683 4786 in
2746 4730 3066 4785 memoriam
3116 4707 3651 4797 passionis.Cbristi

2079 4825 2290 4895 primus
2345 4822 2595 4895 gestavit.
2660 4819 2761 4875 llic
2823 4821 2959 4875 ordo
3008 4826 3230 4882 ‘noster,
3275 4825 3338 4871 ut
3386 4815 3536 4883 dixi,
3593 4817 3651 4871 in

2080 4912 2321 4982 Christo,
2361 4912 2415 4968 in
2465 4911 2745 4981 apostolis,
2776 4910 2833 4964 in
2884 4909 3154 4980 primitiva
3191 4906 3433 4963 Ecclesia
3476 4908 3654 4977 primo

2081 5007 2366 5072 exﬁoruit;
2427 5003 2521 5061 sed
2576 5002 2897 5072 frigescente
2947 5002 3252 5067 eharitate,
3301 5007 3356 5055 et
3415 4999 3652 5055 instante

2082 5097 2479 5169 persecutione,
2513 5093 2858 5166 postmodum
2885 5090 3168 5157 emarcuit,
3211 5106 3372 5162 quem
3398 5088 3653 5146 Urbanus

2083 5202 2221 5258 papa
2256 5196 2461 5256 martyr
2503 5184 2696 5240 deinde
2726 5181 2841 5237 suis
2883 5180 3118 5236 decretis
3157 5179 3321 5250 erepit
3368 5179 3654 5242 suscitare,

2084 5280 2277 5334 beatus
2318 5291 2536 5347 quoque
2590 5273 2927 5346 Augustinus
2966 5271 3083 5329 suis
3137 5271 3340 5343 regulis
3384 5271 3656 5333 ordinare,

2086 5379 2310 5427 sanctus
2335 5367 2698 5440 Hieronymus
2713 5366 2830 5424 suis
2857 5365 3105 5436 epistolis
3127 5360 3530 5427 commendare,
3551 5375 3659 5415 cm-

2090 5465 2299 5536 terique
2346 5463 2522 5520 sancti
2571 5463 2695 5529 viri,
2724 5464 2885 5533 'quos
2927 5461 3151 5532 longum
3206 5464 3290 5514 est
3334 5469 3657 5511 memorare.

2090 5554 2244 5611 Unde
2265 5553 2484 5610 excitati
2512 5554 2652 5610 servi
2674 5552 2790 5622 Dei,
2809 5552 2925 5622 jam
2950 5551 3019 5606 ad
3046 5550 3348 5607 scholarum
3372 5546 3661 5618 pristinum

2091 5666 2216 5721 inde
2236 5679 2407 5736 prope
2431 5662 2743 5736 Valenciam
2766 5660 3112 5728 translatum,
3136 5675 3202 5718 ac
3222 5658 3442 5717 demum
3462 5655 3520 5714 in
3544 5654 3663 5726 ipsa

2093 5735 2307 5793 civitate
2337 5735 2613 5790 Valentina
2640 5739 3025 5788 restauratum.
