4142 6360
334 433 435 492 ’121
1389 438 1966 499 DELFLORATIONE

1963 443 2010 499 .s
2045 443 2148 500 ss.
2187 441 2497 502 ramum.
2899 519 2911 534 .
3493 450 3599 505 ἠε

336 572 3576 622 W

845 933 1355 1088 LIBRI
1462 930 3097 1176 DEFLORATIONUM

1196 1343 1522 1464 SIVE
1605 1347 2729 1470 EXCERPTIONUM

333 1627 428 1692 Ex
481 1625 792 1691 melliﬂua
838 1610 1249 1693 diverSorum
1300 1631 1584 1704 Patrum,
1639 1635 1974 1709 signanter
2001 1602 2392 1712 Augustini,
2439 1635 2848 1715 Hieronymi,
2877 1634 3226 1711 Ambrosii,
3260 1631 3605 1719 Gregorii,"

575 1727 832 1806 Hilarii,
865 1731 1334 1817 Chrysostomi;
1375 1732 1666 1805 Maximi,
1705 1732 2033 1814 Origenis,
2067 1734 2374 1814 Remigii,
2411 1735 2775 1798 Cassiodori
2797 1781 2813 1811 ,
2846 1737 3067 1816 Beda),
3099 1738 3362 1804 Alcuini

1113 1831 1525 1910 aliorumque
1561 1831 1900 1896 doctorum
1931 1831 2438 1898 orthodoxorum
2499 1834 2812 1911 doctrina,

1877 2118 2078 2163 SUPER

505 2339 1186 2440 EVANGELIA
1259 2347 1407 2437 DE
1481 2344 2052 2440 TEMPORE
2126 2349 2352 2440 PER
2421 2349 2713 2443 ANNI
2791 2351 3456 2474 CIRCULUM,

1515 2647 1636 2709 Per
1671 2646 2099 2710 reverendum
2135 2645 2384 2707 Patrem

936 2886 1797 3002 DOMIN'UM
1879 2885 2998 3014 WEBNEBUM

537 3160 832 3206 ΔΒΒΔΤΕΜ
879 3161 1270 3206 MONASTERH
1312 3162 1364 3206 S.
1414 3160 1617 3205 BLASII
1656 3129 1976 3204 MARTiRlS
2018 3161 2098 3202 ET
2142 3161 2492 3206 PONTIFICIS
2535 3160 2604 3205 ΙΝ
2649 3160 2844 3205 ΝιθιιΑ
2884 3161 3084 3218 ΒΠΝΔ,
3130 3161 3388 3211 οΒυῐΝῐε

1251 3364 1304 3409 S.
1354 3363 1717 3421 BENEDICTI,
1761 3361 2292 3408 CONSTANTIENSIS
2332 3362 2682 3418 DIOECESIS,

1638 3593 2308 3657 CONSCRIPTARUM

776 3822 855 3884 In
889 3839 1197 3886 sermones
1224 3823 1594 3905 postiliares
1624 3823 2603 3904 sttbsequentes:syntagmatizati
2637 3824 2765 3887 sive
2794 3826 3152 3907 compositi.

1917 4083 1996 4102 ..ι’

409 4394 683 4474 (Titulum
727 4417 894 4473 supra
935 4391 1192 4457 recusum
1230 4418 1298 4458 ex
1331 4403 1571 4460 editione
1597 4403 1894 4460 Basilcensi
1937 4403 2065 4459 anni
2097 4403 2256 4469 1494,
2289 4402 2428 4474 typis
2465 4401 2710 4458 Gothicis
2735 4397 2948 4456 duabus
2979 4395 3252 4454 columnis
3294 4395 3561 4468 impressa

336 4495 406 4551 ad
433 4494 660 4548 verbum
690 4493 1102 4565 exscripsimus.
1135 4493 1370 4552 Litteras
1401 4497 1637 4552 initiales
1683 4496 1856 4552 minio
1903 4495 2164 4568 clligiatas
2203 4496 2454 4563 exhibet;
2493 4495 2692 4551 desunt
2717 4494 3040 4566 paginarum
3081 4492 3393 4548 numerales
3428 4498 3572 4547 notat

338 4587 607 4644 Yolumen
637 4590 801 4644 estin
839 4587 970 4645 folio
1004 4590 1236 4659 minori;
1268 4592 1483 4648 duabus
1507 4592 1754 4663 partibus
1784 4599 2000 4648 constat
2031 4590 2086 4644 in
2127 4607 2294 4646 unam
2327 4590 2650 4661 compactis,
2678 4604 2801 4660 quae
2833 4595 3014 4644 tamen
3046 4587 3277 4644 seorsim
3306 4586 3483 4672 lucem
3513 4584 3566 4640 vi

338 4680 554 4736 derant.
594 4680 840 4736 Werneri
891 4697 1172 4738 sermones
1212 4683 1416 4740 claudit
1460 4685 1649 4741 notula
1696 4685 2042 4758 typographi,
2088 4699 2385 4755 suppresso
2419 4692 2600 4739 tamen
2636 4682 2808 4753 ipsius
2834 4681 3094 4738 nomine:
3134 4698 3153 4732 ι
3187 4677 3419 4750 Explicit
3458 4677 3575 4735 libe.

336 4773 764 4829 Deilorationum
798 4773 1044 4843 Patrum,
1073 4775 1300 4831 Basilea:
1327 4777 1627 4848 impressus
1655 4793 1802 4832 anno
1847 4777 2064 4832 Domini
2097 4777 2257 4832 1494.
2291 4795 2309 4829 ι
2346 4775 2482 4832 Pars
2505 4775 2654 4846 prior
2686 4790 2999 4830 sermonum
3028 4770 3404 4830 collectionem
3444 4784 3569 4825 com

335 4865 613 4936 plectitur,
648 4865 807 4938 cujus
832 4865 1050 4922 initium
1082 4867 1188 4923 tale
1221 4876 1306 4924 est
1332 4887 1344 4923 :
1385 4887 1403 4920 ι
1432 4867 1704 4941 Incipiunt
1735 4884 2018 4926 sermones
2040 4869 2309 4925 notabiles
2335 4867 2511 4934 valde,
2537 4876 2591 4922 ct
2616 4867 2849 4921 multum
2883 4863 3173 4929 formales,
3193 4859 3380 4916 fratris
3413 4857 3569 4941 Soecl

335 4960 549 5016 ordinis
570 4959 974 5029 Cisterciensis,
1005 4962 1072 5017 de
1101 4962 1326 5029 sanctis,
1355 4963 1436 5018 sic
1462 4966 1760 5035 nuncupati
1787 4982 1914 5020 cum
1939 4964 2005 5020 de
2028 4979 2214 5030 succo,
2248 4962 2302 5017 id
2327 4970 2411 5018 est
2430 4961 2498 5017 de
2524 4959 2762 5016 medulla
2785 4973 2954 5015 sacra:
2977 4956 3189 5029 pagina:
3212 4955 3353 5028 stylo
3384 4954 3572 5011 subele

335 5052 488 5124 ganti
519 5052 947 5123 exquisitissime
975 5055 1084 5112 sint
1107 5055 1339 5111 collecti.
1378 5075 1398 5109 ι
1442 5055 1664 5128 Legitur
1689 5057 1758 5112 ad
1785 5059 1989 5114 calcem
2018 5076 2032 5111 :
2074 5076 2093 5108 ι
2131 5055 2424 5111 Sermones
2457 5053 2526 5109 de
2555 5051 2763 5108 sanctis
2790 5049 3034 5106 ﬂosculis
3077 5045 3321 5104 mellillui
3351 5045 3578 5102 doctori.

336 5145 514 5200 sancti
545 5144 806 5202 Bernardi
837 5163 948 5219 prae
982 5148 1193 5206 caeteris
1223 5158 1503 5220 utcunque
1539 5149 1823 5217 exornati,
1851 5166 1882 5206 a
1912 5149 2094 5221 sagaci
2124 5149 2244 5204 viro
2271 5147 2508 5204 Jobanni
2552 5145 2673 5217 (sic)
2709 5143 2778 5201 de
2815 5143 3130 5215 Grﬁningen
3171 5140 3228 5196 in
3267 5139 3468 5212 inclyta
3493 5138 3571 5193 Ar

336 5236 647 5308 gentinensi
671 5237 890 5297 civitate
920 5239 1210 5314 diligenter
1238 5239 1525 5309 elaborati,
1554 5255 1700 5295 anno
1729 5254 1760 5296 a
1782 5239 1986 5296 Christi
2011 5237 2295 5294 nativitate
2323 5236 2483 5302 1484,
2514 5233 2640 5292 ldus
2667 5231 2876 5291 mensis
2901 5230 3125 5304 Aprilis.
3149 5228 3446 5303 expliciunt
3479 5225 3570 5283 feli

334 5327 493 5385 citer.
532 5347 550 5383 ι
569 5329 589 5400 )
