4142 6360
441 391 546 450 723
1559 387 2135 448 DEFLORA'I’IONES
2171 387 2272 447 SS.
2312 388 2622 449 PATRUM.

1489 729 1959 823 INCIPIT
2028 727 2660 823 PROLOGUS

1010 922 1228 982 DOMNI
1264 920 1595 980 WERNERI
1631 920 1931 978 ABBA'I‘IS
1966 918 2398 976 MONASTERII
2432 919 2495 976 B.
2536 918 2763 975 BLASII
2797 917 3146 987 EPISCOPI,

1367 1013 1645 1081 0RDINIS
1686 1014 1745 1070 S.
1786 1011 2151 1070 BENEDICTI
2187 1010 2255 1066 IN
2292 1010 2507 1068 NIGRA
2543 1011 2778 1079 SILVA,

1571 1103 2168 1163 CONSTANTIENSIS
2200 1101 2549 1158 DKECESIS
2561 1145 2578 1171 ,

756 1201 826 1259 IN
863 1199 1114 1260 LIBROS
1149 1199 1746 1261 DEFLORATIOINUM
1783 1198 1885 1256 SS.
1920 1197 2209 1257 PATRUM
2250 1196 2477 1253 SUPER
2516 1190 2912 1255 EVANGELIA
2947 1194 3036 1251 DE
3074 1193 3401 1252 TEMPORE

1702 1291 1840 1347 PER
1879 1291 2042 1348 ANNI
2064 1291 2462 1359 ,CIRCULUM,

1525 1382 1687 1455 CUM,
1713 1381 2154 1441 SERMONIBUS
2192 1381 2623 1442 UTILISSIMIS.

514 1717 777 1785 Quoniam
800 1719 913 1775 dies
936 1717 1067 1774 mali
1085 1728 1208 1774 sunt
1234 1728 1284 1774 et
1310 1726 1510 1789 tempus
1538 1717 1703 1773 instat
1729 1717 1787 1772 in
1828 1733 1930 1789 quo
1967 1715 2201 1771 homines
2232 1731 2421 1770 sanam
2461 1713 2781 1783 doctrinam,
2817 1723 2875 1768 ut
2910 1714 3196 1784 Apostolus
3255 1714 3333 1768 ait
3374 1712 3591 1786 (Ephes.
3633 1715 3709 1783 ν),

442 1812 752 1882 fastidiunt,
792 1822 843 1868 et
870 1829 925 1868 se
944 1812 1119 1883 potius
1142 1811 1211 1865 ad
1235 1812 1447 1882 fabulas
1470 1818 1774 1866 convertunt
1795 1825 1955 1881 quam
1975 1809 2045 1863 ad
2067 1825 2129 1864 ea
2154 1824 2274 1879 qua:
2301 1823 2416 1863 sua:
2436 1807 2603 1862 saluti
2649 1814 2966 1878 congruunt,
3016 1805 3220 1876 placuit
3259 1806 3366 1860 ista
3416 1804 3710 1862 describere

439 1914 499 1963 ut
529 1906 621 1975 qui
638 1905 897 1960 doctrina:
920 1904 1059 1960 verbi
1091 1902 1190 1957 Dei
1215 1903 1505 1958 inserviunt
1533 1903 1590 1956 in
1608 1910 1855 1972 promptu
1883 1900 2108 1955 habeant
2134 1900 2377 1971 quidsuis
2405 1898 2739 1954 auditoribus
2786 1899 3099 1972 praeferant.
3127 1896 3319 1952 Verum
3339 1898 3465 1969 quia
3485 1914 3550 1952 ex
3572 1913 3713 1952 assi-

440 1994 650 2052 duitate
674 1997 928 2052 audiendi
952 1995 1163 2052 verbum
1183 1995 1283 2050 Dei
1312 1993 1569 2064 melli/Iun
1597 1993 1843 2048 doctrina
1869 1990 2098 2046 Patrum
2124 1991 2351 2047 multum
2370 1991 2580 2064 fastidit
2606 1992 2662 2047 in
2701 1991 2923 2046 auribus
2955 1999 3325 2045 modernorum
3342 2005 3361 2053 ;
3403 2003 3469 2043 ac
3502 2004 3594 2058 per
3615 1987 3713 2042 hoc

442 2096 644 2143 rectum
674 2090 777 2143 iter
796 2105 899 2160 quo
927 2089 999 2143 ad
1023 2103 1238 2159 regnum
1262 2085 1468 2141 caeleste
1483 2085 1803 2157 pervenitur,
1819 2084 1939 2154 jam
1960 2101 1995 2138 a
2015 2083 2261 2154 pluribus
2295 2085 2552 2153 nescitur,
2590 2094 2871 2156 sgntagma
2910 2085 2968 2138 in
3011 2084 3388 2155 compositione
3411 2099 3714 2137 sermonum

441 2179 791 2249 ascripsimus
814 2178 1141 2234 diversorum
1170 2176 1398 2232 Patrum
1418 2192 1484 2232 ex
1503 2177 1693 2248 quibus
1717 2175 2082 2246 refocillentur
2101 2174 2297 2230 anima:
2326 2175 2727 2231 salvandorum.
2763 2174 3306 2233 Consuetudinarium
3329 2185 3406 2230 est
3454 2176 3593 2230 enim
3624 2177 3713 2230 ἰησ-

443 2280 524 2327 ter
544 2264 793 2325 mbrtales
819 2279 879 2325 ut
902 2269 1005 2325 cibi
1022 2271 1344 2342 frequentius
1372 2270 1602 2341 oppositi
1623 2268 1845 2339 fastidio
1868 2267 2003 2338 ﬁant
2027 2266 2109 2321 his
2130 2268 2320 2337 quibus
2347 2277 2706 2339 apponuntur.
2733 2266 2887 2334 Quod
2925 2284 2988 2323 ne
3011 2270 3284 2339 proveniat
3305 2269 3360 2324 in
3381 2262 3711 2326 sermonibus

442 2362 683 2432 repetitis
709 2362 906 2433 stepius
922 2363 1131 2433 copiam
1154 2379 1337 2417 eorum
1361 2361 1794 2432 conscripsimus,
1825 2370 1883 2416 ut
1909 2376 2030 2416 cum
2055 2359 2165 2414 ista
2189 2376 2286 2431 pro
2321 2377 2422 2416 sua
2454 2361 2714 2433 frequenti
2749 2362 3186 2432 pronuntiatione
3234 2362 3558 2431 refutantur,
3601 2363 3713 2418 sal-
3779 2362 3789 2369 ’

443 2465 548 2513 tem
568 2468 634 2508 ex
660 2453 830 2509 altera
849 2470 946 2526 pro
966 2444 1065 2509 sui
1089 2456 1317 2511 raritate
1342 2455 1443 2511 Dei
1462 2454 1688 2527 populus
1716 2469 1810 2525 per
1830 2453 2100 2509 doctorem
2121 2454 2409 2509 animetur.
2435 2451 2705 2510 Prwterea
2724 2453 3009 2523 sciendum
3042 2453 3181 2524 quod
3216 2453 3302 2507 hic
3338 2453 3499 2523 liber,
3523 2453 3710 2525 Delio-

443 2551 607 2620 ratio,
630 2548 688 2603 id
708 2557 787 2604 est
813 2549 1078 2619 excerptio
1098 2547 1331 2604 Patrum
1363 2556 1715 2619 praenotatur,
1740 2548 1866 2619 quia
1895 2562 1961 2602 ex
1983 2546 2291 2601 authentica
2334 2545 2582 2600 doctrina
2610 2544 2859 2613 Patrum,
2876 2546 3136 2619 Gregorii,
3160 2545 3710 2619 Iiilarii,Augustini,

446 2642 670 2713 Isidori,
703 2644 1039 2718 Hieronymi,
1064 2646 1246 2717 Bedaz,
1268 2645 1519 2719 Remigii,
1544 2644 1900 2716 aliorumque,
1931 2643 2022 2715 qui
2045 2642 2313 2698 modernis
2340 2642 2663 2713 temporibus
2687 2642 2941 2703 catholici
2963 2652 3121 2713 atque
3155 2642 3441 2699 orthodoxi
3464 2645 3711 2716 magistri

443 2735 592 2805 fuere
611 2740 1119 2810 syntagmatizatur.

1806 2846 2044 2920 Explicit
2070 2847 2351 2918 proloauss

522 3182 853 3266 Incipiunt
882 3183 1161 3266 capitula
1187 3182 1343 3249 libri
1366 3184 1564 3266 primi
1599 3184 2106 3248 Deﬂorationum
2137 3188 2217 3249 ab
2247 3189 2548 3250 Adventu
2580 3184 2843 3249 Domini
2873 3200 3084 3266 usque
3114 3185 3189 3248 ad
3224 3186 3630 3252 Dominicam

1452 3265 1730 3345 primam
1766 3272 1912 3345 post
1949 3272 2233 3329 octavam
2264 3268 2692 3330 Pcntecostes.

343 3414 349 3425 ’
438 3429 643 3504 οέλῑῃι,
679 3430 755 3504 D_e
788 3430 1071 3504 Dominica
1114 3443 1308 3504 quarta
1353 3444 1478 3490 ante
1510 3434 1865 3491 Nativitatem
1910 3434 2020 3489 Do-

511 3502 662 3575 mini.
695 3499 976 3572 Expositio
1000 3499 1157 3573 super
1202 3504 1530 3575 evangelium
1575 3522 1589 3560 ;
1623 3525 1642 3558 ‹
1683 3505 1821 3560 Ecce
1865 3505 2019 3559 mitto

507 3571 754 3642 angelum
773 3571 966 3639 meum,
995 3571 1102 3629 etc.
1134 3593 1153 3625 ι
1193 3571 1376 3629 δεηηό
1402 3575 1466 3630 de
1504 3575 1745 3630 Adventu
1778 3575 2017 3639 Domini,

506 3653 556 3696 et
583 3642 647 3696 de
670 3643 918 3714 mtatibus
940 3643 1326 3714 hujussteeuli,
1347 3661 1409 3698 ac
1429 3647 1821 3714 computatione
1855 3661 2021 3699 anno-

507 3711 1053 3783 runihujus‘saeculi,
1084 3713 1286 3767 divisus
1310 3716 1367 3783 in
1390 3724 1493 3768 tres
1529 3711 1725 3783 partes.

433 3781 567 3856 (λε.
603 3779 668 3835 II.
698 3779 1077 3856 De_Domini_ca
1100 3784 1278 3856 tertia.
1301 3779 1593 3856 Expositio
1622 3801 1778 3856 super
1812 3801 2024 3856 evange-

505 3851 643 3905 lium
674 3865 694 3903 :
719 3870 738 3902 ‹
768 3850 1123 3911 Erunt'siana
1153 3855 1209 3911 in
1230 3853 1340 3908 sole
1359 3850 1409 3908 et
1438 3854 1585 3909 luna.
1624 3874 1642 3907 ι
1685 3850 1825 3909 Item
1850 3850 2022 3910 sermo

505 3922 576 3976 de
592 3922 1178 3992 rtemporeiAntichristi
1205 3924 1511 3990 novissimo,
1535 3935 1585 3979 et
1610 3925 1676 3979 de
1697 3926 1889 3980 ultima
1920 3927 2022 3978 tri-

508 3991 801 4062 bulatione.
833 3991 972 4048 Item
1019 3995 1261 4049 narratio
1301 3995 1366 4049 de
1417 3996 1770 4062 Antichristo,
1797 3997 1861 4049 de
1899 4004 2022 4050 ortu

505 4061 642 4136 ejus,
670 4072 720 4117 et
733 4062 815 4136 de
837 4064 998 4136 gestis
1026 4066 1214 4134 ipsius,
1238 4064 1304 4120 de
1338 4068 1697 4136 persecutione
1731 4083 1794 4120 ac
1820 4066 2022 4135 deﬂne

508 4132 693 4205 illiu_s_,_
708 4132 884 4205 diuisa
906 4134 965 4205 in
992 4132 1096 4189 tres
1119 4144 1320 4205 partes.

435 4201 568 4259 CAP.
627 4201 845 4279 III.__De
890 4201 1173 4279 Dominica
1218 4207 1466 4279 secunda.
1530 4206 1814 4279 Expositio
1866 4223 2023 4278 super

507 4273 837 4345 evangelium
863 4290 883 4328 :
923 4294 943 4326 ι
980 4274 1116 4330 Cum
1138 4277 1374 4331 audisset
1401 4273 1634 4333 Joannes
1661 4281 1718 4334 in
1737 4273 2016 4334 vinculis.»

512 4343 656 4399 Item
680 4360 852 4399 sermo
874 4345 940 4399 tle
974 4345 1167 4402 dventu
1216 4347 1454 4416 Domini,
1498 4350 1751 4405 Adiuisus
1792 4351 1846 4404 in
1886 4349 2021 4404 duas

506 4424 704 4486 partes.

740 4487 881 4559 alius
914 4486 978 4559 de
1003 4487 1089 4542 die
1117 4486 1344 4559 Iudicii,
1373 4499 1424 4546 et
1460 4491 1524 4547 de
1557 4490 1802 4547 Adventu
1842 4456 2024 4547 Domi-

507 4557 583 4623 ni,
603 4556 805 4629 dirgisus
845 4558 901 4629 in
931 4557 1066 4611 duas
1082 4567 1280 4629 partes.

433 4625 578 4699 CAP._
621 4624 822 4699 IV._De
857 4624 1139 4699 Dominica
1173 4632 1350 4699 prima
1391 4640 1511 4687 ante
1537 4630 1886 4688 Nativitatem
1911 4633 2021 4689 Do-

507 4695 977 4773 mini._Exp9_sitio
1033 4695 1191 4773 super
1225 4701 1555 4773 evangelium

503 4764 684 4846 Iudici
713 4764 1207 4846 abﬂierosolgmis.
1241 4790 1261 4823 ›
1298 4764 1434 4827 Ιιὲτη
1474 4774 1540 4827 de
1576 4791 1637 4830 eo
1670 4776 1882 4846 quando
1926 4776 2023 4830 ho-

506 4837 674 4917 mines
712 4838 939 4917 obligari
986 4837 1250 4917 coeperunt
1285 4853 1543 4917 preecepto
1570 4837 1894 4917 percipiendi
1921 4846 2013 4901 ba-

505 4908 799 4982 ptismum,‘
816 4908 868 4963 et
890 4908 1138 4982 deinitio
1159 4908 1430 4982 baptismi.
1454 4908 1595 4969 Item
1622 4908 1793 4972 sermo
1817 4917 1882 4971 de
1917 4917 2017 4970 ad-

512 4987 668 5058 uentu
690 4977 1108 5058 et_de_qualitate
1156 4977 1394 5052 persona:
1426 4984 1631 5054 judicis
1687 4985 1743 5039 in
1783 4988 2014 5058 judicio,

505 5049 786 5123 dii-isus_in
812 5049 948 5123 ditas
968 5049 1165 5123 partes.
1388 5122 1391 5123 ν
1426 5049 1441 5054 ⁷
1782 5049 1791 5085 ἶ

432 5119 564 5175 (ΣΑΡ.
595 5118 662 5173 ν.
696 5118 763 5173 In
779 5118 978 5197 vigilia
996 5122 1337 5197 Natipit‘atis.
1363 5122 1643 5196 Expositio
1687 5125 1883 5197 duplex
1921 5144 2016 5183 su-

503 5205 597 5267 per
630 5194 962 5267 evangelium
995 5209 1015 5247 :
1039 5211 1059 5246 ι
1110 5194 1245 5249 Cum
1264 5205 1409 5267 esset
1450 5194 1788 5267 desponsata.
1823 5217 1842 5250 ι
1879 5197 2017 5254 Item

503 5260 569 5331 de
606 5260 1009 5331 desponsatione
1026 5276 1235 5320 sanctae
1248 5265 1440 5322 Maria:
1468 5260 1660 5322 sermo.
1680 5266 1815 5321 Item
1845 5284 2016 5324 sermo

504 5329 570 5385 de
600 5347 661 5384 eo
700 5329 964 5410 quomodo
1011 5335 1412 5410 intelligendum
1466 5339 1536 5392 sit
1577 5338 1715 5409 quod
1760 5340 2018 5410 scriptum

503 5409 582 5456 est
615 5418 690 5476 :__t
715 5400 1022 5476 'Conceptus
1048 5415 1125 5460 est
1155 5400 1219 5460 de
1242 5405 1447 5476 Spiritu
1476 5400 1691 5465 sancto.
1730 5428 1750 5460 ι
1868 5400 1874 5473 ξ

503 5421 582 5456 est
617 5421 636 5455 :
671 5421 690 5454 ι
730 5421 902 5459 hance
940 5421 1022 5459 tus
1048 5421 1125 5460 est
1155 5421 1219 5460 ae
1242 5421 1447 5476 bpmtu
1476 5421 1691 5465 sancto.
1730 5428 1750 5460 ι
1868 5466 1874 5473 ,

432 5471 564 5551 CAP.
615 5470 703 5527 Vl.
770 5472 839 5527 In
893 5421 1192 5551 Rativitatue
1230 5476 1478 5551 Domini.
1535 5478 1815 5551 Expositio
1863 5496 2019 5551 super

503 5550 731 5617 utraque
754 5546 1026 5617 evangelia
1051 5563 1069 5601 :
1096 5566 1115 5599 ε
1136 5547 1287 5601 Exiit
1312 5548 1567 5614 edictam;
1589 5546 1639 5605 et
1660 5565 1679 5604 :
1713 5569 1732 5601 ‹
1766 5546 2015 5607 Pnstdres

505 5612 1112 5689 loquebanturfrjtem
1139 5618 1205 5672 de
1235 5634 1296 5672 eo
1327 5621 1466 5689 quod
1495 5612 1639 5674 solus
1675 5620 1855 5676 Filius
1895 5639 2017 5676 car-

506 5698 624 5759 nnem
653 5688 901 5759 suscepit.
943 5685 1290 5759 Itentsernto
1339 5685 1404 5744 de
1453 5701 1724 5759 assumpta
1770 5708 1928 5754 carne
1958 5695 2015 5749 in

508 5751 812 5834 Christum,
845 5756 943 5834 hoc
964 5767 1042 5834 est
1074 5758 1138 5813 de
1166 5776 1226 5813 eo
1263 5762 1524 5834 quomodo
1545 5832 1552 5834 Α
1576 5751 1723 5831 ﬁlius
1779 5751 2012 5834 Virginis

506 5826 712 5881 assumi
753 5828 927 5897 potuit
983 5829 1096 5887 sine
1151 5826 1364 5901 peccato
1411 5832 1476 5891 de
1534 5826 1751 5891 humani
1808 5826 2010 5908 generis

1607 4719 1626 4758 :
1674 4723 1693 4757 ι
1758 4703 2020 4761 Miserum
2088 4744 2097 4753 ο

2193 3447 2371 3486 massa
2396 3441 2610 3502 peccato
2637 3432 2976 3502 fermentata.
3015 3431 3153 3487 Item
3195 3447 3367 3487 sermo
3398 3432 3461 3487 de
3490 3432 3707 3491 Nativi-

2194 3511 2303 3556 tate
2324 3502 2562 3567 Domini,
2593 3513 2641 3558 ct
2664 3503 2804 3557 alius
2831 3505 2888 3558 in
2914 3504 3050 3558 duas
3082 3511 3259 3567 partes
3281 3502 3504 3559 divisus.

2121 3571 2251 3644 (λε.
2287 3570 2396 3627 VII.
2426 3572 2706 3627 Dominica
2727 3574 2903 3644 prima
2924 3583 3042 3643 post
3074 3570 3425 3644 Nativitatem
3465 3574 3704 3644 Domini.

2197 3641 2473 3712 Expositio
2488 3660 2665 3716 _super
2693 3641 3020 3716 euangelium
3044 3661 3062 3699 :
3090 3663 3109 3697 ι
3140 3642 3313 3716 Erant
3334 3652 3486 3716 pater
3510 3643 3640 3701 Iesu
3658 3656 3711 3702 et

2193 3723 2381 3769 mater.
2427 3733 2446 3765 ι
2478 3713 2616 3768 Item
2636 3730 2806 3768 sermo
2828 3713 2893 3770 de
2916 3716 3083 3770 tribus
3115 3713 3366 3771 silentiis.
3396 3713 3535 3769 Item
3554 3717 3620 3771 de
3648 3733 3709 3771 eo

2193 3785 2332 3857 quod
2394 3783 2621 3839 Verbum
2676 3800 2889 3857 carnem
2940 3786 3167 3856 sumpsit
3223 3792 3345 3841 cum
3395 3802 3552 3857 paena
3595 3788 3709 3843 sine

2194 3853 2522 3927 citlpa,_cu_m
2554 3854 2887 3927 mortalitate
2911 3856 3025 3927 sine
3058 3853 3360 3927 iniquitate.

2122 3921 2253 3976 CAP.
2283 3921 2417 3977 VIII.
2452 3922 2522 3978 In
2564 3933 2751 3998 octava
2800 3923 3122 3998 Nativitatis
3149 3921 3396 3982 'Domini.
3428 3926 3708 3998 Expositio

2195 4007 2354 4065 super
2376 3993 2706 4065 evarigeiium
2739 4008 2757 4048 :
2787 4012 2806 4046 ι
2844 3993 3138 4065 Postquam
3187 3993 3539 4065 consummati
3582 4008 3708 4052 sunt

2194 4060 2306 4136 dies
2333 4071 2469 4118 octo.
2502 4060 2528 4118 ἱ
2556 4064 2694 4119 Item
2724 4079 2897 4119 sermo
2917 4060 3215 4121 de'Octava
3241 4063 3481 4136 Domini,
3505 4067 3706 4123 divisus

2194 4131 2250 4185 in
2272 4132 2627 4204 duasipartes.

2122 4201 2254 4257 CAP.
2278 4202 2371 4258 IX.
2398 4201 2465 4258 In
2486 4204 2788 4329 Epiphania
2810 4204 3046 4260 Domini.
3076 4203 3356 4277 Expositio
3377 4224 3533 4278 super
3551 4225 3708 4263 eran-

2194 4273 2388 4330 aelium
2410 4291 2429 4328 :
2460 4294 2479 4327 ι
2530 4292 2643 4330 .um
2673 4285 2831 4330 natus
2856 4287 2989 4330 esset
3016 4275 3193 4330 Iesus.
3230 4295 3250 4329 ι
3278 4276 3417 4330 Item
3442 4294 3613 4330 sermo
3641 4279 3706 4330 de

2194 4273 2388 4361 getiam
2410 4291 2429 4328 :
2460 4294 2479 4327 ι
2509 4273 2643 4330 Cum
2673 4285 2831 4330 natus
2856 4287 2989 4331 esset
3016 4273 3193 4331 Iesus.
3230 4295 3250 4329 ι
3278 4276 3417 4332 Item
3440 4273 3613 4332 sermo
3641 4279 3706 4334 de

2200 4343 2558 4418 I‘Iteoplianja,
2585 4347 2787 4401 divisus
2818 4348 2876 4401 in
2901 4347 3037 4418 ducs
3064 4356 3262 4418 partes.
3295 4345 3434 4403 Item
3457 4349 3522 4403 de
3545 4365 3706 4403 eran-

2195 4413 2373 4485 gelio':
2406 4435 2424 4469 i
2454 4416 2589 4471 Cum
2610 4427 2768 4472 natus
2791 4426 2925 4472 esset
2952 4413 3133 4473 Iesus.
3169 4437 3189 4471 ι

2122 4484 2252 4560 cn,
2284 4484 2354 4541 Χ.
2382 4486 2667 4542 Dominica
2698 4489 2873 4560 prima
2906 4497 3025 4560 pos_t
3060 4488 3436 4560 Epiphaniam.
3470 4487 3702 4560 Exposi-

2198 4556 2271 4610 tio
2314 4573 2470 4628 super
2514 4556 2849 4631 evangelium
2872 4556 2946 4631 ες(
2977 4556 3117 4614 Cum
3161 4556 3336 4631 factus
3378 4556 3704 4631 essetrIesus

2197 4627 2457 4701 annorum
2488 4627 2786 4684 duodecim.
2827 4649 2846 4682 ›
2880 4627 3017 4701 Item
3039 4627 3209 4684 sermo
3237 4630 3301 4685 de
3318 4646 3378 4685 eo
3399 4630 3538 4701 quod
3577 4629 3706 4685 Ver-

2200 4696 2324 4752 bum
2362 4714 2482 4752 cum
2534 4716 2692 4754 carne
2722 4699 3043 4755 rationalem
3071 4701 3308 4754 animam
3335 4696 3562 4770 sumpsit
3582 4717 3603 4766 ;
3651 4711 3703 4757 et

2197 4770 2376 4851 quatis
2398 4770 2844 4851 [uitianima'illa
2900 4771 2958 4851 in
2999 4772 3344 4851 sapientiae}
3385 4772 3618 4851 vi_rtute,_
3651 4781 3703 4826 et

2190 4839 2411 4910 justitia
2475 4850 2524 4894 et
2593 4840 2846 4910 bonitate.
2897 4839 3069 4895 Item'
3102 4841 3362 4910 expositio
3407 4842 3472 4895 de
3522 4842 3703 4896 eodem

2193 4908 2460 4982 evangelio
2504 4925 2523 4962 :
2582 4928 2602 4961 ι
2659 4909 2794 4966 Cum
2848 4910 3023 4980 factus
3072 4908 3204 4966 esset
3244 4908 3401 4967 Iesus
3442 4927 3703 4966 annorum

2192 4995 2292 5037 XII.
2324 5000 2344 5033 )

2123 5050 2253 5126 CAP.
2280 5049 2372 5126 _XI.
2402 5051 2687 5106 Dominica
2710 5051 2940 5126 secunda
2963 5061 3081 5126 post
3107 5051 3487 5126 Epiphaniam.
3518 5051 3703 5126 Expo-

2193 5121 2321 5195 s_itio
2366 5138 2522 5195 super
2560 5122 2884 5195 evangelium
2918 5141 2931 5177 :
2965 5121 2991 5174 i
3027 5121 3247 5194 Nuptiis
3291 5124 3452 5195 facta:
3492 5121 3635 5180 sunt.
3675 5144 3695 5177 ι

2199 5189 2542 5263 Ιιεῃξ-ᾀέδεω
2566 5189 2773 5263 hydriis
2798 5192 2911 5248 alia
2938 5189 3220 5263 expositio.

2124 5262 2255 5338 CAP.
2290 5260 2408 5317 XII.
2440 5260 2722 5338 Dominica
2764 5265 2940 5338 tertia.
2974 5260 3255 5338 Expositio
3297 5282 3455 5338 super
3480 5280 3701 5338 evange-

2196 5333 2329 5389 lium
2357 5348 2376 5388 :
2410 5351 2429 5385 ι
2460 5332 2593 5388 Cum
2617 5334 2967 5392 descendisset
2987 5332 3143 5392 Iesus
3170 5337 3233 5391 de
3256 5332 3448 5391 monte.
3494 5354 3513 5387 ι
3563 5332 3701 5389 Item

2194 5405 2414 5529 Ἐιφειὶο
2444 5404 2507 5457 de
2534 5420 2593 5458 eo
2615 5407 2661 5459 si
2689 5422 2843 5488 pares
2870 5401 2978 5462 sint
3005 5416 3235 5477 potestas
3252 5406 3351 5460 Dei
3377 5416 3427 5490 et
3455 5404 3700 5459 voluntas

2246 5492 2316 5529 et.
2359 5474 2496 5529 Item
2519 5486 2779 5529 expositio
2819 5476 2883 5529 de
2926 5479 3108 5529 eodem
3157 5477 3424 5529 evanaelio
3456 5490 3476 5529 :
3507 5493 3525 5528 t
3564 5472 3699 5529 Cum

2246 5476 2316 5530 ei.
2359 5474 2496 5547 Item
2519 5472 2779 5546 expositio
2819 5476 2883 5532 de
2926 5472 3108 5533 eodem
3157 5477 3424 5547 evangelio
3456 5490 3476 5530 :
3507 5493 3525 5528 ι
3564 5472 3699 5531 Cum

2193 5546 2564 5601 descendisset.
2601 5564 2623 5599 ι

2121 5614 2425 5689 (ΞΛΡνΧΙΙΙ.
2452 5615 2737 5689 Dominica
2762 5626 2975 5689 quarta.
3023 5617 3303 5688 Expositio
3341 5634 3496 5688 super
3539 5632 3697 5689 epan-

2193 5688 2388 5763 gelium
2415 5702 2434 5763 ς
2462 5706 2481 5739 ‹
2541 5686 2868 5763 Ascendente
2894 5688 3023 5763 Iesu
3068 5686 3126 5763 i_n
3151 5686 3473 5744 naviculam.
3505 5707 3525 5763 ξ
3557 5686 3696 5742 Item

2191 5758 2365 5816 Sermo
2394 5758 2458 5833 de
2484 5774 2733 5833 mensura
2768 5760 3024 5833 diligendi
3058 5759 3230 5818 Deum
3273 5767 3324 5817 et
3370 5758 3691 5831 proximum,

2189 5833 2390 5892 divisus
2420 5829 2475 5886 in
2499 5829 2634 5886 duas
2649 5838 2846 5902 partes.
