4038 6494
579 401 686 459 727

576 525 711 580 CAP.
746 521 886 579 XIV.
909 519 1186 575 Dominica
1211 523 1414 589 quinta.
1443 516 1719 589 Expositio
1741 535 1896 587 super
1922 537 2139 589 evange-

649 595 783 648 lium
813 610 832 647 :
861 611 881 644 ‹
910 591 1171 658 Conﬁteor
1190 587 1511 655 'tibi,-Pater
1534 587 1757 641 Domine
1784 589 1920 642 caeli.
1953 608 1971 640 ι
2004 587 2139 644 Item

646 679 817 717 sermo
846 662 908 714 de
933 676 992 713 eo
1015 675 1033 712 :
1070 678 1089 710 ι
1131 658 1307 713 Venite
1341 659 1410 712 ad
1451 674 1551 728 me,
1588 673 1764 711 omnes
1804 660 1893 728 qui
1927 658 2140 714 labora-

648 735 740 794 tis,
780 750 800 782 ι
835 738 884 783 et
904 729 969 782 de
1011 738 1205 796 septem
1259 727 1622 782 criminalibus
1664 727 1828 794 vitiis,
1869 738 1919 782 et
1958 746 2138 783 eorum

644 798 923 869 operibus;
951 798 1039 869 de
1066 805 1259 869 septem
1303 813 1503 869 quoque
1548 798 1828 851 virtutibus
1875 805 1924 852 et
1955 814 2138 852 eorum

643 867 909 938 operibus,
935 867 1131 938 divisus
1156 867 1358 921 induas
1387 867 1582 938 partes.

570 935 701 992 CAP.
727 936 844 990 XV.
878 935 960 1008 In
975 935 1396 1008 rSeptuagesima.
1429 936 1709 1006 Expositio
1730 954 1887 1007 super
1914 953 2138 1008 evange-

640 1008 772 1060 lium
797 1022 816 1059 :
860 1024 878 1057 ι
923 1004 1107 1077 Simile
1125 1004 1202 1060 est
1232 1024 1442 1077 regnum
1465 1004 1712 1060 caelorum
1738 1004 1937 1061 homini
1962 1004 2135 1077 put'ri-

639 1077 900 1147 [:Itmilias.
956 1094 975 1128 ι
1027 1074 1163 1147 Item
1207 1074 1375 1130 sermo
1415 1078 1478 1130 de
1522 1074 2027 1147 Septuagesimafet
2072 1079 2136 1132 de

639 1144 1000 1218 Sexagesima,
1029 1155 1080 1199 et
1104 1145 1170 1218 de
1200 1144 1694 1218 Quinquagesima,
1716 1144 1916 1217 quoque
1973 1165 2135 1218 quare

636 1216 722 1270 lue
746 1214 1038 1269 Dominica:
1068 1216 1173 1269 sint
1195 1217 1274 1270 ita
1305 1214 1617 1286 appellatis,
1662 1214 1860 1271 divisus
1897 1218 1954 1271 in
1985 1214 2135 1273 'duas

675 1296 831 1342 ινιεε.

565 1302 856 1429 ελξξῖξτὶ.
898 1353 1365 1429 [ndSexagesimm
1413 1356 1688 1427 Expositio
1723 1374 1891 1429 super_
1919 1374 2137 1429 evange—

642 1426 769 1480 lium
795 1441 812 1479 :
842 1445 860 1477 ι
889 1423 1037 1478 Exiit
1085 1423 1175 1493 qui
1234 1427 1457 1480 seminat
1498 1423 1830 1481 seminare.)
1862 1427 1998 1481 Item
2032 1423 2137 1482 ser-

639 1512 723 1549 mo
745 1496 810 1549 de
836 1498 1256 1568 septuagenario,
1272 1497 1401 1568 etde
1426 1500 1791 1566 sexagenario,
1819 1507 1868 1550 et
1892 1499 1956 1551 de
1979 1500 2135 1568 quin-

634 1567 1204 1640 quagenarioquoque,
1232 1576 1283 1620 et
1330 1567 1394 1620 de
1422 1569 1845 1639 quadragenario
1871 1571 2129 1640 gnumero,

635 1636 836 1689 divisus
862 1637 918 1688 in
946 1636 1079 1689 duas
1100 1645 1297 1703 partes.

562 1706 693 1761 CAP.
728 1703 888 1759 XVII.
922 1705 987 1758 In
1006 1707 1474 1777 Quinquagesima.
1501 1707 1777 1777 Expositio
1800 1724 1954 1773 super
1976 1724 2131 1761 evan-
2228 1709 2251 1745 -'

636 1777 827 1846 gelium
859 1791 877 1829 :
904 1793 940 1846 _t
979 1776 1283 1845 Assumpsit
1314 1776 1470 1832 Iesus
1524 1776 1799 1831 duodecim
1841 1777 2130 1845 discipulos

633 1844 777 1918 suos.
825 1862 843 1918 ξ
894 1844 1030 1900 Item
1074 1844 1245 1900 sermo
1300 1848 1363 1901 de
1414 1864 1484 1902 xv
1527 1847 1779 1918 gradibus
1828 1844 2127 1918 charitatis.

635 1915 773 2038 item
803 1915 866 1972 de
890 1918 1076 1970 timore
1107 1926 1158 1970 et
1211 1932 1409 1985 amore,
1450 1928 1501 1973 et
1529 1915 1601 1972 de
1637 1925 1865 1988 quatuor
1921 1917 2131 1972 timori-

670 2003 753 2038 us.
1820 2002 1825 2007 '

670 2003 753 2041 us.
1820 2002 1825 2007 ’

560 2055 690 2111 CAP.
717 2054 903 2111 XVIII.
935 2053 1467 2128 In_Quadragesi_ma.
1500 2056 1777 2128 Expositio
1801 2073 1956 2127 super
1976 2073 2134 2128 evan-

633 2128 827 2196 gelium
856 2142 875 2180 :
921 2144 939 2179 ς
987 2126 1189 2180 Ductus
1232 2126 1307 2181 est
1341 2126 1495 2181 .lesus
1525 2126 1593 2182 in
1620 2126 1902 2181 desertum.
1937 2146 1956 2179 ι
1995 2126 2133 2181 Item

630 2213 800 2250 sermo
836 2197 901 2251 de
922 2198 1206 2267 tentatione
1237 2197 1522 2267 diabolica,
1564 2206 1614 2252 et
1657 2198 1721 2251 de
1759 2206 1989 2267 quatuor
2022 2207 2133 2253 ten-

634 2267 943 2337 tationibus.
973 2266 1110 2320 Item
1125 2283 1294 2321 sermo
1320 2268 1383 2321 de
1403 2266 1843 2337 Quadragesima.

558 2335 861 2393 CAP..XIX.
888 2336 1168 2391 Dominica
1200 2338 1429 2391 secunda
1472 2338 1527 2391 in
1554 2335 1996 2406 Quadragesima.
2021 2335 2133 2391 Ex-

632 2407 823 2476 positio
854 2422 1011 2475 super
1038 2408 1361 2478 evangelium
1387 2423 1405 2459 :
1434 2426 1453 2459 ι
1483 2408 1739 2478 Egressus
1772 2406 1936 2478 Iesus
1967 2424 2132 2461 seces-

628 2478 699 2531 sit
727 2477 784 2530 in
810 2486 1007 2546 partes.
1047 2495 1067 2529 s
1104 2476 1240 2531 Item
1264 2493 1435 2531 sermo
1473 2476 1549 2532 de
1577 2479 1746 2531 tribus
1791 2477 1987 2531 osculis
2043 2494 2131 2546 pe-

628 2548 776 2631 dum,
808 2562 1081 2611 manuum,
1112 2549 1240 2615 oris,
1272 2557 1323 2603 et
1351 2548 1413 2602 de
1442 2548 1584 2602 labia
1608 2548 1868 2618 superiori
1904 2557 1953 2601 et
1997 2547 2133 2618 infe-

629 2634 757 2671 ΠοΠ
766 2659 778 2672 .

554 2688 685 2742 CAP.
713 2686 829 2742 XX.
864 2687 1146 2758 Dominica
1186 2688 1362 2741 tertia.
1405 2686 1684 2757 Expositio
1732 2703 1893 2758 super:
1912 2703 2132 2758 evange~

629 2759 757 2811 lium
782 2774 800 2811 :
829 2777 849 2811 ι
872 2757 1007 2811 Erat
1026 2758 1181 2811 Iesus
1205 2759 1421 2826 ejiciens
1442 2754 1779 2812 diemonium.
1797 2754 1831 2808 ⁷»
1859 2754 1996 2810 Item
2021 2754 2130 2810 scr—

630 2844 713 2881 mo
742 2830 806 2882 de
826 2837 1061 2898 peccato,
1116 2837 1181 2881 et»
1216 2828 1543 2897 confessione
1583 2827 1807 2897 peccati,
1850 2826 2049 2880 divisus
2074 2829 2129 2880 in

628 2899 760 2952 duas
788 2907 984 2965 partes.

554 2967 684 3022 CAP.
710 2964 851 3023 XXI.
883 2968 1165 3021 Dominica
1199 2968 1254 3021 in
1293 2967 1465 3021 media
1513 2966 1965 3037 Quadragesirnaz.
2013 2964 2127 3019 Ex-

621 3039 815 3106 positio
857 3054 1014 3106 super
1059 3037 1385 3106 evangelium
1427 3054 1446 3092 :
1510 3056 1529 3089 s
1588 3037 1733 3091 Abiit
1777 3037 1932 3090 Iesus
1982 3045 2128 3089 trans

622 3126 770 3163 mare
802 3106 1062 3162 Galilwte.
1096 3128 1114 3160 ›
1144 3106 1279 3161 Item
1309 3124 1479 3161 sermo
1511 3108 1577 3161 de
1599 3107 1849 3173 piscibus,
1875 3106 1939 3160 de
1960 3115 2126 3171 staro,

621 3179 686 3233 tle
717 3195 874 3244 cazco,
902 3180 965 3232 de
1002 3195 1238 3243 murena,
1263 3178 1327 3231 de
1353 3179 1549 3246 vipera,
1573 3176 1637 3230 de
1659 3176 1870 3246 polypo,
1904 3176 1967 3230 de
2003 3191 2129 3228 can-

623 3265 735 3315 cro,
774 3255 837 3301 de
852 3248 1037 3302 echino
1063 3249 1317 3314 terrestri,
1354 3257 1405 3301 et
1425 3249 1489 3301 de
1520 3247 1702 3301 echino
1739 3248 1965 3299 marino.

548 3320 681 3374 CAP.
725 3316 890 3372 XXII.
922 3317 1199 3372 Dominica
1243 3319 1299 3371 in
1343 3316 1619 3375 Rassione.
1650 3315 1929 3385 Expositio
1977 3331 2133 3384 super

620 3388 945 3459 evangelium
973 3403 992 3441 :
1036 3405 1055 3440 i
1092 3387 1223 3453 Quis
1261 3404 1325 3459 ex
1353 3387 1495 3441 vobis
1544 3395 1726 3456 arguet
1761 3386 1960 3459 mede
2001 3401 2122 3454 pec-

618 3455 811 3514 cato.'s
849 3457 988 3513 Item
1026 3473 1195 3512 sermo
1246 3458 1310 3511 de
1351 3474 1508 3511 carne
1542 3455 1701 3527 quam
1760 3455 1985 3527 Verbum
2031 3471 2122 3508 as—

617 3530 863 3599 sumpsit,
906 3527 1082 3599 qualis
1128 3528 1233 3597 fuit
1277 3525 1563 3582 secundant
1602 3525 2013 3597 passibilitatem
2067 3535 2119 3578 et

618 3600 857 3669 affectus.

546 3664 677 3724 CAP.
717 3668 905 3724 XXIII.
937 3668 1217 3724 Dominica
1272 3667 1329 3721 in
1369 3664 1590 3722 Palmis.
1646 3664 1922 3735 Expositio
1969 3681 2125 3735 super

617 3740 947 3809 evangelium
995 3755 1014 3793 :
1067 3758 1086 3791 ι
1124 3738 1258 3794 Cum
1301 3734 1834 3809 appropinquassent.
1893 3753 1913 3788 ι
1984 3734 2121 3789 Item

621 3808 792 3863 sermo
813 3809 1068 3863 dicendus
1097 3810 1154 3862 in
1176 3810 1261 3863 die
1291 3808 1627 3862 Palmarum.

548 3877 679 3933 CAP.
708 3877 899 3934 XXIV.
928 3878 997 3933 In
1027 3879 1188 3935 Coena
1208 3879 1441 3933 Domini.
1468 3877 1750 3947 Expositio
1778 3891 1934 3947 super
1963 3891 2122 3947 evan-

619 3947 813 4018 gelium
839 3964 859 4004 :
893 3968 914 4003 s
946 3952 1077 4004 Ante
1095 3950 1234 4004 diem
1261 3951 1453 4020 festum
1505 3944 1750 4002 Paschm.
1799 3966 1815 3993 ι
1844 3944 1993 4000 Item
2018 3945 2122 3998 duo

618 4035 878 4075 sermones
899 4021 955 4074 in
976 4021 1136 4077 Crena
1163 4019 1400 4074 Domini.

544 4088 674 4146 CAP.
706 4089 977 4164 XXV..In
1006 4092 1093 4147 die
1118 4089 1460 4146 Parasceves.
1486 4088 1765 4159 Expositio
1790 4102 1945 4157 super
1969 4101 2125 4139 evan-

1730 398 2028 456 VERNERI
2066 400 2356 458 ABBATIS
2395 402 2454 459 S.
2492 403 2713 460 BLASII

3656 412 3736 472 ’118

2311 520 2505 643 qflium
2537 535 2556 573 :
2587 539 2603 571 ι
2640 518 2814 573 Maria
2839 516 3178 603 Magdalena.
3216 519 3396 602 {Item
3426 534 3575 574 sermo
3593 524 3641 578 in
3672 532 3740 587 die

2362 590 2535 643 aschte
2570 590 2635 643 de
2656 599 3028 643 resurrectione
3050 589 3271 643 CllftSlt.
3301 597 3351 642 et
3392 588 3451 641 de
3479 589 3654 643 duobus
3676 600 3738 643 in-

2362 590 2535 643 aschte
2570 590 2635 643 de
2656 588 3028 643 resurrectione
3050 589 3271 651 Christi,
3301 597 3351 642 et
3392 588 3451 641 de
3479 589 3654 647 duobus
3676 600 3738 653 in.

2311 660 2494 732 fernis,
2517 677 2580 713 ac
2599 676 2781 732 novem
2801 660 2961 732 poenis
2989 660 3202 729 inferni,
3234 661 3298 713 de
3321 659 3576 714 animabus
3593 680 3740 732 quam-

2310 729 2466 798 plura
2490 740 2539 784 et
2574 730 2636 783 de
2662 729 3062 782 immortalitate
3109 746 3323 793 earum,
3373 737 3517 797 atque
3558 729 3743 791 resurre-

2311 799 2480 853 ctione
2508 815 2804 869 corporum,
2829 800 3026 851 dit'isus
3049 799 3104 851 in
3140 808 3241 851 tres
3272 807 3464 869 partes.

2238 867 2368 923 CAP.
2398 867 2901 937 XXVLExpositio
2932 885 3087 938 super
3124 868 3464 937 evangelium.
3515 868 3653 927 Feria
3678 893 3742 930 se-

2308 942 2481 993 cunda
2520 940 2760 994 Paschar.

2239 1005 2366 1130 ολδ.
2401 1008 2613 1132 ἒΧἽΙ.
2638 1008 2915 1080 Expositio
2964 1026 3118 1079 super
3142 1006 3481 1079 evangelium.
3507 1007 3645 1066 Feria
3663 1023 3740 1068 ter-

2335 1095 2387 1131 ta
2459 1097 2546 1132 asc
2566 1097 2648 1132 ne.

2312 1086 2387 1131 tta
2409 1086 2648 1134 Paschw.

2237 1146 2365 1202 CAP.
2420 1148 2656 1203 XXVIII.
2707 1147 2775 1202 In
2814 1156 2997 1220 octava
3038 1148 3278 1203 Paschaz.
3324 1146 3584 1220 Expositio
3624 1167 3744 1220 super

2308 1222 2636 1289 evangelium
2672 1234 2690 1272 :
2742 1237 2760 1270 ι
2798 1218 2932 1289 Cum
2977 1230 3108 1272 esset
3161 1235 3276 1274 sero
3321 1216 3409 1270 die
3448 1217 3550 1272 illo.
3592 1238 3608 1271 ι
3638 1216 3742 1277 Item

2308 1287 2476 1342 sermo
2532 1291 2589 1343 in
2632 1298 2816 1343 octava
2852 1287 3094 1343 Paschce.

2237 1354 2365 1429 CAP.
2394 1358 2585 1413 XXIX.
2609 1358 2889 1412 Dominica
2917 1360 3090 1429 prima
3125 1368 3240 1429 post
3281 1368 3515 1429 octavam
3549 1358 3742 1415 Pascha.

2310 1428 2607 1498 Expositio
2631 1444 2786 1496 super
2824 1428 3149 1496 evangelium
3189 1445 3208 1482 :
3246 1448 3264 1480 ο
3305 1428 3418 1498 Ego
3466 1445 3569 1481 sum
3604 1439 3746 1497 pastor

2313 1502 2496 1553 bonus.
2533 1518 2552 1551 ι
2582 1497 2716 1551 Item
2738 1515 2908 1552 sermo
2940 1498 3005 1551 de
3026 1500 3326 1566 pastoribus
3352 1497 3405 1551 et
3428 1498 3663 1566 subjectis.

2236 1571 2364 1625 CAP.
2394 1567 2564 1623 XXX.
2591 1568 2871 1621 Dominica
2897 1570 3144 1622 secunda.
3165 1569 3446 1637 Expositio
3473 1584 3609 1635 super
3623 1586 3746 1622 evan-

2339 1639 2544 1694 elium:
2583 1656 2601 1689 ι
2636 1637 2906 1691 Modicum
2949 1647 2999 1691 et
3025 1638 3143 1705 jam
3194 1655 3297 1692 non
3347 1637 3575 1691 videbitis
3616 1655 3696 1692 me.
3725 1657 3743 1691 ι

2339 1720 2437 1764 tem‘
2457 1724 2625 1761 sermo
2658 1708 2721 1761 de
2741 1708 2934 1761 visione
2949 1707 3064 1761 Dei.

2234 1781 2368 1836 CAP.
2396 1777 2589 1832 XXXI.
2615 1777 2896 1848 Dominica
2926 1779 3105 1831 tertia.
3141 1775 3425 1848 Expositio
3465 1793 3603 1848 super
3630 1794 3749 1832 evan-

2304 1850 2499 1922 gelium
2524 1863 2543 1901 :
2562 1865 2597 1922 _¢
2653 1846 2802 1922 Vada
2826 1848 2896 1901 ad
2915 1864 3055 1922 eum.
3091 1868 3109 1901 ι
3149 1846 3295 1922 Item
3320 1864 3491 1902 sermo
3524 1846 3584 1922 de
3619 1850 3750 1922 tribus

2304 1917 2488 1975 diebus
2553 1917 2853 1987 Passionis,
2904 1917 3359 1984 Resurrectionis,
3420 1926 3469 1971 et
3520 1919 3749 1972 Ascensio-

2305 2007 2405 2044 1118.

2232 2059 2363 2117 CAP.
2391 2056 2605 2113 XXXII.
2636 2058 2918 2113 Dominica
2937 2067 3151 2130 quarta.
3169 2057 3457 2130 Expositio
3471 2074 3609 2124 super
3624 2075 3748 2113 evan-

2304 2130 2494 2202 gelium
2525 2144 2597 2202 :_t
2626 2130 2790 2182 Amen
2841 2127 2993 2202 amen
3021 2129 3150 2202 dico
3173 2129 3314 2182 vobis
3340 2144 3361 2181 :
3396 2127 3459 2183 Si
3482 2130 3586 2202 quis
3624 2131 3751 2202 petie-

2303 2198 2442 2254 ritis.
2477 2218 2496 2250 ι
2534 2198 2672 2269 Item
2708 2215 2876 2253 sermo
2918 2200 2982 2253 de
3035 2200 3217 2253 ordine
3256 2199 3573 2269 resurgendi,
3617 2198 3749 2269 quali-

2306 2281 2403 2335 ter,
2430 2279 2523 2323 aut
2548 2267 2731 2339 qualia
2754 2277 3027 2340 resurgant
3064 2284 3305 2338 corpora,
3330 2267 3531 2322 divisus
3567 2267 3751 2331 induas

2339 2350 2476 2394 artes
2486 2380 2511 2398 ..

2233 2358 2652 2466 CA’ISTIXSXXIII.
2719 2406 2787 2462 In
2828 2409 3236 2479 Rogationibus.
3284 2406 3581 2479 Expositio
3632 2424 3755 2476 super

2301 2480 2626 2550 evangelium
2676 2495 2695 2532 :
2744 2497 2762 2529 ι
2807 2477 2938 2550 Quis
2990 2488 3219 2533 vestrum
3261 2478 3433 2550 habet
3491 2479 3706 2550 amicum.
3737 2497 3752 2528 ι

2303 2548 2447 2605 Item
2475 2552 2531 2604 in
2577 2548 2956 2621 Ilogationibus
3013 2564 3183 2603 sermo
3235 2548 3444 2601 divisus
3487 2549 3539 2601 in
3570 2555 3757 2617 quatuor

2338 2632 2498 2674 artes.

2231 2638 2629 2745 CA’t’ereXXIV.
2664 2687 2730 2743 In
2760 2689 3093 2743 Ascensione.
3124 2687 3407 2759 Expositio
3457 2703 3600 2757 super
3635 2701 3758 2759 eran-

2302 2760 2496 2831 gelium
2549 2774 2568 2812 :
2634 2778 2651 2810 ‹
2687 2759 3158 2831 Recumbentibus.
3211 2757 3231 2811 ἱ
3286 2757 3474 2824 Item,
3523 2772 3672 2811 sermo
3708 2757 3757 2808 de

2301 2829 2637 2894 Ascensione,
2660 2829 2858 2883 divisus
2879 2829 2933 2881 in
2958 2830 3090 2882 duas
3127 2838 3324 2897 partes.

2231 2899 2361 2954 CAP.
2388 2898 2603 2952 XXXV.
2626 2893 2912 2955 Dominica
2947 2911 3063 2969 post
3086 2893 3484 2969 A'scensionem.
3528 2893 3758 2969 Expositio

2301 2985 2458 3037 super
2496 2969 2823 3039 evangelium
2851 2984 2870 3021 :
2903 2987 2919 3019 ι
2947 2965 3118 3039 'Cutn
3160 2968 3358 3039 venerit
3422 2965 3755 3039 Paraclitusa

2303 3034 2439 3092 Item
2464 3034 2716 3092 sermo'de
2746 3055 2776 3091 x
2799 3038 3217 3092 descensionibus
3235 3037 3444 3092 Christi
3465 3037 3530 3090 ad
3550 3034 3759 3089 homines.

2302 3108 2371 3161 Et
2396 3110 2459 3162 de
2487 3125 2580 3162 vm
2618 3109 3008 3162 ascensionibus
3066 3108 3259 3162 anima:
3300 3108 3375 3160 ad
3421 3107 3604 3161 Deum.
3634 3102 3761 3166 Item,

2303 3179 2560 3248 quomodo
2588 3187 2794 3248 terrena
2820 3195 3041 3248 corpora
3071 3179 3126 3231 in
3157 3177 3285 3231 caelo
3312 3185 3585 3248 maneant.

2228 3246 2359 3304 CAP.
2386 3247 2623 3301 XXXVI.
2677 3247 2743 3301 In
2786 3248 2871 3302 die
2914 3247 3262 3302 Pentecostes.
3318 3246 3600 3310 Expositio
3642 3258 3769 3310 super

2299 3317 2625 3388 evangelium
2654 3334 2671 3373 :
2709 3337 2726 3368 ι
2758 3316 2817 3373 Si
2839 3319 2955 3387 quis
2977 3318 3154 3388 diligit
3182 3334 3282 3371 me.
3314 3336 3335 3368 ι
3384 3313 3524 3372 Item
3552 3330 3701 3369 sermo
3723 3313 3768 3365 in

2301 3375 2769 3464 clie_I5_er_i:te_costes,
2796 3375 2995 3464 divisus
3027 3375 3330 3464 invquatuor
3352 3397 3558 3456 partes.
3585 3455 3619 3464 _
3736 3453 3747 3464 _

2230 3459 2359 3514 CAP.
2397 3457 2660 3512 XXXVII.
2692 3458 2854 3511 Feria
2893 3455 3123 3512 secunda
3162 3455 3527 3511 Pentecostes.
3573 3455 3771 3522 Exposi-

2304 3530 2377 3582 tio
2429 3545 2586 3651 zuper
2628 3528 2954 3598 evangelium
2979 3543 2999 3583 :
3042 3547 3061 3581 ι
3106 3525 3197 3582 Si‘c
3241 3526 3381 3582 enim
3434 3526 3616 3581 dilexit
3656 3522 3770 3576 Deus

2304 3615 2425 3651 mun
2468 3615 2574 3651 um.
2607 3617 2626 3649 ι
3688 3628 3694 3633 ο

2303 3615 2574 3652 munaum.
2607 3617 2626 3649 1

2235 3628 2674 3741 ολῗῖῗᾶῖὲξὲἴῖτιῖι,
2704 3668 2869 3723 Feria
2909 3666 3408 3741 tertiasExpositio
3456 3682 3609 3741 super
3642 3628 3774 3741 evan-

2297 3737 2488 3808 gelium
2513 3754 2531 3791 :
2565 3757 2584 3790 ι
2624 3738 2812 3805 Amen,
2864 3756 3016 3794 amen
3064 3739 3185 3793 dico
3230 3738 3373 3792 vobis
3397 3754 3422 3792 :
3453 3737 3556 3803 Qui
3591 3749 3684 3788 non
3706 3737 3775 3784 in-

2299 3817 2425 3862 trat.
2464 3828 2482 3859 ι

2224 3877 2355 3933 CAP.
2398 3877 2640 3934 XXXIX.
2680 3879 2747 3933 In
2789 3887 2974 3935 octava
3010 3879 3366 3936 Pentecostes.
3403 3876 3681 3946 Expositio
3703 3886 3777 3926 su-

2294 3965 2375 4020 per
2442 3951 2767 4020 evangelium
2816 3965 2835 4003 :

2296 4018 2433 4072 Item
2456 4018 2627 4074 seruio
2654 4021 2717 4074 de
2741 4036 2799 4073 eo

2297 4090 2438 4144 tione
2459 4089 2726 4160 baptismi.

3271 4177 3292 4202 ο

1452 4199 1761 4275 Expliciunt
1790 4197 2139 4269 expositiones
2168 4211 2257 4252 seu
2288 4201 2523 4270 capitula
2552 4202 2712 4272 primi
2741 4200 2884 4257 libri.

2120 4337 2192 4354 ’ἡ

1007 4494 1448 4556 CONFESSIO
1492 4495 1709 4555 FIDEI
1753 4490 2236 4556 CATHOLICIE
2278 4493 2541 4555 DOMNI
2586 4494 2972 4555 WEBNERI
3016 4493 3359 4556 ABBATIS

1350 4656 1608 4732 Sumpta
1642 4671 1717 4715 ex
1750 4651 1939 4715 tertio
1968 4650 2136 4716 libro
2166 4650 2488 4714 Ambrosii
2519 4652 2597 4715 de
2631 4652 2938 4715 'l‘rinitate

3112 4725 3206 4738 μιν.-

2882 3968 2900 4001 s
2943 3949 3077 4003 Erat
3122 3952 3277 4003 homo
3314 3964 3379 4004 ea:
3430 3942 3729 4002 Pharisais.
3757 3958 3777 3993 ι

2821 4021 2949 4090 quid
2978 4021 3047 4074 sit
3080 4020 3397 4091 baptismus,
3428 4028 3481 4073 et
3498 4019 3563 4073 de
3587 4014 3780 4070 institu-

602 4927 852 4985 Assertio
879 4932 1080 4983 nostra!
1124 4926 1267 4995 fidei,
1306 4928 1411 4984 hoc
1455 4937 1559 4995 est,
1612 4939 1669 4986 ut
1702 4946 1872 4986 unum
1938 4929 2104 4987 Deum
2138 4937 2185 4995 Α
2212 4930 2525 4985 nominilnis
2559 4945 2730 4983 unum
2761 4944 2961 4984 nomen
2990 4936 3094 4997 est,
3124 4928 3217 4984 ubi
3245 4938 3331 4985 est
3378 4946 3499 4984 una
3530 4928 3800 4989 divinitas,

2217 5037 2325 5077 una
2363 5021 2688 5087 substantia,
2736 5036 2844 5075 una
2889 5021 3169 5091 majestas.
3238 5020 3353 5077 [Ioc
3395 5036 3618 5075 nomen
3648 5017 3800 5073 estin

531 5035 654 5076 esse
689 5019 957 5086 dicamus,
1008 5036 1117 5077 non
1164 5021 1301 5079 duos
1346 5034 1441 5080 aut
1489 5035 1622 5080 tres.
1653 5024 1790 5081 Tres
1824 5024 1958 5081 deos
1989 5041 2110 5082 esse

528 5112 662 5166 dicit
687 5110 783 5181 qui
810 5110 1149 5169 divinitatem
1177 5126 1393 5185 separat
1419 5114 1724 5173 Trinitatis.
1762 5115 1874 5173 Nos
1914 5125 2106 5172 autem

526 5204 764 5269 Patrem,
787 5212 841 5260 et
862 5202 1058 5262 Filium
1079 5217 1132 5264 et
1155 5205 1416 5279 Spiritum
1435 5218 1687 5266 sanctum
1735 5226 1905 5266 unum
1933 5210 2104 5266 Deum

525 5312 649 5353 esse
694 5297 1039 5367 conlitemur,
1088 5299 1162 5355 ita
1204 5309 1264 5355 ut
1294 5301 1347 5356 in
1378 5302 1621 5359 trinitate
1650 5301 1889 5373 perfecta
1915 5313 1968 5359 et
1990 5303 2105 5373 ple-

525 5387 717 5445 nitudo
773 5388 847 5444 sit
896 5388 1222 5459 divinitatis,
1269 5400 1324 5447 et
1373 5393 1556 5450 unitas
1597 5395 1904 5466 potestatis.
1957 5392 2102 5449 Deus

523 5477 672 5534 enim
703 5494 848 5534 unus
877 5486 980 5534 est.
1007 5479 1154 5536 Deus
1188 5496 1387 5538 nomen
1421 5493 1506 5539 est
1534 5485 1972 5556 magniﬁcentiae,
2004 5499 2103 5539 no-

524 5581 651 5622 men
686 5567 993 5638 potestatis.
1025 5565 1083 5623 Si
1123 5588 1253 5644 ergo
1276 5590 1419 5630 unus
1449 5574 1614 5642 Deus,
1644 5591 1815 5630 unum
1865 5589 2100 5642 nomen,

524 5672 635 5713 una
660 5665 923 5729 potestas,
953 5680 1065 5720 una
1092 5673 1177 5720 est
1205 5666 1441 5723 trinitas.
1495 5665 1738 5737 Denique
1767 5667 1900 5723 dicit
1927 5686 1940 5721 :
1971 5684 1990 5718 ‹
2024 5664 2101 5721 Ite

521 5746 861 5819 baptizantes
923 5755 979 5811 in
1030 5756 1254 5813 nomine
1288 5755 1466 5814 Patris
1510 5765 1565 5814 et
1611 5758 1732 5813 Filii
1777 5769 1832 5814 et
1866 5757 2100 5830 Spiritus

525 5846 701 5904 sancti
744 5848 965 5926 (Matth.
1000 5848 1216 5922 xxvm).
1249 5868 1268 5903 ι
1317 5848 1376 5910 In
1404 5850 1621 5912 nomine
1660 5851 1867 5924 itaque,
1910 5866 2020 5908 non
2047 5851 2100 5909 in

2215 5130 2325 5185 quo
2371 5122 2583 5184 oportet
2612 5128 2803 5168 omnes
2858 5112 3041 5168 salvos
3097 5113 3216 5168 ﬁeri
3267 5112 3409 5183 (εισι.
3475 5112 3586 5183 1v).
3632 5109 3761 5165 Item

2219 5224 2237 5257 ι
2292 5204 2406 5276 Ego
2436 5213 2492 5259 et
2536 5203 2698 5259 Pater
2750 5219 2923 5258 unum
2964 5219 3158 5260 sumus
3204 5202 3387 5275 (Joan.
3424 5203 3516 5270 χ).
3561 5222 3582 5254 s
3634 5198 3805 5254 Unum

2211 5294 2369 5359 dixit,
2410 5310 2478 5349 ne
2532 5296 2626 5349 liat
2671 5294 2931 5351 discretio
2975 5297 3280 5366 potestatis.
3322 5295 3548 5350 Sumus
3586 5288 3811 5352 addidit.

2212 5395 2273 5441 ut
2297 5402 2563 5456 personas
2598 5401 3016 5457 cognoscamus.
3045 5385 3165 5441 Non
3197 5387 3346 5442 enim
3367 5385 3551 5440 Pater
3585 5386 3709 5455 ipse
3726 5379 3810 5451 qui

2211 5476 2403 5544 Filius,
2431 5476 2527 5533 sed
2549 5491 2614 5532 ex
2642 5476 2803 5532 Patre
2836 5477 3051 5548 genitus
3075 5477 3267 5544 Filius,
3293 5492 3361 5532 ex
3393 5474 3528 5530 Dco
3557 5474 3734 5536 Deus,
3755 5483 3817 5524 ει

2207 5569 2369 5642 pleno
2423 5570 2636 5638 plenus.
2687 5567 2807 5623 Non
2856 5577 2985 5625 sunt
3039 5584 3170 5641 ergo
3220 5570 3339 5624 haec
3369 5568 3540 5622 nuda
3569 5564 3815 5625 nomina.

2208 5662 2303 5718 sed
2328 5661 2547 5718 virtutis
2595 5660 2818 5730 indicia,
2867 5662 3148 5732 plenitudo
3182 5662 3498 5718 divinitatis
3533 5662 3602 5716 in
3636 5656 3821 5718 Patre,

2206 5752 2486 5824 plenitudo
2538 5751 2593 5806 in
2623 5750 2784 5817 Filio,
2822 5753 2917 5808 sed
2950 5768 3057 5808 non
3088 5754 3426 5824 discrepans,
3468 5765 3591 5806 nec
3621 5744 3822 5804 confu-

2204 5864 2327 5907 sum
2348 5849 2492 5934 quod
2520 5848 2687 5906 unum
2715 5858 2817 5920 est,
2847 5865 2947 5909 nec
2972 5852 3254 5925 multiplex
3285 5850 3427 5926 quod
3453 5848 3828 5910 iudiﬂ'ercns.

3762 5984 3831 6105 μί
