4142 6360
322 271 528 360 '729

1343 301 1917 362 DEFLORATIONES
1955 303 2058 360 SS.
2096 300 2405 359 PATRUM.
2443 327 2516 345 -ο-
2548 300 2679 358 LIB.
2716 302 2759 359 I.

3573 308 3678 370 750

422 412 713 484 Quomodo
738 411 912 470 Filius
943 429 974 469 a
1005 413 1165 470 Patre
1188 414 1404 486 genitus
1425 416 1521 484 sit,
1543 415 1882 488 impossibile
1915 422 2002 473 est
2027 417 2075 474 Α
2101 414 2271 470 Deum
2297 430 2487 473 verum
2514 423 2705 471 natum
2737 414 2805 473 de
2836 416 2950 473 Deo
2970 417 3152 486 Patre,
3187 426 3242 475 et
3266 430 3456 475 verum
3492 423 3674 479 homi-

424 508 568 565 scire
599 520 795 562 :mens
842 505 1059 573 deficit,
1109 506 1295 578 lingua
1345 508 1487 576 silet,
1544 524 1655 565 non
1712 509 1999 567 hominum

2099 520 2225 561 nem
2254 514 2444 561 natum
2473 506 2542 562 de
2581 505 2803 563 homine
2836 516 3012 565 matre
3042 528 3056 565 :
3089 526 3190 567 nec
3213 511 3335 583 ejus
3358 512 3674 570 humanita-

423 606 657 663 tantum,
684 595 779 653 sed
830 603 885 650 et
932 597 1268 669 angelorum,
1322 612 1489 669 supra
1542 599 1786 671 angelos,
1831 614 2005 669 supra
2099 606 2209 653 tem
2237 596 2504 652 minorem
2534 596 2695 652 Patre
2716 598 2962 655 minuere
3002 600 3209 671 aliquid
3248 602 3368 672 ejus
3404 602 3675 660 divinitati

424 688 730 755 cherubim,
763 702 929 759 supra
977 689 1276 759 seraphim,
1331 705 1495 760 supra
1527 705 1743 746 omnem
1773 705 1997 746 sensum

421 790 526 840 est.
551 781 787 838 Credere
826 783 1105 853 iubemur,
1156 798 1265 838 non
1293 784 1564 840 discutere
1608 783 1992 854 permittimur.

419 873 589 930 Aufer
608 884 926 944 argumenta
949 875 1040 930 ubi
1068 876 1199 931 lides
1220 877 1499 946 quaeritur.
1526 876 1811 933 Credimus
1823 892 1994 932 unum

420 962 614 1030 Deum,
650 962 863 1018 Patrem
893 972 948 1019 et
970 963 1165 1018 Filium
1185 973 1238 1019 et
1269 963 1529 1035 Spiritum
1569 973 1820 1021 sanctum
1848 983 1861 1018 :
1893 964 1997 1019 Pa-

421 1063 559 1110 trem
607 1069 674 1109 eo
702 1054 849 1125 quod
905 1055 1099 1110 habeat
1144 1055 1363 1123 Filium,
1395 1056 1590 1111 Filium
1622 1071 1688 1111 eo
1720 1055 1867 1126 quod
1891 1055 1996 1111 Pa-

419 1151 557 1200 trem
578 1184 594 1211 ,
632 1141 895 1214 Spiritum
924 1159 991 1199 eo
1016 1147 1162 1215 quod
1185 1146 1245 1200 fit
1266 1161 1332 1201 ex
1367 1145 1528 1201 Patre
1557 1154 1612 1202 et
1650 1145 1809 1201 Filio.
1834 1146 1994 1203 Pater

389 1239 395 1244 ’
419 1251 550 1308 ergo
576 1236 900 1307 principium
918 1237 1153 1305 deitatis,
1177 1240 1269 1310 qui
1286 1240 1426 1295 sicut
1453 1255 1733 1310 nunquam
1757 1238 1859 1294 fuit
1882 1255 1991 1295 non

421 1328 588 1397 Deus,
621 1332 697 1385 ita
748 1347 1029 1402 nunquam
1080 1347 1191 1386 non
1230 1332 1332 1386 fuit
1383 1347 1491 1388 non
1547 1331 1731 1386 Pater.
1763 1330 1995 1388 APatre

419 1420 592 1477 Filius
620 1431 802 1487 natus,
830 1423 900 1478 ab
921 1438 986 1478 eo
1012 1439 1142 1478 vero
1165 1431 1220 1479 ct
1243 1440 1274 1478 a
1296 1423 1433 1478 Filio
1460 1423 1706 1493 procedit
1732 1420 1990 1491 Spiritus.

416 1510 578 1567 Pater
606 1522 840 1568 aeternus
874 1527 940 1568 eo
974 1513 1119 1582 quod
1144 1512 1340 1568 haheat
1373 1513 1570 1585 Filium
1591 1528 1876 1586 aeternum,
1903 1534 1996 1575 cu-

412 1602 507 1674 jus
539 1611 773 1661 aeternus
814 1605 887 1660 sit
931 1603 1110 1660 Pater.
1144 1604 1318 1661 Filius
1359 1614 1597 1663 aeternus
1635 1623 1700 1664 eo
1725 1609 1874 1679 quod
1921 1610 1995 1665 sit

417 1692 567 1749 Patri
592 1703 646 1749 et
680 1693 907 1764 Spiritui
937 1704 1127 1751 sancto
1160 1705 1482 1752 coaeternus.
1513 1696 1748 1768 Spiritus
1770 1702 1992 1756 sanctus

416 1794 653 1842 aeternus
680 1786 901 1853 dicitur,
947 1801 1013 1841 eo
1042 1787 1188 1857 quod
1222 1775 1369 1842 Patri
1395 1798 1449 1844 et
1490 1788 1630 1844 Filio
1666 1791 1738 1845 sit
1762 1800 1989 1846 coaeter-

416 1891 546 1943 nus,
576 1891 685 1931 non
717 1875 964 1942 confusa,
984 1876 1335 1932 utSabellius
1357 1878 1509 1945 dicit,
1531 1877 1769 1935 Trinitas
1788 1880 1840 1934 in
1867 1897 1990 1951 per-

417 1979 576 2031 sona,
606 1979 784 2035 neque
814 1975 1063 2034 separata
1106 1975 1203 2021 aut
1230 1966 1403 2022 divisa
1429 1967 1486 2021 in
1516 1976 1713 2023 natura
1733 1969 1992 2024 divinita-

413 2055 508 2122 tis,
535 2062 597 2109 ut
630 2055 796 2110 Arius
821 2054 1181 2126 blasphemat,
1220 2057 1314 2113 sed
1342 2058 1478 2112 alter
1528 2058 1584 2112 in
1625 2074 1859 2129 persona
1887 2059 1993 2115 Pa-

414 2153 520 2210 ter,
560 2144 697 2200 alter
756 2144 949 2212 Filius,
997 2146 1135 2202 alter
1183 2146 1422 2218 Spiritus
1463 2158 1708 2217 sanctus,
1754 2166 1897 2206 unus
1933 2150 1988 2206 in

414 2244 645 2303 natura,
678 2236 732 2290 in
765 2236 1007 2292 trinitate
1051 2237 1229 2306 Deus,
1273 2239 1433 2296 Pater
1472 2250 1527 2296 et
1547 2240 1748 2308 Filius,
1781 2252 1835 2299 et
1865 2242 1991 2314 Spi-

416 2327 557 2383 ritus
598 2335 841 2385 sanctus.
870 2327 1003 2384 Item
1033 2348 1048 2384 :
1078 2328 1196 2384 Non
1222 2330 1383 2386 Pater
1411 2347 1632 2387 carnem
1666 2335 1987 2404 assumpsit,

417 2431 518 2473 nec
535 2415 770 2487 Spiritus
795 2427 1037 2483 sanctus,
1057 2420 1154 2475 sed
1182 2419 1354 2476 Filius
1388 2428 1620 2491 tantum,
1650 2430 1728 2490 ut,
1758 2424 1852 2493 qui
1874 2432 1993 2479 erat

416 2508 475 2564 in
497 2508 777 2565 divinitate
800 2510 980 2567 Patris
1000 2509 1096 2566 Dei
1126 2510 1321 2578 Filius,
1350 2512 1466 2582 ipse
1492 2513 1646 2568 ﬁeret
1668 2513 1722 2566 in
1768 2513 1990 2570 homine

417 2594 658 2651 hominis
685 2596 850 2664 filius,
872 2611 1050 2667 neque
1072 2596 1195 2651 Filii
1219 2612 1420 2652 nomen
1450 2598 1517 2653 ad
1548 2598 1780 2653 alterum
1811 2605 1991 2654 trans-

416 2687 542 2752 iret,
573 2686 667 2756 qui
690 2703 801 2742 non
834 2697 980 2743 esset
1007 2688 1287 2744 nativitate
1324 2690 1515 2745 Filius.
1551 2689 1647 2744 Dei
1676 2705 1807 2762 ergo
1842 2690 1988 2745 nati-

416 2777 582 2834 vitate
624 2779 771 2835 ﬁlius
800 2780 1040 2836 hominis
1062 2780 1238 2837 factus
1257 2790 1340 2837 est
1368 2781 1573 2836 Filius:
1599 2790 1762 2837 natus
1793 2797 1990 2837 secun-

416 2867 549 2924 dum
570 2869 853 2925 veritatem
881 2879 1110 2938 natura},
1137 2888 1206 2928 ex
1219 2871 1331 2927 Deo
1357 2871 1449 2926 Dei
1480 2871 1658 2940 filius;
1686 2873 1988 2928 secundum

416 2960 707 3016 veritatem
754 2970 997 3030 naturae,
1048 2979 1117 3017 ex
1169 2964 1390 3019 homine
1441 2964 1680 3019 hominis
1723 2964 1897 3031 illius,
1928 2974 1990 3020 ut

2097 703 2221 758 qua:
2244 686 2468 757 aequalis
2495 696 2581 743 est
2605 686 2773 743 Patri.
2811 688 2925 746 Hoc
2945 705 3075 762 ergo
3106 700 3401 763 utrumque
3421 711 3564 750 unus
3588 704 3676 753 est

2096 778 2349 835 Christus
2373 778 2466 850 qui
2496 780 2797 836 secundum
2828 781 2999 837 Deum
3024 783 3163 839 dixit
3195 802 3208 839 :
3251 802 3270 836 ‹
3298 784 3413 857 Ego
3441 795 3494 842 et
3514 785 3675 844 Pater

2095 885 2264 925 unum
2297 885 2490 927 sumus
2521 870 2706 941 (Joan.
2748 873 2829 943 ι).
2866 892 2885 924 ι
2921 873 2987 928 Et
3008 875 3310 931 secundum
3336 877 3612 933 hominem
3653 897 3669 933 :

2102 978 2122 1012 ί
2155 958 2317 1016 Pater
2343 961 2518 1031 major
2566 977 2654 1016 me
2683 970 2767 1018 est
2813 962 2997 1033 (Joan.
3031 965 3168 1036 xw),
3203 985 3222 1019 ι
3280 982 3347 1023 ex
3374 984 3485 1039 quo
3508 971 3672 1026 homo

2095 1051 2261 1121 coepit
2299 1066 2442 1119 esse,
2476 1067 2585 1107 non
2636 1053 2783 1108 aliud
2809 1054 2976 1124 cespit
2998 1070 3119 1112 esse
3148 1072 3313 1126 quam
3356 1057 3451 1113 Dei
3477 1058 3671 1129 Filius,

2093 1151 2149 1200 et
2198 1144 2304 1199 hoc
2336 1143 2669 1214 unigenitus,
2717 1154 2771 1201 et
2817 1141 3036 1216 propter
3056 1147 3226 1208 Deum
3265 1150 3512 1216 verbum,
3536 1168 3673 1222 quo,

2094 1235 2188 1290 illo
2209 1243 2485 1305 suscepto,
2511 1250 2641 1290 caro
2679 1234 2881 1291 factum
2911 1245 2995 1292 est
3018 1236 3199 1307 (Joan.
3233 1241 3295 1309 ι),
3327 1250 3386 1295 ut
3408 1243 3672 1311 quemad-

2093 1327 2315 1382 modum
2343 1335 2428 1382 est
2452 1342 2560 1380 una
2595 1341 2826 1396 persona
2849 1328 3076 1398 quilibet
3102 1329 3288 1397 homo,
3319 1333 3500 1387 anima
3521 1334 3673 1389 scili-

2094 1425 2180 1475 cet
2216 1418 2502 1473 rationalis
2529 1426 2584 1473 et
2612 1433 2762 1484 caro,
2793 1420 2867 1474 ita
2900 1420 2974 1475 sit
2996 1419 3248 1476 Christus
3278 1438 3385 1476 una
3417 1438 3672 1495 persona,

2101 1510 2334 1566 Verbum
2376 1522 2431 1567 et
2474 1513 2661 1568 homo.
2693 1511 2950 1568 Christus
2975 1511 3137 1570 Iesus
3163 1513 3258 1569 Dei
3292 1514 3465 1573 Filius
3487 1524 3592 1585 est,
3618 1526 3675 1574 et

2094 1603 2240 1660 Deus
2287 1611 2343 1659 et
2393 1605 2557 1660 homo
2608 1624 2623 1661 :
2667 1605 2831 1673 Deus,
2875 1606 3005 1676 quia
3039 1606 3134 1662 Dei
3183 1606 3446 1675 Verbum,
3480 1610 3668 1678 homo,

2094 1697 2223 1767 quia
2258 1698 2315 1752 in
2346 1699 2552 1752 unitate
2578 1713 2826 1768 personae
2854 1699 3085 1754 accessit
3139 1699 3235 1754 Dei
3261 1698 3459 1767 Verbo,
3488 1701 3674 1758 anima

2094 1788 2378 1844 rationalis
2402 1797 2457 1843 et
2504 1804 2653 1844 caro.
2691 1788 2759 1843 Et
2801 1789 2897 1859 qui
2944 1790 3141 1845 unicus
3196 1789 3293 1845 Dei
3348 1780 3522 1847 Filius
3565 1802 3670 1861 est,

2094 1879 2263 1934 etiam
2307 1887 2363 1933 et
2392 1879 2538 1934 illius
2584 1879 2857 1946 hominis,
2909 1880 2963 1935 id
2990 1889 3076 1935 est
3104 1881 3221 1951 ipse
3265 1889 3560 1953 utrumque
3602 1898 3674 1940 ex

2091 1979 2325 2040 utroque
2366 1986 2508 2026 unus
2551 1969 2824 2038 Christus,
2870 1986 3015 2026 unus
3040 1970 3135 2025 Dei
3181 1970 3370 2039 Filius,
3416 1972 3672 2043 idemque

2092 2060 2332 2116 hominis
2366 2061 2529 2126 (ilius,
2574 2076 2684 2116 non
2738 2062 2848 2116 duo
2883 2060 3001 2127 filii,
3053 2059 3198 2116 Deus
3242 2070 3296 2116 et
3342 2062 3529 2130 homo,
3573 2064 3671 2121 sed

2092 2166 2237 2206 unus
2262 2149 2452 2205 Filius.
2500 2149 2632 2205 Item
2658 2150 2802 2206 Deus
2824 2151 3105 2206 hominem
3134 2151 3466 2221 assumpsit,
3504 2152 3669 2208 homo

2093 2240 2147 2295 in
2162 2238 2342 2295 Deum
2366 2238 2636 2305 transivit,
2665 2255 2775 2293 non
2811 2249 3020 2294 naturae
3050 2238 3423 2308 versibilitate,
3449 2240 3542 2295 sed
3566 2239 3670 2311 Dei

2093 2329 2422 2400 dignatione,
2462 2336 2521 2384 ut
2562 2344 2663 2384 nec
2714 2328 2858 2384 Deus
2911 2337 3213 2384 mutaretur
3262 2328 3319 2384 in
3374 2318 3670 2386 humanam

2094 2421 2451 2476 substantiam
2502 2420 2833 2475 assumendo
2880 2421 3192 2487 hominem,
3242 2435 3345 2475 nec
3395 2420 3560 2476 homo
3611 2421 3667 2476 in

2093 2510 2330 2566 divinam
2359 2510 2694 2580 glorificatus
2724 2510 2780 2564 in
2807 2509 3000 2565 Deum.
3023 2508 3163 2576 Quia
3186 2509 3417 2564 mutatio
3442 2510 3529 2564 vel
3554 2524 3670 2566 vcr-

2091 2602 2325 2658 sihilitas
2371 2609 2580 2656 naturae
2621 2601 2706 2655 vel
2737 2599 3155 2655 diminutionem
3187 2600 3270 2655 vel
3292 2600 3667 2673 _abolitionetn

2092 2690 2241 2757 facit,
2273 2689 2514 2744 creditur
2561 2706 2592 2744 a
2650 2690 2810 2746 nobis
2853 2690 2972 2744 sine
3020 2689 3344 2745 confusione
3378 2689 3668 2760 conjuncta

2091 2782 2352 2848 Trinitas,
2370 2782 2488 2838 sine
2517 2782 2857 2852 separatione
2882 2781 3154 2837 distincta.
3186 2780 3338 2835 Item.
3356 2779 3669 2836 Nihilcrea-

2093 2883 2230 2941 tum,
2270 2882 2364 2928 aut
2388 2875 2629 2929 serviens
2655 2873 2711 2927 in
2742 2872 3007 2928 Trinitate
3033 2872 3360 2928 credendum
3390 2880 3495 2939 est,
3528 2872 3666 2928 nihil

2092 2965 2376 3034 inaequale,
2413 2964 2551 3018 nihil
2586 2967 2771 3034 gratiae
2789 2962 3017 3033 aequale,
3046 2962 3184 3016 nihil
3217 2962 3481 3028 anterius,
3527 2962 3664 3016 nihil

417 3051 618 3106 veritas
644 3051 828 3121 geniti,
865 3069 974 3108 non
1000 3052 1312 3123 adoptione,
1344 3069 1446 3108 nec
1486 3052 1869 3123 appellatione,
1893 3052 1987 3108 sed
2017 3082 2058 3138 ο
2092 3057 2386 3128 posterius,
2410 3064 2505 3110 aut
2532 3055 2735 3121 minus,
2781 3054 2917 3108 nihil
2953 3060 3272 3108 extraneum
3309 3060 3404 3107 aut
3438 3050 3664 3109 ofliciale

415 3140 473 3198 in
515 3148 745 3215 utraque
789 3143 1069 3200 nativitate
1118 3144 1214 3199 filii
1241 3160 1438 3200 nomen
1484 3146 1756 3201 nascendo
1820 3144 1991 3199 habe-

418 3241 522 3299 ret,
550 3241 778 3290 etesset
827 3250 991 3292 verus
1039 3234 1205 3306 Deus,
1264 3251 1426 3292 verus
1481 3236 1687 3305 homo,
1733 3251 1878 3291 unus
1924 3236 1988 3290 li-

415 3325 544 3382 ilus.

484 3418 617 3475 Item
658 3436 767 3476 non
796 3435 926 3491 ergo
965 3420 1104 3477 duos
1132 3421 1392 3487 christos,
1437 3436 1614 3492 neque
1638 3421 1777 3477 duos
1822 3422 1985 3488 filios,

415 3510 512 3567 sed
542 3509 713 3566 Deum
740 3519 794 3570 et
816 3512 1090 3567 hominem
1120 3527 1288 3566 unum
1320 3511 1540 3567 Filium.
1569 3512 1740 3579 Quem
1764 3523 1986 3582 propte-

415 3616 511 3658 rea
538 3599 889 3670 Unigenitum
914 3600 1169 3667 dicimus,
1190 3609 1499 3656 manentem
1537 3602 1594 3656 in
1622 3602 1836 3657 duabus
1857 3600 1987 3657 sub—

420 3690 663 3755 stantiis,
688 3689 829 3744 sicut
849 3690 900 3745 ei
917 3693 1116 3746 veritas
1137 3700 1349 3753 naturae
1373 3692 1627 3758 contulit,
1652 3708 1761 3746 non
1794 3691 1988 3748 confu-

415 3784 498 3838 sis
524 3780 755 3847 naturis,
784 3796 975 3859 neque.
1003 3782 1279 3840 immistis.
1302 3782 1382 3839 Ita
1407 3784 1552 3839 enim
1579 3783 1749 3839 Filius
1768 3798 1987 3838 assum-

415 3871 527 3944 psit
571 3871 883 3940 hominem,
925 3890 988 3928 ut
1035 3875 1130 3945 qui
1174 3875 1434 3946 suscepit,
1464 3883 1519 3930 et
1560 3875 1705 3945 quod
1729 3873 1986 3942 suscepit,

394 3978 526 4041 .una
559 3971 704 4019 esset
730 3963 785 4018 in
816 3965 1055 4021 trinitate
1075 3981 1330 4036 persona.
1367 3965 1554 4036 Neque
1582 3965 1728 4020 enim
1766 3963 1988 4019 homine

418 4065 699 4128 assumpto
712 4058 1046 4127 quaternitas
1075 4057 1216 4114 facta
1240 4064 1342 4114 est.
1375 4057 1482 4113 Sed
1526 4057 1740 4113 trinitas
1762 4057 1984 4125 mansit,

420 4146 791 4216 assumptione
809 4147 899 4201 illa
922 4147 1264 4204 inetfabiliter
1286 4147 1517 4205 faciente
1545 4163 1793 4219 persona:
1821 4163 1988 4204 unius

418 4236 475 4290 in
497 4233 608 4290 Deo
630 4242 685 4289 et
706 4234 924 4290 homine
942 4238 1518 4308 veritatem,quoniam
1541 4253 1650 4292 non
1668 4236 1839 4293 Deum
1862 4244 1986 4291 tan-

418 4335 566 4393 tum,
594 4340 698 4382 nec
737 4327 1013 4383 hominem
1058 4336 1270 4384 tantum
1299 4329 1534 4386 dicimus
1560 4329 1862 4397 Christum,
1893 4327 1987 4384 sed

2093 3147 2269 3213 alteri,
2311 3145 2450 3200 nihil
2496 3144 2599 3201 sibi
2629 3144 2920 3208 invisibile,
2968 3142 3106 3197 nihil
3133 3142 3401 3198 creaturis
3425 3140 3661 3209 visibile,

2094 3238 2228 3294 nihil
2258 3237 2505 3302 moribus
2530 3235 2611 3290 vel
2632 3235 2909 3289 voluntate
2944 3234 3250 3300 diversum,
3281 3232 3418 3287 nihil
3444 3232 3511 3286 de
3539 3230 3665 3285 Tri-

2092 3328 2280 3384 nitatis
2294 3326 2530 3408 essentia
2557 3324 2626 3379 ad
2652 3333 3026 3379 creaturarum
3057 3331 3309 3378 naturam
3339 3322 3661 3400 deductum,

2092 3417 2227 3472 nihil
2282 3414 2458 3471 ofﬁcio
2507 3415 2801 3485 singulare,
2831 3428 2930 3468 nec
2971 3411 3128 3467 alteri
3173 3409 3661 3472 communicabile,

2091 3509 2227 3564 nihil
2257 3507 2566 3574 confusum,
2614 3506 2710 3562 sed
2754 3514 2930 3560 totum
2960 3502 3259 3574 perfectum
3288 3520 3301 3556 :
3330 3501 3457 3572 quia
3485 3508 3661 3556 totum

2091 3616 2159 3654 ex
2212 3614 2342 3662 uno,
2398 3608 2453 3652 et
2503 3612 2695 3664 unum,
2734 3612 2845 3651 non
2888 3605 3071 3650 tamen
3102 3593 3428 3650 solitarium.
3463 3590 3598 3647 Item
3642 3608 3658 3648 :

2091 3690 2428 3746 Homousion
2457 3704 2588 3761 ergo
2616 3689 2669 3742 in
2706 3687 2987 3742 divinitate
3015 3685 3164 3740 Patri
3188 3684 3392 3750 Filius;
3424 3682 3662 3738 homon-

2092 3782 2212 3837 sion
2268 3781 2414 3837 Patri
2462 3789 2516 3836 et
2556 3780 2694 3834 Filio
2740 3776 2976 3847 Spiritus
3021 3787 3282 3832 sanctus:
3326 3773 3662 3831 Homousioa

2091 3871 2202 3926 Deo
2231 3882 2286 3927 et
2312 3871 2539 3938 homini,
2562 3886 2706 3925 unus
2730 3868 2900 3923 Filius
2930 3883 3157 3923 manens
3186 3866 3329 3921 Deus
3358 3865 3414 3920 in
3443 3865 3665 3920 homine

2090 3978 2211 4019 suo.
2264 3962 2322 4016 In
2367 3961 2538 4032 gloria
2574 3960 2753 4016 Patris
2777 3957 3155 4014 desiderabilis
3192 3955 3364 4011 videri
3396 3955 3465 4010 ab
3493 3970 3661 4025 ange-

2089 4054 2157 4111 lis
2184 4071 2198 4109 :
2227 4054 2306 4109 sic
2336 4052 2498 4107 Pater
2521 4060 2574 4107 et
2596 4051 2788 4117 Filius,
2809 4058 2865 4105 et
2895 4048 3133 4118 Spiritus
3153 4054 3374 4102 sanctus
3402 4045 3663 4100 adoratur

2090 4147 2160 4202 ab
2203 4144 2410 4216 angelis
2456 4151 2512 4198 et
2556 4143 2708 4197 omni
2761 4148 3032 4206 creatura,
3089 4152 3199 4192 non
3238 4136 3403 4190 homo
3442 4140 3663 4203 propter

2089 4236 2282 4303 Deum,
2318 4235 2404 4290 vel
2432 4233 2684 4289 Christus
2713 4247 2839 4288 cum
2867 4229 3010 4296 Deo,
3048 4225 3144 4285 sed
3167 4226 3337 4281 homo
3364 4238 3420 4279 in
3449 4222 3584 4291 Deo,
3607 4228 3664 4281 et

2089 4327 2399 4386 in.homine
2426 4325 2592 4382 Deus.

420 4474 3629 4518 Μ

1812 4669 2274 4761 INCIPIT

857 4884 1267 4997 LIBER
1349 4881 1870 4997 PRIMUS
1951 4868 3201 4994 DEFLORATIONUM.

1360 5255 2078 5355 DOMINICA
2165 5251 2723 5364 QUARTA

1539 5444 1725 5502 ANTE
1755 5442 2228 5503 NATIVITATEM
2265 5442 2521 5500 DOMINI.

494 5620 515 5657 ι
555 5602 772 5661 Initium
806 5604 1078 5678 Evangelii
1100 5603 1227 5660 Iesu
1251 5601 1474 5669 Christi,
1505 5601 1599 5657 lilii
1624 5600 1816 5657 David.
1841 5600 1993 5660 Sicut
2096 5616 2277 5657 meum
2307 5605 2432 5654 ante
2456 5595 2650 5652 faciem
2675 5604 2845 5663 tuam,
2874 5610 2967 5666 qui
2988 5585 3313 5678 praeparavit
3332 5580 3476 5638 viam
3506 5586 3658 5678 tuam

421 5691 684 5766 scriptun
710 5702 793 5754 est
821 5695 875 5752 in
907 5693 1047 5754 Isaia
1075 5694 1336 5768 propheta
1362 5711 1375 5750 :
1399 5691 1535 5752 Ecce
1561 5693 1716 5750 mitto
1739 5691 1990 5765 angelum

2098 5698 2221 5749 ante
2251 5696 2335 5756 te,
2380 5696 2485 5745 etc.
2517 5684 2710 5758 (Marc.
2747 5686 2787 5758 ι)
2824 5704 2841 5738 ι
2898 5680 3248 5756 Evangelium
3281 5676 3502 5749 Graece,
3544 5671 3658 5733 La-
