4038 6514
552 403 650 462 751

1679 392 2006 450 WERNERI
2043 390 2337 453 ABBATIS
2374 393 2431 451 S.
2473 393 2693 451 BLASII

3689 399 3789 459 ’Ζεῦ

545 522 664 575 tine
711 518 846 573 bona
878 514 1211 571 ammntiatio
1239 511 1458 577 dicitur,
1482 508 1627 579 quod
1672 508 1890 578 proprie
1917 507 1985 561 ad
2040 521 2127 560 re—
2155 508 2203 566 A
2230 521 2339 562 non
2369 523 2436 563 ex
2479 500 2756 578 operibus,
2812 523 2880 563 ne
2929 510 3055 579 quis
3096 509 3366 581 glorietur
3409 505 3624 579 (Ephes.
3655 514 3732 583 ιι).
3759 536 3777 568 ι

548 626 717 681 gnum
750 610 842 663 Dei
864 618 916 662 et
945 606 1010 660 ad
1055 604 1429 659 remissionem
1473 607 1820 670 peccatorum
1865 597 2118 668 pertinet.

547 699 676 754 Inde
704 700 901 754 dicitur
936 714 948 748 ε
989 714 1007 746 ι
1054 693 1400 749 Ρωιιίιοιιιίιιί
1429 701 1484 747 et
1523 690 1726 746 credite
1758 690 2049 761 Evangelia
2070 698 2124 744 et

546 788 999 860 appropinquabit
1027 786 1178 839 vobis
1214 799 1441 854 regnum
1471 783 1733 837 cmlorum
1766 782 1961 851 (Marc.
1991 782 2063 852 ι).
2097 800 2116 834 ι

539 910 615 920 -
642 898 661 929 ι
692 878 821 933 Jesu
851 876 1055 932 Christi
1091 895 1109 927 ι
1147 877 1200 930 id
1247 884 1332 931 est
1377 875 1678 930 Salvatoris
1703 875 1873 929 uncti.
1922 874 1981 928 In
2018 873 2125 928 IIe-

542 968 688 1021 brmo
736 963 917 1030 Jesus,
951 965 1006 1019 in
1062 964 1250 1021 Graeco
1308 964 1506 1021 Sother
1551 964 1797 1040 [σωτήρ],
1837 966 1891 1020 in
1928 965 2124 1020 Latino

544 1042 823 1121 salvator;
857 1054 1110 1111 Christus
1141 1065 1362 1121 unctus,
1396 1056 1450 1111 id
1507 1066 1591 1112 est
1618 1071 1716 1111 rex
1767 1064 1823 1111 et
1865 1056 2124 1113 sacerdos

540 1146 763 1213 dicitur,
796 1147 925 1201 dum
952 1146 1020 1201 de
1048 1163 1244 1217 genere
1271 1148 1438 1203 David
1476 1148 1621 1218 regis
1648 1148 1912 1214 nascitur,
1953 1158 2007 1203 et
2027 1165 2125 1204 vo-

542 1238 698 1294 cibus
722 1247 907 1293 vatum
959 1240 1177 1310 generis
1226 1238 1450 1295 Levitici
1506 1240 1881 1310 prophetatur.
1930 1239 2125 1311 Sequi-

541 1339 632 1385 ιιιι·
665 1349 679 1385 ε

619 1440 640 1474 ι
682 1420 822 1477 Ecce
852 1422 1009 1477 mitto
1041 1423 1292 1493 angelum
1341 1438 1524 1479 meum
1562 1431 1688 1478 ante
1731 1422 1923 1477 faciem
1972 1430 2123 1476 tuam

542 1512 639 1581 qui
693 1513 1018 1582 praaparabit
1060 1515 1204 1569 viam
1249 1523 1398 1569 tuam
1446 1523 1572 1570 ante
1624 1523 1696 1570 te.
1731 1534 1749 1566 ›
1789 1512 2123 1584 (Remulus)

544 1600 746 1671 Utique
790 1602 1077 1672 plusquam
1131 1605 1394 1674 propheta
1436 1602 1707 1669 Joannes,
1761 1603 1890 1673 quia
1919 1644 1932 1668 ,
1979 1600 2127 1671 quod

546 1694 775 1764 angelus
813 1694 1036 1761 dicitur,
1093 1696 1200 1750 hoc
1236 1711 1344 1749 non
1384 1704 1603 1759 natura,
1637 1696 1731 1750 sed
1762 1695 1920 1749 officii
1949 1692 2127 1764 digiti-

545 1794 658 1840 tate
699 1786 915 1841 dicitur.
954 1786 1029 1842 De
1076 1804 1186 1858 quo
1228 1787 1388 1842 Pater
1417 1788 1482 1842 ad
1518 1787 1738 1855 Filium,
1787 1787 1928 1842 sicut
1965 1787 2042 1841 ait
2070 1786 2126 1840 in

545 1875 812 1932 Malachia
845 1893 859 1930 :
897 1895 915 1927 ι
952 1878 1091 1933 Ante
1129 1877 1323 1933 faciem
1366 1888 1513 1933 tuam
1548 1899 1566 1932 ι
1605 1879 1656 1932 id
1695 1886 1780 1933 est
1813 1877 2132 1932 manifesta-

546 1968 750 2023 tionem
784 1977 934 2023 tuam
974 1988 993 2021 ι
1034 1970 1361 2039 prazparabit
1390 1970 1557 2037 viam,
1593 1990 1611 2021 ›
1651 1971 1756 2024 hoc
1801 1978 1885 2024 est
1921 1970 2123 2040 przevia

545 2058 736 2114 reddet
761 2060 859 2114 tibi
919 2060 1083 2115 corda
1138 2062 1471 2129 auditorum,
1514 2062 1890 2133 pmnitentiam
1933 2064 2131 2133 praedi-

549 2150 727 2204 cando
755 2160 810 2205 et
857 2151 1205 2220 baptizando.
1254 2151 1458 2209 Omnes
1503 2154 1665 2209 etiam
1693 2154 1788 2225 qui
1839 2155 2129 2210 sacerdotii

553 2242 776 2297 nomine
821 2251 1145 2310 censentur,
1199 2246 1373 2315 angeli
1407 2256 1693 2311 vocantur,
1735 2247 1999 2317 propheta
2050 2256 2133 2301 at-

549 2337 807 2396 testante,
854 2332 948 2401 qui
990 2332 1107 2386 ait:
1164 2352 1183 2384 (
1249 2333 1417 2389 Labia
1471 2336 1771 2391 sacerdotis
1817 2336 2135 2391 custodiunt

550 2418 873 2482 scientiam,
926 2429 981 2475 et
1029 2421 1201 2492 legem
1250 2425 1538 2494 requirunt
1576 2440 1642 2478 ex
1691 2440 1784 2480 ore
1816 2425 1971 2495 ejus,
2003 2426 2133 2495 quia

551 2508 777 2578 angelus
800 2508 1009 2564 Domini
1043 2514 1379 2568 exercituum
1425 2525 1510 2570 est
1535 2514 1794 2585 (Malach.
1830 2516 1913 2585 ιι).
1964 2536 1982 2569 ι
2022 2515 2135 2572 Nec

553 2615 666 2654 non
714 2603 1090 2673 unusquisque
1121 2605 1296 2661 fidelis
1331 2606 1378 2661 si
1429 2621 1458 2660 a
1514 2607 1780 2676 pravitate
1816 2607 2131 2676 proximum

554 2698 776 2744 revocat
801 2699 854 2745 et
895 2691 963 2745 ad
992 2692 1195 2748 bonum
1223 2696 1566 2762 exhortatur,
1594 2696 1640 2751 si
1670 2698 1857 2752 aeterni
1882 2712 2132 2768 regnum,

555 2778 643 2834 vel
678 2782 1004 2851 supplicium
1048 2785 1252 2838 erranti
1274 2786 1583 2853 denuntiat,
1614 2786 1862 2857 profecto
1888 2790 2134 2859 angelus,

556 2870 611 2926 id
656 2881 741 2928 est
787 2875 1010 2932 nuntius
1073 2875 1288 2932 Domini
1354 2878 1580 2946 existit,
1620 2894 1745 2935 cum
1809 2881 1926 2937 haec
1987 2882 2133 2939 facit.

556 2960 764 3018 Deinde
795 2965 1044 3035 sequitur
1075 2985 1088 3021 :

635 3072 656 3105 ‹
694 3053 792 3110 Hic
820 3066 903 3113 est
924 3058 1069 3113 enim
1098 3058 1189 3130 qui
1230 3059 1411 3117 dictus
1437 3068 1521 3117 est
1550 3077 1649 3132 per
1677 3060 1873 3118 Isaiam
1904 3064 2137 3134 prophe-

2223 629 2294 640 —
2326 617 2345 650 ‹
2375 598 2441 654 Ει
2481 599 2781 669 praedicans
2809 600 3139 671 baptismum
3167 600 3503 672 pmnitentize
3530 601 3583 655 in
3611 606 3782 661 remis~

2225 690 2431 745 sionem
2456 699 2826 761 peccatorum.
2856 711 2873 743 ι
2902 692 3056 757 Quod
3077 702 3495 748 consummatur
3515 708 3608 762 per
3624 692 3781 766 Spon.

2226 798 2347 837 sum
2382 784 2740 837 annuntiatur
2767 799 2865 853 per
2887 785 3348 865 paranymphum.
3374 781 3533 837 Unde
3554 787 3781 841 catechuo

2224 873 2390 938 meni,
2424 874 2529 929 hoc
2578 882 2663 928 est
2700 874 2951 929 instructi
3001 875 3269 944 incipiunt
3297 890 3397 944 per
3446 875 3779 944 sacerdotem,

2224 972 2280 1019 et
2304 964 2676 1019 chrismantur
2701 980 2798 1035 per
2818 965 3152 1035 episcopum.
3176 963 3333 1020 Nunc
3354 972 3538 1019 autem
3566 981 3653 1035 per
3670 968 3782 1022 ami-

2227 1069 2350 1109 cum
2379 1054 2576 1125 Sponsi
2603 1056 2879 1111 inducitur
2911 1054 3142 1126 Sponsa,
3174 1071 3239 1112 ac
3258 1071 3356 1127 per
3396 1053 3548 1111 Isaac
3574 1072 3778 1127 puerum

2228 1144 2472 1201 Rebecca
2502 1146 2665 1215 pallio
2684 1146 2860 1201 velata
2886 1147 3011 1201 albo
3049 1147 3398 1202 conducitur.

2305 1254 2324 1286 ι
2367 1235 2434 1289 Et
2465 1236 2883 1306 egrediebantur
2906 1236 2975 1291 ad
3006 1237 3159 1291 illum
3211 1237 3393 1290 omnis
3415 1234 3600 1290 Judaza
3627 1238 3777 1308 regio,

2224 1336 2278 1382 et
2311 1324 2741 1399 Hierosolymitze
2764 1328 3025 1395 universi,
3050 1337 3105 1383 et
3150 1327 3567 1398 baptizabantur
3593 1329 3643 1382 in
3676 1328 3781 1385 Jor-

2226 1419 2368 1474 dane
2430 1419 2653 1474 flumine
2694 1420 2765 1474 ab
2808 1420 2923 1487 illo,
2975 1419 3294 1475 conﬁtcntes
3345 1428 3568 1489 peccata
3607 1436 3713 1473 sua.
3759 1440 3775 1473 ι

2231 1509 2551 1580 Baptizabat
2592 1508 2854 1577 Joannes,
2905 1524 3014 1564 non
3062 1518 3121 1564 ut
3157 1526 3317 1566 suum
3355 1509 3677 1579 baptismum
3704 1526 3777 1566 re-

2230 1603 2548 1659 missionem
2598 1611 2943 1673 peccatorum
2997 1602 3191 1669 daret,
3246 1602 3342 1657 sed
3374 1609 3435 1654 ut
3477 1601 3776 1670 baptismum

2230 1694 2433 1751 Christi
2462 1696 2814 1751 remissorum
2841 1703 3063 1765 peccata
3090 1702 3461 1764 procurreret.
3508 1690 3641 1746 Inter
3666 1693 3780 1763 bap-

2231 1780 2394 1843 tisma
2427 1785 2654 1842 Joannis
2704 1795 2758 1842 et
2790 1786 3121 1856 baptismum
3176 1784 3380 1841 Christi
3410 1784 3528 1837 haec
3552 1782 3780 1837 distantia

2232 1885 2336 1943 est,
2383 1876 2529 1947 quod
2582 1876 2635 1931 in
2689 1875 2964 1946 baptismo
3016 1874 3245 1931 Joannis
3297 1889 3397 1946 per
3434 1871 3778 1927 intinctionem

2234 1981 2389 2036 aquae
2436 1966 2615 2021 solum
2674 1974 3077 2021 sacramentum
3103 1966 3356 2020 dabatur.
3393 1964 3453 2019 In
3490 1963 3779 2037 baptismate

2232 2072 2363 2112 vero
2390 2056 2597 2112 Christi
2626 2072 2750 2112 cum
2785 2066 3129 2112 sacramento
3154 2072 3241 2113 res
3287 2059 3455 2113 etiam
3489 2061 3778 2115 sacramenti

2233 2147 2532 2217 percipitur
2558 2166 2570 2201 :
2599 2146 2838 2203 Joannes
2881 2154 3062 2202 autem
3094 2156 3410 2219 peccatores
3455 2165 3595 2220 aqua
3624 2152 3776 2217 tinxit,

2233 2248 2288 2294 et
2311 2249 2532 2309 peccata
2576 2241 2960 2297 confitentibus
2986 2241 3361 2311 ptenitentiam
3379 2241 3627 2310 injunxit.
3648 2242 3780 2296 Chri-

2238 2339 2355 2385 stus
2390 2330 2717 2400 baptizabat,
2756 2339 2810 2386 et
2848 2340 3068 2402 peccata
3110 2331 3355 2388 dimittit.
3399 2331 3492 2387 Ille
3537 2334 3781 2404 baptizans

2237 2429 2546 2488 venturum,
2571 2429 2626 2477 et
2640 2422 3043 2492 baptizaturum
3069 2437 3128 2478 se
3154 2421 3360 2493 Spiritu
3378 2424 3781 2493 praedicavit;hie

2238 2513 2521 2583 baptizans
2548 2514 2615 2569 ad
2644 2514 3025 2570 remissionem
3061 2524 3412 2585 peccatorum
3445 2514 3690 2587 Spiritum
3713 2519 3780 2573 in-

2195 2662 2199 2669 ,
2243 2604 2437 2660 fundit.
2476 2604 2593 2660 Illic
2633 2606 2884 2660 homines
2905 2606 3323 2676 baptizabantur
3352 2608 3407 2661 in
3433 2609 3644 2664 nomine
3674 2624 3781 2663 ven-

2243 2696 2386 2762 turi;
2424 2696 2513 2750 bic
2548 2696 2802 2751 homines
2834 2697 3180 2767 haptizantur
3208 2697 3261 2751 in
3291 2698 3513 2753 nomine
3540 2698 3717 2764 Patris,
3737 2709 3781 2755 et

2240 2786 2362 2841 Filii
2394 2796 2449 2842 et
2487 2785 2725 2857 Spiritus
2770 2789 2969 2843 sancti.
3001 2787 3415 2845 Sacramentum
3444 2804 3572 2861 ergo
3605 2790 3781 2845 utrobi-

2240 2895 2367 2951 que,
2412 2888 2677 2951 quantum
2726 2880 2793 2934 ad
2837 2878 3069 2936 formam
3112 2881 3459 2948 exteriorem,
3506 2882 3639 2937 idem
3671 2881 3777 2944 fuit;

2241 2974 2357 3038 sed,
2409 2983 2675 3044 quantum
2731 2974 2799 3028 ad
2847 2974 3120 3041 eﬂ‘cctum,
3169 2974 3313 3030 idem
3371 2990 3479 3029 non
3527 2973 3642 3040 fuit,
3675 2975 3781 3044 quia

2242 3066 2354 3121 illic
2383 3074 2786 3121 sacramentum
2814 3065 2990 3120 solum
3015 3064 3138 3133 fuit,
3176 3066 3278 3121 sed
3294 3066 3548 3122 remissio
3575 3076 3782 3137 peccato-

557 3152 671 3199 tam
698 3146 967 3202 dicentem
998 3166 1011 3202 :
1046 3164 1151 3204 vox
1195 3151 1480 3207 clamantis
1525 3151 1578 3205 in
1622 3152 1841 3209 deserto
1876 3172 1890 3208 :
1942 3153 2136 3210 Parate
2162 3182 2204 3241 ο
2241 3179 2363 3217 rum
2389 3178 2497 3217 non
2525 3161 2658 3228 fuit;
2686 3161 2772 3217 hic
2800 3169 2981 3216 autem
3025 3168 3080 3217 et
3116 3161 3446 3217 sacramenti
3474 3159 3641 3215 forma
3672 3175 3784 3230 prae-

558 3238 705 3293 viam
755 3238 991 3308 Domini,
1025 3250 1200 3300 rectas
1244 3243 1405 3301 facite
1454 3249 1681 3304 semitas
1716 3248 1856 3319 ejus.
1888 3268 1906 3301 »
1943 3248 2133 3317 (Βειιλ,

560 3346 718 3398 super
746 3329 1019 3400 Murcum.)
1053 3331 1143 3389 Sic
1192 3335 1450 3391 nimirum
1487 3337 1725 3395 Joannes
1771 3339 2135 3408 praedicabat:

566 3437 590 3472 ι
615 3418 714 3475 Hic
734 3429 820 3476 cst
846 3424 1013 3489 enim,
1036 3423 1249 3481 dicente
1275 3426 1413 3482 Isaia
1437 3429 1699 3499 propheta
1728 3445 1866 3491 :vox
1896 3431 2139 3487 claman-

563 3511 657 3577 tis,
684 3533 701 3563 ι
725 3522 828 3568 etc.
855 3512 1007 3570 Sicut
1027 3517 1180 3586 prius
1210 3526 1371 3572 sonat
1390 3534 1516 3585 vox,
1535 3528 1589 3575 et
1616 3529 1803 3590 postea
1833 3522 2140 3579 intellectus

498 3644 503 3651 .
561 3603 1216 3672 concipitur,sicJoannis
1240 3608 1547 3677 prtedicatio
1570 3610 2135 3678 anteibat,adventum

563 3690 767 3747 Christi
819 3696 1141 3751 nuntiando.
1190 3696 1425 3769 Ideoque
1476 3700 1715 3757 Joannes
1770 3712 1997 3759 vocatur
2033 3720 2137 3759 vox

563 3778 791 3847 Christi,
843 3783 895 3836 id
935 3792 1021 3838 est
1056 3802 1075 3835 ι
1113 3784 1274 3839 Verbi
1299 3788 1444 3856 quod
1474 3799 1592 3843 erat
1618 3792 1672 3844 in
1702 3791 1972 3861 principio
1996 3795 2140 3863 apud

565 3872 736 3927 Deum
764 3873 945 3945 (Joan.
979 3881 1041 3947 ι),
1070 3896 1088 3929 ι
1114 3879 1259 3948 quod
1287 3879 1340 3933 in
1369 3879 1577 3937 Joanne
1604 3883 1804 3937 clamat
1831 3885 1899 3939 ad
1918 3882 2139 3941 Judmos

542 3964 785 4041 'surdos,
834 3983 929 4037 per
974 3979 1194 4039 peccata
1251 3972 1411 4043 longe
1463 3975 1692 4043 positos,
1750 3976 2138 4049 indignationis

542 4058 803 4114 'clamore
854 4061 1068 4131 dignos.
1117 4064 1197 4119 Ad
1233 4064 1450 4122 Judaeos
1474 4068 1809 4125 obdurantes
1860 4064 2138 4127 aures‘ﬁt

544 4154 668 4204 ‘vox
714 4159 770 4206 et
823 4153 1030 4209 clamor
1067 4156 1121 4210 in
1187 4157 1404 4213 deserto
1441 4160 1569 4229 quia
1611 4161 1728 4216 sine
1774 4160 1981 4231 Spiritu
2038 4163 2134 4219 Dei

543 4238 711 4320 '_sunt,
745 4244 861 4300 sine
908 4247 1194 4317 propheta,
1245 4250 1363 4304 sine
1398 4265 1525 4320 rege
1555 4259 1609 4304 et
1639 4253 1939 4307 sacerdote.
1992 4253 2134 4320 Quid

543 4308 760 4408 {clamat
800 4337 1052 4393 Christus
1092 4355 1190 4408 per
1232 4339 1539 4395 Joannem?
1569 4360 1587 4392 ι
1625 4340 1821 4399 Parate
1849 4345 1994 4399 viam
2028 4344 2135 4400 Do-

560 4429 715 4484 mini.
756 4449 776 4482 ι
807 4429 900 4485 Via
943 4431 1159 4487 Domini
1194 4449 1292 4503 per
1321 4451 1485 4505 quam
1518 4434 1662 4491 Deus
1689 4438 1755 4492 ad
1784 4454 1885 4495 nos
1910 4440 2134 4497 descen-

559 4521 657 4587 dit,
681 4529 736 4576 et
764 4537 863 4577 nos
900 4522 967 4577 ad
1016 4524 1168 4577 illum
1214 4526 1561 4584 ascendimus
1594 4538 1677 4583 est
1717 4530 1850 4586 fides
1874 4531 1927 4585 in
1950 4533 2135 4601 pinni-

558 4612 749 4678 tentia,
792 4612 1032 4668 dilectio.
1081 4612 1317 4682 Semita,
1373 4616 1424 4672 id
1466 4627 1550 4673 est
1583 4618 1945 4687 intentiones,
1975 4632 2137 4678 recta:

550 4704 707 4773 [sunt,
740 4704 786 4759 si
818 4719 955 4773 pure
994 4704 1277 4760 elevantur
1310 4708 1377 4762 ad
1428 4708 1620 4764 Deum.
1673 4710 1985 4767 Curvantur
2032 4730 2135 4768 au-

548 4760 689 4921 ;tem,
719 4796 764 4850 si
798 4813 896 4867 pro
922 4797 1153 4852 terrenis
1179 4796 1413 4856 facimus
1459 4817 1582 4871 qua:
1609 4813 1831 4873 propter
1856 4804 2025 4861 Deum
2055 4806 2137 4862 fa-

560 4886 747 4921 ..immln
780 4900 902 4921 Ωιι-ι.
968 4893 1159 4921 nt.-...:-
1191 4898 1371 4921 n_.._,_
1458 4901 1480 4921 π
1513 4903 1575 4921 -.ο
1691 4904 1730 4921 n
1769 4905 1782 4918 ο
1851 4906 1863 4917 .
1901 4906 1912 4918 .
2008 4905 2029 4921 π
2086 4907 2101 4921 1

549 4886 749 4983 ςιίίοιιίίει
780 4900 925 4983 sunt.
968 4893 1162 4968 Phyris
1190 4898 1377 4957 Graece
1400 4944 1414 4968 ,
1458 4901 1650 4959 Latine
1690 4904 1784 4961 Dei
1814 4906 1972 4961 visio.
2008 4905 2137 4962 Inde

551 4974 654 5078 ἱροὶ
695 4981 985 5078 propheta,
1036 4986 1089 5043 id
1130 4998 1213 5047 est
1260 4992 1452 5062 procul
1497 4994 1707 5050 videns.
1761 4994 1966 5052 Deinde
2008 4997 2139 5052 sub—

554 5069 736 5138 jungit
760 5087 775 5123 :

636 5177 659 5211 ι
698 5160 825 5215 Fuit
843 5162 1081 5223 Joannes
1107 5173 1160 5225 in
1184 5174 1399 5231 deserto
1424 5177 1727 5247 baptizans,
1754 5187 1808 5234 et
1835 5195 2138 5249 praedicans

553 5247 889 5318 baptismum
906 5257 1234 5325 ptenitentim
1260 5265 1312 5317 in
1332 5266 1707 5322 remissionem
1730 5247 2097 5337 peccatorum.
2113 5289 2132 5322 ι

556 5368 630 5380 -—
655 5361 675 5396 ‹
721 5342 848 5399 Fuit
876 5344 1113 5404 Joannes
1154 5351 1211 5405 in
1239 5354 1474 5422 deserto,
1502 5376 1521 5409 ι
1554 5366 1608 5412 et
1634 5358 1861 5429 reliqua.
1897 5359 2136 5415 Joannes

559 5438 735 5505 gratia
784 5436 884 5492 Dei
933 5439 1338 5511 interpretatur.
1368 5447 1413 5499 A
1439 5449 1610 5519 gratia
1648 5452 1890 5506 narratio
1922 5452 2133 5522 incipit.

562 5525 716 5585 Unde
749 5532 1032 5600 sequitur:
1068 5552 1088 5584 ‹
1119 5534 1429 5606 Baptizans.
1466 5559 1484 5592 ι
1511 5540 1614 5597 Per
1634 5542 1964 5612 baptismum
1988 5544 2136 5597 enim

561 5619 735 5687 gratia
772 5621 934 5678 datur
960 5640 1065 5694 qua
1095 5635 1314 5696 peccata
1363 5632 1531 5700 gratis
1570 5633 1939 5688 dimittuntur.
1984 5633 2138 5688 Unde

563 5710 763 5766 dicitur
804 5729 901 5783 per
947 5715 1264 5785 Apostolum
1301 5737 1313 5773 :
1360 5738 1379 5770 ι
1420 5720 1603 5777 Gratia
1660 5723 1853 5779 salvati
1884 5723 2016 5779 estis
2041 5740 2138 5794 per

556 5799 757 5871 ﬁdem;
784 5815 839 5860 et
870 5806 973 5863 hoc
1000 5823 1109 5866 non
1153 5826 1218 5866 ex
1256 5812 1443 5879 vobis;
1483 5813 1576 5869 Dei
1599 5815 1743 5870 enim
1771 5816 1975 5872 donum
2007 5824 2090 5873 est
2122 5836 2134 5871 :

2239 3254 2478 3327 ponitur,
2495 3262 2549 3309 et
2570 3253 2743 3308 virtus
2763 3252 3107 3309 sacramenti.
3135 3251 3343 3307 Pariter
3364 3252 3419 3307 in
3442 3252 3781 3308 remissionem

2238 3355 2587 3417 peccatorum
2631 3344 2990 3400 condonatur.
3051 3343 3477 3414 Baptizabantur
3510 3342 3783 3399 homines:

2238 3437 2446 3493 Joanne
2478 3438 2531 3491 in
2562 3436 2819 3505 Jordanc,
2870 3437 2964 3507 qui
2994 3437 3260 3490 descensio
3307 3437 3695 3506 interpretatur,
3728 3434 3783 3487 de

2240 3530 2493 3599 superbia
2519 3529 2717 3584 veteris
2738 3527 2977 3582 hominis
2996 3527 3061 3581 ad
3079 3527 3440 3582 humilitatem
3460 3524 3785 3583 confessionis

2244 3630 2298 3676 et
2324 3620 2723 3677 emendationis
2748 3619 3160 3675 descendentes.

2315 3730 2334 3763 ι
2364 3710 2430 3767 Et
2480 3720 2598 3766 erat
2628 3709 2868 3767 Joannes
2902 3711 3133 3767 vestitus
3177 3711 3304 3782 pilis
3346 3711 3561 3777 cameli,
3590 3717 3639 3764 ct
3669 3722 3780 3762 zona

2240 3804 2463 3876 pellicea
2492 3804 2637 3860 circa
2667 3803 2886 3859 lumbos
2907 3803 3048 3873 ejus.
3078 3802 3217 3859 Esca
3241 3813 3424 3858 autem
3449 3803 3567 3873 ejus
3591 3809 3696 3856 erat
3719 3800 3783 3852 lo-

2238 3903 2408 3948 custae
2431 3902 2484 3948 et
2510 3892 2615 3947 mel
2640 3893 2904 3947 silvestre.
2936 3912 2954 3944 ι
2982 3892 3179 3948 Joanni
3210 3893 3451 3948 solitudo
3478 3893 3625 3947 locus
3652 3898 3721 3945 est
3739 3898 3784 3943 et

2237 3984 2489 4039 meditari
2508 3984 2770 4053 operatio.
2799 3982 3180 4038 Pmnitentiam
3201 3985 3514 4054 pronuntiat
3536 3999 3627 4053 per
3645 3996 3781 4053 quam

2245 4077 2457 4132 reditus
2476 4085 2531 4131 et
2554 4077 2622 4130 ab
2647 4090 2855 4139 errore,
2883 4090 3141 4130 recursus
3166 4092 3195 4129 a
3227 4075 3477 4141 crimine,
3503 4084 3557 4130 et
3584 4083 3693 4146 post
3720 4073 3784 4126 vi-

2239 4168 2436 4222 tiorum
2468 4167 2729 4237 pudorem
2755 4165 3025 4236 professio
3041 4164 3319 4221 desinendi
3349 4186 3362 4221 :
3384 4166 3536 4233 Pilis,
3562 4182 3663 4221 non
3682 4165 3784 4219 lana

2236 4268 2354 4313 erat
2383 4259 2632 4324 vestitus,
2657 4257 2801 4328 quod
2826 4266 2907 4313 est
2936 4258 3317 4312 indumentum
3352 4258 3678 4313 austeritatis
3695 4270 3782 4310 non

2234 4352 2484 4407 luxurize.
2517 4351 2663 4404 Zona
2694 4359 2873 4406 autem
2896 4350 3139 4419 pellicea,
3164 4358 3294 4405 sunt
3322 4366 3587 4421 pauperes
3609 4346 3786 4403 mundo

2236 4444 2458 4506 mortui,
2486 4459 2592 4513 qua
2615 4444 2779 4498 etiam
2804 4444 3086 4500 accinctus
3116 4443 3219 4498 fuit
3241 4444 3702 4516 Elias.Cingulum
3719 4448 3786 4496 est
3838 4484 3851 4495 .

2165 4534 2209 4589 D
2238 4538 2305 4592 de
2325 4537 2556 4607 pellibus
2602 4536 2765 4591 siccis
2807 4537 3145 4592 animalium.
3174 4521 3328 4593 Unde
3355 4536 3591 4593 Joannes
3624 4535 3787 4607 cinge-

2240 4629 2402 4682 batur
2456 4627 2603 4681 circa
2646 4626 2863 4682 lumbos
2913 4627 2981 4682 ad
3032 4628 3308 4682 luxuriam
3357 4628 3785 4684 mortificandam.

2240 4718 2505 4774 Locustas
2548 4726 2604 4773 ct
2632 4717 2739 4773 mel
2784 4718 3032 4774 silvestre
3080 4720 3293 4785 edebat,
3331 4720 3461 4791 quia
3505 4716 3788 4775 solitudinis

2241 4812 2599 4867 habitatorem
2636 4826 2936 4881 congruum
2963 4820 3046 4866 est
3085 4826 3195 4866 non
3229 4812 3385 4883 sequi
3426 4811 3664 4876 divitias,
3708 4808 3786 4863 sed

2240 4903 2640 4959 necessitatem.
2673 4902 2842 4957 Aiunt
2893 4901 3237 4973 Peripatetici
3300 4904 3474 4960 nostri
3516 4904 3656 4975 quod
3684 4902 3792 4955 ber-

2246 4995 2337 5061 ha,
2393 4994 2615 5049 nomine
2679 4995 2782 5051 me]
2838 4994 3115 5061 silvestre,
3164 4995 3310 5050 circa
3362 5010 3515 5050 oram
3559 4993 3790 5049 Jordanis

2241 5085 2511 5150 abundat,
2562 5085 2721 5156 cujus
2777 5101 2967 5141 cannae
3008 5084 3360 5142 decorticata:
3402 5087 3574 5142 mellis
3617 5097 3793 5154 sapore

2241 5176 2509 5231 medullas
2539 5176 2691 5230 dant.
2721 5175 2954 5231 Locusta
2990 5185 3170 5231 autem
3200 5186 3284 5232 est
3306 5176 3475 5232 herba
3505 5174 3792 5249 proculdu-

2240 5268 2353 5335 bio,
2379 5277 2431 5324 et
2455 5268 2569 5339 ipsa
2609 5268 2797 5323 eximii
2833 5271 3064 5338 saporis.
3093 5268 3266 5337 Cujus
3302 5277 3498 5323 natura
3525 5277 3603 5323 est
3633 5283 3664 5321 a
3688 5266 3792 5320 loco

2240 5358 2294 5413 in
2351 5359 2531 5413 locum
2575 5358 2794 5412 nemine
2837 5356 3045 5414 ferente
3085 5358 3411 5412 annotinum
3463 5368 3792 5426 tranSponere

2239 5448 2498 5505 fructum.
2516 5448 2671 5504 Unde
2686 5458 2741 5504 et
2757 5465 2786 5504 a
2800 5449 3008 5504 Latinis
3026 5449 3078 5504 id
3099 5463 3297 5504 nomen
3311 5451 3539 5521 accepit,
3554 5463 3673 5504 cum
3687 5444 3791 5516 qui-

2238 5542 2361 5597 dem
2386 5542 2546 5597 ambo
2579 5557 2776 5596 nomen
2803 5542 2985 5597 herbae
3008 5541 3242 5597 habeant
3254 5542 3498 5613 ejusdem
3522 5537 3792 5596 notaminis

2238 5633 2323 5688 vel
2363 5631 2776 5704 significationis
2805 5634 2953 5704 quod
2993 5642 3077 5688 est
3106 5633 3337 5689 locusta.
3370 5633 3541 5705 Hujus
3568 5627 3790 5686 nominis

2239 5724 2502 5780 Joannem
2554 5724 2715 5779 edere
2745 5724 2935 5780 dicunt
2978 5726 3271 5793 animalia,
3320 5726 3535 5796 quidam
3586 5721 3789 5777 herbas.

2247 5818 2448 5875 Judteis
2461 5827 2640 5875 autem
2667 5818 2894 5876 locustae
2915 5818 3172 5877 animalia
3205 5828 3333 5877 sunt
3353 5818 3510 5878 licitae
3533 5818 3586 5874 in
3620 5827 3787 5871 esum.
