4038 6476
327 394 419 450 755
1218 384 1792 444 DEFLORATIONES
1825 388 1925 446 SS.
1968 389 2275 448 PATRUM.
2320 423 2385 434 -——
2421 394 2548 450 LIB.
2590 396 2629 451 Ι.
3450 409 3557 467 ’ἔδει

327 502 418 560 Mel
456 506 623 553 autem
657 495 906 554 silvestre
954 497 1176 553 herbam
1218 508 1433 556 constat
1460 516 1604 569 esse,
1642 502 1788 557 sicut
1815 511 1870 558 et
1898 509 1944 565 Α
1970 503 2122 574 prius
2146 507 2302 576 quasi
2330 507 2659 577 quibusdam
2683 525 2974 582 corporum
3012 515 3241 572 saltibus
3261 516 3547 574 eﬂ‘creban-

327 596 561 654 locustas,
591 593 645 640 et
684 588 967 680 amborum
993 589 1244 680 c0piayin
1272 604 1457 645 eremo
1499 598 1601 645 est.
1651 590 1777 647 Haec
1801 592 1870 648 de
1973 604 2063 650 tur
2083 637 2098 663 ,
2129 598 2408 655 voluntate
2431 599 2576 671 vagi,
2630 603 2890 672 operibus
2920 606 3164 675 inutiles,
3191 608 3376 664 verbis
3424 624 3559 680 que..

327 687 512 739 locusta
560 687 612 732 et
644 678 807 733 melle
852 678 1106 734 silvestri.
1137 678 1272 737 Vilis
1318 688 1373 736 et
1423 697 1618 752 aspera
1651 698 1870 754 quoque
1971 686 2101 753 ruli,
2132 688 2258 743 sede
2279 691 2569 760 peregrini.
2600 690 2756 749 Nunc
2795 706 2976 752 autem
3016 714 3209 754 sumus
3234 678 3554 755 sanctorum

326 772 475 830 vestis
489 770 552 825 de
591 767 718 839 pilis
742 769 1098 837 camelorum,
1123 772 1286 828 velde
1312 772 1645 843 quibuslibet
1660 775 1871 830 exuviis
1974 776 2232 833 alimonia
2261 792 2315 835 et
2343 781 2568 837 satietas
2597 786 3008 856 prophetarum,
3040 789 3197 845 electi
3228 790 3393 845 simul
3428 806 3556 846 cum

324 862 635 952 animalium,
660 876 756 916 cor
781 863 1071 918 contritum
1101 873 1156 918 et
1185 864 1528 920 humiliatum
1558 866 1871 936 paenitentis
1975 870 2135 925 melle
2165 870 2420 938 silvestri,
2452 873 2584 944 quia
2611 874 2991 933 dulcissimum
3038 879 3221 936 cibum
3263 880 3549 952 praebituri

325 954 565 1023 designat.
581 950 743 1006 Zona:
767 961 948 1007 autem
976 952 1291 1023 praecinctio
1315 963 1599 1022 monet,ut
1619 955 1686 1010 ad
1705 970 1868 1011 omne
1976 975 2192 1028 sumus,
2228 977 2338 1017 non
2373 977 2442 1018 ex
2477 964 2729 1023 alveariis
2756 968 2911 1039 legis,
2959 969 3054 1025 sed
3084 986 3150 1025 ex
3195 950 3358 1030 nobis
3390 970 3557 1029 veluti

322 1040 661 1098 ministerium
693 1041 990 1097 voluntatis
1016 1041 1220 1096 Christi
1254 1043 1428 1099 simus
1458 1044 1708 1100 accincti.
1759 1044 1871 1101 Lo-
1978 1065 2047 1107 ex
2075 1053 2285 1110 truncis
2309 1053 2642 1111 silvestrium
2662 1056 2923 1113 arborum
2953 1060 3287 1130 gentilitatis.

324 1142 477 1190 custaz
534 1130 778 1202 fugaces,
832 1133 889 1188 in
926 1148 1081 1189 esum
1135 1135 1339 1205 electae,
1391 1134 1625 1205 ﬁgurant
1646 1151 1749 1194 nos
1781 1138 1875 1208 qui

1018 1540 1415 1638 SEBMO
1488 1542 1637 1633 DE
1707 1542 2271 1639 ADVENTU
2346 1545 2840 1642 DOMINI.

386 1783 406 1816 ι
431 1759 579 1818 Beati
605 1765 739 1814 sunt
760 1757 901 1814 servi
927 1755 1004 1811 illi
1030 1771 1172 1828 quos
1205 1772 1329 1813 cum
1353 1757 1578 1825 venerit,
1605 1757 1874 1815 Dominus
1906 1760 1950 1815 Β
1974 1757 2204 1828 singulis
2236 1758 2438 1831 vigiliis
2475 1770 2829 1828 annotantur,
2871 1761 3001 1832 quia
3031 1771 3141 1820 tres
3181 1779 3403 1822 menses
3437 1769 3562 1823 uni-
3630 1758 3637 1765 ’

319 1852 570 1911 invenerit
600 1850 893 1920 vigilantes
920 1847 1073 1919 (Luc.
1117 1847 1241 1918 xn).
1285 1866 1305 1899 ι
1368 1848 1425 1903 Si
1448 1849 1573 1916 quis
1612 1860 1880 1917 vestrum,
1986 1849 2185 1919 cuique
2235 1852 2466 1921 tempori
2495 1853 2865 1922 assignantur.
2904 1852 3150 1919 Quatuor
3173 1855 3334 1910 etiam
3361 1856 3557 1928 vigiliae

319 1942 641 2006 charissimi,
674 1940 957 1996 dominum
994 1955 1153 1995 suum
1185 1939 1253 1994 ad
1301 1953 1361 1995 se
1405 1948 1570 1995 noctu
1591 1948 1883 1995 venturum
1986 1951 2225 2012 quatuor
2252 1951 2439 1999 aetates
2480 1944 2874 2015 intelliguntur,
2921 1944 2976 1999 in
3023 1946 3224 2015 quibus
3252 1947 3390 2003 bene
3424 1949 3563 2021 vigi-

316 2043 565 2109 speraret,
602 2041 720 2088 tota
751 2031 1028 2099 vigilantia
1058 2030 1351 2085 adventum
1381 2029 1502 2100 ejus
1525 2040 1883 2100 exspectaret,
1987 2034 2181 2101 iantes,
2230 2034 2438 2090 cteleSti
2464 2036 2689 2105 praemio
2712 2037 3226 2091 remunerabuntur.

316 2128 728 2193 venientemque
778 2135 1126 2192 summopere
1159 2120 1410 2190 excipere
1437 2119 1744 2189 festinaret,
1775 2137 1887 2193 quo
1986 2129 2023 2191 ξ
2058 2126 2135 2182 De
2161 2126 2248 2183 his
2270 2126 2470 2197 vigiliis
2493 2127 2625 2182 dicit
2646 2127 2951 2182 Dominus:
2984 2145 3002 2178 ι
3037 2126 3096 2181 Si
3124 2127 3181 2181 in
3203 2127 3440 2185 secunda
3470 2128 3563 2183 vi—

313 2237 369 2276 se
398 2216 608 2288 magnis
645 2214 838 2286 gratiae
876 2213 1052 2284 ipsius
1097 2213 1525 2269 commendaret.
1553 2212 1693 2269 Ecce
1727 2229 1888 2269 verus
1989 2217 2140 2289 gilia,
2169 2226 2224 2273 et
2246 2217 2293 2273 si
2315 2218 2372 2271 in
2402 2217 2560 2273 tertia
2584 2218 2766 2289 vigilia
2788 2218 3021 2282 venerit,
3076 2219 3218 2273 beati
3247 2228 3376 2273 sunt
3421 2234 3564 2288 quos

314 2310 569 2365 Dominus
598 2315 794 2361 noster
849 2305 917 2361 ad
945 2320 1047 2360 nos
1074 2304 1326 2376 indignos
1370 2305 1616 2361 servulos
1663 2319 1796 2360 suos
1830 2319 1890 2360 se
1988 2308 2277 2380 vigilantes
2300 2308 2588 2363 invenerit.
2628 2327 2647 2360 ι
2683 2307 2867 2365 Prima
2893 2310 3077 2382 vigilia
3096 2319 3180 2365 est
3201 2309 3454 2379 pueritia.
3503 2310 3564 2365 la

313 2409 562 2457 venturos
617 2397 945 2464 denuntiat;
1020 2412 1181 2451 suum
1244 2396 1539 2452 adventum
1601 2396 1890 2468 pervigiles
1991 2397 2098 2451 hac
2126 2398 2263 2452 bene
2292 2397 2522 2468 vigilant
2547 2397 2642 2468 qui
2697 2398 3064 2454 innocentiam
3095 2406 3442 2453 conservant.
3498 2397 3565 2451 Hi

311 2493 691 2567 praestolantes
725 2488 829 2545 sibi
872 2488 1105 2544 venienti
1145 2494 1495 2543 occursantes
1535 2480 1723 2543 beatos
1765 2503 1891 2559 pro-
1992 2487 2224 2543 Domino
2260 2488 2502 2558 pulsanti
2548 2488 2835 2545 confestim
2868 2489 3141 2559 aperiunt,
3172 2489 3302 2543 dum
3333 2499 3567 2544 mortem

312 2582 540 2639 nuntiat.
573 2580 792 2637 idcirco
821 2596 944 2635 cum
974 2579 1286 2635 nesciamus
1328 2578 1471 2634 diem
1493 2594 1670 2648 neque
1699 2568 1890 2633 horam
1993 2576 2174 2633 securi
2195 2577 2524 2647 suscipiunt,
2553 2578 2682 2647 quia
2708 2594 2837 2633 mox
2869 2594 2929 2633 se
2954 2594 3081 2634 cum
3109 2578 3331 2635 Christo
3371 2594 3567 2651 regna-

311 2674 523 2749 quando
557 2673 772 2740 veniat,
857 2680 1069 2742 oportet
1116 2679 1178 2726 ut
1226 2671 1604 2741 unusquisque
1643 2679 1891 2726 nostrum
1993 2676 2150 2723 turos
2180 2668 2379 2724 sciunt.
2437 2668 2689 2725 Secunda
2718 2670 2903 2740 vigilia
2945 2678 3033 2725 est
3072 2670 3459 2726 adolescentia.
3506 2670 3566 2726 In

313 2770 364 2827 in
396 2769 539 2824 bona
583 2768 807 2823 actione
858 2765 1085 2836 vigilare
1116 2766 1368 2832 studeat,
1402 2780 1472 2820 ne
1504 2779 1630 2820 sero
1657 2765 1742 2821 vel
1776 2780 1894 2820 me-

311 2862 396 2916 dia
420 2868 608 2926 nocte,
694 2866 790 2915 aut
850 2857 977 2929 galli
1020 2866 1182 2912 cantu
1231 2873 1325 2913 seu
1379 2872 1570 2912 mane.
1602 2856 1895 2913 adveniens

313 2952 503 3026 (Marc.
541 2954 675 3022 xm)
708 2966 812 3006 nos
845 2949 1145 3021 imparatos
1170 2950 1429 3005 inveniat.
1470 2949 1605 3005 Sero
1632 2949 1897 3005 Dominus

308 3046 471 3111 venit,
507 3059 640 3099 cum
687 3042 925 3111 aliquem
968 3042 1023 3095 in
1068 3049 1344 3097 senectute
1384 3040 1452 3096 de
1481 3040 1584 3095 hac
1610 3040 1721 3095 vita
1746 3039 1895 3094 exire

308 3137 575 3208 praecipit.
612 3134 793 3191 Media
817 3143 997 3189 autem
1023 3142 1181 3189 nocte
1207 3133 1443 3200 advenit,
1489 3148 1613 3188 cum
1657 3132 1893 3201 aliquem

309 3230 361 3282 in
387 3229 690 3301 juventute
722 3226 1004 3296 iropinata
1028 3234 1202 3281 morte
1247 3225 1540 3280 vocaverit.
1574 3224 1713 3279 Galli
1738 3231 1900 3278 cantu

310 3321 591 3385 adventat,
630 3334 764 3374 cum
794 3317 1092 3389 quemlibet
1123 3316 1179 3370 in
1214 3314 1578 3370 adolescentia
1622 3315 1773 3368 abire
1800 3314 1904 3367 im-

307 3425 481 3485 perat.
510 3411 687 3466 Mane
720 3408 1053 3481 supervenit,
1087 3422 1213 3464 cum
1243 3406 1554 3478 quempiam
1584 3406 1637 3459 in
1670 3404 1902 3476 pueritia

308 3505 683 3560 subtraxerit.
720 3501 872 3557 Beati
920 3517 1050 3572 ergo
1083 3508 1211 3556 sunt
1238 3514 1377 3570 quos
1408 3499 1462 3552 in
1498 3498 1602 3553 (ide
1628 3506 1683 3553 et
1705 3512 1903 3567 opera-

306 3598 452 3651 tione
496 3594 787 3651 invenerit
834 3594 1142 3665 vigilantes,
1191 3593 1322 3663 quia
1374 3599 1535 3647 erunt
1565 3606 1689 3646 cum
1739 3606 1806 3645 eo
1849 3590 1904 3644 in

307 3698 513 3744 :etcrno
535 3686 808 3743 convivio
838 3685 1143 3756 epulantes.
1200 3683 1439 3738 Nimium
1485 3698 1614 3737 vero
1661 3680 1905 3737 infelices

305 3791 434 3837 sunt
466 3796 622 3853 quos
655 3795 856 3836 somno
878 3777 1098 3834 desidiae
1126 3776 1338 3833 deditos
1369 3776 1624 3830 inveniet.
1672 3774 1810 3841 Quia
1838 3775 1907 3830 ab

306 3873 496 3928 electis
523 3872 655 3927 suis
683 3871 861 3925 editos
906 3868 1128 3934 dividet,
1174 3876 1228 3922 et
1289 3874 1498 3937 partem
1526 3867 1748 3921 illorum
1783 3881 1910 3921 cum

302 3967 649 4039 hypocritis,
681 3964 736 4019 id
762 3972 846 4018 est
875 3977 1000 4017 cum
1036 3960 1375 4017 damonibus
1395 3967 1576 4029 ponet.
1629 3957 1694 4013 Et
1719 3967 1913 4013 notan-

303 4061 435 4114 dum
472 4058 636 4129 quod
667 4057 937 4112 Dominus
967 4070 1075 4109 non
1100 4054 1154 4108 in
1185 4053 1291 4121 die,
1323 4053 1417 4108 sed
1446 4052 1502 4106 in
1531 4061 1689 4106 nocte
1715 4059 1913 4106 ventu-

1921 3090 1964 3149 C

1994 2759 2099 2814 hac
2124 2759 2410 2830 pervigiles
2435 2761 2709 2817 excubant
2730 2761 2825 2832 qui
2856 2776 2916 2817 se
2948 2758 3131 2816 carnis
3160 2761 3429 2816 illecebris
3460 2778 3571 2817 non

1995 2851 2371 2922 coinquinant.
2404 2850 2470 2905 Hi
2493 2867 2710 2923 quoque
2724 2852 2956 2908 Domino
2978 2851 3217 2907 venienti
3239 2852 3346 2908 laeti
3369 2853 3572 2907 ostium

1997 2952 2262 3009 reserant,
2297 2943 2426 3012 quia
2469 2958 2566 3013 per
2621 2952 2852 2999 mortem
2879 2959 2939 2999 se
2978 2942 3176 3014 gaudia
3217 2953 3574 3014 percepturos

1999 3045 2242 3109 sperant.
2273 3034 2455 3091 Tertia
2505 3035 2687 3105 vigilia
2717 3043 2801 3091 est
2820 3035 3099 3107 juventus.
3145 3033 3205 3089 ιιι
3236 3035 3348 3089 hac
3392 3034 3574 3105 pervi-

1999 3130 2132 3201 giles
2153 3127 2445 3182 Dominum
2467 3127 2871 3197 praestolamur,
2902 3127 2997 3197 qui
3044 3127 3236 3183 mundi
3285 3126 3572 3183 desideriis

2002 3236 2113 3277 non
2143 3231 2495 3290 superantur,
2530 3218 2738 3274 scilicet
2784 3218 2987 3274 divinis
3044 3218 3330 3290 prteceptis
3368 3218 3580 3274 exerci-

2002 3320 2207 3368 tantur.
2253 3310 2319 3365 Hi
2349 3310 2511 3366 etiam
2563 3311 2772 3367 alacres
2818 3307 3051 3365 Domino
3080 3317 3400 3375 occurrunt,
3449 3306 3581 3378 quia

2001 3420 2130 3459 mox
2164 3402 2220 3457 in
2269 3403 2467 3475 gaudio
2500 3410 2710 3457 metunt
2757 3417 2879 3472 quae
2928 3402 2983 3456 in
3034 3402 3294 3473 lacrymis
3340 3400 3580 3455 semina—

2003 3505 2218 3553 verunt.
2244 3496 2447 3563 Quarta
2471 3496 2651 3567 vigilia
2680 3504 2765 3551 est
2794 3505 3063 3551 senectus.
3095 3494 3154 3548 ιιι
3178 3494 3282 3549 hac
3309 3492 3586 3563 vigilando

2004 3592 2297 3647 Dominum
2341 3597 2659 3661 exspectant
2686 3589 2781 3659 qui
2816 3589 2871 3643 in
2906 3589 3050 3644 bona
3078 3588 3291 3644 actione
3328 3600 3502 3656 usque
3528 3585 3587 3639 in

2011 3683 2172 3740 finem
2209 3691 2581 3753 perseveant.
2633 3679 2700 3734 lli
2750 3678 2845 3733 diu
2888 3678 3256 3735 desideratum
3289 3676 3586 3731 Dominum

2008 3783 2234 3832 ovantes
2261 3773 2596 3843 suscipiunt,
2624 3771 2752 3841 quia
2765 3772 2946 3826 statim
2972 3771 3041 3825 ab
3065 3785 3131 3825 eo
3153 3769 3439 3824 denarium
3466 3767 3590 3821 vita:

2009 3883 2110 3938 pro
2139 3866 2324 3921 labore
2344 3863 2666 3935 percipiunt.
2694 3862 2787 3917 Sic
2806 3862 2951 3917 enim
3006 3859 3332 3917 celebraturi
3370 3873 3585 3914 sumus.

2011 3957 2260 4013 Caelestis
2286 3972 2379 4011 rex
2402 3954 2551 4009 venit
2582 3954 2637 4007 in
2667 3953 2832 4022 hujus
2860 3952 3048 4006 mundi
3088 3950 3438 4022 Babyloniam
3489 3963 3584 4002 ac-

2012 4050 2194 4119 cipere
2236 4046 2339 4102 sibi
2392 4044 2678 4114 conjugcm
2704 4042 3024 4107 Ecclesiam,
3069 4023 3235 4110 quam
3280 4039 3455 4095 servis
3501 4054 3595 4093 cu-

301 4166 401 4205 rus
463 4149 692 4205 dicitur
723 4146 942 4217 (Matth.
970 4144 1143 4215 xxiv),
1189 4144 1317 4214 quia
1378 4143 1600 4213 quando
1648 4140 1839 4197 veniat
1882 4156 1915 4195 a
2015 4140 2352 4199 stodiendam
2405 4135 2673 4192 tradidit:
2722 4134 2841 4204 ipse
2872 4131 3184 4188 convivium
3223 4130 3593 4185 instructurus

302 4240 461 4295 nullo
512 4239 841 4311 priescitur.
895 4236 953 4291 Si
1000 4237 1146 4291 enim
1197 4234 1590 4306 paterfamilias
1638 4232 1915 4304 praesciret
2015 4234 2072 4290 in
2092 4233 2290 4289 ctelum
2312 4229 2463 4285 abiit.
2487 4228 2668 4285 Servis
2687 4226 2959 4298 praecepit.
2985 4222 3252 4296 Vigilitate
3269 4231 3327 4277 ut
3348 4236 3595 4292 quacun—

298 4350 409 4406 qua
438 4334 593 4389 hora
626 4329 725 4385 fur
754 4330 1055 4395 adveniret,
1085 4328 1276 4397 utique
1305 4326 1572 4395 vigilaret,
1603 4334 1658 4380 et
1690 4325 1915 4379 domum
2017 4342 2126 4398 que
2173 4326 2310 4380 hora
2357 4322 2656 4388 advenerit,
2712 4319 2887 4391 parati
2953 4317 3065 4372 sint
3129 4332 3256 4371 cum
3322 4311 3592 4382 lampadi—

302 4444 466 4484 suam
503 4425 765 4498 perfodi,
796 4439 861 4479 ac
888 4438 978 4478 res
1006 4438 1136 4478 suas
1160 4421 1273 4477 tolli
1299 4420 1525 4475 minime
1552 4419 1779 4474 sineret.
1804 4417 1916 4472 Do-
1942 4436 1997 4497 ι)
2019 4416 2125 4471 bus
2150 4413 2369 4470 obviare
2393 4411 2609 4486 (Matth.
2639 4408 2791 4479 xxv).
2847 4406 3105 4463 Promisit
3144 4412 3327 4460 autem
3380 4417 3439 4458 se
3470 4417 3593 4456 cum

296 4535 429 4573 mus
453 4527 551 4573 est
581 4524 850 4572 nostrum
879 4528 1101 4584 corpus,
1131 4511 1523 4583 paterfamilias
1558 4519 1643 4568 est
1669 4510 1911 4578 animus,
1942 4492 1984 4497 ᾖ
2021 4522 2222 4579 magno
2248 4512 2512 4576 apparatu
2545 4503 2929 4567 adventurum,
2972 4507 3026 4553 et
3053 4510 3310 4569 sponsam
3354 4507 3509 4550 suam
3543 4492 3597 4544 in

298 4612 393 4667 fur
420 4621 514 4667 est
564 4625 755 4665 mors.
796 4607 922 4663 “ch
963 4608 1017 4661 in
1053 4615 1214 4662 nocte
1237 4607 1403 4673 venit,
1449 4606 1581 4662 dum
1640 4604 1919 4659 hominem
2024 4607 2388 4673 praeparatam
2410 4596 2682 4653 civitatem
2706 4592 3080 4648 inducturum.
3112 4585 3407 4641 Onimium
3432 4581 3600 4648 beati,

294 4703 609 4774 inopinate
629 4699 1153 4771 premit,dominum
1181 4697 1921 4764 invenitdormicnlem,‘dum
2024 4694 2121 4765 qui
2166 4692 2217 4747 ei
2247 4702 2536 4746 occurrere
2569 4695 2699 4742 tunc
2725 4681 3064 4753 suntparati.
3089 4677 3225 4733 Nam
3256 4676 3311 4731 in
3343 4673 3601 4746 gaudium

295 4770 571 4850 animum
616 4770 831 4863 reperit
857 4792 911 4846 in
936 4792 1095 4846 bonis
1132 4800 1451 4859 torpentem.
1486 4788 1716 4845 Domum
1743 4788 1926 4859 perfo-
2028 4782 2246 4841 Domini
2274 4780 2361 4837 sui
2383 4794 2506 4836 cum
2537 4792 2603 4832 eo
2627 4775 2696 4831 ad
2738 4774 2959 4844 nuptias
2984 4770 3294 4832 intrabunt,
3347 4773 3401 4821 et
3440 4778 3606 4863 super

290 4889 401 4956 dit,
454 4889 611 4961 quia
668 4902 795 4941 mox
827 4901 1029 4957 corpus
1071 4884 1292 4940 occidit.
1350 4882 1545 4939 Occiso
1594 4892 1776 4939 autem
1820 4882 1925 4937 do»

293 4982 462 5038 mino
492 4982 679 5035 bona
704 4978 823 5048 ejus
854 4978 1017 5043 tollit,
1043 4976 1170 5047 quia
1201 4976 1459 5031 miseram
1492 4974 1733 5029 animam
1762 4990 1793 5029 a
1821 4974 1924 5029 bo-

291 5075 387 5133 nis
414 5082 684 5130 mternre
709 5071 831 5127 vitae
852 5070 1034 5126 evellit
1052 5079 1106 5125 et
1144 5068 1211 5123 ad
1243 5075 1445 5123 tartara
1479 5068 1775 5123 crucianda
1802 5082 1927 5138 per-

292 5168 505 5222 trahit.
570 5163 711 5218 Nox
762 5162 1048 5219 duodecim
1095 5160 1261 5215 horas
1308 5158 1511 5214 habere
1560 5158 1929 5230 cognoscitur,

286 5278 426 5332 qua:
465 5260 532 5315 in
575 5266 836 5328 quatuor
854 5256 1065 5327 vigilias
1106 5252 1370 5309 dividitur
1399 5261 1454 5309 et
1484 5266 1823 5323 unaquaque
1853 5250 1933 5305 vi-

289 5354 435 5424 gilia
467 5350 690 5407 tribus
731 5348 881 5404 horis
910 5347 1224 5402 ascribitur.
1281 5344 1531 5400 Humana
1581 5345 1780 5414 quippe
1822 5341 1935 5396 vita

289 5444 462 5501 nocti
494 5448 905 5510 comparatur,
928 5440 1058 5510 quia
1088 5438 1329 5494 tenebris
1368 5436 1692 5508 ignorantia:
1737 5434 1938 5489 obscu-

289 5547 493 5591 ratur.
533 5534 698 5589 Haec
724 5533 776 5588 in
814 5532 1100 5589 duodecim
1144 5532 1310 5586 horas
1337 5529 1763 5594 dimensuratur,
1809 5525 1938 5597 quia

287 5643 582 5702 prasens
619 5625 744 5679 vita
778 5624 1062 5681 duodecim
1094 5624 1375 5680 mensibus
1400 5623 1840 5679 circumrotatur.
1879 5617 1937 5672 ιιι

289 5730 580 5792 quatuor
600 5716 832 5786 vigilias
851 5719 1088 5789 partitur
1101 5718 1229 5789 quia
1243 5731 1422 5771 annus
1436 5724 1671 5786 quatuor
1686 5711 1940 5782 tempori—

291 5813 646 5884 bus,vere,
664 5815 872 5881 aestate,
890 5818 1172 5881 autumno,
1194 5808 1371 5868 hieme
1388 5806 1629 5866 metitur.
1644 5804 1776 5864 Tres
1794 5804 1941 5862 horae

2029 4876 2216 4935 omnia
2258 4874 2400 4929 bona
2436 4869 2610 4940 ipsius
2645 4865 2973 4931 constituti,
3017 4862 3072 4916 in
3112 4869 3377 4916 aeternum
3423 4855 3607 4911 exsul-

2028 4970 2240 5025 tabunt.
2265 4964 2411 5021 Heu!
2438 4976 2602 5031 quam
2631 4958 2863 5013 nimium
2888 4952 3098 5019 miseri,
3122 4950 3216 5022 qui
3247 4959 3378 5005 tunc
3407 4948 3463 5003 in
3483 4961 3610 5017 pec-

2029 5062 2168 5120 catis
2192 5059 2353 5131 sopiti
2392 5054 2766 5118 inveniuntur,
2814 5048 2946 5119 quia
2974 5047 3159 5103 clausa
3185 5044 3298 5115 jam
3329 5041 3498 5131 janua
3542 5038 3614 5131 ab

2030 5129 2273 5212 aeternis
2315 5148 2491 5220 epulis
2541 5143 2927 5201 excluduntur.
3006 5137 3211 5210 Igitur,
3267 5129 3606 5194 charissimi,

2032 5264 2158 5306 cum
2198 5246 2389 5301 horam
2414 5238 2625 5297 Christi
2664 5238 2930 5292 adventus
2950 5274 2966 5301 ,
2998 5231 3207 5287 scilicet
3232 5228 3375 5283 diem
3409 5221 3604 5278 mortis

2033 5347 2235 5395 nostra:
2256 5336 2592 5407 ignoremus,
2618 5344 2831 5392 omnes,
2855 5324 3017 5381 simul
3036 5323 3265 5393 juvenes
3281 5324 3335 5371 et
3351 5312 3613 5383 virgines,

2036 5445 2196 5487 senes
2217 5405 2341 5484 cum
2366 5423 2704 5496 junioribus,
2737 5420 2792 5475 in
2827 5417 2987 5473 bonis
3031 5411 3289 5484 operibus
3316 5405 3611 5475 vigilemus

2039 5522 2231 5577 faciem
2255 5518 2472 5573 Domini
2518 5515 2573 5571 in
2606 5510 2959 5570 confessione
3012 5500 3431 5576 praeveniamus,
3466 5502 3527 5549 ut
3560 5493 3616 5547 in

2041 5612 2332 5669 Nativitate
2385 5608 2505 5680 ejus
2558 5610 2959 5662 sacramentum
3011 5591 3258 5664 corporis
3306 5588 3428 5680 ejus
3458 5585 3620 5655 digne

2044 5678 2430 5778 pcreipiamus,
2455 5706 2749 5770 quatenus,
2793 5707 2918 5748 cum
2944 5685 3186 5746 secundo
3215 5678 3442 5744 venerit,
3490 5691 3616 5732 cum

2046 5800 2165 5871 ipso
2195 5798 2247 5852 in
2277 5793 2445 5868 gloria
2476 5801 2852 5863 appareamus.
