4032 6396
392 307 496 364 735

1510 295 1836 354 WERNERI
1873 296 2166 356 ABBATIS
2204 297 2264 354 S.
2303 293 2524 351 BLASII

3525 253 3633 353 at

473 421 594 482 Hic
628 420 732 483 ﬁat
787 402 1025 480 divisio
1058 408 1397 488 sermonis,
1456 411 1511 474 si
1548 408 1882 489 placuerit,
1917 414 1978 470 et
2007 407 2128 470 hoc
2161 409 2336 470 idem
2383 411 2678 472 servetur
2719 406 2789 470 in
2815 406 2982 488 galiis
3018 406 3133 470 ubi
3179 406 3417 474 divisio
3469 410 3637 476 facta

389 498 609 564 fuerit.

462 601 662 657 Totum
706 607 920 670 tempus
953 599 1118 670 hujus
1169 597 1352 654 saeculi
1386 595 1534 651 nocti
1565 600 1917 664 comparatur
1946 610 1959 646 :
1991 594 2039 651 A
2068 591 2354 646 constituit
2378 591 2669 646 luminaria
2694 591 2749 647 in
2766 591 2924 656 calo,
2967 591 3022 648 id
3055 599 3138 648 est
3157 591 3334 647 ‘David
3365 591 3420 648 in
3453 591 3640 664 splene

392 693 483 750 cui
512 708 736 749 serenus
763 692 880 747 dies
908 691 1124 746 venturi
1150 690 1336 744 saculi
1373 687 1791 758 superveniens,
1847 685 1962 739 sole

392 785 616 858 iustitia
656 784 978 838 illustratur.
1011 781 1162 837 Sicut
1190 782 1387 836 etenim
1419 790 1633 850 tempus
1655 778 1830 834 noctis
1855 777 1964 832 luci

392 877 500 934 diei
562 877 856 943 collatum,
923 882 1062 930 tetra
1109 875 1337 944 caligine
1390 874 1688 928 oﬁ‘uscatur
1736 871 1809 925 ita
1867 871 1962 925 lux

394 969 640 1024 omnium
673 969 886 1023 dierum
908 967 1072 1038 hujus
1111 967 1292 1022 saeculi
1313 967 1420 1020 luci
1451 963 1660 1019 venturi
1686 963 1788 1016 diei
1817 978 1966 1016 com-

393 1069 622 1132 parata,
677 1076 905 1130 prorsus
963 1060 1131 1114 densa
1177 1058 1484 1132 obscuritas
1533 1064 1834 1125 reputatur.
1891 1054 1966 1108 De

396 1131 640 1220 tempore
677 1160 856 1206 autem
880 1151 964 1205 vel
993 1151 1080 1206 die
1107 1150 1271 1219 hujus
1297 1131 1480 1204 sacu'li
1505 1149 1708 1202 dicitur
1729 1147 1872 1216 quod
1910 1146 1966 1200 in

395 1241 666 1312 principio
688 1241 859 1310 ipsius
884 1241 1028 1296 Deus
1057 1241 1259 1296 creavit
1287 1257 1400 1294 χχιι
1431 1256 1614 1310 opera.
1649 1238 1832 1292 Primo
1864 1238 1967 1292 ita-

395 1345 502 1400 que
527 1331 614 1385 die
654 1329 781 1385 fecit
809 1339 1014 1399 septem
1038 1345 1202 1398 opera
1255 1328 1416 1396 (Gen.
1451 1329 1520 1398 ι),
1576 1329 1628 1382 id
1680 1337 1766 1382 est
1794 1335 1966 1380 mate-

396 1417 535 1472 riam
563 1416 875 1485 informem,
909 1418 1151 1487 angelos,
1184 1417 1382 1484 lucem,
1428 1417 1596 1471 coelos
1633 1415 1964 1486 superiores,

396 1516 618 1574 terram,
677 1523 873 1578 aquam
921 1517 1083 1578 atque
1127 1523 1340 1575 aerem;
1384 1507 1622 1562 secundo
1669 1507 1756 1561 die
1784 1507 1968 1560 ﬁrma-

397 1606 641 1653 mentum
673 1599 884 1664 solum;
939 1599 1101 1652 tertio
1149 1599 1236 1653 die
1265 1606 1520 1668 quatuor,
1577 1597 1630 1651 id
1661 1605 1744 1652 cst
1771 1596 1966 1664 maria,

301 1679 306 1686 ’
400 1692 630 1757 semina,
665 1691 906 1746 sationes
949 1701 1112 1761 atque
1149 1691 1446 1760 plantaria;
1490 1700 1686 1760 quarto
1725 1689 1812 1744 die
1841 1689 1965 1755 tria,

401 1782 456 1838 id
477 1793 557 1839 est
595 1784 763 1838 solem
801 1793 854 1838 et
883 1784 1068 1838 lunam
1099 1791 1154 1838 et
1195 1783 1414 1849 stellas;
1448 1783 1639 1852 quinto
1664 1781 1751 1836 die
1782 1782 1884 1836 tria
1913 1781 1968 1836 id

397 1885 482 1931 est
511 1875 708 1944 pisces,
753 1875 964 1945 reptilia
991 1891 1257 1945 aquarum
1287 1883 1341 1930 et
1376 1875 1647 1940 volatilia;
1696 1883 1848 1929 sexto
1880 1873 1967 1928 die

2065 683 2199 737 dore
2226 684 2377 753 regni
2430 693 2686 754 tauquam
2715 684 2847 739 solis
2871 683 3266 752 excellentiam,
3314 691 3368 739 ct
3395 685 3452 740 in
3483 700 3639 755 spem

2065 775 2210 828 luna
2231 775 2657 829 'obumbrantem
2681 785 2941 846 tanquam
2967 772 3306 846 Svuagogam
3328 815 3343 840 ,
3374 783 3429 830 et
3455 777 3642 833 stellas

2066 868 2341 939 principes
2365 869 2504 938 ejus.
2549 867 2723 938 Hujus
2765 867 2939 922 atatis
2983 865 3088 921 fuit
3116 877 3342 937 vespera
3373 875 3587 938 tempus
3621 886 3638 922 :

2067 963 2287 1030 quando
2331 963 2563 1032 populus
2595 962 2691 1017 Dci
2723 965 2777 1017 in
2806 960 3138 1034 Babylonem
3171 961 3370 1017 ductus
3414 971 3502 1016 est
3547 977 3643 1017 ca-

2067 1053 2269 1122 ptivus.
2292 1051 2495 1118 Quinto
2526 1054 2744 1119 saculo,
2769 1052 2822 1106 id
2850 1053 3005 1107 estin
3034 1051 3514 1123 trausmigratione
3534 1051 3642 1107 Ba-

2067 1144 2307 1214 bylonis,
2346 1143 2487 1198 facta
2512 1153 2641 1199 sunt
2664 1145 2822 1214 quasi
2847 1143 3105 1198 animalia
3139 1144 3192 1197 in
3223 1143 3382 1212 aquis
3413 1150 3467 1198 et
3489 1143 3641 1197 vola-

2067 1234 2182 1289 tilia
2221 1235 2363 1301 coeli,
2389 1235 2516 1304 quia
2567 1242 2695 1288 tunc
2723 1235 2863 1288 inter
2891 1241 3078 1304 gentes
3106 1241 3363 1303 tanquam
3397 1235 3450 1288 in
3501 1238 3644 1290 mari

2067 1325 2238 1380 Judai
2257 1327 2436 1380 vivere
2457 1333 2760 1394 coeperunt,
2775 1339 2875 1378 nec
2899 1325 3169 1378 habebant
3197 1324 3442 1379 stabilem
3463 1325 3640 1380 locum

2069 1426 2329 1488 tanquam
2375 1419 2622 1472 volantes
2652 1431 2800 1471 aves.
2849 1413 3024 1486 Hujus
3075 1415 3183 1471 diei
3216 1417 3374 1486 quasi
3411 1433 3642 1488 vespera

2069 1514 2153 1562 est
2177 1507 2536 1577 muliplicatio
2579 1513 2928 1576 peccatorum
2987 1505 3040 1558 in
3093 1506 3296 1575 populo
3325 1491 3642 1560 Judaorum

2070 1599 2289 1669 quando
2313 1600 2392 1655 sic
2414 1601 2668 1655 excacati
2696 1610 2843 1667 sunt,
2865 1609 2925 1655 ut
2947 1601 3109 1656 etiam
3135 1598 3430 1652 Dominum
3455 1596 3642 1651 Iesum

2071 1707 2180 1746 non
2219 1701 2442 1761 possent
2475 1707 2791 1762 agnoscere.
2843 1691 2963 1747 Jam
3004 1699 3216 1747 sextum
3246 1690 3506 1745 saeculum
3538 1688 3643 1744 fuit

2070 1783 2126 1838 in
2151 1785 2384 1838 adventu
2427 1785 2643 1839 Domini
2669 1785 2850 1840 nostri
2891 1784 3020 1841 Jesu
3048 1785 3272 1839 Christi.
3319 1783 3458 1838 Nam
3501 1785 3644 1840 sicut

2072 1871 2127 1924 in
2153 1872 2243 1927 illa
2273 1880 2423 1928 sexta
2451 1873 2537 1928 die
2558 1875 2766 1944 primus
2783 1873 2954 1929 Adam
2982 1875 3048 1930 de
3070 1874 3200 1928 limo
3231 1883 3389 1928 terra
3411 1873 3476 1927 ad
3500 1873 3641 1927 ima-

397 1976 654 2036 quatuor,
684 1966 737 2020 id
767 1976 848 2022 est
877 1967 1100 2033 bestias,
1130 1968 1362 2036 pecudes
1385 1975 1439 2022 et
1463 1966 1674 2036 reptilia
1700 1975 1879 2030 terra,
1905 1973 1960 2018 et
1996 1954 2040 2009 Β
2071 1963 2248 2034 ginem
2277 1963 2371 2018 Dei
2417 1964 2593 2020 factus
2620 1973 2723 2032 est,
2775 1967 2856 2020 sic
2885 1964 2940 2018 in
2992 1965 3096 2020 ista
3145 1973 3296 2019 sexta
3350 1963 3456 2018 diei
3485 1970 3644 2018 atate

399 2056 702 2123 hominem,
725 2066 777 2111 et
807 2057 948 2112 facta
978 2066 1107 2112 sunt
1135 2057 1318 2111 omnia
1343 2074 1454 2111 xxu
1481 2057 1536 2111 in
1571 2057 1764 2111 diebus
1792 2071 1865 2110 vr.
1904 2053 1971 2110 Et

397 2163 514 2200 xm
538 2148 912 2218 generationes
947 2157 1075 2202 sunt
1097 2148 1164 2202 ab
1195 2148 1365 2202 Adam
1391 2163 1564 2217 usque
1590 2148 1657 2202 ad
1679 2146 1867 2212 Jacob,
1901 2161 1968 2201 ex

397 2237 557 2305 cujus
586 2238 791 2292 semine
817 2238 1060 2293 nascitur
1090 2253 1220 2308 gens
1244 2237 1428 2292 Israel.
1465 2236 1533 2291 Et
1557 2252 1671 2291 xxu
1700 2237 1825 2291 libri
1866 2235 1970 2291 Ve-

400 2327 530 2382 teris
560 2327 890 2384 Testamenti
922 2345 1092 2400 usque
1114 2330 1182 2384 ad
1210 2328 1426 2394 Esther,
1455 2336 1507 2383 et
1536 2329 1967 2383 xxulitlcrarum

401 2425 530 2471 sunt
579 2419 879 2486 elementa,
919 2421 1118 2490 quibus
1165 2429 1382 2476 constat
1450 2420 1648 2475 divina
1686 2421 1820 2490 legis
1870 2421 1967 2475 do-

398 2509 593 2564 ctrina.
626 2509 792 2579 Igitur
842 2512 1237 2566 consummatis
1264 2528 1378 2566 χχιι
1403 2512 1660 2582 operibus
1694 2528 1745 2566 v1
1773 2511 1966 2568 diebus

399 2602 666 2668 requievit
713 2602 780 2656 ab
811 2602 890 2657 eis
941 2603 1172 2672 septimo
1201 2601 1346 2658 Deus
1391 2603 1542 2673 (Gen.
1571 2601 1632 2670 ιι)
1669 2619 1682 2654 :
1718 2603 1846 2672 quia
1869 2617 1964 2658 sex

397 2691 649 2746 atatibus
674 2692 1140 2747 consummabitur
1158 2694 1258 2749 iste
1281 2694 1539 2748 mundus.
1569 2691 1810 2759 Quarum
1833 2702 1965 2746 ata-

399 2789 514 2835 tum
547 2783 722 2851 prima
753 2792 837 2838 est
865 2785 933 2839 ab
969 2785 1142 2839 Adam
1170 2800 1344 2855 usque
1377 2783 1442 2839 ad
1475 2784 1608 2851 Noe,
1657 2785 1802 2854 quod
1828 2785 1966 2838 ﬁunt

397 2873 698 2955 secundum
756 2874 1025 2930 Isidorum
1089 2877 1218 2930 anni
1273 2893 1348 2944 ll,
1425 2892 1631 2943 uccut;
1704 2876 1961 2944 secunda,

397 2979 429 3018 a
453 2947 656 3020 diluviii
685 2981 861 3036 .usque
883 2969 951 3022 ad
998 2955 1295 3034 Abraham,
1344 2967 1489 3037 quod
1541 2968 1680 3022 ﬁunt
1715 2969 1844 3022 anui
1878 2984 1961 3035 ιιι,

396 3073 711 3113 ucuxxvn.
743 3059 950 3136 Icrtia,
999 3060 1070 3114 ab
1111 3061 1385 3115 Abraham
1428 3077 1602 3132 usque
1646 3062 1714 3116 ad
1751 3061 1958 3115 David:

396 3151 543 3220 quod
579 3151 717 3204 tiunt
764 3151 892 3204 anni
940 3167 1015 3217 tv,
1048 3167 1316 3218 ucxxxw;
1348 3164 1541 3222 quarta
1563 3194 1578 3219 ,
1610 3167 1639 3207 a
1669 3151 1838 3206 David
1871 3168 1963 3208 us-

390 3256 501 3312 que
552 3241 620 3294 ad
679 3241 1213 3308 transmigrationcm
1273 3242 1583 3314 Babylonis,
1617 3242 1762 3312 quod
1818 3243 1956 3297 ﬁunt
1987 3282 2028 3338 Ο

390 3331 520 3387 anni
559 3347 625 3393 v,
657 3347 855 3400 uncrx;
889 3333 1078 3402 quinta
1099 3372 1114 3399 ,
1147 3349 1178 3388 a
1215 3331 1958 3406 transmigrationefBabylo-

392 3424 682 3493 nisusque
709 3423 776 3476 ad
819 3424 1122 3490 Christum,
1149 3425 1294 3494 quod
1327 3423 1464 3479 ﬁunt
1506 3426 1633 3478 anni
1683 3441 1737 3489 v,
1778 3441 1956 3481 ncuv.

388 3514 438 3568 Α
464 3518 743 3573 nativitate
766 3526 946 3572 autem
976 3515 1180 3570 Christi
1213 3531 1386 3585 usque
1413 3515 1478 3570 ad
1507 3516 1559 3572 id
1589 3533 1697 3586 quo
1719 3517 1960 3574 Isidorus

391 3605 509 3660 hac
531 3608 768 3677 scripsit,
816 3593 997 3662 certus
1030 3622 1291 3662 numerus
1325 3621 1432 3660 non
1465 3608 1694 3663 habetur
1738 3609 1962 3683 nisiﬁat

391 3697 609 3751 illorum
628 3713 896 3753 annorum
911 3699 1243 3766 computatio
1260 3713 1382 3767 qua
1395 3697 1610 3754 fuerunt
1623 3700 1689 3754 ad
1709 3693 1958 3771 tempora

387 3788 622 3843 Ileraclii
644 3789 880 3860 religiosi
896 3790 1176 3860 principis.
1193 3789 1366 3861 Hujus
1383 3800 1578 3862 quarto
1595 3801 1649 3848 et
1664 3793 1856 3862 quinto
1877 3791 1962 3848 Si-

389 3880 551 3950 sipo‘li
567 3879 827 3950 principis
848 3896 1013 3948 anno,
1027 3881 1196 3937 Judai
1219 3881 1501 3953 in.Spania
1522 3883 1956 3954 baptizabantur,

387 3979 441 4026 et
457 3979 584 4026 tunc
597 3973 955 4028 fueruntanni
973 3989 1002 4027 a
1025 3973 1304 4032 nativitate
1319 3975 1533 4030 Domini
1552 3993 1604 4045 v,
1622 3993 1958 4033 nncccxxxvt

387 4079 514 4119 cum
565 4065 939 4135 superioribus
991 4066 1150 4122 annis
1201 4075 1422 4122 aetatum
1475 4071 1828 4138 computatis.
1893 4070 1961 4127 Et

388 4154 507 4210 hac
529 4163 612 4211 est
633 4165 782 4212 sexta
805 4166 938 4212 atas
958 4174 1080 4228 qua
1107 4175 1254 4213 nunc
1279 4159 1459 4230 agitur
1486 4177 1656 4230 usque
1700 4163 1767 4218 ad
1811 4162 1957 4219 diem

339 4313 346 4318 ν
381 4246 595 4316 judicii.
624 4248 860 4318 Septima
893 4263 1024 4302 vero
1059 4258 1373 4303 sanctorum
1408 4250 1512 4304 erit
1555 4252 1802 4322 requies,
1835 4270 1958 4324 qua

386 4353 496 4392 non
550 4338 712 4393 habet
754 4355 1062 4409 vesperam,
1100 4339 1229 4410 quia
1283 4353 1404 4396 eam
1448 4341 1632 4399 nullus
1691 4346 1958 4403 terminus

383 4427 608 4482 claudit.

456 4517 642 4572 Primo
679 4518 823 4572 enim
854 4520 1054 4574 saeculo
1087 4518 1266 4577 factus
1299 4531 1383 4578 est
1411 4524 1578 4580 homo
1603 4525 1658 4579 in
1701 4527 1956 4597 paradiso

2072 2055 2344 2110 secundus
2367 2055 2561 2122 Adam,
2595 2057 2648 2111 id
2686 2065 2770 2112 est
2817 2056 3092 2121 Christus,
3129 2055 3185 2109 in
3233 2069 3399 2111 carne
3432 2053 3643 2110 deNir—

2071 2146 2196 2217 gine
2217 2145 2388 2201 Maria
2410 2156 2572 2202 natus
2607 2157 2691 2202 est
2726 2167 2738 2202 :
2769 2147 2858 2202 ille
2885 2147 2940 2201 in
2973 2147 3158 2201 anima
3184 2146 3422 2213 vivente,
3454 2145 3564 2200 hic“
3587 2144 3644 2199 in

2071 2237 2264 2307 spiritu
2289 2237 2614 2294 viviﬁcante.
2647 2237 2714 2293 Et
2744 2239 2885 2295 sicut
2911 2239 2966 2292 in
2995 2239 3087 2293 illa
3109 2237 3197 2293 die
3241 2239 3301 2292 ﬁt
3331 2237 3516 2292 anima
3561 2237 3645 2292 vi-

2069 2345 2156 2396 va,
2196 2329 2275 2385 sic
2299 2331 2351 2384 in
2378 2330 2483 2386 isto
2515 2331 2717 2386 saculo
2753 2331 3130 2386 desiderantes
3160 2330 3326 2384 vitam
3357 2338 3638 2384 aeternam.

2069 2417 2135 2472 Et
2163 2419 2306 2474 sicut
2328 2420 2382 2473 in
2408 2420 2498 2474 illa
2531 2420 2618 2475 die
2643 2429 2794 2475 sexta
2818 2420 3156 2490 serpentium
3199 2428 3253 2474 et
3290 2419 3532 2474 ferarum
3557 2435 3644 2490 ge-

2069 2524 2202 2565 nera
2233 2511 2485 2580 producit
2512 2519 2678 2577 terra,
2733 2511 2808 2566 ita
2852 2520 2905 2566 et
2927 2511 2984 2564 in
3014 2511 3119 2566 hac
3145 2519 3298 2566 sexta
3352 2518 3512 2564 atate
3541 2525 3643 2565 sa-

2069 2603 2176 2658 culi
2213 2612 2402 2673 gentes
2435 2603 2608 2657 vitam
2657 2609 2972 2672 appetentes
3023 2611 3281 2656 aeternam
3337 2599 3639 2656 Ecclesiam

2068 2696 2365 2766 generavit.
2413 2693 2481 2750 Et
2529 2694 2993 2764 quemadmodum
3049 2693 3105 2747 in
3151 2692 3243 2747 illa
3306 2692 3395 2746 die
3423 2700 3641 2746 creatur

2067 2786 2344 2841 masculus
2376 2795 2429 2840 et
2453 2785 2675 2853 femina,
2702 2785 2782 2840 sic
2802 2785 2873 2853 ⁵ἱιι
2917 2785 3020 2839 ista
3054 2784 3238 2840 saculi
3269 2791 3428 2838 atate
3455 2783 3636 2837 mani-

2066 2877 2298 2933 festatur
2324 2877 2576 2933 Christus
2614 2887 2668 2932 et
2717 2876 2985 2932 Ecclesia.
3039 2874 3104 2930 Et
3131 2877 3272 2930 sicut
3297 2875 3463 2929 homo
3498 2890 3638 2945 pra-

2063 2969 2285 3039 ponitur
2307 2969 2362 3023 in
2394 2969 2481 3024 die
2504 2969 2593 3024 illa
2625 2969 2937 3039 pecoribus,
2987 2968 3360 3038 serpentibus,
3396 2967 3635 3022 volatili-

2063 3061 2167 3115 bus
2204 3061 2347 3128 coeli,
2379 3061 2452 3115 ita
2477 3061 2732 3116 Christus
2760 3061 2814 3114 in
2839 3061 2942 3116 hac
2964 3069 3121 3115 atate
3149 3059 3418 3130 gentibus,
3460 3075 3638 3130 popu-

2063 3151 2132 3206 lis
2154 3161 2207 3206 ct
2234 3152 2568 3216 nationibus,
2598 3162 2656 3207 ut
2684 3152 2753 3206 ab
2775 3167 2840 3206 eo
2875 3160 3134 3222 regantur
3161 3151 3244 3205 vel
3269 3151 3476 3206 carnali
3503 3166 3638 3205 cou-

2063 3245 2397 3315 cupiscentia
2435 3244 2600 3300 dediti
2631 3245 2790 3300 sicuti
2819 3259 3036 3314 pecora,
3063 3243 3148 3297 vel
3187 3251 3404 3298 terrena
3434 3243 3636 3297 obscu-

2063 3336 2168 3390 rati
2225 3335 2537 3391 curiositate
2609 3334 2768 3406 quasi
2833 3347 3148 3405 serpentes,
3218 3334 3304 3389 vel
3377 3333 3636 3402 superbia

2063 3428 2220 3499 quasi
2245 3442 2391 3482 aves.
2419 3427 2486 3481 Et
2517 3427 2658 3483 sicut
2705 3427 2760 3480 in
2789 3426 2881 3480 illo
2927 3426 3014 3480 die
3043 3434 3348 3496 pascuntur
3376 3425 3543 3479 homo
3584 3435 3639 3480 et

2065 3521 2344 3586 animalia,
2392 3535 2514 3590 qua
2555 3535 2678 3574 cum
2701 3519 2823 3588 ipso
2863 3526 3014 3584 sunt,
3046 3517 3230 3574 herbis
3269 3516 3629 3572 seminalibus

2063 3613 2227 3684 lignis
2257 3611 2557 3666 fructiferis
2581 3619 2636 3665 et
2681 3609 2864 3664 herbis
2899 3608 3190 3676 viridibus,
3244 3608 3325 3663 sic
3346 3607 3450 3662 ista
3481 3615 3638 3662 atate

2064 3704 2179 3774 ipse
2212 3704 2445 3774 populus
2477 3701 2833 3772 spiritualiter
2868 3701 3110 3770 pascitur
3145 3708 3461 3756 sanctarum
3487 3698 3638 3754 Scri-

2065 3808 2354 3868 pturarum
2380 3794 2677 3860 alimentis,
2706 3801 2759 3847 et
2781 3791 2898 3862 lege
2945 3793 3127 3847 divina
3159 3792 3226 3846 ad
3266 3791 3638 3861 accipiendam

2061 3892 2446 3948 fecunditatem
2480 3892 2756 3946 rationum
2797 3897 2980 3958 atque
3007 3901 3324 3942 sermonum
3372 3894 3636 3954 tanquam

2061 3984 2244 4039 herbis
2297 3981 2650 4038 seminalibus
2700 3979 2899 4051 partim
2949 3977 3018 4031 ad
3067 3977 3356 4031 utilitatem
3422 3988 3637 4029 morum

2063 4074 2494 4132 conversationis
2528 4073 2802 4138 humana,
2845 4070 3043 4140 partim
3073 4070 3140 4124 ad
3186 4069 3433 4138 vigorem
3480 4066 3635 4133 ﬁdei,

2062 4169 2208 4237 spei‘,
2254 4176 2309 4222 et
2358 4165 2637 4221 charilatis
2693 4165 2748 4220 in
2814 4165 2983 4218 vitam
3055 4171 3314 4217 aeternam
3376 4170 3636 4230 tanquam

2062 4257 2245 4313 herbis
2288 4256 2575 4321 viridibus,
2635 4269 2756 4324 qua
2807 4253 2959 4308 nullo
3023 4261 3159 4308 astu
3215 4251 3634 4306 tribulationum

2061 4355 2342 4418 arescunt.
2367 4345 2616 4401 Carnalis
2645 4353 2848 4412 autem,
2902 4343 2954 4397 id
2983 4350 3068 4398 cst
3099 4342 3360 4412 parvulus
3391 4341 3445 4395 in
3475 4339 3636 4395 Chri-

2061 4449 2145 4496 sto
2176 4448 2435 4510 tanquam
2479 4453 2646 4508 pecus
2684 4436 2800 4501 Dei,
2844 4444 2905 4490 ut
2953 4436 3008 4490 in
3035 4435 3186 4489 illum
3217 4433 3422 4499 credat,
3473 4447 3636 4503 quem

2060 4532 2362 4603 intelligere
2414 4529 2657 4585 nondum
2710 4535 2892 4599 potest
2933 4535 2988 4582 et
3026 4535 3208 4581 tamen
3231 4525 3455 4580 eosdem
3482 4524 3635 4581 cibos

383 4611 542 4680 quasi
598 4611 689 4664 lux
753 4609 904 4681 (Gen.
935 4610 976 4681 ι)
1024 4612 1406 4684 [Aucusrmus,
1435 4617 1499 4670 de
1534 4616 1718 4672 Genesi
1769 4629 1952 4675 contra
1985 4612 2030 4666 D
2058 4636 2248 4677 omnes
2273 4621 2492 4675 habent.

386 4701 766 4775 Manichazos];
794 4703 846 4756 in
874 4717 983 4772 qua
1006 4713 1162 4760 atate
1199 4707 1340 4763 ﬁlios
1366 4709 1421 4764 in
1445 4709 1583 4766 lucis
1613 4711 1833 4768 nomine
1867 4713 1950 4768 di-

382 4794 511 4848 visit
547 4793 688 4850 Deus
742 4812 772 4850 a
825 4798 950 4854 ﬁliis
980 4799 1286 4865 hominum,
1309 4801 1465 4870 quasi
1495 4817 1526 4856 a
1556 4804 1815 4870 tenebris,
1861 4804 1949 4860 ﬁt-

382 4901 489 4955 que
516 4885 680 4955 hujus
711 4887 817 4942 diei
848 4905 1075 4960 vespera
1112 4891 1401 4949 diluvium.
1453 4893 1707 4949 Secundo
1749 4897 1950 4952 saculo

381 4976 585 5032 factum
639 4987 723 5034 est
769 4982 929 5050 quasi
979 4984 1384 5040 ﬁrmamentum
1441 4987 1585 5040 inter
1643 5001 1840 5055 aquam
1897 4996 1953 5042 et

383 5083 608 5139 aquam,
659 5085 786 5126 arca
825 5073 1014 5144 utique
1039 5075 1130 5130 illa
1162 5092 1284 5146 qua
1303 5077 1532 5145 natavit,
1569 5077 1710 5132 inter
1738 5077 1951 5148 pluvias

380 5169 436 5215 et
465 5163 634 5217 maria
661 5172 797 5219 erat.
827 5163 937 5221 Hac
958 5183 1184 5238 vespera
1227 5170 1287 5224 tit
1327 5169 1576 5225 confusio
1617 5172 1945 5243 linguarum.

383 5251 568 5308 Tertio
599 5257 797 5312 saculo
826 5256 1031 5314 factum
1056 5269 1141 5315 est
1179 5261 1324 5331 quod
1369 5263 1642 5332 separavit
1690 5265 1952 5335 populum

383 5358 547 5398 suum
574 5360 605 5399 a
629 5347 877 5415 gentibus
903 5351 1284 5419 perAbraham
1315 5352 1630 5410 discernens
1643 5372 1767 5411 eum
1794 5357 1964 5427 quasi

381 5435 588 5491 aridam
613 5439 682 5494 ab
702 5443 861 5512 aquis
895 5451 954 5498 ut
975 5442 1242 5512 proferret
1279 5460 1497 5515 germen
1547 5446 1840 5502 herbarum
1863 5461 1950 5503 at-

383 5543 490 5598 que
513 5529 807 5601 lignorum,
835 5535 890 5589 id
917 5543 1001 5590 est
1023 5540 1242 5592 sanctos
1289 5544 1344 5592 et
1371 5535 1608 5593 fructum
1656 5536 1950 5610 Scriptura

383 5630 605 5678 sancta.
656 5623 770 5680 Ilac
835 5641 1058 5697 vespera
1113 5627 1216 5683 fuit
1269 5637 1550 5699 peccatum
1611 5631 1756 5704 regis
1798 5629 1949 5687 Saul.

383 5711 648 5780 Quartum
695 5719 954 5793 saculpm
1005 5721 1166 5793 coepit
1207 5739 1236 5779 a
1287 5721 1496 5795 David,
1542 5725 1762 5796 quando
1809 5725 1952 5786 Deus

2127 4713 2256 4770 Post
2283 4713 2442 4767 istam
2470 4723 2752 4778 vesperam
2778 4708 2866 4763 ﬁet
2885 4723 3064 4775 mane,
3087 4721 3210 4762 cum
3233 4704 3349 4776 ipse
3368 4704 3635 4760 Dominus

2058 4807 2113 4862 in
2163 4805 2404 4862 claritate
2453 4811 2714 4857 venturus
2763 4808 2863 4856 est.
2918 4798 3072 4853 Tunc
3117 4797 3461 4867 requiescent
3508 4810 3632 4850 cum

2057 4899 2275 4955 Christo
2315 4896 2384 4950 ab
2411 4893 2666 4950 omnibus
2710 4891 2966 4961 Operibus
2995 4889 3128 4944 suis.
3167 4888 3296 4944 Post
3326 4887 3452 4942 talia
3487 4889 3632 4942 enim

2058 5005 2222 5061 Opera
2271 4986 2536 5058 speranda
2574 4991 2656 5039 est
2697 4982 2912 5052 requies
2947 4982 3004 5035 in
3031 4980 3119 5036 die
3158 4981 3388 5050 septimo
3417 4980 3512 5050 qui
3539 4995 3633 5035 ve-

2059 5097 2273 5153 speram
2297 5095 2403 5134 non
2424 5079 2603 5132 habet.
2631 5073 2676 5129 0
2697 5073 2874 5144 qualis
2895 5072 3061 5144 gloria
3086 5071 3223 5127 lucis
3247 5071 3394 5126 illius
3417 5070 3634 5141 septimi

2057 5175 2188 5242 diei,
2211 5175 2265 5230 in
2288 5188 2396 5244 qua
2425 5169 2675 5225 Christus
2693 5167 2746 5221 in
2771 5182 2869 5222 sua
2883 5164 3128 5220 claritate
3147 5162 3492 5234 pradicatur,
3512 5176 3634 5232 qua

2056 5267 2260 5337 abipso
2289 5263 2404 5319 sole
2432 5260 2745 5332 angelorum
2766 5258 3125 5323 illuminatur,
3148 5255 3307 5325 cujus
3327 5254 3632 5325 pulchritu-
3711 5325 3716 5334 ί

2055 5359 2238 5414 dinem
2258 5356 2346 5411 hic
2371 5355 2451 5411 sol
2476 5362 2530 5408 ct
2544 5353 2672 5407 luna
2687 5351 2954 5405 mirantur
2979 5350 2991 5402 ι
3024 5345 3068 5403 Ο
3090 5347 3268 5418 qualis
3291 5347 3462 5418 gratia
3484 5345 3630 5402 illius

2055 5451 2162 5507 diei
2207 5465 2371 5521 quam
2398 5461 2588 5503 omnes
2616 5443 2791 5515 angeli
2815 5456 3113 5512 omnesque
3158 5441 3332 5496 sancti
3355 5440 3631 5494 illuminao

2053 5542 2229 5598 bunt:
2261 5540 2356 5612 qui
2399 5537 2598 5608 singuli
2645 5533 2948 5606 septuplum
2991 5534 3114 5604 plus
3155 5532 3260 5588 hoc
3304 5532 3418 5587 sole
3452 5530 3631 5586 radia-

2053 5634 2206 5691 bunt.
2254 5632 2320 5690 Et
2367 5632 2415 5688 si
2459 5631 2551 5687 hic
2592 5629 2831 5685 mundus
2881 5635 2990 5682 tam
3040 5641 3292 5684 amanus
3331 5624 3628 5697 judicatur,

2053 5725 2149 5798 qui
2182 5741 2292 5787 uno
2339 5725 2453 5788 sole
2503 5731 2682 5803 tamen
2714 5719 3038 5793 illustratur,
3069 5718 3202 5795 quid
3249 5715 3630 5778 aestimandum
