4142 6360
327 304 441 365 Ἱδῖι

1244 295 1817 356 DEFLORATIONES
1855 296 1956 356 SS.
1992 292 2300 376 I’A’I’RUM.
2341 320 2410 333 -—
2442 291 2571 348 LIB.
2608 292 2649 348 I.

3482 291 3586 349 7'58

325 429 413 478 cst
453 419 521 476 de
567 417 661 475 illa
711 417 825 475 vita
871 431 993 490 qua
1036 422 1119 473 tot
1156 412 1375 470 solibus
1417 412 1757 469 illustratur?
1806 411 1911 467 Sed
1939 422 1987 480 Α
2014 409 2302 465 adventum
2331 408 2452 478 ejus
2480 407 2753 464 celebrare
2795 406 2935 465 solet
2962 421 3058 479 per
3083 414 3349 479 quaterna
3387 386 3583 462 ofﬁcia.

325 510 469 567 forte
509 509 713 566 diceret
744 508 980 579 aliquis:
1015 505 1116 561 llic
1145 504 1229 562 sol
1256 518 1511 575 magnum
1540 502 1726 557 lumen
1755 501 1912 557 exhi-

326 601 440 671 bet,
472 601 600 673 quia
628 615 826 671 magno
858 613 1086 670 corpore
1112 596 1299 669 fulget,
1329 596 1524 650 anima
1543 609 1695 665 vero,
1720 608 1915 665 quam-

325 693 414 751 vis
443 692 828 761 serenissima,
854 691 985 763 quid
1006 691 1229 747 luminis
1249 687 1489 760 prabere
1511 694 1767 758 poterunt
1793 699 1915 756 qua

326 785 554 841 omnino
596 799 777 854 parva
825 783 988 839 sunt?
1033 781 1193 838 Certe
1236 780 1327 836 hic
1372 778 1455 835 sol
1500 778 1675 837 oculis
1704 777 1909 833 nostris

327 872 821 938 circumscribitur,
869 871 1056 927 radius
1097 871 1218 941 ejus
1264 868 1506 940 quolibet
1549 881 1776 937 corpore
1809 880 1911 937 op-

327 964 509 1035 posito
535 957 815 1033 penetrari
842 977 952 1017 non
980 961 1197 1029 sinitur,
1229 960 1468 1016 nubibus
1495 958 1786 1029 obtegitur,
1814 972 1915 1013 no-

331 1055 511 1111 ctibus
553 1070 584 1109 a
635 1054 796 1109 nobis
841 1068 1069 1123 prorsus
1109 1051 1398 1107 occulitur.
1440 1048 1685 1119 Angelici
1730 1057 1912 1103 autem

331 1145 556 1217 spiritus
583 1144 669 1201 vel
698 1144 896 1200 anima
936 1151 1248 1199 sanctorum
1279 1140 1429 1196 nullo
1473 1139 1744 1210 corporali
1789 1140 1914 1196 loco

331 1236 891 1307 comprehenduntur,
918 1234 1021 1290 soli
1048 1232 1160 1288 Deo
1187 1231 1721 1302 incomprehensibili
1751 1240 1914 1302 atque

331 1326 804 1397 incircumscripto
824 1323 1224 1393 circumscripti
1248 1322 1567 1389 creduntur,
1592 1329 1787 1376 cuncta
1816 1321 1916 1376 ob-

332 1419 531 1474 stantia
580 1420 754 1474 lucem
806 1433 920 1474 sua
947 1417 1213 1474 claritatis
1257 1422 1545 1486 penetrare
1587 1422 1910 1470 noscuntur.

330 1506 399 1563 Ili
454 1509 656 1579 singuli
705 1509 775 1564 ab
828 1516 1031 1564 aterno
1082 1508 1198 1563 sole
1251 1505 1527 1574 illustrati,
1585 1505 1915 1562 immensum

331 1597 597 1669 fulgorem
645 1615 806 1655 suum
859 1615 983 1655 cum
1018 1600 1110 1655 illa
1139 1600 1228 1655 die
1256 1599 1672 1670 participantur,
1703 1598 1916 1670 ipsique

331 1689 562 1748 invicem
585 1693 844 1748 alterutra
873 1692 1119 1748 claritate
1142 1691 1490 1747 deliciantur.

892 1800 1090 1840 DIVISIO
1126 1799 1407 1840 SERHONIS.

403 1874 483 1931 De
531 1874 698 1946 hujus
749 1874 858 1930 diei
916 1873 1329 1944 incomparabili
1382 1872 1553 1945 gloria
1606 1872 1921 1929 cecinerunt

329 1964 577 2019 omnium
606 1964 995 2035 prophetarum
1034 1963 1328 2035 praeconia,
1355 1964 1485 2034 quia
1516 1963 1634 2019 haec
1660 1963 1776 2019 dies
1804 1976 1921 2017 me-

326 2055 437 2111 lior
456 2065 540 2111 est
566 2058 678 2111 vita
704 2071 866 2127 super
882 2070 1153 2111 annorum
1182 2055 1373 2110 millia.
1395 2053 1511 2111 Nox
1540 2056 1724 2125 itaque
1753 2054 1920 2124 hujus

329 2147 591 2217 temporis
642 2148 801 2218 quasi
847 2148 904 2203 in
950 2154 1184 2218 quatuor
1228 2146 1441 2217 vigilias
1471 2147 1730 2202 dividitur
1764 2145 1918 2217 (Luc'

329 2236 455 2306 xu),
482 2235 611 2304 quia
638 2237 728 2291 hic
755 2235 992 2291 mundus
1020 2245 1256 2306 quatuor
1292 2236 1599 2291 interstitiis
1630 2235 1920 2308 distingui-

332 2334 461 2378 tur:
494 2321 677 2379 Prima
714 2324 894 2396 vigilia
924 2325 994 2379 ab
1021 2323 1196 2379 Adam
1242 2340 1417 2395 usque
1462 2325 1532 2381 ad
1578 2323 1692 2381 Noe
1741 2324 1920 2381 fuerat

331 2412 389 2467 in
418 2428 526 2484 qua
568 2414 748 2484 pauci,
783 2415 838 2469 in
870 2415 1013 2470 bono
1044 2415 1350 2485 pervigiles,
1380 2415 1681 2485 periculum
1725 2414 1917 2471 evase-

328 2512 483 2571 rant;
542 2519 735 2560 somno
777 2521 905 2562 vero
952 2506 1172 2561 malitia
1214 2521 1501 2577 Oppressus
1539 2507 1804 2561 diluvium
1831 2507 1917 2562 di-

331 2602 617 2651 merserat.
649 2593 902 2651 Secunda
930 2596 1114 2666 vigilia
1147 2612 1178 2651 a
1218 2594 1334 2651 Noe
1363 2612 1539 2667 usque
1584 2597 1653 2653 ad
1695 2596 1919 2669 Moysen

331 2683 617 2739 exstiterat
661 2702 676 2738 :
727 2683 784 2739 in
829 2700 936 2754 qua
984 2686 1120 2740 bene
1169 2685 1454 2757 vigilantes
1504 2686 1774 2756 colloquio
1820 2684 1917 2741 Dei

330 2773 443 2855 frui
489 2784 821 2844 meruerant,
875 2791 1073 2847 sopore
1119 2792 1251 2831 vero
1297 2777 1636 2848 negligentia
1659 2787 1918 2849 gravatos

328 2866 784 2936 partiln'sn'l‘phur
810 2873 865 2922 et
908 2867 1047 2938 ignis
1074 2859 1520 2937 consumpserat,
1543 2869 1739 2937 partim
1767 2884 1921 2923 mare

331 2955 580 3013 Rubrum
605 2958 982 3014 absorbuerat.
1025 2957 1208 3013 Tertia
1238 2960 1423 3029 vigilia
1471 2975 1503 3014 a
1527 2959 1712 3030 Moyse
1744 2975 1920 3030 usque

330 3050 401 3105 ad
427 3050 707 3106 Christum
734 3050 956 3107 fuerat:
994 3052 1049 3107 in
1071 3067 1181 3123 qua
1225 3051 1352 3122 galli
1393 3051 1552 3123 quasi
1597 3050 1775 3107 media
1819 3067 1919 3107 no-

330 3150 418 3199 cte
459 3151 658 3200 cantus
708 3142 961 3212 edebant,
1019 3144 1150 3199 dum
1203 3143 1417 3215 Moyses
1469 3144 1608 3214 lege,
1647 3143 1923 3214 prophetae

330 3235 553 3306 scriptis
581 3235 913 3292 dormientes
960 3234 1031 3291 ad
1071 3236 1288 3293 laudem
1317 3236 1414 3292 Dei
1442 3236 1772 3292 excitabant.
1827 3235 1923 3291 Vi-

330 3326 561 3398 gilantes
587 3327 644 3382 in
678 3326 964 3396 praeceptis
992 3325 1209 3382 Domini
1260 3334 1463 3382 terram
1508 3328 1649 3383 lacte
1681 3336 1736 3384 et
1763 3329 1924 3385 melle

330 3426 645 3474 manantem
678 3418 985 3489 capiebant,
1017 3425 1235 3488 torpore
1271 3419 1493 3474 desidiae
1518 3418 1704 3486 dediti,
1751 3420 1923 3491 capti-

329 3508 499 3565 vitate
548 3517 605 3565 et
654 3508 810 3565 bellis
849 3507 1232 3578 disperierant.
1286 3507 1490 3574 Quarta
1521 3508 1702 3580 vigilia
1728 3510 1797 3565 ab
1826 3511 1924 3567 ad-

331 3609 499 3656 ventu
554 3599 759 3656 Christi
804 3613 981 3669 usque
1045 3598 1113 3653 ad
1163 3598 1325 3652 ﬁnem
1384 3600 1574 3654 mundi
1637 3614 1696 3655 se
1749 3608 1923 3665 teten-

329 3694 410 3752 dit
442 3712 457 3750 :
515 3694 573 3749 in
612 3708 722 3763 qua
761 3705 928 3747 verus
966 3690 1160 3746 lucifer
1204 3689 1457 3747 Christus
1498 3692 1784 3761 apparuit;
1824 3708 1923 3766 per

330 3801 497 3858 quem
522 3794 747 3842 exortus
769 3783 957 3839 aterni
985 3783 1093 3838 diei
1142 3783 1333 3839 adesse
1374 3783 1570 3854 patuit.
1604 3782 1664 3837 In
1692 3783 1798 3838 hac
1824 3800 1925 3841 no-

330 3877 492 3945 biles,
517 3876 642 3948 galli
672 3871 776 3931 alis
817 3883 872 3931 et
915 3873 1142 3931 vocibus
1194 3887 1389 3930 somno
1429 3873 1666 3942 desides,
1720 3876 1924 3931 excita-

331 3969 486 4036 bant,
533 3969 663 4024 dum
711 3967 944 4038 apostoli
987 3977 1043 4024 et
1090 3982 1282 4023 eorum
1335 3981 1599 4038 sequaces
1655 3965 1812 4023 factis
1867 3976 1924 4024 et

332 4057 495 4113 dictis
522 4071 715 4112 omnes
745 4065 936 4128 gentes
974 4057 1043 4112 ad
1075 4057 1261 4111 lumen
1285 4056 1400 4111 veri
1429 4055 1526 4111 Dei
1553 4056 1810 4127 evigilare
1836 4055 1922 4111 in-

332 4147 595 4203 citabant.
646 4143 708 4202 In
751 4148 857 4201 hac
892 4145 1083 4218 vigiles
1120 4145 1310 4217 sponsi
1352 4145 1800 4215 latiﬁcabuntur;
1834 4161 1922 4201 er—

331 4240 479 4296 roris
523 4254 654 4295 vero
697 4254 893 4296 somno
928 4240 1178 4305 involuti,
1210 4246 1452 4294 torrente
1500 4238 1644 4310 ignis
1691 4239 1921 4295 devora-

330 4315 559 4391 buntur.
616 4330 714 4388 liis
769 4340 950 4387 autem
1010 4331 1238 4402 singulis
1301 4330 1497 4402 vigiliis
1547 4339 1715 4387 terna
1769 4332 1919 4389 hora

2014 499 2075 555 In
2109 500 2274 571 hujus
2302 507 2484 554 autem
2514 499 2774 569 temporis
2802 498 3099 569 caliginosa
3124 509 3304 564 nocte,
3337 498 3587 569 quadam

2013 589 2182 647 stellae
2226 588 2458 644 diversis
2506 588 2840 659 temporibus
2878 603 3005 644 cum
3048 587 3391 659 iucunditate
3434 587 3589 643 luxe-

2012 687 2161 747 runt,
2204 678 2390 733 lumcn
2433 692 2596 748 quem
2644 693 2804 733 suum
2850 693 3014 750 super
3054 694 3157 735 nos
3204 677 3481 733 fuderunt.
3519 676 3590 732 Et

2014 770 2265 842 quamvis
2291 769 2573 824 horrorem
2610 769 2767 824 nobis
2793 768 3029 839 eﬁ‘ugare
3056 785 3165 826 non
3190 769 3430 841 potuerit
3458 777 3588 825 tunc

2014 876 2139 920 cum
2169 862 2543 934 gradientibus
2568 861 2633 917 ad
2666 876 2853 917 verum
2891 859 3067 916 Solem
3101 863 3584 934 prasignaverunt.

2012 952 2073 1009 In
2118 954 2296 1024 prima
2339 953 2538 1024 quippe
2583 954 2766 1025 vigilia
2798 953 2931 1008 Abel
2973 954 3119 1009 velut
3148 955 3301 1010 stella
3353 953 3585 1010 claruit:

2014 1044 2109 1115 qui
2137 1059 2239 1101 nos
2262 1059 2362 1115 pro
2384 1043 2595 1115 iustitia
2623 1045 2764 1098 mori
2789 1044 2996 1110 docuit,
3025 1045 3154 1099 dum
3181 1046 3296 1115 ipse
3326 1045 3589 1100 innocens

2014 1135 2289 1191 occubuit.
2338 1134 2471 1192 Post
2503 1136 2647 1191 hu’nc
2676 1136 2767 1190 alii
2791 1144 2851 1189 ut
2881 1142 3028 1190 astra
3074 1136 3131 1189 in
3178 1145 3336 1191 nocte
3380 1137 3589 1192 micue-

2014 1231 2164 1292 runt,
2183 1224 2312 1279 dum
2336 1240 2432 1294 per
2449 1224 2706 1295 pietatem
2730 1224 2876 1280 Enos
2903 1224 3072 1280 Deum
3098 1225 3350 1280 invocare
3369 1245 3383 1293 ;
3402 1226 3591 1281 Enoch

2013 1334 2112 1389 per
2136 1317 2462 1374 munditiam
2502 1334 2629 1375 cum
2688 1318 2800 1373 Deo
2850 1318 3162 1384 ambulare;
3206 1316 3439 1372 Lamech
3494 1332 3593 1388 per

2014 1409 2162 1480 piam
2214 1406 2582 1480 operationem
2635 1408 2876 1463 futuram
2930 1407 3173 1479 requiem
3224 1421 3327 1463 nos
3374 1421 3593 1477 sperare

2016 1503 2339 1565 docuerunt.
2372 1501 2435 1557 In
2458 1501 2694 1558 secunda
2711 1501 2897 1571 vigilia
2928 1500 3019 1554 alii
3044 1507 3107 1553 ut
3134 1500 3309 1555 sidera
3334 1499 3459 1554 cali
3506 1513 3594 1554 re-

2017 1593 2428 1664 splenduerunt,
2477 1592 2606 1648 dum
2654 1590 2767 1647 Noe
2816 1591 3217 1656 rectitudincm,
3268 1590 3393 1645 Scm
3441 1604 3595 1645 vere-

2016 1684 2294 1751 cundiam,
2342 1682 2521 1738 Ileber
2564 1682 2935 1749 stabilitatem,
2990 1672 3381 1736 Melchisedech
3437 1680 3598 1734 devo-

1948 1764 1993 1820 B
2022 1773 2246 1840 tionem,
2284 1771 2561 1827 Abraham
2581 1770 2763 1837 ﬁdem,
2796 1769 2933 1825 Loth
2968 1769 3411 1845 hospitalitatem,
3443 1767 3597 1824 Isaac

2020 1863 2405 1930 obedientiam,
2451 1861 2621 1918 Jacob
2660 1862 3025 1930 tolerantiam,
3053 1860 3253 1932 Ioseph
3290 1862 3595 1917 castitatem

2020 1955 2180 2011 nobis
2210 1960 2785 2025 pramonstraverunt.
2814 1952 2871 2008 In
2899 1954 3055 2009 tertia
3087 1954 3269 2025 vigilia
3296 1954 3430 2009 varii
3463 1954 3593 2009 stel-

2020 2044 2197 2098 larum
2221 2043 2361 2114 globi
2395 2053 2606 2097 noctem
2634 2043 2804 2097 radiis
2826 2042 3208 2112 depinxerunt,
3231 2043 3361 2097 dum
3383 2041 3596 2113 Moyses

2021 2134 2518 2202 mansuetudinem,
2542 2132 2774 2189 Phinees
2803 2132 3187 2203 zelum,Josue
3206 2136 3594 2200 constantiam,

2019 2223 2122 2280 Job
2148 2226 2489 2296 patientiam,
2517 2224 2734 2281 Gedeon
2777 2224 3086 2293 ﬁdentiam,
3140 2223 3360 2280 Samuel
3389 2234 3596 2296 tempe-

2020 2310 2256 2372 rantiam
2277 2358 2292 2384 ,
2337 2316 2507 2373 David
2539 2317 2922 2383 humilitatem,
2950 2315 3207 2372 Salomon
3232 2313 3595 2387 prudentiam,

2021 2409 2283 2467 Ezechias
2301 2411 2727 2478 obsecrationes,
2742 2410 2921 2467 Josias
2942 2410 3248 2478 religiones,
3266 2409 3413 2465 Elias
3430 2409 3599 2464 absti-

2020 2505 2286 2570 nentiam,
2310 2502 2524 2559 Eliseus
2541 2503 3035 2571 honoriﬁcentiam,
3058 2501 3227 2558 Isaias
3255 2502 3597 2558 sanctitatem

2020 2594 2284 2652 Jeremias
2312 2595 2678 2651 sinceritatem
2702 2609 2802 2650 nos
2829 2593 3273 2649 informaverunt.
3302 2593 3598 2649 Duodecim

2021 2702 2239 2758 quoque
2285 2686 2560 2756 propheta
2610 2693 2671 2740 ut
2704 2685 2941 2756 pleiades
2980 2686 3307 2752 micuerunt,
3333 2686 3464 2741 dum
3496 2700 3598 2742 nos

2023 2778 2372 2834 concordiam
2422 2777 2748 2845 docuerunt,
2788 2785 2845 2831 et
2887 2775 3136 2833 Ezechiel
3187 2778 3596 2849 benignitatem,

2021 2869 2210 2924 Daniel
2250 2868 2584 2935 ﬁdelitatem,
2616 2883 2729 2923 tres
2773 2868 2926 2938 pueri
2980 2867 3368 2936 laudationem,
3401 2867 3601 2924 Tobias

2020 2960 2400 3029 eleem'osinas,
2430 2942 2625 3016 Esther
2651 2960 3012 3027 honestatem,
3036 2957 3223 3014 Iudith
3254 2960 3600 3027 modestiam,

2021 3051 2302 3109 Machabei
2349 3052 2716 3109 suﬁerentiam
2771 3052 3032 3122 exemplis
3086 3051 3460 3108 ostenderunt.
3539 3052 3600 3109 In

2024 3151 2219 3214 quarta
2257 3143 2464 3214 vigilia,
2495 3144 2649 3199 stella
2678 3141 2867 3209 maris,
2909 3144 3062 3214 virgo
3090 3141 3279 3210 Maria,
3319 3142 3598 3212 splendida

2023 3234 2245 3291 ﬂamma
2276 3236 2540 3303 rutilavit,
2563 3236 2692 3291 dum
2719 3236 2821 3292 iter
2843 3236 2908 3292 ad
2924 3244 3189 3291 aternum
3219 3235 3387 3292 solem
3415 3235 3603 3291 humi-

2026 3326 2177 3383 litate
2206 3336 2372 3398 atque
2399 3327 2659 3382 castitate
2688 3326 3101 3382 demonstravit.
3148 3324 3207 3380 In
3253 3327 3358 3381 hac
3384 3333 3604 3396 quoque

2022 3417 2261 3474 Joannes
2301 3417 2545 3489 Baptista
2577 3418 2725 3473 velut
2746 3416 3043 3487 planetaria
3079 3415 3234 3471 stella
3272 3414 3604 3485 resplenduit

2022 3510 2119 3582 qui
2166 3519 2456 3581 peccantes
2484 3508 2857 3580 panitentiam
2902 3507 3114 3581 primus
3142 3506 3347 3562 docuit.
3405 3505 3465 3560 In
3498 3505 3605 3562 hac

2022 3604 2187 3661 etiam
2207 3620 2367 3660 verus
2387 3603 2579 3660 lucifer
2598 3603 2765 3660 decus
2791 3612 3065 3658 astrorum
3086 3594 3361 3669 Christus,
3391 3600 3606 3656 lux‘an-

2023 3697 2267 3768 gelorum
2289 3697 2462 3765 fulsit,
2480 3696 2575 3767 qui
2597 3695 2862 3767 fulgorem
2882 3695 3069 3752 aterni
3084 3695 3191 3751 diei
3206 3696 3457 3762 astruxit,
3472 3695 3604 3750 dum

2022 3804 2125 3846 nos
2152 3790 2473 3844 charitatem
2520 3789 2796 3844 instruxit.
2830 3788 2890 3843 ln
2936 3789 3040 3844 hac
3082 3787 3439 3844 nihilominus
3466 3786 3605 3843 ruti-

2021 3879 2191 3935 lantia
2218 3880 2398 3935 sidera
2424 3879 2854 3936 ﬁammivomum
2877 3880 3039 3949 jubar
3060 3895 3158 3946 per
3177 3881 3365 3934 orbem
3396 3893 3607 3948 sparse-

2020 3970 2328 4037 runt,'dum
2365 3970 2594 4040 apostoli
2627 3969 2991 4036 dilectionem,
3023 3975 3289 4040 martyres
3329 3968 3605 4022 fortitudi-

2021 4076 2168 4129 nem,
2190 4059 2533 4117 confessores
2573 4060 2940 4127 sobrietatem,
2966 4059 3206 4115 eremita
3230 4059 3605 4116 mortiﬁcatio-

2020 4167 2166 4219 nem,
2192 4151 2431 4224 virgines
2454 4151 2794 4221 pudicitiam,
2808 4150 2987 4206 vidua
3007 4150 3394 4206 continentiam
3412 4151 3605 4206 nosin-

2021 4251 2357 4301 struxerunt.
2382 4242 2449 4298 lli
2470 4258 2660 4300 omnes
2680 4252 2899 4300 utastra
2912 4245 2967 4297 in
2986 4243 3257 4299 hacnoete
3268 4243 3601 4308 claruerunt,

2019 4343 2074 4391 et
2097 4336 2200 4390 iter
2233 4335 2391 4391 nobis
2432 4337 2500 4391 ad
2526 4344 2803 4391 aternum.
2833 4334 2976 4391 diem
3007 4335 3372 4406 prabuerunt.
3401 4332 3605 4391 Trans-

326 4421 703 4490 ascribuntur,
734 4423 864 4494 quia
910 4423 968 4477 in
1010 4422 1098 4478 his
1143 4421 1372 4493 singulis
1409 4422 1748 4492 temporibus
1780 4423 1918 4493 iusti
1948 4418 1995 4475 D
2025 4436 2145 4483 acta
2195 4436 2377 4483 autem
2426 4428 2530 4484 ista
2575 4440 2769 4497 nocte,
2808 4444 2977 4499 verus
3008 4428 3093 4484 sol
3130 4427 3188 4485 in
3248 4426 3457 4483 unitate
3502 4441 3603 4482 sua

331 4513 498 4569 ﬁdem
544 4524 757 4571 sanctae
806 4513 1091 4570 Trinitatis
1138 4513 1395 4585 habuisse
1443 4523 1766 4573 noscuntur.
1814 4502 1926 4571 Ha—

332 4621 459 4661 rum
503 4606 670 4678 igitur
710 4615 945 4678 quatuor
980 4607 1289 4677 vigiliarum
1318 4606 1570 4663 custodes
1603 4607 1673 4662 ad
1696 4607 1927 4680 vigilan-

332 4700 467 4757 dum
510 4716 610 4758 nos
652 4699 1103 4769 informaverunt,
1142 4701 1272 4757 dum
1302 4716 1406 4757 nos
1448 4709 1689 4772 quatuor
1715 4698 1925 4773 princi-

331 4793 487 4864 pales
511 4793 743 4849 virtutes
767 4793 949 4849 verbis
978 4800 1033 4848 et
1061 4793 1323 4862 exemplis
1352 4792 1677 4849 docuerunt.
1725 4790 1922 4848 Prima

332 4900 574 4955 namque
605 4885 805 4956 vigilia
846 4884 1225 4939 observatores
1254 4883 1616 4952 prudentiam.
1656 4881 1921 4938 Secunda

331 4979 699 5046 excubitores,
751 4976 1142 5033 fortitudinem.
1196 4975 1389 5053 Tertia
1432 4960 1630 5046 vigilia
1669 4977 1922 5032 custodes

326 5071 621 5143 justitiam.
668 5070 888 5138 Quarta
933 5069 1131 5140 vigilia
1179 5067 1540 5124 debellatores
1575 5081 1676 5147 nos
1708 5066 1920 5123 instru-

331 5170 535 5219 xerunt
575 5161 1008 5233 temperantiam.
1059 5159 1127 5215 Et
1151 5161 1279 5231 quia
1309 5161 1366 5215 in
1409 5158 1498 5216 his
1523 5166 1758 5230 quatuor
1786 5158 1926 5230 vigi-

330 5255 421 5312 liis
466 5256 759 5312 advé‘ntum
791 5252 996 5309 Christi
1031 5252 1503 5324 praestolabantur,
1541 5251 1663 5308 ideo
1688 5259 1924 5322 quatuor

334 5347 630 5406 Dominica
654 5350 722 5406 de
762 5350 994 5404 adventu
1017 5345 1236 5401 Domini
1264 5344 1649 5401 inoﬁiciantur.
1698 5343 1766 5399 Et
1791 5342 1921 5414 quia

331 5453 571 5513 quatuor
614 5446 805 5502 mundi
835 5444 1053 5502 climata
1099 5458 1197 5514 per
1230 5441 1533 5497 secundum
1561 5441 1682 5512 ejus
1715 5439 1920 5495 adven-

330 5546 447 5593 tum
500 5546 654 5593 erant
697 5539 998 5611 purganda,
1055 5537 1178 5594 ideo
1227 5534 1626 5606 quadripartita
1676 5528 1919 5590 Ecclesia

1929 5667 2002 5683 σι-

2026 4518 2348 4588 splendebit.
2399 4519 2538 4575 Cum
2600 4519 2772 4576 Filius
2823 4519 2943 4589 Dei,
2989 4518 3246 4590 splendor
3296 4516 3495 4585 Patris,
3545 4517 3604 4573 in

2024 4613 2309 4683 majestate
2357 4628 2457 4669 sua
2503 4612 2573 4668 ad
2616 4612 2885 4683 judicium
2924 4612 3171 4683 fulgebit,
3214 4622 3345 4667 tunc
3390 4611 3601 4675 lunam,

2025 4705 2232 4761 scilicet
2275 4703 2597 4771 Ecclesiam,
2643 4705 2712 4760 de
2754 4706 2992 4761 tenebris
3028 4713 3355 4774 exemptam,
3399 4712 3603 4758 aeterna

2023 4797 2268 4853 claritate
2296 4796 2644 4863 illuminabit,
2692 4811 2993 4867 omnesque
3021 4796 3204 4851 stellas
3228 4796 3285 4849 in
3314 4794 3447 4850 solis
3488 4794 3605 4866 glo-

2019 4889 2159 4944 riam
2202 4890 2579 4945 commutabit.
2628 4887 2783 4943 Tunc
2812 4888 3007 4943 harum
3040 4888 3347 4960 vigiliarum
3379 4887 3603 4943 excubi-

2022 4987 2171 5036 tores
2221 4979 2608 5046 remunerabit,
2649 4977 2869 5049 quando
2917 4992 2948 5031 a
2992 4978 3201 5047 judicio
3233 4978 3506 5034 transiens
3546 4977 3604 5033 in

2023 5070 2230 5141 nuptiis
2254 5071 2393 5143 Agni
2424 5072 2506 5127 eis
2541 5080 2744 5127 aterna
2780 5070 3066 5126 dulcedine
3108 5071 3460 5128 ministrabit.
3506 5071 3606 5143 Igi-

2023 5172 2136 5232 tur,
2181 5162 2512 5230 charissimi,
2559 5162 2617 5217 in
2660 5164 2768 5218 hoc
2806 5162 3040 5219 adventu
3083 5161 3301 5218 Domini
3330 5162 3512 5218 sobrie
3549 5169 3605 5215 et

2014 5232 2170 5325 riuste
2195 5260 2251 5309 et
2291 5252 2378 5325 pie
2404 5252 2673 5321 vivamus,
2700 5260 2969 5323 quatenus
2996 5253 3052 5307 in
3086 5252 3328 5311 secundo
3369 5251 3603 5307 adventu

2026 5345 2137 5401 lati
2168 5360 2295 5401 eum
2323 5345 2601 5417 suscipere
2626 5353 2682 5401 et
2725 5345 2780 5401 in
2824 5354 3086 5403 aternum
3114 5361 3240 5401 cum
3279 5357 3347 5399 eo
3377 5354 3607 5413 regnare

2027 5435 2326 5507 valeamus,
2377 5437 2473 5493 ubi
2522 5435 2716 5496 oculus
2760 5452 2872 5495 non
2913 5436 3075 5508 videt,
3122 5450 3224 5493 nec
3262 5433 3415 5491 auris
3449 5431 3577 5489 audi

2025 5528 2121 5585 vit.
