4038 6464
546 377 650 433 πυ
1674 348 1997 407 WERNERI
2035 344 2327 401 ABBATIS
2365 340 2424 396 S.
2462 335 2684 394 BLASII
2889 378 2896 389 .
3654 334 3738 393 ἰω

689 575 1279 680 DOMINICA
1348 569 1790 660 TERTIA
1856 563 2164 652 ANTE
2242 557 3067 651 NATIVITATEM
3151 553 3625 648 DOMINI.

620 803 640 835 ι
662 783 725 836 Et
746 786 903 835 erunt
924 775 1075 842 signa
1096 771 1150 825 in
1171 768 1285 825 sole
1300 775 1355 822 et
1373 766 1501 820 luna
1520 771 1576 819 et
1599 761 1787 828 stellis,
1804 768 1859 815 et
1880 759 1934 813 in
1956 756 2114 813 terris
2143 768 2191 826 Α
2218 756 2385 827 igitur
2407 761 2576 808 restat
2605 760 2664 807 ut
2688 752 2852 842 simul
2879 767 2981 807 nos
3007 751 3189 805 omnia
3216 751 3438 819 feriant,
3464 768 3578 823 quae
3614 756 3745 813 simul

543 885 802 942 pressura
830 866 1070 937 gentium
1113 875 1225 931 pra:
1255 857 1577 914 confusione
1606 846 1819 908 sonitus
1857 850 2025 943 maris
2064 857 2117 903 et

543 965 826 1015 fluctuum.
848 953 1236 1010 Arescontibus
1258 946 1575 1005 hominibus
1597 959 1706 1014 prae
1732 942 1924 998 timore
1955 948 2009 994 et
2030 954 2121 994 ex-

544 1051 876 1121 spectatione
912 1062 1033 1116 quae
1065 1040 1447 1112 supervenient
1480 1037 1737 1091 universo
1775 1032 1915 1098 orbi,
1947 1050 1964 1083 ι
2010 1037 2115 1084 etc.

542 1144 694 1215 (Luc.
718 1142 852 1208 χχι.)
874 1138 1043 1192 Paulo
1068 1134 1318 1205 superius
1342 1130 1605 1185 Dominus
1624 1124 1886 1198 prcemisit
1901 1122 2116 1177 dicens:

547 1236 815 1305 Exsurget
853 1247 984 1302 gens
1015 1236 1204 1283 contra
1233 1232 1469 1295 gentem,
1511 1229 1567 1275 et
1592 1232 1819 1288 regnum
1860 1215 2120 1270 adversus

542 1343 795 1397 regnum,
837 1332 890 1377 et
932 1329 1091 1376 erunt
1139 1327 1296 1372 terra:
1334 1322 1514 1369 motus
1542 1309 1723 1379 magni
1773 1323 1868 1378 per
1902 1307 2041 1370 loca,
2069 1312 2124 1358 et

542 1416 884 1489 pestilentiae,
917 1422 970 1467 et
1003 1411 1172 1465 fames
1196 1406 1373 1478 (ἱὸἱίι.)
1405 1424 1417 1459 ;
1450 1411 1504 1457 et
1531 1399 1856 1471 quibusdatn
1887 1398 2124 1489 interpo-

544 1488 691 1574 sitis,
735 1508 839 1561 hoc
865 1502 1200 1573 evangelium
1232 1496 1478 1566 adjunxit
1504 1492 1614 1548 :.Et
1658 1500 1818 1546 erunt
1863 1490 2014 1559 signa
2066 1488 2120 1541 in

543 1603 745 1667 sole,et
766 1600 979 1663 luna,et
993 1593 1181 1650 stellis.
1201 1584 1661 1660 (Gnsconius.)Ex
1675 1584 1873 1653 quibus
1884 1580 2122 1651 profecto

543 1690 937 1755 omnibus,alia
960 1688 1073 1757 jam
1098 1685 1237 1739 facta
1270 1681 1610 1746 cernimus,e
1632 1677 1881 1748 proximo
1898 1684 2125 1730 ventura

545 1786 923 1840 formidamus.
963 1778 1099 1834 Nam
1127 1789 1338 1849 gentem
1361 1788 1525 1842 super
1556 1780 1767 1842 gentem
1810 1783 2124 1839 exsurgere,

540 1891 843 1946 earumque
859 1886 1147 1944 pressuras
1173 1868 1334 1923 terris
1363 1863 1787 1933 insisteregplus
1816 1873 1923 1915 tam
1948 1861 2003 1914 in
2030 1875 2126 1913 no-

546 1971 677 2025 stris
731 1964 1175 2023 tribulationibus
1229 1959 1477 2013 videmus
1524 1970 1687 2025 quam
1741 1954 1795 2007 in
1848 1952 2129 2007 codicibus

546 2062 796 2132 legimus.
843 2057 999 2125 Quod
1040 2064 1197 2109 terra:
1225 2059 1405 2105 motus
1435 2048 1598 2103 urbes
1637 2047 1953 2101 innumeras
1996 2044 2128 2099 sub-

2217 845 2402 903 omnia
2418 846 2560 903 vitiis
2576 841 2779 898 nostris
2806 842 2946 896 male
2969 844 3190 900 subacta
3225 847 3548 913 serviebant,
3570 857 3622 902 ut
3640 859 3751 920 quot

2217 939 2370 1009 prius
2399 939 2452 993 in
2479 940 2682 994 mundo
2710 939 3012 994 incolumes
3049 941 3342 999 habuimus
3377 942 3586 1011 gaudia,
3611 956 3677 1001 tot
3697 948 3751 1004 de

2220 1031 2340 1101 ipso
2368 1033 2712 1100 postmodum
2749 1048 3009 1103 cogamur
3035 1035 3238 1091 sentire
3269 1045 3553 1091 tormenta.

2291 1118 2357 1174 Et
2384 1120 2489 1175 nisi
2516 1121 2743 1175 breviati
2786 1120 3020 1177 fuissent
3048 1124 3166 1179 dies
3193 1126 3269 1179 illi
3300 1143 3409 1181 non
3457 1130 3597 1186 fieret
3631 1132 3749 1191 salva

2224 1210 2404 1264 omnis
2439 1226 2567 1264 caro
2608 1212 2701 1265 sed
2742 1220 2965 1280 propter
3001 1212 3199 1269 electos
3250 1216 3629 1275 breviabuntur
3663 1225 3755 1282 dies

2222 1302 2318 1356 illi.
2352 1301 2559 1357 Sensus
2581 1312 2685 1357 est.
2716 1301 2830 1357 Nisi
2862 1302 3008 1359 Deus
3033 1308 3127 1375 qui
3155 1307 3247 1362 dat
3270 1309 3528 1366 virtutem
3558 1316 3756 1383 patiendi

2224 1393 2584 1464 dispositione
2618 1408 2719 1448 sua
2747 1394 3050 1454 breviasset
3078 1402 3377 1469 potentiam
3422 1412 3756 1478 persequendi,

2162 1561 2165 1564 ν
2224 1504 2385 1543 rarus
2410 1490 2495 1544 vel
2522 1491 2708 1547 nullus
2732 1492 2887 1549 fieret
2914 1496 3118 1550 salvus.
3150 1495 3270 1551 Non
3299 1515 3432 1570 ergo
3459 1500 3559 1556 hoc
3581 1504 3691 1559 dicit
3713 1518 3760 1563 ut

2225 1589 2469 1650 tempora
2481 1590 2759 1638 mutentur
2768 1587 3066 1641 secundum
3079 1589 3433 1647 deliramenta
3445 1600 3760 1664 quorumdam

2226 1685 2336 1726 non
2365 1675 2760 1731 attendeutium
2789 1679 2934 1748 quod
2955 1681 3220 1751 scriptum
3247 1693 3332 1739 est
3356 1701 3370 1738 :
3404 1706 3423 1736 ι
3456 1686 3763 1749 Ordinatioue

2228 1770 2321 1817 tua
2342 1779 2581 1833 perseve:
2596 1775 2649 1820 at
2678 1767 2797 1823 dies
2826 1767 3002 1838 (Psal.
3032 1777 3220 1843 cxvtn)
3251 1794 3262 1828 :
3303 1796 3322 1828 ι
3357 1778 3453 1833 sed
3498 1797 3559 1835 ne
3584 1784 3764 1840 malitize

2229 1871 2384 1910 mora
2406 1857 2540 1912 lides
2559 1858 2898 1916 credentium
2916 1868 3509 1937 concutiatur.Quanto
3521 1876 3647 1929 enim
3662 1887 3766 1933 tem-

2229 1964 2362 2019 pore
2386 1950 2665 2008 tribulatio
2684 1954 3005 2012 Antichristi
3023 1962 3244 2029 gravior
3262 1973 3346 2018 est
3372 1966 3556 2022 futura
3575 1973 3765 2040 caeteris,

2235 2049 2383 2095 tanto
2440 2044 2773 2101 moderatior
2825 2057 2907 2103 est
2958 2048 3145 2107 futura
3204 2054 3473 2112 brevitate
3531 2066 3767 2132 temporis.

547 2106 672 2205 ruoat
713 2164 779 2202 ex
826 2106 946 2200 aIiis
983 2140 1173 2196 mundi
1226 2139 1471 2210 partibus
1520 2152 1657 2206 pene
1698 2134 1940 2206 quotidie
1982 2132 2132 2188 audi-
2162 2106 2204 2160 Β
2234 2132 2433 2189 Tribus
2462 2136 2623 2192 annis
2649 2149 2703 2194 et
2742 2139 2969 2198 dimidio
3010 2143 3424 2217 impugnnbilur
3447 2106 3669 2210 Bedes;
3692 2172 3767 2227 per

548 2256 693 2295 mus.
743 2239 906 2307 Signa
959 2248 1087 2289 vero
1138 2232 1193 2286 in
1247 2232 1361 2286 sole
1400 2238 1454 2284 ct
1483 2230 1606 2283 luna
1644 2236 1697 2282 et
1739 2227 1908 2282 stellis
1952 2225 2132 2280 adhuc

548 2339 737 2401 aperte
764 2328 991 2383 minime
1011 2325 1269 2379 vidimus.
1304 2320 1408 2376 Sed
1438 2321 1564 2391 quia
1595 2329 1649 2374 et
1680 2319 1794 2373 haec
1820 2333 1929 2372 non
1974 2318 2133 2387 longe

549 2422 681 2486 sint,
723 2435 786 2473 ex
845 2417 962 2487 ipsa
1013 2415 1127 2485 jam
1167 2413 1310 2468 aeris
1368 2410 1749 2466 immutatione
1803 2408 2131 2479 colligimus,

550 2510 801 2582 quamvis
848 2509 999 2579 prius
1027 2521 1194 2577 quam
1244 2504 1395 2559 Italia
1438 2503 1625 2573 gentili
1672 2501 1849 2572 gladio
1892 2499 2135 2555 ferienda

551 2602 875 2667 traderetur,
909 2600 1097 2669 igneas
1123 2598 1176 2651 in
1210 2597 1349 2652 C(BIO
1380 2596 1525 2651 acies
1554 2594 1810 2660 vidimus,
1855 2601 1910 2648 et
1954 2592 2135 2661 ipsum

551 2695 647 2766 qui
672 2703 859 2764 postea
892 2690 1119 2746 humani
1146 2689 1359 2758 generis
1401 2687 1558 2743 fusus
1583 2696 1668 2742 est
1691 2687 2012 2758 sanguinem
2043 2701 2137 2741 co-

551 2794 886 2841 ruscantem.
950 2781 1215 2837 Confusio
1285 2789 1467 2835 autem
1529 2779 1697 2833 maris
1757 2786 1813 2833 et
1872 2777 2135 2833 fluctuum

553 2874 787 2931 necdum
819 2888 957 2926 nova
999 2879 1189 2925 exorta
1228 2878 1339 2935 est;
1371 2868 1465 2923 sed
1490 2868 1620 2922 dum
1651 2867 1822 2923 multa
1861 2867 1973 2937 jam
2003 2883 2140 2937 prae-

555 2966 805 3020 nuntiata
850 2963 1116 3032 completa
1163 2968 1311 3024 sunt,
1358 2959 1584 3013 dubium
1616 2975 1723 3014 non
1762 2968 1846 3014 est
1885 2959 2016 3029 quin
2048 2975 2137 3015 se-

555 3065 797 3126 quantur
844 3064 899 3109 et
944 3068 1116 3123 pauca
1164 3067 1287 3121 qua:
1336 3058 1568 3118 restant,
1615 3052 1744 3121 quia
1793 3051 2138 3121 sequentium

557 3162 740 3201 rerum
782 3144 1048 3201 certitudo
1096 3151 1180 3198 est
1226 3142 1623 3211 praeteritarum
1679 3142 1962 3197 exhibitio.
2013 3140 2141 3198 Haec

558 3238 763 3293 ideirco
788 3236 1047 3298 diximus,
1079 3242 1138 3288 ut
1159 3234 1227 3288 ad
1251 3234 1478 3288 cautela:
1503 3234 1742 3289 studium
1771 3243 1964 3290 vestra:
1995 3249 2143 3288 men—

559 3340 640 3384 tes
689 3329 962 3398 evigilent,
1008 3341 1076 3381 ne
1106 3327 1396 3382 securitate
1427 3334 1695 3396 torpeant,
1727 3342 1795 3381 ne
1834 3326 2141 3397 ignorantia

2230 2226 2647 2287 Antichristum.

2310 2351 2329 2383 ί
2368 2332 2560 2387 Statitn
2593 2344 2772 2391 autem
2800 2348 2925 2408 post
2953 2340 3333 2401 tribulationes
3356 2345 3570 2404 dierum
3591 2350 3769 2406 illorum

2234 2422 2318 2478 sol
2363 2424 2767 2494 obscurabitur,
2816 2440 2868 2485 et
2898 2431 3027 2486 luna
3057 2449 3166 2488 non
3210 2436 3365 2491 dabit
3414 2440 3593 2496 lumen
3623 2458 3772 2511 suum,

2233 2523 2288 2570 et
2318 2517 2487 2573 stellae
2511 2519 2704 2574 cadent
2733 2521 2799 2576 de
2821 2522 2981 2590 caalo,
2999 2533 3054 2578 et
3075 2526 3306 2583 virtutes
3340 2531 3602 2588 emlorum
3626 2550 3775 2590 move-

2235 2608 2461 2677 buntur,
2508 2621 2563 2667 et
2612 2621 2744 2669 tunc
2787 2617 3000 2684 parebit
3043 2619 3259 2690 signum
3309 2622 3434 2678 Filii
3489 2626 3704 2683 hominis
3733 2630 3779 2684 in

2237 2702 2396 2757 coelo.
2412 2722 2428 2755 ι
2441 2702 2667 2774 Signum
2686 2706 2923 2778 iutellige
2939 2725 3155 2766 erucem
3172 2723 3269 2770 aut
3281 2717 3543 2773 vexillum
3560 2721 3773 2777 victoria.

2236 2792 2355 2849 Non
2399 2795 2763 2856 diminutione
2806 2801 3053 2871 luminis,
3099 2807 3197 2861 sed
3239 2814 3641 2880 comparatione
3666 2831 3781 2872 vera:

2237 2883 2378 2940 lucis
2407 2888 2593 2942 omnia
2630 2898 2794 2945 erunt
2829 2893 3113 2951 tenebrosa
3154 2898 3213 2952 iu
3244 2900 3334 2955 die
3358 2880 3574 2972 judicii',
3599 2906 3659 2961 de
3689 2923 3780 2977 quo

2237 2980 2582 3048 prophetavit
2608 2980 2779 3040 Isaias
2804 2985 3024 3043 dicens:
3063 3008 3082 3042 ι
3118 2989 3419 3050 Erubescet
3458 2997 3584 3053 luna
3607 3008 3655 3054 et
3678 3016 3787 3055 con-

2239 3068 2496 3127 fundetur
2526 3075 2629 3141 sol,
2674 3091 2798 3131 cum
2834 3084 3140 3150 regnaverit
3178 3084 3449 3144 Dominus
3487 3093 3785 3147 exercituum

2240 3162 2297 3218 in
2346 3173 2534 3220 monte
2584 3166 2716 3221 Sion
2758 3178 2812 3225 et
2852 3170 2907 3224 in
2952 3170 3293 3232 Hierusalem
3328 3189 3384 3234 et
3429 3181 3489 3236 iu
3531 3194 3791 3254 conspectu

2242 3270 2435 3311 senum
2481 3273 2707 3315 suorum
2769 3261 2936 3318 fuerit
2989 3266 3324 3336 glorificatus
3385 3272 3529 3341 (Isa.
3582 3280 3734 3345 utr).
3769 3297 3785 3327 ι

2241 3347 2533 3441 Caeterum,
2569 3363 2790 3422 peracto
2815 3355 2901 3411 die
2939 3358 3133 3427 judicii
3182 3370 3238 3417 et
3282 3365 3615 3425 clarescente
3651 3369 3795 3441 gloria

558 3422 933 3519 ιθηξυῗδοθηίν
1089 3434 1301 3519 Ῠθηξνθτ
1326 3434 1420 3519 θθξ
1444 3429 1498 3473 εί
1524 3418 1686 3519 “mgf
1715 3417 1770 3472 i"
1800 3418 1944 3519 A’ofo
1972 3433 2135 3519 Opere
2162 3436 2208 3497 C
2238 3440 2435 3498 futurae
2452 3417 2596 3511 vitae,
2614 3453 2746 3502 tunc
2771 3417 2993 3519 incipiet
3015 3453 3214 3510 ccelum
3240 3417 3795 3517 éégé'et°i;}};

559 3510 833 3574 sollicitet,
863 3515 918 3562 et
944 3508 1249 3562 sollicitudo
1278 3508 1580 3563 conﬁrmet.
1610 3506 1822 3580 (ΒευΑ.)
1853 3507 2007 3574 Quod
2037 3525 2138 3563 au-

561 3612 671 3656 tem
718 3614 829 3670 prae
879 3599 1218 3664 confusione,
1252 3599 1358 3653 hoc
1385 3607 1469 3654 est
1498 3610 1623 3655 ante
1652 3598 2053 3666 confusionem,
2083 3608 2143 3654 ut

561 3700 727 3766 antea.
744 3692 895 3761 signa
916 3689 1047 3757 sint,
1077 3698 1130 3744 et
1153 3704 1405 3758 pressura
1434 3690 1695 3759 gentium.
1723 3688 1925 3744 Deinde
1954 3704 2146 3759 sequa-

562 3791 653 3836 tur
700 3780 954 3838 confusio
1000 3780 1214 3835 sonitus
1252 3780 1421 3834 maris
1463 3787 1519 3834 et
1544 3779 1828 3834 fluctuum.
1879 3779 1971 3833 Sol
2013 3794 2146 3834 con-

563 3883 802 3930 vertetur
833 3875 886 3928 in
918 3874 1188 3940 tenebras,
1217 3873 1294 3927 ait
1336 3871 1453 3927 Joel
1498 3873 1785 3942 propheta,
1816 3879 1871 3927 et
1915 3871 2044 3926 luna
2086 3871 2142 3925 in

568 3966 889 4038 sanguinem
918 3974 1208 4034 antequam
1239 3965 1422 4019 veniet
1446 3965 1562 4020 dies
1589 3963 1805 4018 Domini
1834 3979 2065 4033 magnus
2093 3972 2148 4018 et

563 4056 884 4113 manifestus
932 4054 1099 4127 (Joel.
1129 4054 1226 4125 tt).
1280 4053 1473 4109 Merito
1528 4054 1874 4108 incumbente
1917 4053 2146 4123 judicio,

562 4150 746 4205 sonitu
788 4147 956 4202 maris
997 4156 1053 4201 et
1093 4146 1355 4201 [luctuum
1395 4144 1748 4200 confunditur
1792 4144 1943 4199 orbis
1985 4152 2149 4198 terra—

563 4255 708 4306 rum,
766 4238 1140 4309 prementibus
1198 4252 1257 4293 se
1313 4237 1545 4291 invicem
1599 4235 1828 4302 colonis,
1888 4235 2146 4299 inﬁcitur,

565 4330 802 4384 maxima
849 4327 973 4384 cwli
1013 4326 1306 4381 luminaria
1348 4326 1660 4391 turbantur,
1691 4325 1821 4396 quia
1873 4325 2151 4396 quomodo

565 4421 814 4493 impulsa:
859 4421 927 4476 ad
974 4435 1163 4475 casum
1209 4419 1436 4473 arbores
1478 4417 1714 4489 fragoris
1743 4427 2037 4490 motusque
2064 4420 2150 4475 sui

564 4513 893 4583 praemittere
920 4513 1097 4567 solent
1125 4511 1345 4577 indicia,
1372 4511 1451 4566 sic
1479 4511 1711 4566 termino
1736 4513 1925 4566 mundi
1956 4528 2154 4583 appro-

567 4603 863 4673 pinquante
891 4603 1050 4673 quasi
1085 4601 1332 4672 paventia
1363 4610 1559 4656 nutant
1585 4603 1870 4659 elementa.
1909 4601 2021 4659 Nec
2051 4604 2155 4658 mi-

569 4712 691 4749 rum
743 4696 994 4750 homines
1039 4709 1287 4749 arescere
1316 4710 1428 4764 pra:
1456 4694 1670 4762 timore,
1702 4696 1759 4749 in
1786 4696 1988 4767 quibus
2021 4696 2155 4751 illud

567 4786 916 4856 implebitur:
951 4804 972 4837 ‹
1007 4784 1277 4856 Pugnabit
1304 4801 1404 4856 pro
1432 4801 1499 4841 eo
1529 4787 1678 4842 orbis
1716 4796 1984 4843 terrarum
2018 4803 2151 4844 con-
2182 4786 2226 4840 D

568 4885 651 4930 tra
688 4878 996 4933 insensatos
1032 4875 1185 4947 (δίῳ.
1216 4877 1291 4948 v).
1319 4898 1338 4930 ι
1372 4876 1748 4949 (ϐιιεςοιιιυε.)
1773 4878 1968 4934 Omnia
2000 4896 2157 4935 nam-

567 4983 674 5039 que
705 4984 826 5038 que:
852 4970 917 5024 ad
942 4984 1102 5024 usum
1128 4970 1440 5040 accepimus
1467 4971 1612 5037 vita’,
1642 4972 1709 5026 ad
1741 4987 1900 5027 usum
1927 4987 2154 5028 conver-

571 5059 738 5113 timus
783 5059 972 5128 eulpaz.
1026 5058 1131 5115 Sed
1175 5069 1372 5115 cuncta
1403 5075 1526 5129 quae
1556 5060 1624 5115 ad
1653 5077 1813 5116 usum
1844 5061 2154 5119 inﬂeximus

569 5150 870 5220 pravitatis,
905 5150 971 5204 ad
1005 5166 1165 5206 usum
1200 5151 1357 5206 nobis
1386 5159 1674 5205 vertuntur
1702 5153 1947 5208 ultionis.
1975 5153 2118 5208 Tran
2137 5183 2153 5194 -

567 5243 889 5313 quillitatem
912 5259 1147 5313 namque
1171 5244 1425 5298 humanae
1444 5243 1596 5313 pacis
1615 5245 1681 5299 ad
1705 5262 1864 5301 usum
1892 5247 2156 5302 vertimus

566 5354 720 5395 vanae
742 5340 1047 5396 securitatis
1073 5357 1086 5391 :
1120 5337 1613 5411 peregrinationem
1642 5345 1799 5392 terra:
1819 5352 1919 5407 pro
1946 5337 2159 5392 habita-

569 5432 714 5487 tione
735 5432 1024 5487 dileximus
1044 5431 1251 5501 patriaa.
1273 5430 1515 5484 Salutem
1543 5443 1832 5498 corporum
1848 5429 2159 5500 redegimus

534 5561 541 5567 ι
569 5525 626 5577 in
652 5539 813 5577 usum
837 5524 1114 5577 vitiorum.
1131 5519 1407 5575 Uhertatis
1428 5519 1816 5573 abundantiam
1838 5533 1948 5573 non
1976 5518 2041 5572 ad
2064 5533 2161 5573 ne-

568 5616 878 5670 cessitatem
924 5613 1127 5679 carnis,
1160 5612 1254 5667 sed
1291 5612 1358 5667 ad
1401 5610 1808 5680 perversitatem
1836 5610 2175 5666 intorsimus

568 5705 885 5775 voluptatis.
909 5704 1028 5773 Ipsa
1054 5718 1243 5758 serena
1267 5700 1636 5755 blandimenta
1658 5702 1801 5756 aeris
1824 5701 1891 5755 ad
1917 5715 2158 5755 amorem

571 5798 729 5853 nobis
776 5797 981 5851 servire
1010 5795 1288 5865 coegimus
1319 5802 1546 5849 terrenae
1587 5793 1981 5850 delectationis.
2031 5790 2160 5847 Jure

2245 3549 2417 3602 nova;
2453 3545 2582 3592 tunc
2625 3537 2719 3593 ﬁet
2768 3542 2916 3610 quod
2966 3543 3110 3600 idem
3159 3550 3428 3619 propheta
3470 3554 3600 3608 alibi
3649 3554 3795 3610 dicit:

2250 3642 2269 3676 ‹
2310 3624 2466 3682 Tunc
2482 3628 2586 3682 erit
2608 3629 2702 3685 lux
2729 3630 2874 3687 lunae
2898 3634 3042 3691 sicut
3062 3637 3156 3692 lux
3186 3642 3343 3707 solis,
3372 3654 3429 3699 et
3454 3638 3550 3702 lui
3578 3648 3699 3703 solis
3715 3648 3800 3703 erit

2245 3720 2664 3813 septempliciter
2688 3725 2831 3780 sicut
2853 3726 2943 3782 lux
2974 3739 3181 3800 septem
3211 3734 3425 3792 dierum
3456 3739 3598 3809 (Isa.
3618 3742 3751 3813 xxx).
3779 3759 3796 3793 υ

2248 3812 2624 3887 (ϐηεσοιιιυε.)
2663 3815 2807 3883 Quid
2843 3818 3107 3881 Dominus
3141 3825 3372 3885 virtutes
3411 3833 3673 3889 caelorum
3713 3812 3802 3889 nisi

2250 3907 2491 3977 angelos,
2517 3910 2897 3984 archangelos,
2939 3916 3190 3985 thronos,
3217 3922 3646 3994 dominationes,
3672 3926 3805 3997 priu-

2249 3999 2461 4068 cipatus
2499 4013 2555 4057 et
2599 4014 2894 4073 potestates
2936 4013 3170 4081 appellat
3199 4031 3323 4085 qua:
3371 4017 3428 4071 in
3464 4021 3696 4075 adventu
3734 4021 3807 4074 sui

2249 4092 2426 4148 oculis
2450 4096 2656 4150 nostris
2686 4097 2974 4158 visibiliter
3000 4117 3351 4175 apparent,ut
3370 4112 3619 4170 districte
3642 4123 3761 4169 tunc
3782 4128 3810 4166 a

2251 4183 2411 4240 nobis
2433 4186 2645 4258 erigant
2672 4189 2777 4246 hoc
2803 4194 2951 4263 quod
2977 4212 3079 4252 nos
3120 4201 3284 4256 modo
3314 4201 3614 4261 invisibilis
3649 4206 3811 4260 condi-

2254 4286 2339 4332 tor
2381 4282 2759 4349 aequanimiter
2801 4290 3015 4355 portat?
3072 4294 3093 4364 (
3126 4292 3337 4366 BEDA.)
3385 4297 3532 4365 Quid
3580 4299 3815 4355 nimirum

2252 4378 2485 4429 tremere
2507 4374 2761 4435 homines
2792 4395 2916 4436 cum
2950 4394 3173 4454 aspectu
3193 4389 3388 4458 judicii
3415 4401 3651 4448 tremant
3674 4407 3815 4462 ange-

2252 4464 2372 4520 licae
2394 4474 2707 4536 potestates.
2724 4470 2878 4529 Unde
2893 4474 3027 4532 Job:
3061 4497 3080 4530 ο
3103 4479 3385 4538 Columnae
3401 4487 3523 4541 caeli
3543 4484 3816 4542 contremi-

2254 4569 2416 4614 scunt
2445 4571 2499 4617 et
2540 4576 2741 4633 pavent
2768 4569 2834 4622 ad
2880 4580 3075 4627 nutum
3102 4576 3222 4645 ejus
3267 4576 3390 4646 (Job
3418 4582 3596 4651 xxvi).
3632 4600 3653 4633 ι
3697 4577 3821 4644 Quid

2255 4665 2384 4721 ergo
2405 4651 2613 4710 faciunt
2637 4657 2834 4715 tabulae
2862 4665 3082 4731 quando
3115 4675 3357 4723 tremunt
3383 4672 3675 4726 columine.
3698 4667 3824 4736 Quid

2254 4743 2464 4814 virgula
2502 4746 2699 4804 deserti
2730 4753 2936 4820 patitur
2956 4771 3081 4811 cum
3106 4759 3304 4815 cedrus
3329 4763 3573 4830 paradisi
3603 4759 3826 4816 concuti-

2262 4846 2369 4893 tur.
2407 4859 2426 4891 ε
2455 4838 2523 4894 Et
2544 4850 2674 4897 tunc
2709 4845 2883 4901 mittet
2913 4850 3134 4919 angelos
3157 4867 3289 4906 suos
3317 4869 3443 4907 eum
3477 4854 3609 4908 tuba
3635 4862 3688 4907 et
3714 4865 3829 4905 voce

2261 4948 2481 5005 magna,
2508 4944 2563 4990 et
2587 4940 2996 5009 congregabunt
3021 4942 3221 4998 electos
3243 4944 3365 5014 ejus
3392 4962 3423 5000 a
3452 4957 3697 5016 quatuor
3720 4959 3832 4997 ven-

2262 5025 2331 5082 tis
2354 5043 2383 5081 a
2410 5030 2642 5086 summis
2670 5033 2932 5087 cmlorum
2965 5050 3141 5105 usque
3171 5035 3242 5089 ad
3270 5039 3537 5093 terminos
3564 5051 3774 5092 eorum.
3810 5051 3827 5082 ι

2261 5116 2413 5175 Tuba
2442 5130 2496 5177 et
2521 5131 2763 5191 potestas
2785 5126 3085 5181 suscitandi
3114 5137 3387 5197 mortuos,
3413 5146 3513 5183 vos
3543 5144 3766 5199 magna,
3789 5134 3839 5178 ut

2259 5214 2442 5269 nullus
2464 5226 2746 5273 remaneat
2773 5234 2881 5273 non
2915 5219 3233 5286 suscitatus,
3269 5229 3324 5276 et
3349 5230 3409 5275 ut
3432 5237 3631 5276 omnes
3660 5220 3767 5275 sint
3789 5216 3837 5267 iu

2254 5308 2484 5379 judicio.
2518 5309 2687 5382 (Bt-1m
2716 5328 2872 5381 super
2899 5311 3187 5382 Marcum.)
3230 5313 3274 5366 A
3298 5326 3532 5385 quatuor
3568 5314 3771 5376 ventis,
3797 5309 3842 5362 id

2261 5412 2346 5459 est
2370 5421 2401 5459 a
2429 5413 2667 5475 quatuor
2694 5405 3005 5460 elimatibus
3041 5406 3253 5465 mundi.
3290 5407 3516 5472 oriente,
3543 5405 3838 5460 occidente.

2263 5494 2520 5568 aquilone
2557 5506 2612 5553 ct
2640 5507 2845 5553 austro.
2871 5497 2939 5552 Et
2969 5513 3034 5553 ne
3063 5498 3187 5568 quis
3226 5507 3441 5568 putaret
3479 5492 3595 5552 noxi
3630 5497 3793 5551 etiam
3820 5508 3849 5545 a

2264 5592 2673 5648 Mediterraneis
2725 5592 3043 5662 regionibus
3092 5594 3520 5663 congregandos,
3565 5587 3849 5659 subiunxit

2263 5684 2480 5741 Marcus
2507 5703 2519 5741 :
2557 5706 2574 5737 ι
2612 5686 2656 5740 Α
2683 5701 2900 5742 summo
2931 5693 3086 5739 terra:
3115 5701 3289 5754 usque
3323 5686 3390 5740 ad
3418 5701 3715 5740 summum
3740 5680 3857 5736 calli

2267 5782 2460 5855 (Mure.
2495 5782 2637 5854 xm),
2672 5803 2689 5835 ο
2726 5781 2776 5837 id
2807 5789 2888 5835 est
2920 5779 2988 5834 ab
3016 5780 3277 5834 extremis
3308 5789 3462 5833 terrae
3501 5777 3725 5831 finibus
3766 5786 3858 5842 per
