4038 6458
242 349 331 410 ιιι
1206 361 1776 435 DLPLQRATIONES
1815 366 1915 423 SS.
1956 367 2501 435 PATRUM.-LlB.
2545 379 2587 436 l.
3409 389 3513 453 ’ΤΕ

239 451 726 546 directumrusq'ue
754 475 823 529 ad
848 474 1067 529 ultimos
1098 477 1361 533 terminos
1389 479 1509 548 ejus
1543 480 1638 534 ubi
1668 482 1794 554 long

1895 497 2091 554 _qua:n
2123 499 2219 553 per
2245 487 2404 542 tidem
2435 492 2727 560 quaesistis.
2776 494 2833 551 In
2871 494 3151 568 Scriptura
3182 518 3338 560 saera
3364 523 3510 581 saepe

237 565 698 670 exspectantibus
711 566 947 620 circulus
959 565 1323 670 cteliletterra:
1338 568 1550 623 videtur
1566 570 1823 627 insidere.
1927 585 2089 645 caput
2117 590 2219 648 pro
2238 588 2418 636 mente
2440 583 2678 652 ponitur,
2708 587 2835 657 quia
2862 565 3022 648 sicuti
3046 596 3221 664 capite
3247 565 3509 670 reguntur

236 645 443 765 Omne‘s.
487 670 626 765 ergo
683 665 972 712 occurrent
1026 657 1093 765 ad
1142 658 1412 728 judicium
1458 669 1512 715 et
1563 662 1718 717 electi
1772 674 1826 719 et
1925 672 2188 741 membra,
2214 676 2287 731 ita
2315 680 2674 750 cogitationes
2700 645 2879 741 mente
2907 645 3506 765 dispontinturilapita

236 742 478 855 re‘probi.
498 744 791 803 Matthaaus
807 747 975 855 dicit:
1006 746 1092 855 «.A
1108 751 1339 806 summis
1359 753 1622 855 caelorum
1649 770 1825 855 usAQue
1924 761 2108 833 itaque
2150 766 2329 823 levare
2368 742 2451 827 e'st
2481 782 2688 830 mentes
2732 788 2948 834 nostras
2975 742 3063 835 a‘dr

237 834 299 888 ad
334 841 610 895 terminos
639 854 830 895 eorum
864 838 1081 911 (Matth.
1120 844 1291 913 xxxv),
1332 861 1351 895 ι
1383 843 1528 913 quod
1553 846 1824 916 signiﬁcat

237 941 432 988 omnes
457 932 554 1002 qui
571 941 701 988 sunt
723 932 826 987 sub
844 934 1109 987 curvitate
1130 935 1254 989 coeli
1272 936 1429 1005 quasi
1455 953 1551 1006 per
1570 937 1823 994 horizon-

236 1026 369 1077 tem.
401 1024 615 1097 Aliter;
648 1023 843 1079 Statim
870 1034 993 1094 post
1023 1025 1429 1083 tribulationem
1453 1029 1665 1084 dierum
1694 1032 1818 1087 illo-

234 1127 358 1171 rum
382 1117 703 1188 incoeptam,
721 1132 832 1172 non
854 1117 1035 1173 adhuc
1051 1118 1367 1187 ﬁnitam,sol
1377 1121 1603 1191 justitize
1622 1122 1819 1178 obseu-

243 1208 447 1265 rabitur
479 1209 550 1263 ad
596 1210 768 1280 gelida
811 1211 996 1266 corda.
1031 1211 1406 1282 (Ananosws.)
1454 1211 1607 1268 Sicut
1635 1213 1683 1267 ei
1718 1230 1816 1284 per

242 1308 454 1368 captum
481 1300 717 1353 videntis
742 1301 927 1355 radius
956 1301 1219 1355 mundani
1267 1302 1398 1357 solis
1442 1311 1537 1356 aut
1565 1303 1815 1373 pallidior

241 1391 468 1457 videtur,
515 1401 613 1445 aut
654 1391 878 1458 clarior,
925 1391 999 1447 ita
1031 1409 1129 1463 per
1157 1392 1502 1449 devotionem
1543 1395 1814 1451 credentis

239 1482 530 1553 unicuique
549 1484 833 1554 spirituale
859 1487 1044 1541 lumen
1065 1487 1389 1543 infunditur.
1418 1487 1569 1543 Luna
1590 1505 1698 1543 non
1721 1490 1814 1544 dat

239 1575 439 1640 lumen,
475 1576 523 1631 si
564 1577 783 1647 objecta
812 1587 969 1634 terrae
992 1580 1132 1635 radii
1163 1581 1296 1636 solis
1324 1581 1703 1647 excludantur,
1732 1582 1813 1639 sic

237 1677 287 1722 et
312 1666 558 1723 Ecclesia
605 1686 714 1724 non
757 1670 929 1738 dabit,
960 1687 1086 1727 cum
1119 1672 1247 1727 vitia
1294 1673 1808 1743 carnis_obsistent,

237 1775 300 1815 ne
327 1758 598 1831 fulgorem
625 1761 796 1816 divini
826 1762 1053 1818 luminis
1077 1763 1144 1819 de
1164 1764 1332 1819 radiis
1347 1766 1522 1835 possit
1547 1769 1805 1823 mutuari.

1921 853 2160 910 ccelestis
2188 859 2416 929 erigere.
2447 862 2551 929 Qui
2582 880 2710 936 ergo
2741 867 2911 924 Deum
2950 871 3182 942 diligunt
3213 890 3281 931 ex
3311 853 3502 936 mundi

1919 943 2028 1000 ﬁne
2052 948 2286 1017 gaudere
2308 961 2473 1022 atque
2492 955 2889 1021 exhilaresccre
2908 961 3189 1034 jubentur,
3223 969 3351 1037 quia
3372 986 3501 1028 eum

1919 1052 2081 1106 quem
2112 1050 2299 1096 amant
2341 1060 2469 1100 mox
2505 1047 2822 1119 inveniunt,
2862 1052 2993 1109 dum
3026 1060 3221 1113 transit
3259 1060 3307 1115 is
3333 1078 3498 1132 quem

1919 1142 2030 1225 non
2061 1144 2401 1190 amaverunt.
2438 1135 2595 1193 Absit
2628 1141 2774 1195 enim
2806 1152 2864 1197 ut
2900 1143 3072 1201 ﬁdelis
3097 1149 3363 1220 quisque,
3400 1156 3497 1225 qui

1918 1216 2087 1274 Deum
2131 1222 2314 1279 videre
2365 1226 2659 1296 desiderat,
2707 1232 2783 1287 de
2815 1236 3004 1289 mundi
3052 1216 3496 1307 porcus—sionib-us

1915 1308 2098 1381 lugeat
2164 1330 2325 1383 quem
2396 1318 2543 1375 ﬁniri
2604 1321 2809 1377 eisdem
2872 1326 2989 1381 suis
3046 1334 3496 1397 percussionibus

1916 1416 2026 1457 non
2052 1404 2285 1475 ignorat.
2329 1407 2604 1480 Scriptum
2635 1428 2871 1485 namque
2898 1426 3020 1472 est:
3072 1437 3090 1470 ι
3127 1420 3231 1487 Qui
3265 1426 3497 1483 voluerit

1914 1494 2126 1551 amicus
2167 1513 2289 1553 esse
2320 1502 2504 1555 saeculi
2532 1504 2696 1573 hujus
2722 1506 2978 1563 inimicus
3016 1509 3111 1566 Dei
3141 1516 3496 1573 constituitur

1914 1582 2057 1653 (Jac.
2089 1587 2184 1659 tv).
2217 1608 2236 1639 ι
2265 1589 2367 1657 Qui
2394 1608 2524 1664 ergo
2550 1598 3018 1669 apprOpinquante
3047 1605 3235 1659 mundi
3260 1606 3365 1662 ﬁne
3384 1626 3493 1665 non

1912 1678 2129 1746 gaudet,
2165 1682 2405 1737 amicum
2457 1700 2516 1739 se
2545 1686 2693 1743 illius
2739 1704 2862 1745 esse
2912 1701 3159 1761 testatur,
3193 1705 3356 1768 atque
3396 1717 3493 1771 per

1911 1767 2017 1824 hoc
2040 1770 2296 1828 inimicus
2323 1772 2419 1829 Dei
2448 1777 2808 1834 convincitur.
2855 1781 2961 1838 Sed
2995 1786 3137 1841 absit
3167 1767 3276 1843 hoc
3300 1806 3331 1844 a
3358 1767 3492 1847 ﬁde-

233 1848 476 1921 Namque
498 1852 553 1905 in
580 1853 1055 1922 persecutionibus
1084 1854 1261 1910 lucem
1288 1833 1383 1911 Dei
1406 1857 1557 1913 solus
1579 1858 1810 1927 plerum-
1839 1833 1881 1887 B
1910 1856 2045 1912 lium
2071 1861 2356 1917 cordibus!
2402 1865 2545 1920 absit
2569 1867 2637 1921 ab
2666 1868 2752 1923 his
2779 1870 2872 1940 qui
2900 1882 2955 1927 et
2981 1889 3101 1930 esse
3131 1876 3294 1932 aliam
3321 1881 3487 1937 vitam

231 1957 336 2011 que
350 1957 508 1996 amor
531 1943 657 1997 vita:
680 1944 843 2014 hujus
865 1944 1123 2000 excludit.
1140 1946 1320 2001 Stella:
1345 1947 1541 2003 cadent
1559 1949 1626 2004 de
1646 1950 1805 2020 coelo,

231 2031 372 2086 idem
427 2033 495 2087 de
544 2032 791 2090 Ecclesia
816 2077 832 2103 ,
888 2036 1151 2105 quoniam
1200 2052 1339 2107 pene
1386 2039 1562 2094 deerit
1621 2056 1806 2097 semen

228 2123 459 2179 Abrahae
489 2124 578 2179 cui
601 2126 935 2181 assimulata:
959 2135 1089 2181 sunt
1116 2127 1652 2201 stellae.(Rsutcws.)
1686 2130 1808 2186 Vir-

229 2221 365 2267 tutes
378 2213 643 2268 ccelorum
662 2215 1040 2281 movebuntur,
1056 2215 1184 2285 quia
1199 2217 1418 2286 quidam
1434 2218 1615 2275 ﬁdeles
1630 2218 1808 2278 fortis-

225 2303 347 2359 simi
372 2305 765 2372 turbabuntur,
797 2304 979 2375 impiis
1009 2306 1152 2361 ultra
1180 2307 1404 2362 modum
1433 2309 1799 2368 smvientibus.

226 2395 320 2451 Vel
349 2397 532 2467 angeli
573 2398 938 2452 movebuntur
964 2398 1032 2452 ad
1074 2398 1214 2453 iram
1255 2399 1524 2469 vindictae,
1554 2403 1648 2472 qui
1677 2418 1804 2458 cum

226 2489 351 2544 tuba
378 2490 629 2545 mittendi
659 2497 788 2545 sunt
829 2506 866 2549 τι
910 2489 1050 2546 Filio
1088 2490 1350 2547 hominis.
1399 2492 1456 2547 In
1490 2495 1616 2549 tuba
1656 2496 1802 2550 enim

222 2579 480 2635 dicuntur
522 2580 873 2648 descendere,
924 2581 1029 2637 hoc
1074 2593 1158 2638 est
1198 2585 1419 2639 nomine
1462 2585 1557 2641 Dei
1601 2587 1801 2643 bellum

224 2670 487 2741 ingerere,
503 2672 632 2741 quia
642 2687 739 2743 per
756 2671 1110 2727 novissimam
1125 2674 1310 2728 tubam
1331 2674 1650 2747 intelligitur
1672 2678 1802 2733 ulti-

223 2779 370 2816 mum
396 2755 987 2835 bellum'malignorum
1030 2765 1321 2834 spirituum
1364 2768 1457 2838 qui
1500 2784 1642 2840 saepe
1673 2772 1801 2827 victi

224 2865 346 2909 sunt
374 2855 445 2909 ab
468 2856 696 2926 angelis,
728 2864 786 2910 ut
814 2856 890 2910 ait
909 2854 1146 2911 Joannes
1166 2859 1473 2928 apostolus:
1508 2878 1527 2912 ι
1556 2859 1673 2916 Vidi
1700 2861 1801 2917 Mi-

223 2946 372 3002 chael
397 2954 453 3001 et
480 2948 701 3019 angelos
732 2948 788 3002 in
813 2949 954 3004 coelo
982 2958 1288 3020 pugnantes
1322 2950 1583 3007 adversus
1608 2953 1800 3010 draco-

223 3054 342 3094 nem
370 3040 556 3110 (Apoc.
582 3041 704 3111 xu).
739 3059 759 3092 ι
789 3039 1106 3096 Extremum
1135 3042 1335 3097 bellum
1362 3028 1638 3111 tuncerit,
1668 3048 1798 3116 quia

222 3128 276 3183 in
311 3131 614 3201 gehennam
648 3132 950 3187 mittentur.
986 3131 1253 3204 Tempore
1283 3134 1652 3193 tribulationis
1680 3138 1795 3193 An-

222 3220 452 3276 tichristi
497 3222 780 3292 apparebit
824 3223 1041 3294 signum
1091 3223 1216 3278 Filii
1260 3224 1523 3293 hominis,
1564 3226 1617 3281 in
1655 3229 1794 3285 cado

221 3314 500 3381 subaudis,
531 3325 584 3370 et
605 3330 715 3369 non
741 3316 795 3369 in
822 3325 986 3370 terra.
1015 3314 1266 3371 Ellicacia
1288 3317 1433 3372 enim
1461 3319 1642 3374 crucis
1666 3327 1795 3377 tunc

222 3406 446 3462 latitabit
474 3408 531 3462 in
562 3409 740 3474 terris,
760 3409 855 3464 sed
877 3409 930 3463 in
954 3402 1196 3464 millibus
1224 3418 1539 3466 sanctorum
1560 3413 1793 3468 manife-

221 3499 455 3553 stissima
482 3507 567 3553 est
593 3500 647 3553 in
670 3500 841 3555 CCL-lis.
877 3518 897 3551 ι
936 3499 1089 3555 Tunc
1112 3501 1365 3571 plangent
1394 3517 1584 3558 omnes
1616 3505 1793 3561 tribus

222 3596 393 3655 terrae,
419 3608 437 3640 ι
468 3589 524 3643 id
547 3598 635 3644 est
660 3589 823 3660 digna
844 3590 1063 3661 planctu
1084 3588 1303 3658 facient,
1328 3601 1524 3662 etquae
1545 3594 1792 3664 planctus

222 3681 523 3736 necessario
557 3690 836 3752 sequetur.
870 3679 1090 3737 Nullum
1125 3682 1271 3737 enim
1305 3684 1507 3737 malum
1546 3686 1650 3741 erit
1687 3687 1791 3741 im-

218 3773 483 3841 punitum.
514 3772 581 3829 Et
622 3774 839 3829 tandem
876 3794 894 3827 ι
930 3776 1190 3831 videbunt
1222 3776 1419 3831 Filium
1442 3779 1678 3835 hominis
1699 3795 1791 3835 ve-

221 3868 451 3921 nientem
500 3867 555 3921 in
587 3868 826 3924 nubibus
852 3869 998 3936 coeli,
1036 3889 1054 3922 ι
1087 3870 1140 3924 id
1175 3881 1258 3926 est
1288 3872 1343 3925 in
1386 3872 1611 3938 sanctis,
1647 3872 1791 3927 sicut

215 3965 273 4011 et
313 3974 451 4014 nunc
490 3960 677 4015 venire
705 3975 815 4014 non
847 3971 1025 4017 cessat
1068 3963 1367 4017 secundum
1398 3965 1450 4018 id
1498 3963 1640 4034 quod
1669 3964 1783 4018 ait:

225 4065 247 4097 α
271 4047 469 4105 Amodo
483 4051 734 4107 videbitis
750 4050 947 4106 Filium
969 4054 1208 4109 hominis
1229 4054 1506 4109 sedentem
1531 4072 1563 4110 a
1580 4055 1787 4112 dextris

214 4141 429 4198 virtutis
456 4142 573 4209 Dei,
609 4154 663 4198 et
704 4145 1014 4199 venientem
1054 4146 1111 4200 in
1141 4147 1381 4201 nubibus
1422 4148 1566 4202 emli.
1604 4168 1624 4199 ι
1679 4147 1785 4203 Sed

215 4232 343 4315 ideo
367 4244 486 4290 tunc
511 4252 636 4292 cum
669 4246 935 4306 potestate
970 4252 1167 4307 magna
1195 4247 1249 4294 et
1271 4238 1554 4309 majestate
1585 4239 1783 4307 veniet,

216 4326 349 4395 quia
376 4328 542 4397 major
560 4338 802 4399 potestas
823 4338 877 4384 et
899 4329 1158 4399 majestas
1186 4330 1333 4385 illius
1355 4331 1636 4401 apparebit
1657 4347 1786 4387 san-

214 4417 342 4483 etis,
354 4419 543 4487 quibus
558 4435 810 4489 magnam
824 4420 1079 4476 virtutem
1089 4419 1257 4487 dabit,
1277 4436 1344 4476 ne
1363 4429 1510 4477 tanta
1527 4437 1754 4492 persecu
1766 4453 1783 4464 -

1908 1964 2006 2044 per
2032 1950 2202 2044 ﬁdem!
2221 1954 2469 2023 credunt,
2498 1966 2551 2011 et
2577 1973 2698 2013 eam
2716 1975 2812 2029 per
2840 1966 3210 2032 operationem
3231 1972 3485 2044 diligunt.

1908 2036 1988 2094 Ex
2017 2042 2206 2097 mundi
2237 2044 2383 2099 enim
2427 2047 2794 2104 destructione
2822 2051 3007 2123 lugere
3048 2072 3234 2113 eorum
3276 2036 3360 2117 est
3392 2064 3488 2134 qui

1906 2133 2118 2188 radices
2168 2135 2351 2189 cordis
2408 2137 2461 2191 in
2520 2139 2641 2209 ejus
2694 2156 2881 2198 amore
2934 2147 3336 2218 plantaverunt,
3390 2133 3485 2224 qui

1891 2233 2224 2301 sequentem
2259 2227 2424 2282 vitam
2454 2245 2559 2283 non
2594 2243 2865 2301 quaerunt,
2898 2239 2992 2306 qui
3024 2240 3106 2293 vel
3133 2241 3277 2296 illam
3310 2259 3487 2315 neque

1906 2316 2068 2372 aliam
2086 2333 2206 2374 esse
2233 2320 2599 2389 suspicantur.
2618 2322 2732 2379 Nos
2760 2336 2942 2382 autem
2964 2331 3277 2399 quiemlesti
3296 2337 3488 2403 patriae

1906 2409 2102 2479 gaudia
2128 2418 2329 2466 aeterna
2354 2412 2734 2482 cognovimus,
2768 2416 3026 2474 festinare
3054 2423 3120 2475 ad
3148 2437 3267 2476 eam
3306 2440 3484 2493 quan-

1906 2498 2080 2554 tocius
2102 2499 2381 2556 debemus.
2408 2501 2715 2572 Optandum
2748 2509 2906 2563 nobis
2936 2519 3018 2565 est
3049 2512 3211 2568 citius
3236 2530 3484 2585 pergere,

1903 2597 2065 2658 atque
2090 2589 2160 2643 ad
2186 2590 2334 2646 illam
2365 2592 2449 2647 via
2473 2594 2706 2650 breviori
2742 2601 3045 2667 pervenire.

1901 2701 1979 2757 De
2010 2712 2236 2776 tempore
2260 2705 2579 2762 Antichristi
2607 2712 2910 2780 novissimo,
2931 2722 2981 2768 et
3005 2715 3068 2769 de
3100 2717 3291 2773 ultima
3318 2720 3485 2775 tribw

2188 2826 2191 2829 .
2581 2780 2796 2836 latione.

1972 2866 2373 2939 (AUGUSTINUS,
2420 2872 2490 2925 ad
2533 2872 2855 2944 IIesychium
2895 2877 2951 2931 in
2992 2879 3214 2947 epistola
3262 2880 3339 2936 De
3376 2883 3484 2953 ﬁne

1899 2960 2127 3030 saeculi.)
2162 2961 2238 3018 De
2288 2963 2587 3021 Salvatoris
2632 2967 2864 3023 adventu
2908 2971 3002 3039 qui
3044 2982 3386 3043 exspectatur
3422 2978 3481 3031 in

1898 3056 2024 3122 ﬁne,
2058 3066 2297 3129 tempora
2314 3060 2661 3117 dinumerare
2680 3080 2787 3119 non
2804 3066 3089 3132 audemus,
3121 3085 3217 3124 nec
3241 3070 3480 3142 aliquem

1823 3184 1868 3246 Ο
1901 3150 2218 3220 prophetam
2231 3153 2296 3207 tle
2309 3153 2410 3209 hac
2433 3171 2491 3208 re
2508 3170 2797 3211 numerum
2816 3173 3082 3213 annorum
3098 3161 3479 3220 existimamus

1898 3242 2219 3310 praeﬁnisse,
2262 3245 2358 3299 sed
2411 3246 2544 3301 illud
2594 3248 2779 3317 potius
2826 3251 3137 3319 prtevalere,
3172 3254 3318 3322 quod
3360 3255 3480 3325 ipse

1898 3332 2163 3389 Dominus
2177 3336 2255 3389 ait
2281 3353 2293 3389 :
2322 3358 2341 3387 ι
2364 3334 2533 3392 Nemo
2560 3347 2737 3408 potest
2749 3355 3076 3410 cognoscere
3094 3349 3334 3413 tempora
3356 3361 3480 3415 qua:

1893 3424 2053 3482 Pater
2093 3428 2277 3497 posuit
2321 3429 2377 3483 in
2426 3445 2525 3485 sua
2567 3440 2834 3501 potestate
2878 3432 3020 3501 (Act.
3053 3434 3115 3504 ι).
3153 3454 3173 3486 ι
3211 3434 3477 3507 Tempora

1892 3533 2025 3590 ergo
2074 3529 2393 3589 computare
2437 3521 2542 3576 hoc
2586 3531 2669 3578 est
2703 3523 3091 3595 chronologis,
3149 3536 3208 3580 ut
3238 3526 3481 3583 sciamus

1893 3612 2114 3681 quando
2145 3613 2216 3667 sit
2244 3613 2369 3668 ﬁnis
2395 3613 2563 3682 hujus
2602 3616 2786 3670 saeculi
2822 3617 2903 3672 vel
2935 3617 3198 3674 adventus
3235 3618 3477 3676 Domini.

1890 3698 2038 3755 Nihil
2058 3702 2203 3756 aliud
2236 3702 2371 3757 mihi
2419 3704 2829 3775 videtur‘quam
2860 3709 3002 3764 scire
3026 3711 3161 3766 velle
3187 3711 3333 3783 quod
3361 3710 3478 3784 ipse

1891 3793 2005 3848 ait:
2041 3814 2059 3846 ι
2098 3793 2253 3850 Scire
2277 3796 2550 3849 neminem
2575 3811 2735 3865 posse
2758 3798 2977 3869 (Matth.
3004 3802 3174 3872 xxnv).
3206 3822 3224 3855 ι
3265 3802 3475 3875 Oppor—

1892 3884 2097 3940 tunitas
2123 3900 2252 3939 vero
2278 3886 2425 3941 illius
2457 3888 2717 3954 temporis
2749 3889 2993 3958 profecto
3020 3909 3131 3948 non
3159 3908 3280 3962 ent,
3313 3905 3473 3953 ante-

1890 3990 2054 4047 quam
2084 3977 2406 4045 prmdicetur
2425 3977 2776 4049 Evangelium
2807 3982 3063 4037 universo
3081 3985 3199 4039 orbi
3229 3987 3285 4040 in
3314 3989 3472 4044 testi-

1888 4068 2077 4123 monio
2106 4069 2364 4125 omnibus
2387 4071 2660 4140 gentibus.
2705 4072 3061 4141 Apertissima
3090 4076 3235 4130 enim
3266 4077 3335 4133 de
3368 4079 3473 4136 hac

1889 4175 1948 4213 re
1968 4159 2166 4230 legitur
2194 4162 2463 4217 sententia
2495 4161 2795 4218 Salvatoris
2820 4164 3054 4220 dicentis
3079 4185 3093 4221 :
3125 4185 3143 4219 ι
3174 4166 3241 4221 Ει
3269 4171 3467 4238 ρι’ωιιίο

1887 4252 2101 4308 cabitur
2132 4252 2238 4308 hoc
2286 4253 2637 4326 Evangelium
2682 4255 2835 4325 regni
2880 4255 2936 4310 in
2965 4256 3223 4313 universo
3246 4260 3377 4314 orbe
3411 4262 3467 4317 in

1884 4342 2198 4399 testimonio
2210 4345 2463 4400 omnibus
2474 4346 2745 4416 gentibus;
2762 4347 3212 4404 tuncvenictlinis
3230 4349 3427 4422 (ibid).
3441 4373 3463 4404 ι

1889 4433 2044 4489 Tunc
2091 4436 2271 4491 veniet
2321 4437 2466 4505 linis,
2515 4437 2646 4506 quid
2668 4446 2753 4492 est
2796 4438 2903 4492 nisi
2941 4448 3069 4494 ante
3124 4455 3234 4494 nca
3264 4442 3464 4498 veniet.

213 4508 1208 4585 tionevincantur.tEtmittetangelos
1227 4530 1379 4582 suos,
1399 4534 1418 4567 ι
1438 4515 1584 4570 idest
1597 4516 1785 4585 praedi—
1814 4532 1858 4587 ι)
1888 4525 2119 4593 Quando
2146 4542 2276 4597 ergo
2316 4536 2439 4598 post
2477 4529 2677 4594 veniet,
2712 4528 2979 4584 incertum
3017 4538 3101 4585 est
3131 4531 3309 4597 nobis,
3342 4542 3469 4586 ante

208 4613 442 4671 catores;
461 4624 480 4657 ι
498 4607 551 4660 in
574 4607 723 4673 tuba,
736 4626 755 4657 ι
772 4606 824 4662 id
847 4616 931 4663 est
947 4609 1405 4663 manifestatione.
1426 4607 1484 4661 In
1501 4608 1616 4679 lege
1635 4608 1783 4663 enim

210 4700 592 4770 pmipiuutur
613 4702 731 4757 ﬁeri
760 4703 903 4757 tubae
926 4702 1155 4758 ductiles
1170 4719 1238 4758 ex
1262 4718 1398 4757 auro
1411 4711 1465 4757 et
1490 4717 1597 4757 aere
1622 4710 1675 4757 ct
1696 4718 1787 4757 ar-

205 4801 392 4859 gento,
409 4802 464 4850 ut
484 4795 740 4849 sublimia
759 4795 1131 4851 doctrinarum
1146 4805 1402 4851 resonent
1420 4805 1780 4852 sacramenta.

303 4901 320 4933 ι
347 4883 407 4940 Ει
439 4887 848 4959 congregabunt
888 4889 1089 4944 electos
1118 4889 1237 4958 ejus
1259 4889 1326 4944 de
1356 4904 1410 4943 ιν
1440 4887 1628 4943 mundi
1655 4903 1784 4958 par-

200 4971 379 5043 tibus,
409 4996 428 5029 ι
481 4978 534 5033 id
564 4987 652 5033 est
684 4980 750 5034 de
784 4989 898 5035 toto
926 4980 1059 5035 orbe
1093 4989 1384 5036 terrarum.
1435 4979 1591 5035 Haud
1620 4980 1783 5035 dubie

194 5077 403 5134 magna
421 5068 523 5123 erit
541 5078 857 5125 sanctorum
878 5072 1184 5127 constantia
1209 5087 1333 5126 cum
1351 5071 1595 5127 auditum
1622 5070 1785 5126 fuerit

188 5157 360 5225 quod
402 5158 774 5218 Antichristus
820 5164 1016 5232 spiritu
1058 5165 1172 5220 oris
1210 5163 1426 5218 Domini
1464 5162 1783 5219 interfectus

184 5246 313 5313 sit,
336 5253 583 5309 et'omnis
614 5253 780 5310 Israel
815 5270 1111 5311 conversus
1142 5255 1210 5311 ad
1234 5255 1418 5312 ﬁdem.

284 5358 315 5392 ι
342 5324 425 5400 llis
456 5355 641 5401 autem
680 5346 797 5401 ﬁeri
826 5347 1210 5417 incipientibus
1245 5334 1495 5418 respicite
1529 5356 1583 5403 et
1609 5347 1782 5404 levate

175 5431 382 5501 capita
412 5449 597 5495 vestra
629 5440 890 5510 quoniam
928 5440 1328 5510 appropinquat
1363 5440 1662 5510 redemptio
1690 5454 1783 5496 ve-

171 5531 383 5577 stra-3
417 5529 797 5601 (GBEGORIUS.)
825 5530 962 5586 Cum
998 5532 1169 5602 plagae
1194 5531 1379 5587 mundi
1407 5531 1777 5599 crebrescunt,

163 5622 237 5667 et
307 5620 473 5678 terror
514 5624 710 5694 judicii
758 5625 1048 5680 commotis
1099 5626 1392 5682 virtutibus
1434 5625 1776 5691 ostenditur,

156 5705 371 5765 levate
391 5716 593 5786 capita,
625 5715 680 5771 id
708 5726 793 5771 est
812 5718 1110 5773 exhilarate
1135 5719 1319 5786 corda,
1344 5718 1471 5789 quia
1502 5719 1630 5774 dum
1656 5718 1780 5772 ﬁni-

146 5808 269 5854 tur
305 5812 549 5868 mundus
580 5812 672 5869 cui
703 5812 863 5870 amici
883 5827 993 5869 non
1021 5812 1171 5880 estis,
1200 5827 1366 5883 prope
1392 5816 1449 5871 ﬁt
1476 5811 1776 5883 redemptio

1887 4627 2067 4673 tamen
2099 4634 2208 4673 non
2245 4634 2368 4675 esse
2404 4630 2692 4674 venturum
2729 4620 2978 4675 dubitare
3007 4621 3195 4691 utique
3232 4637 3339 4675 non
3371 4622 3468 4676 de-

1884 4709 2098 4765 bemus.
2137 4710 2194 4764 Si
2228 4725 2357 4781 ergo
2387 4710 2518 4765 latet
2564 4712 2785 4781 quando
2814 4711 3057 4768 Ecclesia
3104 4712 3467 4767 lructiﬁcante

1885 4810 2049 4873 atque
2079 4812 2357 4858 crescente
2398 4803 2688 4859 universus
2718 4820 2748 4858 a
2798 4805 2937 4858 mari
2981 4819 3152 4875 usque
3197 4803 3265 4859 ad
3313 4819 3465 4859 mare

1884 4896 2034 4953 orbis
2076 4897 2407 4966 implebitur,
2458 4897 2648 4966 procul
2700 4897 2866 4951 dubio
2900 4898 3032 4952 lattt
3071 4897 3292 4967 quando
3338 4897 3464 4951 linis

1882 4990 2006 5045 erit.
2035 4989 2175 5044 Ante
2213 4989 2413 5059 quippe
2453 5005 2562 5045 non
2592 4991 2714 5045 erit.
2747 5010 2765 5041 ‹
2809 4989 2963 5045 Tunc
3006 4989 3335 5045 revelabitur
3373 4990 3463 5045 ille

1883 5080 2158 5151 iniquus,»
2191 5081 2245 5135 id
2264 5090 2349 5137 est
2365 5082 2757 5150 Antichristus,
2793 5097 2985 5152 «quem
3010 5081 3276 5138 Dominus
3298 5081 3462 5140 Jesus

1883 5170 2170 5227 interﬁciet
2198 5172 2392 5241 spiritu
2419 5173 2533 5228 oris
2562 5174 2647 5229 sui
2677 5172 2765 5245 (11
2793 5172 2971 5228 Thess.
3001 5173 3085 5246 ιι).
3118 5193 3135 5225 ι
3171 5173 3248 5229 De
3272 5174 3461 5229 ultima

1881 5269 2062 5315 autem
2092 5260 2439 5317 tribulatione
2459 5262 2593 5316 dicit
2614 5261 2756 5318 idem
2784 5260 3124 5332 Augustinus
3144 5263 3199 5317 in
3223 5262 3362 5317 libro
3383 5260 3461 5317 De

1881 5352 2098 5408 civitate
2147 5352 2262 5407 Dei.
2315 5352 2468 5408 Tunc
2520 5353 2761 5409 solvetur
2814 5352 3048 5410 Satanas
3094 5354 3161 5409 de
3208 5351 3460 5409 custodia

1883 5459 2003 5510 sua,
2053 5454 2107 5499 et
2144 5443 2315 5499 exibit
2367 5445 2436 5501 ad
2480 5446 2820 5501 sedneendas
2869 5446 3137 5510 nationes,
3179 5458 3300 5514 qua:
3328 5450 3459 5496 sunt

1881 5535 1935 5589 in
1965 5543 2201 5602 quatuor
2230 5535 2446 5606 angulis
2475 5544 2652 5602 terra),
2677 5536 2794 5606 Gog
2827 5543 2882 5590 et
2909 5535 3099 5606 Magog
3126 5535 3307 5603 (Apoc.
3336 5532 3454 5601 xx),

1879 5643 2117 5698 quorum
2157 5628 2661 5698 interpretationem
2701 5628 2986 5683 nominum
3026 5640 3147 5680 esse
3187 5623 3456 5690 comperi-

1879 5737 2029 5777 mus:
2059 5721 2174 5791 GOg
2201 5730 2414 5786 tectum,
2447 5719 2638 5791 Magog
2660 5720 2724 5774 de
2769 5729 2921 5784 tecto,
2951 5727 3229 5787 tamquam
3257 5715 3454 5769 domus

1880 5822 1933 5870 et
1958 5814 2070 5884 ipse
2111 5813 2203 5884 qui
2236 5813 2481 5884 procedit
2505 5813 2573 5869 de
2606 5812 2789 5870 domo.
2820 5810 3020 5867 Gentes
3051 5824 3179 5879 ergo
3219 5816 3366 5875 sunt,
3395 5805 3451 5863 in
