4038 6470
535 368 644 425 745

1675 342 1999 409 WER‘NERI
2035 347 2334 408 ABBATIS
2371 347 2428 405 S.
2467 342 2691 400 BLASII
3695 339 3784 398 7M

530 440 739 555 quibus
765 479 1063 542 diabolum,
1091 473 1237 530 velut
1265 471 1320 526 in
1343 469 1541 541 abysso
1569 470 1822 540 superius
1852 469 2119 541 intellige-
2146 479 2195 538 Α
2222 463 2506 537 praefatum
2553 474 2659 529 est,
2701 468 2963 516 venturus
3006 468 3092 516 est
3142 455 3551 555 Antichristus,
3605 454 3699 526 qui
3735 459 3784 519 in

530 574 733 630 bamus
769 571 1059 633 inclusum,
1092 573 1148 619 et
1178 564 1295 634 ipse
1327 562 1395 616 de
1426 562 1534 617 illis
1568 561 1972 632 quodammodo
2002 576 2124 617 sese

430 688 441 695 '
530 667 765 722 efferens
789 671 845 717 et
874 658 1201 730 procedens,
1248 663 1308 709 ut
1352 654 1457 709 illac
1488 654 1598 709 sint
1645 662 1872 719 tectum,
1901 654 2018 723 ipse
2058 651 2126 707 de

531 765 700 812 tecto.
756 750 1061 806 Videndum
1105 755 1188 804 est
1236 755 1418 802 autem
1461 760 1631 816 quare
1669 744 1919 800 diabolus
1961 743 2125 798 modo

530 845 751 916 ligetur.
798 840 1054 912 Alligatio
1078 839 1282 894 diaboli
1311 847 1393 895 est
1438 854 1549 893 non
1587 836 1827 908 permitti
1871 849 2126 892 exercere

529 945 703 990 totam
731 934 1088 988 tentationem
1125 948 1291 1002 quam
1326 939 1524 1003 potest,
1554 930 1639 985 vcl
1667 931 1741 996 vi,
1781 929 1868 985 vel
1904 929 2031 983 dolo
2056 927 2125 983 ad

532 1025 872 1081 seducendos
889 1024 1141 1081 homines
1160 1024 1215 1078 in
1245 1032 1454 1093 partem
1480 1038 1637 1078 suam
1662 1021 1904 1092 cogendo
1924 1021 2129 1075 violen-

529 1124 635 1181 ter,
665 1114 1064 1181 fraudulenter,
1101 1115 1185 1171 vel
1224 1113 1483 1171 fallendo.
1518 1113 1678 1180 Quod
1713 1113 1758 1167 si
1785 1114 2128 1182 permittere-

532 1216 644 1275 tur,
676 1207 731 1261 in
763 1215 873 1262 tam
908 1207 1073 1278 longo
1105 1215 1347 1276 tempore
1379 1215 1433 1261 et
1461 1214 1613 1260 tanta
1645 1205 1961 1260 inlirmitate
1982 1203 2127 1259 mul-

535 1306 720 1353 torum
766 1297 1030 1366 plurimos
1072 1298 1207 1351 tales
1250 1297 1441 1367 quales
1484 1297 1634 1364 deos,
1687 1297 1739 1351 id
1779 1297 1986 1368 perpeti
2018 1312 2127 1351 non

532 1391 671 1456 vult,
706 1398 761 1444 et
791 1390 979 1444 tideles
1018 1388 1297 1459 dejiceret,
1327 1397 1380 1445 et
1410 1403 1479 1444 ne
1508 1389 1790 1444 crederent
1818 1388 2123 1457 impediret.

535 1482 693 1549 Quod
747 1498 815 1538 ne
859 1481 1066 1537 faceret
1095 1482 1351 1553 alligatus
1372 1490 1475 1537 est.
1507 1480 1662 1536 Tunc
1690 1481 1836 1536 enim
1865 1481 2124 1547 solvetur,

537 1574 763 1645 quando
802 1583 858 1629 et
892 1574 1057 1630 breve
1103 1585 1318 1645 tempus
1347 1574 1468 1629 erit.
1502 1572 1640 1628 Nam
1687 1574 1858 1629 tribus
1886 1572 2048 1628 annis
2076 1580 2131 1627 et

539 1670 637 1722 sex
667 1666 951 1722 mensibus
982 1666 1181 1738 legitur
1211 1666 1327 1721 suis
1379 1667 1510 1722 totis
1558 1680 1895 1735 suorumque
1925 1665 2130 1719 viribus

538 1758 852 1825 saeviturus,
883 1767 938 1814 et
977 1759 1114 1813 tales
1137 1766 1302 1813 erunt
1335 1773 1459 1813 cum
1491 1758 1693 1827 quibus
1722 1757 1771 1812 ei
1810 1756 2131 1827 belligeran-

2225 573 2423 628 magna
2455 554 2755 626 Babylonia
2787 553 2853 609 de
2882 551 3168 607 meretrice
3196 549 3415 622 generis
3443 546 3565 602 Dan
3612 562 3782 606 nasce-

2229 660 2336 702 tur.
2373 644 2480 700 Sed
2500 644 2691 699 volens
2717 642 2784 698 de
2817 657 2883 697 eo
2908 642 3070 707 scire,
3092 638 3271 710 primo
3296 637 3518 693 notabit
3534 650 3701 707 quare
3718 639 3785 697 sic

2225 746 2454 794 vocatus
2484 737 2576 791 sit.
2610 735 2737 791 Ideo
2766 736 2844 801 fit,
2890 733 3019 804 quia
3049 732 3271 788 Christo
3321 730 3377 785 in
3428 728 3648 785 cunctis
3676 744 3786 787 con—

2226 832 2392 886 traria
2433 829 2616 885 faciet.
2650 828 2907 884 Christus
2930 826 3082 882 venit
3116 824 3341 880 humilis
3365 822 3610 879 humiles
3635 823 3784 896 erige-

2225 939 2307 990 re,
2337 931 2656 993 peccatores
2675 919 2978 990 justiticare
3005 936 3018 972 :
3056 917 3147 972 ille
3166 924 3392 971 econtra
3416 922 3683 969 venturus
3716 925 3787 971 est

2228 1015 2518 1085 superbus,
2548 1013 2765 1083 dejiciet
2786 1010 3044 1077 humiles,
3072 1017 3390 1080 peccatores
3421 1005 3783 1077 magniﬁeabit,

2226 1109 2426 1179 impios
2454 1108 2753 1174 exaltabit,
2777 1116 2830 1162 et
2850 1105 2983 1160 vitia
3006 1119 3129 1174 quae
3152 1111 3281 1159 sunt
3315 1102 3598 1158 contraria
3628 1101 3784 1157 virtuti

2227 1201 2459 1257 docebit.
2516 1199 2718 1270 Legem
2749 1196 3115 1267 evangelieam
3163 1193 3473 1263 dissipabit,
3502 1193 3784 1250 drcmouum

2226 1293 2498 1348 culturam
2517 1293 2570 1346 in
2595 1290 2860 1345 mundum
2884 1288 3182 1352 revocabit,
3199 1287 3429 1357 gloriam
3451 1300 3654 1340 vanam
3671 1302 3790 1357 qua:-

2227 1393 2312 1440 rct
2345 1404 2358 1440 :
2393 1393 2450 1439 et
2481 1382 2909 1453 omnipotentem
2934 1380 3096 1436 deum
3125 1394 3185 1434 se
3208 1377 3538 1433 nominabit.
3570 1375 3668 1431 llic
3704 1378 3789 1432 ita-

2226 1492 2334 1548 que
2369 1475 2741 1531 Antiehristus
2768 1474 2975 1529 multos
3021 1471 3247 1527 habebit
3293 1485 3411 1525 sua:
3458 1468 3790 1539 malignitatis

2228 1568 2533 1641 ministros,
2562 1583 2630 1622 ex
2654 1566 2855 1637 quibus
2902 1564 3017 1635 jam
3052 1564 3109 1618 in
3161 1562 3368 1618 mundo
3417 1570 3791 1631 praecesserunt

2228 1661 2451 1733 quidam
2470 1701 2485 1727 ,
2510 1659 2691 1730 qualis
2720 1656 2825 1712 fuit
2846 1655 3181 1720 Antiochus,
3213 1651 3395 1718 Nero,
3447 1650 3789 1706 Domitianus.

2229 1751 2387 1809 Nune
2415 1766 2635 1822 quoque
2660 1758 2850 1805 nostro
2900 1756 3148 1818 tempore
3194 1743 3569 1799 Antichristos
3613 1742 3793 1798 multos

537 1847 669 1903 dum
700 1856 804 1916 est,
836 1856 896 1902 ut
920 1848 1064 1903 vinci
1088 1858 1240 1903 tanto
1281 1848 1401 1919 ejus
1428 1849 1631 1918 impetu
1666 1848 1991 1917 insidiisque
2020 1862 2130 1902 non
2162 1829 2207 1885 Β
2232 1848 2488 1902 novimus
2537 1860 2659 1902 esse
2681 1844 2735 1915 (1
2764 1843 2928 1898 Joau.
2965 1842 3050 1913 ιι).
3080 1839 3408 1910 Quicunque
3443 1838 3593 1893 enim
3640 1835 3797 1892 laicus

537 1941 774 2012 possint.
812 1940 1067 1997 Solvetur
1112 1949 1295 1997 autem
1351 1940 1585 1996 Satanas
1614 1941 1670 1995 in
1720 1942 1826 1997 line
1852 1941 2036 1997 szcculi
2072 1950 2133 1996 ut

537 2048 706 2102 quam
756 2033 951 2089 fortem
997 2033 1374 2089 adversarium
1424 2033 1522 2089 Dei
1573 2033 1767 2089 civitas
1812 2033 2128 2104 superavit,

539 2145 669 2183 cum
698 2129 902 2202 ingenti
931 2129 1104 2200 gloria
1133 2128 1219 2185 sui
1256 2129 1640 2199 redemptoris,
1676 2128 1962 2200 adjutoris,
1991 2127 2131 2184 libe-

538 2221 741 2276 ratoris
767 2222 1017 2292 aspiciat.
1051 2219 1233 2287 Quare
1277 2236 1408 2276 vero
1437 2222 1491 2276 in
1538 2222 1842 2278 novissimo
1887 2222 2132 2277 solvatur

535 2310 789 2366 videatur
818 2330 831 2365 :
856 2310 1058 2378 Exibit,
1083 2319 1145 2365 ut
1171 2312 1376 2368 dictum
1403 2320 1508 2379 est,
1543 2311 1775 2368 Satanas
1807 2313 1860 2367 in
1886 2322 2127 2384 apertam

537 2404 997 2473 persecutionem,
1033 2405 1101 2459 de
1132 2405 1359 2462 latebris
1401 2417 1651 2475 erumpet
1692 2405 1963 2461 odiorum.
2004 2405 2132 2463 llaec

536 2493 686 2549 enim
719 2496 824 2550 erit
868 2496 1163 2552 novissima
1212 2498 1541 2567 persecutio.
1590 2495 1902 2553 Novissime
1950 2498 2133 2552 immi»

540 2591 704 2639 nente
733 2584 942 2655 judicio
974 2584 1197 2656 quando
1227 2595 1417 2642 sancta
1447 2586 1688 2642 Ecclesia
1718 2595 1833 2641 toto
1869 2587 2001 2641 orbe
2025 2596 2132 2641 ter—

538 2691 728 2731 rarum
760 2677 1016 2747 patietur,
1051 2677 1309 2732 universa
1355 2677 1532 2732 fidelis
1579 2677 1772 2733 civitas
1813 2676 2018 2732 Christi
2061 2677 2131 2734 ab

537 2766 796 2822 universa
845 2766 1064 2821 civitate
1106 2765 1311 2820 diaboli
1354 2773 1798 2836 quamtacunque
1834 2766 1937 2820 erit
1980 2776 2129 2821 utra-

538 2876 648 2931 que
688 2875 853 2929 super
902 2867 1127 2912 terram.
1166 2856 1321 2912 Unde
1362 2857 1697 2926 Apostolus:
1743 2876 1761 2910 ι
1796 2856 2131 2931 Refrigescct

538 2952 780 3008 eharitas
811 2950 1109 3005 multorum
1131 2991 1145 3017 ,
1183 2956 1238 3005 et
1282 2948 1585 3004 abundabit
1615 2949 1878 3020 iniquitas
1907 2952 2125 3021 (Matth.

537 3046 712 3112 xxxv).
750 3061 768 3094 ι
807 3039 961 3096 Unde
1005 3039 1236 3095 Daniel:
1296 3058 1315 3091 ‹
1348 3038 1415 3094 Ει
1462 3039 1567 3095 erit
1602 3048 1837 3110 tempus,
1873 3060 1892 3093 ι
1928 3042 2126 3113 inquit,

544 3151 563 3185 ι
599 3133 988 3200 tribulationis,
1015 3131 1194 3203 qualis
1226 3146 1335 3187 non
1371 3130 1474 3184 fuit
1494 3146 1559 3186 ex
1586 3147 1697 3201 quo
1732 3141 1859 3187 nata
1883 3145 1969 3189 est
1995 3150 2128 3205 gens

2232 1940 2347 1996 sive
2367 1938 2620 2004 clericus,
2649 1952 2744 1993 seu
2775 1936 2941 1992 etiam
2977 1933 3282 1990 monachus
3323 1940 3516 1986 contra
3546 1928 3789 1999 justitiam

2231 2032 2385 2099 vivit,
2412 2040 2467 2087 et
2491 2030 2702 2086 ordinis
2751 2028 2838 2085 sui
2878 2028 3122 2099 regulam
3173 2023 3544 2096 impugnabit,
3578 2030 3633 2076 et
3667 2021 3792 2091 quod

2229 2122 2438 2178 bonum
2464 2132 2549 2179 est
2569 2121 2931 2191 blasphemat,
2962 2117 3284 2174 Antichristi
3337 2124 3470 2172 sunt
3496 2124 3553 2169 et
3582 2113 3793 2170 ministri

2234 2213 2471 2271 Satanm.
2497 2214 2604 2269 Sed
2638 2215 2751 2285 jam
2787 2213 3076 2269 exordium
3128 2207 3454 2265 Antichristi
3509 2204 3794 2260 videamus.

2232 2305 2352 2361 Non
2377 2306 2523 2361 enim
2549 2306 2694 2377 quod
2717 2306 2783 2361 de
2805 2320 2871 2360 eo
2893 2304 3016 2359 dico
3048 2318 3113 2358 ex
3143 2300 3367 2371 proprio
3395 2310 3567 2354 sensu
3601 2296 3798 2367 excogi-

2232 2407 2288 2456 to
2322 2399 2418 2454 sed
2448 2399 2502 2452 in
2530 2398 2684 2453 libris
2712 2398 3000 2469 diligenter
3045 2394 3333 2466 relegendo
3370 2391 3563 2448 omnia
3615 2391 3799 2460 scripta

2230 2490 2470 2547 invenio.
2505 2489 2658 2545 Sicut
2699 2505 2828 2560 ergo
2881 2497 3135 2543 auctores
3171 2484 3345 2540 nostri
3392 2484 3608 2548 dicunt,
3657 2482 3800 2535 Anti-

2232 2586 2472 2641 eltristus
2517 2602 2580 2641 ex
2630 2585 2829 2655 populo
2885 2582 3201 2638 Judazorum
3264 2588 3527 2635 nascetur
3557 2579 3625 2633 de
3668 2577 3799 2633 tribu

2231 2678 2370 2745 Dan,
2399 2680 2700 2736 secundum
2738 2678 3059 2749 prophetam
3108 2676 3201 2747 qui
3257 2674 3437 2731 dicit:
3479 2692 3500 2725 ι
3537 2672 3657 2728 Fiat
3695 2672 3799 2727 Dan

2230 2771 2456 2827 coluber
2504 2770 2556 2824 in
2615 2770 2725 2835 via,
2760 2777 3001 2825 cerastes
3041 2768 3095 2823 in
3157 2766 3350 2822 semita
3382 2763 3540 2836 (Cen.
3586 2763 3749 2831 χιιι).
3774 2781 3794 2815 ι

2233 2860 2385 2918 Sicut
2413 2863 2559 2919 enim
2587 2878 2813 2933 serpens
2838 2862 2893 2916 in
2924 2860 3011 2916 via
3041 2860 3272 2925 sedebit,
3296 2868 3351 2914 et
3380 2860 3435 2913 in
3469 2858 3662 2915 semita
3680 2855 3799 2921 erit,

2232 2965 2292 3011 ut
2317 2970 2414 3012 eos
2439 2956 2535 3026 qui
2570 2970 2667 3026 per
2692 2955 2942 3010 semitam
2962 2954 3191 3024 justitiae
3219 2952 3508 3007 ambulant
3557 2950 3735 3014 feriat,
3753 2956 3805 3003 et

2229 3062 2442 3103 veneno
2487 3062 2602 3102 suae
2653 3046 2875 3102 malitia:
2922 3045 3154 3102 occidat.
3201 3042 3467 3100 Nascetur
3514 3053 3699 3098 autem
3743 3055 3806 3096 ex

2232 3138 2578 3209 copulatione
2613 3138 2782 3194 maris
2811 3147 2864 3192 et
2895 3137 3143 3201 feminas,
3178 3144 3239 3191 ut
3263 3136 3356 3191 alii
3391 3135 3681 3200 homines,
3703 3147 3804 3188 non

538 3240 706 3295 super
739 3232 938 3279 terram
971 3237 1146 3292 usque
1187 3222 1256 3276 ad
1305 3229 1520 3291 tempus
1569 3222 1702 3277 illud
1741 3224 1906 3293 (Dan.
1946 3224 2067 3294 xu).
2101 3241 2121 3277 ι
2155 3198 2197 3256 C
2232 3198 2411 3285 ut.alii
2454 3230 2665 3298 dicunt,
2689 3230 2758 3285 dc
2785 3231 2901 3285 sola
2930 3198 3162 3298 virgine,
3191 3226 3287 3284 sed
3316 3234 3534 3283 tantum
3577 3198 3729 3283 totus
3753 3225 3805 3279 in

538 3316 667 3383 Haec
692 3315 999 3387 persecutio
1028 3314 1328 3371 novissima
1358 3313 1539 3370 futura
1567 3315 1637 3369 ab
1663 3315 2000 3372 Antichristo
2025 3316 2127 3371 tri-

536 3410 641 3465 bus
679 3407 842 3465 annis
867 3418 920 3465 et
964 3424 1061 3464 sex
1102 3408 1386 3463 mensibus
1436 3408 1559 3463 erit.
1597 3406 1717 3463 Non
1752 3410 1897 3465 enim
1950 3410 2129 3465 veniet

536 3498 607 3558 ad
637 3502 790 3559 vivos
831 3510 886 3558 et
913 3509 1161 3557 mortuos
1185 3500 1513 3571 judicandos
1540 3500 1814 3569 Christus,
1848 3502 1953 3558 nisi
1976 3503 2129 3573 prius

535 3595 754 3650 venerit
783 3595 851 3649 ad
885 3593 1226 3650 scducendos
1275 3593 1331 3647 in
1357 3592 1541 3648 anima
1583 3602 1832 3649 mortuos
1866 3595 2128 3650 adversa-

539 3685 657 3743 rius
686 3685 807 3756 ejus
847 3684 1245 3750 Antichristus,
1289 3699 1451 3755 quem
1481 3683 1746 3740 Dominus
1767 3682 1928 3741 Iesus
1959 3685 2129 3741 inter—

538 3777 687 3832 ﬁciet
731 3775 928 3846 Spiritu
981 3775 1094 3832 oris
1146 3776 1254 3831 sui.
1304 3775 1492 3833 Veniet
1540 3786 1675 3833 tunc
1716 3793 1936 3849 quoque
1981 3778 2128 3835 Elias

538 3866 849 3934 Thesbites,
887 3875 1182 3936 antequam
1211 3866 1388 3922 veniat
1424 3867 1542 3923 dies
1569 3866 1785 3922 Domini
1821 3882 2055 3938 magnus
2076 3874 2130 3923 et

538 3958 791 4027 illustris,
841 3959 935 4029 qui
958 3967 1237 4014 convertet
1279 3975 1375 4015 cor
1399 3960 1571 4030 patris
1606 3959 1677 4015 ad
1717 3960 1911 4026 lilium,
1943 3969 1996 4015 et
2030 3975 2130 4014 cor

538 4050 778 4105 hominis
808 4051 875 4105 ad
904 4053 1218 4121 proximum
1265 4067 1449 4118 suum,
1482 4067 1551 4107 ne
1578 4049 1722 4107 forte
1756 4051 1982 4107 veniens
2006 4067 2130 4121 pero-

536 4142 741 4196 cutiam
787 4149 988 4198 terram
1041 4145 1259 4214 penitus
1309 4142 1571 4215 (Malaclt.
1621 4142 1718 4214 tv).
1759 4162 1778 4195 ι
1827 4142 1933 4198 Per
1982 4144 2129 4198 hunc

537 4232 711 4288 Eliam
756 4250 1015 4306 magnum
1051 4235 1468 4305 mirabilemque
1507 4235 1830 4304 prephetam
1880 4236 2128 4305 exposita

538 4325 643 4380 sibi
674 4325 789 4396 lege
818 4326 1121 4382 novissimo
1171 4336 1415 4398 tempore
1461 4337 1588 4383 ante
1611 4329 1883 4399 judicium
1909 4329 2128 4386 Judaaos

538 4416 593 4470 in
618 4417 897 4474 Christum
921 4434 1136 4486 verum,
1162 4420 1216 4474 id
1240 4429 1325 4475 est
1344 4420 1399 4474 in
1421 4419 1703 4476 Christum
1728 4430 1978 4477 nostrum
2006 4436 2128 4478 esse

2229 3330 2454 3392 peccato
2482 3322 2847 3392 generabitur.
2899 3320 2955 3375 ln
3005 3321 3124 3390 ipso
3160 3318 3538 3390 conecptionis
3566 3332 3684 3373 suae
3710 3316 3809 3370 ini-

2198 3454 2201 3457 .
2234 3411 2308 3468 tio
2338 3411 2590 3475 diabolus
2618 3412 2781 3467 simul
2809 3411 3056 3467 introibit
3085 3411 3139 3464 in
3176 3419 3393 3465 uterum
3451 3409 3647 3464 matris
3675 3408 3812 3478 ejus,

2230 3512 2378 3560 etes
2409 3504 2610 3559 virtute
2662 3504 2864 3559 diaboli
2889 3502 3296 3570 confovebitur,
3332 3509 3390 3557 et
3443 3500 3713 3557 tutahitur
3761 3498 3815 3553 in

2229 3605 2420 3650 ventre
2448 3595 2663 3662 matris,
2708 3604 2762 3650 et
2798 3596 2912 3666 ipse
2961 3595 3217 3651 diabolus
3269 3609 3491 3663 semper
3548 3607 3677 3648 cum
3727 3590 3820 3645 illo

2229 3688 2352 3746 erit.
2379 3688 2446 3742 Et
2468 3689 2609 3744 sicut
2632 3688 2686 3744 in
2715 3699 2946 3744 matrem
2972 3686 3189 3742 Domini
3215 3686 3393 3742 nostri
3426 3684 3670 3755 Spiritus
3688 3697 3819 3738 san-

2229 3792 2352 3839 ctus
2380 3784 2561 3849 venit,
2592 3789 2647 3836 et
2687 3796 2808 3836 eam
2850 3780 3049 3834 virtute
3095 3794 3193 3833 sua
3239 3776 3631 3842 obumbravit,
3659 3780 3718 3830 et.
3742 3772 3825 3827 di-

2229 3875 2458 3930 vinitate
2482 3872 2730 3943 replevit,
2757 3880 2818 3927 ut
2845 3871 2912 3926 de
2965 3869 3173 3939 Spiritu
3206 3869 3543 3938 conciperet,
3577 3876 3635 3922 et
3677 3863 3821 3934 quod

2230 3975 2550 4024 nasceretur
2593 3966 2839 4021 divinum
2874 3971 2929 4018 et
2973 3969 3225 4017 sanctum
3256 3966 3425 4025 esset,
3477 3959 3555 4013 ita
3600 3968 3828 4028 quoque

2230 4060 2483 4116 diabolus
2506 4059 2562 4114 in
2586 4069 2817 4113 matrem
2845 4056 3169 4111 Antichristi
3197 4054 3517 4119 descendet,
3548 4060 3606 4107 et
3653 4057 3825 4105 totam

2229 4167 2351 4207 eam
2384 4151 2639 4222 replebit,
2666 4149 2895 4220 utquod
2937 4156 3125 4202 natum
3151 4145 3337 4212 fuerit,
3368 4154 3544 4200 totum
3587 4143 3671 4199 sit
3723 4141 3831 4196 ini-

2231 4261 2427 4317 quum,
2451 4244 2680 4310 malum,
2717 4242 3012 4313 perditum.
3041 4238 3196 4294 Unde
3218 4246 3273 4293 et
3320 4238 3412 4294 ille
3454 4237 3629 4292 homo
3687 4235 3832 4290 filius

2228 4337 2552 4409 perditionis
2597 4336 2899 4408 appellatur
2922 4332 3007 4405 (11
3040 4332 3218 4386 Thess.
3246 4330 3331 4401 ιι),
3385 4330 3518 4400 quia
3548 4328 3609 4383 in
3654 4342 3840 4398 quan—

2230 4440 2347 4486 tum
2379 4429 2635 4500 potuerit,
2679 4444 2851 4500 genus
2904 4428 3205 4481 humanum
3246 4422 3457 4493 perdet,
3503 4430 3557 4476 et
3609 4421 3739 4491 ipse
3777 4418 3835 4472 in

536 4510 843 4566 credituros
870 4509 1287 4568 celeberrimum
1338 4523 1421 4570 est
1447 4515 1503 4568 in
1549 4517 1898 4572 sermonibus
1942 4518 2125 4573 cordi-
2154 4541 2199 4595 ι)
2229 4520 2532 4576 novissimo
2554 4519 2831 4588 perdetur.
2856 4516 2996 4572 Ecce
3017 4516 3250 4571 audistis
3273 4512 3517 4584 qualiter
3537 4521 3839 4576 nascetur,

537 4601 752 4671 busque
775 4602 1036 4658 fidelium.
1076 4602 1196 4674 Ipse
1224 4605 1423 4675 quippe
1452 4616 1578 4662 ante
1603 4608 1895 4664 adventum
1921 4608 2124 4678 judicis

538 4692 839 4750 Salvatoris
860 4709 970 4749 non
1001 4695 1275 4752 immerito
1298 4709 1550 4768 speratur
1570 4714 1692 4755 esse
1717 4708 2005 4767 venturus,
2029 4702 2124 4772 qui

537 4784 699 4839 etiam
744 4802 895 4841 nunc
939 4788 1123 4845 vivere
1170 4804 1280 4843 non
1324 4790 1598 4847 immerito
1642 4793 1900 4848 creditur.
1942 4793 2124 4850 Curru

537 4891 773 4948 namque
801 4879 963 4952 igneo
1005 4890 1192 4953 raptus
1214 4883 1393 4939 estde
1429 4885 1596 4940 rebus
1644 4885 1941 4944 humanis:
1974 4888 2123 4958 quod

537 4970 946 5028 evidentissime
969 4972 1251 5044 Scriptura
1274 4990 1433 5031 saera
1456 4984 1686 5031 testatur
1709 4975 1762 5047 (ι
1778 4976 1832 5031 γ·
1847 4977 1971 5048 Reg.
2001 4979 2116 5048 11).:

539 5058 677 5116 Cum
722 5066 933 5119 venerit
973 5081 1105 5136 ergo
1153 5068 1479 5137 exponendo
1517 5068 1692 5139 legem
1743 5069 2120 5139 spiritualiter,

539 5166 705 5222 quam
747 5170 896 5209 nunc
915 5152 1088 5211 Judaei
1113 5160 1407 5214 carnaliter
1436 5160 1675 5230 sapiunt.
1708 5161 2001 5217 Convertet
2029 5177 2124 5219 cor

540 5246 713 5311 patris
733 5246 801 5301 ad
829 5246 1021 5316 filium,
1036 5249 1089 5303 id
1111 5259 1195 5305 est
1216 5265 1313 5306 eor
1333 5260 1551 5321 patrum
1576 5252 1644 5307 ad
1666 5253 1829 5309 tilios.
1860 5253 1951 5310 Sic
1974 5255 2123 5310 enim

541 5350 639 5392 cor
670 5345 890 5407 patrum
931 5338 999 5393 ad
1031 5340 1172 5397 filios
1200 5351 1566 5411 convertetur,
1606 5360 1732 5400 cum
1767 5346 2123 5418 intelligentia

542 5436 761 5497 patrum
810 5433 1139 5501 perducetur
1180 5433 1252 5490 ad
1300 5434 1711 5507 intelligentiam
1758 5437 2017 5506 filiorum,
2068 5447 2126 5494 et

542 5536 638 5577 cor
663 5521 899 5578 filiorum
924 5525 993 5580 ad
1030 5534 1215 5596 patres
1239 5542 1452 5598 eorum,
1491 5529 1623 5585 dum
1655 5530 1712 5585 in
1747 5529 1801 5586 id
1823 5530 1970 5601 quod
1999 5545 2124 5586 sen-

541 5624 731 5671 serunt
759 5615 835 5670 illi
866 5619 1219 5675 consentiunt
1249 5629 1305 5676 et
1332 5621 1444 5677 isti.

896 5708 1034 5765 Item
1061 5713 1302 5766 narratio
1323 5712 1387 5767 de
1416 5713 1766 5769 Anticltristo.

611 5798 753 5856 Ante
774 5801 1071 5859 terr'bilem
1093 5802 1387 5859 adventum
1414 5804 1595 5860 nostri
1634 5803 2036 5876 Redemptoris,
2062 5813 2124 5863 ut

2228 4612 2412 4667 audite
2439 4621 2499 4667 et
2519 4613 2701 4667 locum
2735 4609 2827 4664 ubi
2860 4606 3013 4662 nasci
3040 4607 3254 4662 debeat.
3278 4604 3419 4660 Nam
3444 4605 3596 4661 sicut
3642 4600 3845 4656 Domi-

2225 4716 2331 4757 nus
2358 4700 2673 4756 Bethlehem
2706 4698 2811 4754 sibi
2839 4696 3109 4768 praevidit,
3141 4703 3201 4750 ut
3232 4694 3307 4750 ibi
3348 4710 3450 4765 pro
3499 4693 3682 4749 nobis
3730 4692 3842 4747 hu-

2226 4791 2542 4846 manitatem
2567 4799 2892 4854 assumeret,
2935 4795 2990 4842 et
3041 4796 3380 4852 nasceretur,
3436 4786 3519 4841 sic
3561 4783 3845 4840 diabolus

2234 4882 2313 4937 illi
2337 4881 2546 4935 homini
2576 4880 2794 4951 perdito
2818 4879 2915 4950 qui
2947 4870 3323 4933 Antichristus
3350 4876 3581 4942 dicitur,
3648 4875 3850 4930 locum

2225 4973 2377 5029 novit
2417 4981 2636 5043 aptum,
2666 4972 2813 5028 unde
2860 4971 3018 5026 radix
3062 4969 3309 5024 omnium
3356 4968 3654 5023 malorum
3711 4964 3853 5022 oriri

2226 5067 2442 5134 debeat,
2461 5066 2670 5122 scilicet
2692 5064 3047 5135 Babylonem.
3076 5060 3134 5117 In
3158 5062 3261 5117 hac
3280 5061 3427 5117 enim
3453 5059 3707 5115 civitate
3723 5073 3858 5131 qua

2225 5159 2505 5231 quondam
2531 5159 2734 5230 inclyta
2757 5166 2812 5213 et
2834 5157 3070 5229 gloriosa
3101 5155 3234 5210 urbs
3272 5153 3559 5226 gentilium
3630 5150 3761 5205 fuit
3800 5157 3863 5205 ot

2225 5262 2392 5324 caput
2418 5252 2573 5324 regni
2594 5252 2912 5332 Persarum,
2943 5248 3317 5305 Antichristus
3352 5253 3663 5313 nascetur,
3695 5252 3766 5329 et
3798 5243 3863 5298 in

2226 5343 2539 5402 civitatibus
2568 5341 2858 5399 Bcthsaida
2881 5350 2937 5397 et
2979 5339 3249 5395 Corozain
3303 5338 3654 5393 conversari
3716 5336 3869 5391 dici-

2225 5448 2336 5494 tur.

2298 5526 2509 5594 Quibus
2526 5525 2838 5583 civitatibus
2859 5523 3127 5579 Dominus
3144 5522 3198 5577 in
3223 5521 3516 5593 Evangelio
3534 5519 3877 5592 imprope-

2226 5621 2548 5677 ratdicens:
2581 5638 2600 5671 ι
2619 5617 2713 5673 Vae
2741 5618 2858 5683 tibi,
2876 5616 3186 5684 Bethsaida,
3208 5632 3290 5672 vae
3312 5616 3431 5682 tibi,
3460 5612 3821 5669 Corozain!
3844 5630 3867 5664 ι

2228 5710 2382 5780 (Luc.
2411 5711 2490 5775 χ.)
2521 5709 2751 5766 Habebit
2772 5716 2953 5764 autent
2982 5707 3355 5764 Antichristus
3385 5719 3623 5776 magos,
3676 5708 3881 5763 mle-

2230 5802 2383 5873 ﬁeos,
2415 5801 2632 5860 divinos
2660 5812 2714 5860 et
2747 5802 3114 5859 ineantatores
3148 5819 3162 5857 :
3193 5800 3287 5872 qui
3313 5813 3463 5867 eum,
3504 5798 3887 5874 inspirante
