4032 6396
279 339 400 395 ⁵7ιῦ

1225 335 1796 394 DEFLORATIONES
1833 334 1934 392 SS.
1959 323 2267 391 PATRUM:
2295 363 2363 375 --
2398 325 2602 388 LlB.T.

3457 326 3555 397 lie

294 449 536 518 diabolo,
573 450 818 507 nntrlent
860 458 916 505 et
937 449 1214 506 docebunt
1248 452 1302 507 in
1357 454 1506 508 omni
1568 454 1874 526 iniquitate,
1908 459 1954 516 Α
1979 461 2035 509 et
2058 454 2152 526 qui
2181 469 2342 525 supra
2389 464 2614 519 tectum,
2649 469 2760 510 non
2794 453 3082 510 descendet
3121 455 3177 509 in
3217 455 3438 511 domum
3493 469 3553 512 ut

295 543 530 599 falsitate
549 583 564 608 ,
591 551 645 597 et
674 539 880 596 nefaria
907 549 1023 596 arte
1044 581 1059 608 ,
1093 552 1149 597 et
1200 545 1422 614 maligni
1452 545 1677 615 spiritus
1719 556 1881 603 erunt

297 635 468 691 duces
491 634 612 703 ejus
641 642 696 688 et
716 633 876 696 socii,
909 642 962 688 et
983 634 1212 688 comites
1258 635 1498 690 iudivisi.
1544 635 1748 692 Deinde
1793 635 1884 692 Je-

298 727 540 782 rusalem
582 725 809 781 veniens
855 739 1049 780 omnes
1093 724 1463 793 Christianos,
1523 743 1662 797 quos
1710 727 1778 782 ad
1823 742 1884 783 se

299 826 618 876 convertere
645 832 755 872 non
793 818 1052 888 potuerit,
1090 833 1190 888 per
1234 819 1387 873 varia
1417 827 1688 874 tormenta
1719 819 1884 890 jugu-

298 910 464 975 labit,
497 917 554 965 et
587 923 744 964 suam
804 909 988 964 sedem
1044 910 1099 963 in
1147 911 1348 981 templo
1404 921 1594 966 sancto
1646 912 1878 981 parabit.

299 1001 584 1071 Templum
613 1000 778 1055 etiam
809 1001 1146 1056 destructum
1199 1003 1346 1072 quod
1406 1003 1666 1058 Salomon
1715 1003 1884 1058 aediﬁ-

300 1096 465 1160 cavit,
498 1095 552 1148 in
586 1102 730 1149 statu
772 1110 874 1149 suo
922 1097 1274 1162 restaurabit,
1313 1105 1368 1150 et
1422 1096 1773 1152 circumcidet
1801 1111 1880 1166 se,

300 1195 356 1242 et
387 1186 557 1242 ﬁlium
588 1183 996 1255 Omnipotentis
1037 1201 1096 1241 se
1145 1187 1456 1242 mentietur.
1484 1187 1680 1242 Totum
1711 1204 1882 1259 genus

301 1275 588 1332 hominum
619 1274 726 1328 sibi
751 1283 988 1344 quatuor
1013 1275 1193 1330 modis
1218 1275 1552 1347 subjugabit,
1598 1276 1727 1347 quia
1758 1277 1884 1332 uni-

301 1383 462 1424 verso
481 1366 602 1424 orbi
628 1367 935 1438 imperabit.
970 1365 1090 1421 Uuo
1115 1367 1280 1422 modo
1306 1368 1519 1424 nobiles
1543 1367 1647 1422 sibi
1674 1369 1880 1425 divitiis

303 1461 542 1526 asciscit,
566 1476 688 1531 quae
719 1460 820 1515 sibi
853 1460 1093 1515 maxime
1117 1459 1358 1526 amuent,
1391 1461 1519 1530 quia
1547 1461 1729 1517 omnis
1779 1448 1908 1516 ab?

304 1553 553 1610 scondita
577 1554 806 1624 pecunia
835 1552 939 1607 erit
967 1552 1016 1607 ei
1045 1552 1358 1608 manifesta.
1404 1551 1580 1623 Reges
1629 1562 1681 1608 et
1731 1553 1881 1624 prin-

304 1644 453 1713 cipes
497 1644 734 1714 primum
785 1643 853 1697 ad
902 1657 962 1698 se
1017 1649 1326 1707 convertet,
1359 1641 1554 1697 deinde
1599 1657 1697 1712 per
1737 1644 1878 1708 illos,

305 1733 466 1788 alios.
493 1731 747 1788 Secundo
803 1732 966 1786 modo
1017 1733 1214 1801 vulgus
1271 1732 1374 1787 sibi
1423 1740 1632 1788 terrore
1679 1733 1879 1800 subdit,

307 1825 436 1895 quia
464 1824 701 1878 maxima
731 1823 941 1878 saevitia
983 1823 1038 1878 in
1092 1822 1188 1877 Dei
1235 1823 1474 1878 cultores
1522 1823 1675 1878 furit.
1703 1823 1884 1879 Tertio
1914 1801 1957 1856 Β

305 1918 474 1974 modo
522 1915 788 1987 sapientia
847 1927 901 1972 et
967 1917 1273 1973 incredibili
1321 1918 1632 1988 eloquentia
1679 1918 1884 1974 clerum

302 2008 592 2073 obtinebit,
622 2008 751 2077 quia
792 2022 984 2064 omnes
1038 2017 1185 2064 artes
1235 2017 1289 2064 et
1335 2025 1526 2064 omnes
1576 2007 1888 2079 Seripturas

303 2102 622 2156 memoriter
642 2101 767 2156 scit.
805 2099 1013 2168 Quarto
1043 2103 1206 2156 modo
1229 2103 1414 2157 mundi
1463 2111 1884 2172 contemptores,

304 2201 368 2246 ut
391 2201 520 2247 sunt
545 2193 820 2258 monachi,
847 2193 1016 2262 signis
1040 2202 1093 2247 et
1117 2193 1376 2263 prodigiis
1404 2193 1557 2249 fallit.
1585 2193 1727 2250 Loca
1757 2210 1889 2251 vero

305 2298 404 2354 per
420 2299 542 2354 quae
567 2283 820 2340 Christus
845 2283 1108 2339 Dominus
1131 2285 1496 2340 deambulavit
1519 2295 1573 2341 et
1595 2287 1890 2343 illustravit

310 2376 576 2432 destruet.
631 2375 833 2431 Deinde
854 2391 952 2446 per
973 2374 1288 2431 universum
1311 2377 1499 2432 orbem
1536 2379 1712 2434 mittet
1740 2395 1885 2434 nun-

311 2467 420 2523 tios
449 2476 504 2522 et
522 2467 928 2536 praedicatores.
961 2467 1285 2523 Praedicatio
1307 2477 1485 2524 autem
1515 2469 1636 2539 ejus
1693 2478 1748 2526 et
1790 2485 1888 2540 po—

309 2567 480 2615 testas
507 2574 539 2614 a
569 2558 708 2614 mari
743 2573 918 2628 usque
961 2558 1030 2614 ad
1060 2575 1230 2626 mare,
1263 2560 1332 2614 ab
1353 2561 1564 2616 oriente
1611 2560 1678 2616 ad
1735 2562 1886 2618 occi-

310 2649 561 2716 dentem,
593 2649 663 2705 ab
680 2647 938 2719 aquilone
964 2649 1032 2703 ad
1063 2650 1484 2720 septentrionem
1532 2651 1656 2708 erit.
1705 2651 1889 2708 Faciet

313 2757 535 2813 quoque
561 2743 714 2814 signa
740 2742 931 2808 multa,
961 2756 1156 2812 magna
1177 2749 1231 2797 et
1252 2743 1596 2814 mirabiliakt
1621 2745 1882 2800 inaudita.

310 2833 495 2891 Faciet
522 2834 676 2905 ignes
705 2834 772 2889 de
793 2834 936 2890 caelo
979 2835 1296 2890 terribiliter
1334 2835 1681 2900 descendere,
1723 2835 1888 2889 arbo-

307 2941 401 2982 res
425 2925 608 2982 subito
633 2925 826 2981 ﬂorere
846 2933 900 2981 et
928 2941 1199 2994 arescere,
1253 2942 1406 2982 mare
1442 2927 1650 2981 turbari
1697 2926 1882 2982 subito

310 3025 368 3073 et
390 3017 752 3088 trauquillari.
777 3015 1014 3072 Naturas
1066 3018 1122 3072 iu
1163 3017 1393 3073 diversis
1416 3017 1607 3089 ﬁguris
1658 3017 1883 3086 mutari,

302 3122 574 3183 aquarum
597 3125 792 3166 cursus
837 3119 892 3164 et
925 3109 1172 3165 ordinem
1201 3110 1465 3172 converti,
1512 3109 1706 3182 agitari
1759 3123 1887 3164 aera
1917 3139 1962 3202 ο

304 3199 510 3265 ventis,
568 3207 625 3253 et
676 3199 1014 3256 multimodis
1062 3199 1555 3268 commotionibus,
1595 3208 1648 3255 et
1688 3208 1885 3256 cuncta

308 3290 728 3347 innumerabilia
750 3299 806 3347 et
865 3291 1168 3361 stupenda,
1198 3301 1444 3347 mortuos
1489 3291 1543 3346 in
1588 3301 1887 3362 conspectu

311 3381 598 3436 hominum
632 3383 915 3448 suscitari,
943 3391 1004 3437 ut
1031 3382 1086 3436 in
1113 3397 1328 3438 errores
1357 3383 1649 3450 ducantur,
1689 3384 1737 3439 si
1769 3382 1889 3439 ﬁeri

308 3481 509 3544 potest,
538 3475 704 3530 etiam
726 3473 903 3530 electi.
932 3473 1118 3528 Faciet
1144 3488 1361 3544 quoque
1387 3481 1446 3528 ut
1471 3474 1612 3545 ignis
1636 3474 1730 3544 qui
1753 3489 1890 3544 qua-

311 3566 360 3621 si
378 3565 538 3636 jussu
571 3582 673 3622 suo
704 3567 772 3620 de
816 3565 958 3619 cmlo
987 3563 1328 3619 descenderit
1367 3564 1712 3618 adversarios
1756 3579 1890 3620 suos

309 3673 496 3714 coram
524 3672 584 3712 se
633 3670 982 3722 consumere,
1035 3663 1090 3709 et
1119 3663 1365 3709 mortuos
1405 3655 1501 3724 qui
1553 3657 1892 3712 surrexerint

308 3749 416 3804 sibi
443 3747 820 3802 testimonium
862 3746 1014 3802 dare.
1073 3743 1370 3800 Suscitabit
1419 3754 1598 3800 autem
1643 3759 1890 3804 mortuos

308 3838 473 3894 vere?
491 3835 845 3908 Nequaquam
869 3855 884 3904 ;
913 3836 1006 3892 sed
1025 3834 1274 3891 diabolus
1295 3834 1414 3904 ejus
1431 3833 1696 3891 maleﬁcio
1721 3836 1891 3892 alicu-

305 3929 399 4002 jus
425 3929 667 3985 damnati
697 3945 896 4000 corpus
935 3929 1122 3993 intrat,
1176 3935 1231 3983 et
1286 3927 1420 3983 illud
1471 3935 1742 3997 apportat,
1795 3944 1893 3999 per

311 4023 446 4079 illud
467 4023 709 4093 loquitur
729 4023 887 4093 quasi
927 4022 1112 4076 vivum
1164 4020 1430 4076 videatur.
1487 4018 1588 4075 Hic
1609 4021 1891 4090 antiquam

311 4114 616 4172 Jerusalem
654 4115 1024 4181 remdiﬁcabit,
1054 4115 1110 4169 in
1133 4127 1240 4184 qua
1267 4129 1327 4170 se
1370 4121 1430 4168 ut
1461 4112 1632 4170 Deum
1668 4115 1774 4169 coli
1803 4114 1894 4183 ju-

313 4207 490 4263 bebit.
519 4206 748 4274 Quando
778 4207 904 4262 talia
932 4215 986 4262 et
1009 4214 1158 4262 tanta
1189 4207 1345 4278 signa
1379 4206 1565 4262 vident
1596 4207 1760 4262 etiam
1815 4207 1890 4261 illi

316 4298 412 4370 qui
435 4298 656 4370 perfecti
701 4307 756 4354 et
796 4298 954 4354 electi
1000 4307 1130 4353 sunt
1153 4297 1273 4364 Dei,
1321 4297 1651 4353 dubitabunt
1707 4309 1890 4354 utrum

318 4391 436 4462 ipse
461 4389 714 4446 Christus
747 4390 817 4445 sit
841 4387 933 4460 qui
959 4389 1012 4444 in
1035 4390 1142 4444 line
1171 4389 1362 4444 mundi
1413 4399 1678 4447 venturus
1714 4401 1799 4447 est
1821 4408 1890 4446 an

1983 545 2136 600 tollat
2181 546 2386 616 aliquid
2413 547 2482 602 de
2507 561 2568 602 ea
2606 545 2800 617 (Marc.
2849 545 2992 613 xm).
3027 563 3046 598 ι
3095 544 3252 601 Tunc
3273 547 3455 602 omnis
3487 552 3552 602 tl-

1981 637 2118 692 delis
2138 635 2484 694 Christianus
2507 637 2601 707 qui
2631 637 2884 692 inventus
2907 634 3090 703 fuerit,
3121 645 3216 691 aut
3259 635 3428 692 Deum
3460 654 3553 691 ne—

1983 727 2154 797 gabit,
2179 735 2276 782 aut
2295 741 2394 797 per
2422 726 2650 793 ferrum,
2679 736 2774 782 aut
2793 741 2889 796 per
2917 727 3095 796 ignem
3151 725 3409 793 fornacis,
3442 729 3556 783 sive

1981 833 2080 891 per
2105 827 2406 890 serpentes,
2444 834 2541 874 seu
2567 834 2664 890 per
2687 820 2910 885 bestias,
2943 819 3058 874 sive
3087 834 3182 889 per
3206 820 3350 875 aliud
3380 821 3554 890 quod-

1982 910 2111 967 libet
2144 927 2316 983 genus
2365 911 2619 966 tormenti
2669 909 2930 976 interibit,
2964 909 3009 965 si
3046 910 3101 964 in
3139 910 3243 965 ﬁde
3301 926 3557 980 perman~

1983 1006 2135 1061 serit.
2165 1004 2290 1061 Haac
2313 1015 2492 1061 autem
2529 1003 2791 1059 terribilis
2840 1003 3120 1060 tribulatio
3167 1005 3344 1060 tribus
3394 1007 3555 1063 annis

1981 1104 2037 1152 et
2064 1096 2290 1151 dimidio
2313 1095 2532 1151 durabit
2589 1095 2643 1148 in
2676 1101 2788 1148 toto
2815 1093 3042 1148 mundo.
3089 1113 3108 1147 ι
3143 1094 3296 1150 Tunc
3345 1097 3561 1172 brevia:

1980 1187 2186 1242 buntur
2214 1186 2330 1241 dies
2355 1193 2577 1256 propter
2604 1185 2826 1239 electos.
2850 1182 2967 1240 Nisi
2997 1184 3140 1240 enim
3170 1184 3435 1242 Dominus
3459 1188 3558 1243 ab-

1981 1278 2281 1334 breviasset
2312 1277 2430 1332 dies
2456 1292 2564 1331 non
2591 1276 2783 1332 fuisset
2809 1276 2956 1331 salva
2982 1276 3160 1332 omnis
3184 1292 3314 1333 caro
3338 1279 3549 1350 (ibid).r

1983 1369 2222 1439 Tempus
2247 1367 2515 1439 siquidem
2545 1368 2766 1438 quando
2811 1368 3184 1424 Antichristus
3227 1369 3428 1436 veniat,
3467 1371 3556 1426 vel

1982 1463 2203 1534 quando
2233 1461 2349 1517 dies
2397 1461 2588 1531 judicii
2619 1477 2878 1532 apparere
2913 1460 3154 1531 incipiat,
3186 1459 3386 1518 Paulus
3423 1478 3529 1533 apo
3564 1481 3570 1514 ι

1983 1553 2158 1609 stolus
2182 1552 2235 1606 in
2264 1551 2504 1622 Epistola
2525 1552 2593 1606 ad
2618 1551 3134 1607 Thessalonicenses
3181 1550 3350 1606 dicit:
3388 1571 3408 1604 ι
3444 1553 3555 1609 Ro-

1984 1662 2176 1718 gamus
2199 1660 2298 1701 vos
2327 1660 2420 1715 per
2448 1645 2738 1699 adventum
2776 1643 2993 1697 Domini
3039 1644 3209 1697 nostri
3233 1641 3362 1699 Jesu
3390 1643 3555 1700 Chri-

1987 1738 2113 1792 sti.»
2151 1735 2466 1792 Manifestat
2501 1750 2566 1790 eo
2595 1735 2717 1790 loco
2746 1734 2837 1789 ubi
2861 1734 3034 1788 dicit:
3075 1754 3093 1785 ι
3131 1733 3424 1801 Quoniam,
3453 1737 3557 1791 nisi

1984 1827 2195 1882 venerit
2216 1825 2480 1882 discessio
2502 1825 2760 1894 primum,
2796 1831 2851 1878 et
2875 1824 3148 1878 revelatus
3179 1822 3344 1878 fuerit
3395 1825 3560 1879 homo

1984 1927 2238 1988 peccator
2279 1927 2332 1973 et
2374 1917 2518 1972 ﬁlius
2559 1915 2881 1984 perditionis
2912 1914 2998 1985 (Il
3036 1915 3215 1970 Thess.
3241 1917 3324 1986 ιι).
3360 1935 3380 1968 ι
3438 1916 3558 1971 Sci-

1984 2025 2106 2066 mus
2147 2009 2292 2065 enim
2339 2009 2598 2079 quoniam
2647 2017 2770 2078 post
2816 2023 3043 2078 regnum
3081 2006 3414 2074 Graecorum,
3446 2011 3562 2064 sive

1985 2101 2148 2158 etiam
2173 2108 2296 2171 post
2325 2116 2550 2171 regnum
2575 2099 2889 2164 Persarum,
2913 2115 2978 2154 ex
3002 2101 3200 2170 quibus
3215 2103 3563 2173 unumquod-

1985 2208 2093 2264 que
2123 2209 2223 2249 suo
2248 2201 2488 2262 tempore
2508 2207 2702 2263 magna
2730 2192 2899 2264 gloria
2923 2192 3112 2262 viguit,
3128 2199 3184 2246 et
3205 2193 3439 2246 maxima
3463 2209 3562 2263 po-

1985 2285 2151 2342 tentia
2179 2284 2384 2350 ﬂoruit,
2425 2283 2492 2338 ad
2521 2283 2774 2336 ultimum
2797 2297 3015 2353 quoque
3049 2291 3172 2353 post
3194 2292 3386 2338 caatera
3435 2299 3560 2354 reg-

1985 2390 2077 2442 na,
2103 2389 2328 2444 regnum
2361 2372 2734 2428 Romanorum
2764 2373 2928 2444 etrapit
2964 2389 2978 2426 :
3007 2374 3154 2444 quod
3200 2373 3560 2430 fortissimum

1985 2465 2229 2522 omnium
2261 2465 2607 2534 superiorum
2633 2478 2925 2533 regnorum
2963 2462 3084 2530 fuit,
3111 2472 3165 2518 et
3183 2465 3366 2519 omnia
3394 2480 3561 2536 regna

1984 2557 2149 2615 traxit
2161 2572 2225 2612 ac
2239 2556 2340 2612 sub
2352 2555 2720 2632 dominatione
2736 2569 2834 2610 sua
2850 2555 3056 2620 habuit,
3073 2571 3374 2628 omnesque
3387 2559 3564 2614 natio-

1986 2667 2084 2706 nes
2106 2649 2369 2706 Romanis
2396 2649 2703 2705 servierunt
2731 2647 2834 2702 sub
2861 2647 3084 2703 tributo.
3121 2647 3248 2704 inde
3269 2664 3398 2720 ergo
3428 2650 3562 2706 dicit

1985 2741 2266 2812 apostolus
2293 2739 2496 2798 Paulus
2524 2742 2916 2799 Antichristqu
2945 2757 3054 2797 non
3085 2741 3139 2796 in
3164 2742 3428 2796 mundum
3460 2758 3562 2797 au-

1986 2839 2094 2886 tem
2117 2846 2239 2888 esse
2253 2839 2566 2899 venturum,
2583 2833 2689 2889 nisi
2708 2833 2913 2888 venerit
2927 2833 3189 2888 discessio
3205 2832 3440 2902 primum
3471 2831 3524 2903 (I
3533 2830 3564 2886 ι

1989 2920 2168 2976 Thess.
2198 2921 2292 2992 ιι);
2329 2923 2434 2978 hoc
2454 2933 2558 2993 est,
2583 2925 2686 2980 nisi
2709 2925 3063 2980 discesserint
3118 2926 3302 2981 omnia
3326 2943 3488 2997 regna
3530 2943 3562 2982 a

1987 3010 2235 3070 Romano
2262 3013 2514 3084 imperio,
2541 3030 2651 3086 quo
2680 3015 2834 3086 prius
2857 3015 3072 3072 subdita
3105 3026 3282 3072 erant.
3317 3015 3431 3073 Hoc
3459 3034 3562 3074 au-

1992 3110 2102 3158 tem
2125 3112 2339 3174 tempus
2401 3106 2643 3162 nondum
2693 3108 2860 3172 venit,
2918 3109 3067 3178 quia,
3117 3109 3242 3165 licet
3283 3111 3564 3184 videamus

1991 3195 2301 3251 Romanum
2331 3197 2620 3267 imperium
2641 3213 2707 3253 ex
2747 3201 2983 3255 maxima
3007 3210 3164 3270 parte
3204 3203 3562 3270 destructum,

1989 3295 2170 3343 tamen
2234 3303 2391 3360 reges
2428 3286 2762 3345 Francorum
2790 3291 3050 3361 quamdiu
3093 3292 3429 3358 duraverint,
3469 3294 3566 3364 qui

1989 3375 2296 3436 Romanum
2323 3379 2612 3450 imperium
2653 3389 2835 3437 tenere
2864 3382 3080 3448 debent,
3131 3383 3363 3439 Bouiani
3411 3386 3564 3456 regni

1989 3468 2228 3540 dignitas
2256 3485 2323 3525 ex
2357 3478 2474 3524 toto
2511 3485 2616 3525 non
2647 3472 2864 3542 peribit,
2890 3472 3018 3543 quia
3076 3473 3131 3528 in
3180 3475 3402 3546 regibus
3449 3476 3565 3531 suis

1989 3559 2174 3614 stabit.
2215 3557 2447 3624 Quidam
2498 3577 2628 3618 vero
2681 3563 2933 3618 doctores
2979 3565 3151 3620 nostri
3200 3565 3387 3621 dicunt
3417 3566 3566 3636 quod

1989 3664 2134 3704 unus
2161 3663 2226 3704 ex
2247 3650 2464 3721 regibus
2490 3651 2818 3707 Francorum
2849 3653 3154 3710 Romanum
3189 3656 3476 3728 imperium
3498 3673 3567 3712 ex

1992 3739 2203 3810 integro
2230 3742 2451 3806 tenebit,
2478 3742 2571 3812 qui
2625 3743 2678 3796 in
2709 3744 3010 3801 novissimo
3035 3755 3276 3817 tempore
3310 3750 3414 3804 erit
3443 3764 3566 3805 ma-

1990 3831 2175 3886 ximus
2194 3839 2248 3886 et
2269 3831 2493 3887 ultimus
2524 3833 2768 3888 onmium
2791 3850 2999 3906 regum.
3031 3836 3134 3902 Qui
3163 3848 3448 3908 postquam
3480 3857 3568 3897 re-

1993 3937 2160 3992 gnum
2183 3937 2342 3976 suum
2373 3921 2603 3978 feliciter
2629 3925 3034 3994 gubernaverit,
3060 3929 3129 3983 ad
3163 3930 3417 3986 ultimum
3475 3933 3568 3988 Je-

1992 4014 2321 4084 rosolymam
2347 4014 2526 4069 veniet
2549 4021 2601 4069 et
2624 4015 2679 4067 in
2719 4023 2904 4069 monte
2945 4015 3137 4071 Oliveti
3205 4031 3477 4090 sceptrum
3511 4033 3568 4080 et

1993 4118 2253 4161 coronam
2279 4118 2433 4159 suam
2457 4103 2708 4173 deponet.
2741 4101 2840 4158 Hic
2867 4105 2971 4158 erit
2995 4105 3119 4160 ﬁnis
3141 4115 3192 4161 et
3217 4123 3568 4169 consumma-

1995 4196 2072 4250 tio
2100 4194 2491 4259 Romauorum,
2511 4193 2831 4264 imperiique
2854 4193 3308 4252 Christianorum.
3345 4198 3567 4256 Statim-

1994 4300 2102 4356 que
2134 4285 2430 4340 secundum
2461 4284 2773 4354 praedictam
2807 4287 3130 4341 sententiam
3155 4290 3382 4358 apostoli
3411 4289 3566 4347 Pauli

1995 4379 2390 4433 Antichristum
2422 4379 2611 4434 dicunt
2652 4379 2988 4446 adfuturum,
3020 4388 3075 4434 et
3117 4387 3248 4437 tunc
3299 4383 3564 4438 revelabi-

315 4498 450 4539 non.
477 4480 604 4537 ﬂre
656 4491 836 4537 autem
871 4481 1056 4536 omnia
1108 4480 1394 4548 miracula,
1444 4490 1504 4536 ut
1536 4482 1743 4538 dictum
1787 4493 1890 4551 est,

1997 4481 2087 4528 tur
2115 4470 2336 4540 quidam
2378 4471 2542 4525 homo
2579 4471 2667 4542 (ΙΙ
2692 4471 2870 4527 Thess.
2918 4472 3001 4541 ιι),
3027 4472 3395 4530 Antichristus
3423 4476 3570 4532 vide-

314 4572 494 4629 modis
528 4571 784 4627 omnibus
809 4569 943 4626 falsa
967 4577 1128 4624 erunt
1153 4585 1250 4640 per
1279 4571 1680 4628 incantationes
1699 4573 1892 4630 diabo-

312 4663 469 4731 licas,
485 4663 578 4720 sed
595 4663 972 4734 peccatoribus
999 4669 1054 4718 et
1082 4661 1374 4720 incredulis
1394 4663 1719 4720 videbuntur
1742 4680 1892 4722 vera.

813 4754 1019 4810 Divisio
1045 4758 1394 4812 narrationis.

383 4843 656 4902 Excitabit
669 4843 1042 4900 Antichristus
1055 4846 1457 4915 persecutiones
1471 4847 1574 4903 sub
1591 4848 1739 4903 omni
1756 4849 1896 4904 caalo

313 4935 372 4992 in
400 4935 747 4991 Christianos
774 4943 830 4991 et
874 4935 930 4989 in
960 4949 1152 4990 omnes
1179 4935 1399 4991 electos.
1424 4935 1606 5007 Eriget
1633 4952 1692 4992 se
1711 4939 1896 5008 itaque

311 5026 492 5083 tribus
513 5025 692 5082 modis
713 5033 901 5082 contra
927 5025 1136 5094 ﬁdeles,
1169 5026 1377 5082 scilicet
1402 5034 1626 5094 terrore,
1656 5028 1896 5084 miracu-

312 5118 402 5186 lis,
434 5117 778 5174 muneribus.
803 5117 965 5172 Dabit
983 5119 1130 5173 enim
1153 5119 1206 5173 in
1235 5135 1294 5176 se
1338 5118 1687 5180 credentibus
1715 5118 1892 5173 abun-

312 5209 558 5268 dantiam
595 5209 718 5267 auri
747 5217 802 5265 et
863 5211 1094 5281 argenti.
1147 5209 1300 5277 Quos
1328 5225 1457 5266 vero
1505 5225 1614 5265 non
1656 5209 1894 5280 potuerit

313 5303 566 5374 decipere
605 5303 929 5361 muneribus
959 5303 1186 5358 tentabit
1211 5311 1440 5358 terrore.
1465 5301 1616 5369 Quos
1642 5317 1752 5357 non
1783 5311 1893 5357 ter-

314 5409 462 5462 rore,
480 5395 1008 5468 signisetmiraculis
1029 5395 1276 5452 tentabit.
1300 5393 1449 5461 Quos
1468 5411 1568 5452 nec
1584 5395 1898 5466 signisillu-

313 5484 444 5541 dere
469 5486 728 5556 potuerit,
759 5486 813 5542 in
839 5494 1134 5556 conspectu
1162 5487 1409 5541 omnium
1432 5484 1725 5542 miserabili
1750 5500 1901 5540 mor-

313 5581 368 5638 te
390 5576 627 5634 necabit.
669 5595 688 5630 ι
725 5576 881 5634 Tune
912 5579 1019 5634 erit
1050 5578 1175 5634 talis
1214 5577 1518 5644 tribulatio,
1548 5577 1728 5648 qualis
1785 5591 1894 5632 non

314 5665 423 5726 fuit
448 5683 518 5726 ex
544 5685 656 5740 quo
683 5679 872 5742 gentes
895 5684 1020 5726 esse
1069 5681 1355 5743 eruperunt
1408 5683 1584 5739 usque
1641 5670 1709 5725 ad
1756 5667 1896 5724 illud

313 5764 554 5832 tempus.
579 5759 735 5817 Tunc
763 5760 858 5831 qui
883 5761 938 5816 in
966 5775 1100 5830 agro
1121 5771 1250 5817 sunt
1279 5759 1488 5832 fugient
1537 5759 1608 5816 ad
1654 5768 1890 5828 montes;

636 5853 909 5914 ΡΔτιιοι..
953 5851 1192 5913 CLVII.

1999 4563 2143 4628 licet,
2169 4562 2261 4632 qui
2289 4561 2413 4616 licet
2430 4563 2594 4620 homo
2627 4565 2719 4630 sit,
2738 4563 2866 4632 fons}
2885 4566 3032 4620 enim
3047 4566 3150 4620 erit
3176 4568 3419 4622 omnium
3438 4583 3567 4638 pec-

1999 4664 2268 4721 catorum,
2298 4655 2442 4711 ﬁlius
2455 4656 2793 4726 perditionis,
2817 4657 2921 4713 hoc
2941 4667 3025 4713 est
3045 4658 3191 4714 ﬁlius
3209 4660 3432 4727 diaboli,
3456 4677 3568 4718 non

1999 4763 2096 4818 per
2126 4757 2400 4814 naturam,
2427 4749 2520 4803 sed
2551 4763 2648 4817 per
2671 4749 3027 4805 imitationem
3049 4791 3065 4817 ,
3090 4749 3218 4820 quia
3250 4765 3346 4820 per
3385 4767 3496 4807 ornt
3515 4769 3571 4810 .a

2000 4837 2320 4908 adimplebit
2363 4839 2699 4894 voluntatem
2735 4838 2960 4907 diaboli,
2990 4841 3120 4911 quia
3147 4841 3428 4910 plenitudo
3453 4843 3571 4900 ὰὶι-

2003 4929 2192 4984 holieae
2227 4929 2508 5000 potestatis
2554 4939 2609 4986 et
2633 4931 2820 5000 {totius
2877 4932 3006 4986 mali
3059 4932 3263 5005 ingenii
3313 4949 3574 5005 corpora—

2000 5023 2125 5078 liter
2170 5022 2434 5077 habitabit
2489 5022 2546 5077 in
2595 5021 2710 5085 illo,
2752 5022 2811 5078 in
2863 5039 2974 5088 quo
3015 5032 3178 5080 erunt
3232 5040 3424 5083 omnes
3462 5028 3578 5083 tho-

1999 5113 2149 5170 sauri
2199 5113 2421 5170 malitiae
2467 5123 2523 5170 et
2569 5112 2828 5186 nequitiae
2873 5120 2928 5168 et
2970 5113 3293 5184 iniquitatis.

2069 5204 2173 5272 Qui
2221 5205 2562 5273 adversatur,
2610 5205 2665 5261 id
2710 5212 2795 5260 est
2824 5205 3134 5261 contrarius
3157 5217 3240 5262 est
3267 5205 3491 5264 Christo
3519 5215 3578 5264 et

1999 5297 2256 5354 omnibus
2290 5297 2552 5354 membris
2590 5297 2732 5368 ejus,
2767 5305 2823 5352 et
2845 5297 3144 5364 extollitur,
3176 5298 3228 5354 id
3265 5307 3352 5355 est
3392 5299 3447 5354 in
3479 5313 3576 5355 su-

1998 5389 2247 5460 perbiam
2273 5387 2504 5458 erigitur
2533 5402 2700 5458 supra
2724 5402 2889 5444 omne
2917 5387 3064 5458 quod
3085 5387 3286 5442 dicitur
3314 5383 3479 5453 Deus,
3519 5387 3572 5443 id

1999 5490 2086 5540 est
2105 5497 2268 5554 supra
2311 5481 2513 5538 electos
2546 5481 2634 5538 vel
2659 5481 2792 5537 deos
2831 5479 3097 5551 gentium,
3126 5477 3338 5544 Jovem,
3367 5477 3548 5546 ΔροΠὶ
3576 5515 3584 5542 ›,

2000 5587 2160 5640 nem,
2214 5572 2545 5629 Mercurium
2567 5611 2584 5638 ,
2629 5586 2770 5642 quos
2811 5569 3008 5642 pagani
3049 5569 3195 5639 ,deos
3239 5567 3572 5624 existimant.

2003 5665 2179 5738 Supra
2192 5665 2530 5722 omnesistos
2550 5663 3232 5730 extollitttrAutichristus,
3253 5661 3382 5734 quia
3401 5657 3580 5731 majo-

2000 5771 2118 5828 rem
2141 5767 2196 5815 et
2225 5756 2504 5816 fortiorem
2540 5773 2600 5815 se
2621 5757 2784 5815 faciet
2811 5756 2919 5812 illis
2949 5755 3226 5812 omnibus.
3257 5753 3323 5809 Et
3350 5767 3459 5810 non
3485 5762 3578 5812 ao-

3216 5842 3296 5906 Ωιι
