4038 6500
486 417 598 474 Ἱὺίῗ

1623 402 1948 459 WERNERI
1987 403 2282 460 ABBATIS
2325 404 2380 461 S.
2424 405 2647 461 BLASll

3629 414 3712 471 748

462 529 601 584 lum
655 543 819 599 supra
855 527 997 588 illos,
1022 521 1114 578 sed
1159 518 1321 574 etiam
1361 534 1524 589 supra
1562 533 1725 573 omne
1755 518 1899 589 quod
1931 519 2066 574 coli-
2095 534 2143 591 Α
2168 519 2421 574 doctores
2456 518 2603 589 quod
2634 518 2688 571 in
2728 526 2910 573 monte
2934 517 3151 586 Oliveti,
3174 518 3319 574 sicut
3338 519 3450 589 jam
3480 526 3715 590 pramisi-

483 628 603 685 tur,
648 618 702 673 id
749 624 832 671 est
885 619 1127 668 sanctam
1184 608 1529 675 Trinitatem,
1560 624 1684 679 quae
1725 609 2072 665 solummodo

480 710 716 765 colenda
746 716 799 761 et
842 702 1119 758 adoranda
1165 708 1249 755 est
1278 700 1347 754 ab
1375 700 1528 754 omni
1581 710 1853 755 creatura.
1905 700 1983 756 Ita
2014 716 2076 756 se

481 799 733 861 extollet,
758 802 817 848 ut
846 794 901 846 in
931 790 1132 861 templo
1170 789 1265 845 Dei
1295 792 1503 857 sedeat,
1538 793 1834 848 ostendens
1864 808 1923 848 se
1955 803 2075 848 tan-

479 904 648 958 quam
672 883 920 940 sitDeus.
941 881 1076 936 Nam
1107 882 1251 937 sicut
1284 899 1448 954 supra
1476 884 1738 953 diximus,
1770 884 1825 938 in
1855 884 2074 940 civitate

478 976 800 1049 Babyloniae
842 982 1023 1038 natus,
1077 972 1381 1028 Jerusalem
1425 976 1666 1040 veniens,
1723 975 2075 1031 circumcidet

479 1085 540 1125 se
561 1069 749 1124 dicens
773 1065 975 1121 Judaais
1001 1082 1016 1120 :
1044 1064 1159 1136 Ego
1184 1064 1584 1121 sum-Christus
1599 1066 1756 1121 vobis
1778 1067 2075 1136 repromis-

478 1178 600 1229 sus,
647 1161 740 1232 qui
790 1160 856 1213 ad
906 1159 1138 1215 salutem
1178 1168 1419 1212 vestrum
1462 1158 1606 1225 veni,
1647 1168 1706 1213 ut
1735 1173 1831 1213 vos
1869 1158 1962 1228 qui
1994 1158 2073 1211 di-

479 1254 663 1324 spersi
692 1251 826 1308 estis
849 1266 1172 1322 congregem
1201 1260 1255 1306 et
1279 1249 1589 1305 defendam.
1614 1249 1773 1306 Tunc
1793 1250 2073 1307 continent

479 1352 548 1406 ad
576 1365 703 1406 eum
731 1363 921 1405 omnes
952 1345 1151 1413 Judaei,
1188 1346 1525 1402 aestimantes
1562 1362 1621 1402 se
1660 1347 1942 1402 Christum
1975 1363 2072 1403 su-

477 1442 715 1513 scipere,
744 1456 868 1497 cum
899 1438 1206 1509 suscipiant
1233 1438 1533 1493 diabolum.
1569 1436 1675 1492 Sed
1719 1454 1787 1493 ne
1817 1438 1999 1493 subito
2020 1446 2074 1493 et

478 1533 781 1605 improvise
803 1530 1177 1586 Antichristus
1198 1530 1402 1596 veniat,
1447 1536 1503 1584 et
1543 1538 1718 1584 totum
1759 1529 1923 1584 simul
1965 1529 2071 1583 hu-

481 1644 708 1683 manum
751 1640 923 1697 genus
967 1621 1226 1693 decipiat,
1275 1629 1331 1676 et
1364 1636 1465 1676 suo
1493 1636 1680 1677 errore
1704 1621 1912 1691 perdat,
1948 1630 2071 1676 ante

480 1726 735 1773 exortum
757 1716 876 1786 ejus
900 1714 1013 1769 duo
1035 1714 1217 1784 magni
1246 1713 1521 1783 propheta:
1568 1713 1853 1767 mittentur
1881 1711 2069 1767 Enoch

480 1817 537 1862 rt
566 1807 714 1863 Eiias
752 1807 807 1860 in
853 1806 1143 1869 mundum,
1198 1804 1293 1874 qui
1339 1815 1531 1859 contra
1585 1804 1850 1874 impetum
1909 1804 2069 1858 Anti-

380 1884 395 1909 ⁸
480 1897 675 1951 «ιιινίεῑὶ
701 1895 888 1951 tidelcs
914 1893 1008 1948 Dei
1034 1892 1234 1948 divinis
1264 1895 1435 1947 armis
1465 1893 1838 1963 permunient,
1880 1902 1935 1948 et
1977 1894 2067 1947 in—
2101 1891 2143 1945 Β

480 1998 717 2054 strueut,
749 1997 803 2044 et
827 1987 1220 2043 confortabunt
1248 1988 1451 2043 electos
1492 1988 1558 2042 ad
1591 1988 1814 2055 bellum,
1841 1996 1894 2042 et
1930 2002 2068 2057 prte-

480 2079 743 2135 clicabunt
777 2079 952 2133 tribus
982 2077 1143 2133 annis
1171 2086 1226 2131 et
1254 2076 1565 2131 dimidium.
1593 2075 1752 2143 Quali
1786 2084 1944 2132 aetate
1976 2090 2068 2130 ve-

482 2172 643 2226 niunt
694 2170 772 2224 illi
821 2169 967 2225 duo?
1009 2168 1065 2223 In
1116 2184 1177 2223 ea
1222 2184 1331 2239 qua
1375 2169 1644 2240 assumpti
1695 2176 1843 2224 sunt.
1901 2166 2068 2222 Filios

482 2270 667 2318 autem
717 2260 884 2316 Israel
915 2260 1228 2331 quicunque
1258 2274 1324 2314 eo
1368 2268 1612 2330 tempore
1638 2257 1843 2314 fuerint
1872 2258 2067 2313 inven-

482 2355 546 2421 ti,
572 2355 675 2409 hos
698 2353 976 2423 prOphetze
1005 2361 1059 2407 et
1089 2352 1344 2407 doctores
1394 2352 1462 2407 ad
1507 2351 1631 2406 fidei
1673 2351 1906 2422 gratiam
1939 2366 2071 2406 eon-

483 2455 722 2511 vertent,
775 2454 831 2501 et
897 2460 1212 2515 pressuram
1275 2445 1446 2512 tanti,
1487 2444 1721 2499 turbinis
1786 2444 1844 2497 in
1918 2451 2070 2513 parte

482 2539 781 2595 electorum
832 2538 1197 2608 superabilem
1249 2537 1495 2592 reddent.
1546 2535 1702 2590 Tunc
1756 2535 2073 2605 implebitur

482 2630 632 2701 quod
664 2629 948 2699 Scriptura
985 2628 1118 2683 dicit
1152 2647 1165 2681 :
1208 2647 1228 2679 ί
1269 2626 1326 2682 Si
1353 2627 1517 2682 fuerit
1540 2642 1803 2683 numerus
1833 2626 2071 2681 filiorum

483 2720 653 2775 Israel
683 2720 829 2776 sicut
854 2734 1021 2774 arena
1048 2719 1239 2784 maris,
1280 2718 1503 2788 reliqua:
1528 2718 1692 2773 salva:
1722 2719 1850 2773 flent
1893 2718 2067 2789 (Rom.

482 2814 628 2885 vni).
660 2833 679 2865 ι
713 2813 1011 2884 Postquam
1042 2827 1173 2883 ergo
1212 2826 1309 2881 per
1331 2819 1442 2866 tres
1469 2825 1644 2865 annos
1688 2819 1741 2865 et
1783 2809 2071 2865 dimidium

484 2905 929 2977 praedicationem
978 2918 1134 2959 suam
1193 2900 1618 2971 compleverint,
1666 2915 1796 2955 mox
1851 2901 2073 2972 incipiet

485 2997 884 3055 excandescere
925 2991 1251 3049 Antichristi
1285 2990 1615 3062 persecutio,
1641 2999 1696 3046 et
1737 3000 1926 3047 contra
1977 3006 2072 3048 eos

484 3087 861 3144 Antichristus
884 3085 1125 3156 primum
1156 3098 1310 3138 arma
1341 3098 1442 3137 sua
1466 3080 1712 3151 arripiet,
1751 3096 1959 3152 eosque
1986 3082 2071 3137 in-

486 3180 737 3247 terflciet,
794 3179 937 3233 sicut
982 3177 1037 3230 in
1091 3174 1420 3247 Apocalypsi
1466 3174 1667 3244 legitur
1707 3192 1720 3227 :
1755 3192 1776 3224 ι
1822 3172 1890 3228 Ει
1944 3189 2070 3229 cum

486 3272 752 3338 ﬁnierint,
785 3257 1005 3339 finquit,
1060 3267 1453 3324 testimoniium
1507 3281 1691 3333 suum,
1737 3266 1912 3321 beStia
1955 3282 2077 3336 qua:

485 3362 734 3420 ascendit
758 3360 825 3416 de
851 3359 1053 3430 abysso
1084 3356 1348 3412 adversus
1400 3370 1497 3411 eos
1553 3354 1717 3412 faciet
1760 3355 1985 3422 bellum,
2024 3365 2078 3411 et

487 3455 671 3510 vincet
698 3466 814 3517 eos,
847 3458 901 3506 et
921 3449 1210 3505 interticiet
1242 3448 1425 3519 (Apoc.
1460 3449 1561 3517 xi).
1599 3466 1618 3500 ι
1648 3445 1946 3518 Postquam
1988 3448 2079 3503 isti

488 3548 600 3602 duo
635 3542 908 3600 interfecti
942 3540 1167 3607 fuerint,
1220 3539 1350 3594 inde
1386 3547 1614 3595 caeteros
1663 3539 1852 3595 fideles
1894 3554 2078 3609 perse-

488 3653 685 3708 quens,
718 3645 812 3691 aut
849 3641 1119 3704 martyres
1167 3632 1437 3702 gloriosos
1474 3630 1657 3698 faciet,
1682 3638 1777 3686 aut
1801 3641 2080 3702 apostatas

489 3730 698 3786 reddet.
738 3727 805 3782 Et
860 3726 1175 3797 quicunque
1209 3724 1267 3778 in
1291 3738 1417 3779 eum
1454 3723 1817 3789 crediderint,
1858 3724 2076 3795 signum

490 3818 787 3875 caracteris
811 3816 931 3887 ejus
968 3816 1026 3869 in
1050 3813 1230 3869 fronte
1256 3813 1545 3885 accipient.
1577 3811 1685 3869 Sed
1706 3813 1774 3869 de
1806 3814 2079 3884 principio

493 3911 616 3981 ejus
657 3910 771 3980 jam
803 3907 939 3965 satis
971 3906 1214 3963 diximus
1249 3924 1263 3960 :
1296 3920 1444 3961 nunc
1466 3919 1632 3976 quem
1666 3907 1829 3962 tinem
1884 3906 2081 3961 habeat

492 4002 760 4056 dicamus.

2102 3234 2145 3293 C

993 4089 1200 4147 Divisio
1223 4092 1576 4146 narrationis.

565 4183 665 4240 Hic
700 4183 1095 4249 Antichristus,
1138 4183 1345 4239 diaboli
1374 4184 1520 4240 ﬁlius
1565 4191 1620 4239 et
1658 4184 1827 4239 totius
1857 4183 2080 4237 malitia:

491 4278 712 4343 artifex,
738 4278 794 4331 in
836 4277 1014 4332 tribus
1047 4277 1297 4347 partibus
1332 4277 1546 4343 mundi,
1582 4275 1735 4343 Asia,
1767 4274 1974 4341 Africa,
2025 4283 2080 4329 et

493 4372 732 4442 Europa,
755 4370 929 4425 tribus
948 4370 1152 4440 linguis
1181 4370 1505 4440 appellatur.
1527 4367 1587 4423 In
1608 4366 1852 4430 Hebraea,
1886 4367 2077 4421 Amol-

492 4481 602 4533 me,
622 4464 772 4519 idest
794 4479 955 4534 nego;
974 4463 1027 4516 in
1045 4461 1252 4529 (ξι-πρε,
1271 4462 1566 4529 Antimosi,
1580 4460 1634 4515 id
1648 4469 1732 4517 est
1747 4461 2075 4524 contrarius;

2179 626 2323 675 mus,
2348 609 2720 665 Antichristus
2748 609 3027 665 occidetur
3054 611 3109 664 in
3132 610 3426 680 papilione,
3456 621 3507 667 et
3534 614 3584 668 in
3601 619 3716 673 solio

2177 716 2280 756 suo
2303 700 2356 754 in
2387 700 2481 754 illo
2503 701 2623 755 loco
2650 714 2761 770 quo
2787 699 2927 755 Deus
2948 702 3194 756 ascendit
3236 702 3293 755 in
3337 702 3529 758 emtum
3574 706 3719 765 Dabo.

2178 808 2302 847 ntus
2338 802 2520 848 autem
2552 792 2695 849 scire
2745 793 2913 862 quod,
2965 802 3255 863 postquam
3304 793 3472 848 fuerit
3514 799 3718 868 occisus,

2177 900 2284 939 non
2326 883 2511 939 statim
2554 884 2735 939 veniet
2775 883 2893 938 dies
2910 884 3101 953 judicii
3132 883 3314 955 (Joan.
3346 885 3454 954 In),
3485 889 3570 942 sed
3599 890 3719 946 sicut

2176 972 2318 1027 libro
2363 972 2604 1028 Danielis
2653 973 2907 1044 legimus,
2940 974 3301 1044 quadraginta
3376 975 3459 1030 ies
3499 981 3719 1036 concedet

2177 1064 2443 1120 Dominus
2481 1066 2669 1121 electis
2718 1073 2780 1119 ut
2837 1074 3003 1135 agant
3049 1064 3453 1135 pmnitentiam,
3505 1071 3590 1138 qui
3638 1072 3720 1126 ali-

2176 1157 2498 1226 quantulum
2528 1156 2735 1213 seducti
2765 1164 2924 1211 erant
2952 1156 3022 1211 ab
3041 1157 3406 1212 Antichristo.

2248 1249 2549 1320 Postquam
2603 1264 2734 1304 vero
2788 1249 3169 1320 penitentiam
3223 1250 3457 1321 egerint,
3495 1263 3722 1321 quantum

2179 1344 2440 1413 temporis
2481 1344 2579 1398 fiat
2624 1360 2913 1414 quousque
2938 1342 3206 1399 Dominus
3232 1344 3449 1413 veniat,
3476 1347 3637 1403 nullus
3657 1360 3726 1406 est

2176 1434 2270 1504 qui
2293 1435 2451 1501 sciat,
2481 1436 2577 1491 sed
2607 1435 2661 1489 in
2695 1436 3057 1505 dispositione
3084 1434 3180 1490 Dei
3207 1446 3413 1502 manet,
3445 1438 3535 1506 qui
3560 1453 3615 1493 ea
3643 1441 3725 1494 ho-

2176 1542 2237 1581 ra
2257 1527 2514 1582 saeculum
2542 1526 2829 1597 judicabit,
2854 1527 2949 1597 qui
2972 1534 3097 1581 ante
3123 1527 3383 1582 saeculum
3407 1528 3727 1597 judicandum

2176 1634 2299 1674 esse
2328 1618 2577 1688 praeﬁxit.
2620 1617 2947 1675 Eritautem
3002 1620 3272 1690 judicium
3318 1622 3374 1675 in
3419 1622 3556 1678 valle
3597 1622 3727 1681 Josa-

2176 1712 2329 1781 phat,
2363 1720 2423 1765 ut
2451 1711 2671 1766 dicitur.
2713 1710 2879 1766 Vallis
2902 1709 3169 1782 Josaphat
3203 1712 3407 1768 dicitur
3436 1715 3585 1769 vallis
3602 1716 3730 1784 judi-

2177 1804 2267 1857 cii.
2296 1802 2465 1858 Vallis
2490 1812 2574 1858 est
2610 1817 2825 1873 semper
2867 1804 3027 1873 juxta
3078 1813 3344 1860 montem.
3374 1805 3634 1863 Vallisest
3653 1809 3730 1865 hic

2174 1895 2432 1960 mundus,
2458 1910 2618 1950 mens
2646 1902 2732 1949 est
2758 1897 2982 1950 coelum.
3034 1894 3091 1949 In
3126 1896 3265 1951 valle
3306 1898 3479 1968 igitur
3517 1899 3571 1955 fit
3606 1902 3732 1971 judi-

2176 1987 2347 2051 cium;
2380 1986 2432 2041 id
2466 1995 2553 2041 est
2586 1988 2642 2041 in
2699 1987 2805 2042 isto
2854 1988 3083 2054 mundo,
3117 1988 3323 2045 scilicet
3377 1991 3433 2045 in
3487 2008 3619 2060 aere,
3652 1995 3728 2049 ubi

2172 2077 2307 2148 justi
2346 2079 2412 2134 ad
2448 2078 2727 2134 dexteram
2757 2079 2985 2149 Christi,
3015 2089 3075 2135 ut
3105 2098 3235 2137 oves
3279 2091 3613 2153 statuentur;
3650 2087 3736 2140 im-

2177 2169 2251 2239 pii
2282 2178 2561 2237 autem,ut
2587 2171 2724 2226 haedi
2753 2172 2821 2227 ad
2849 2171 3128 2227 sinistram
3156 2182 3453 2243 ponentur.
3485 2173 3736 2241 Quomodo

2178 2261 2246 2316 ad
2271 2261 2518 2316 dextram
2548 2262 2632 2316 vel
2659 2263 2979 2319 sinistram?
2996 2264 3077 2319 Ad
3100 2263 3375 2333 dextram,
3400 2267 3606 2322 scilicet
3633 2286 3739 2326 sur-

2180 2370 2302 2410 sum
2343 2356 2398 2409 in
2452 2355 2662 2425 gloria;
2704 2356 2770 2409 ad
2833 2356 3136 2422 sinistram,
3178 2356 3440 2413 deorsum
3502 2360 3553 2413 in
3594 2369 3736 2416 terra.

2176 2447 2317 2503 Justi
2348 2447 2579 2518 geminis
2603 2446 2705 2501 alis
2725 2447 3008 2503 charitatis
3030 2448 3099 2504 ad
3137 2450 3245 2504 alta
3296 2450 3666 2517 sublevantur,
3693 2461 3742 2507 ut

2177 2540 2397 2605 dicitur,
2430 2539 2605 2594 sancti
2633 2547 2854 2594 sument
2880 2554 3089 2609 pennas
3119 2550 3181 2595 ut
3205 2542 3425 2610 aquilm,
3460 2543 3605 2612 impii
3629 2556 3739 2612 pec-

2178 2632 2334 2699 catis,
2368 2638 2429 2686 ut
2471 2631 2754 2701 plumbum
2800 2631 2868 2686 ad
2924 2640 3138 2687 terrena
3190 2633 3395 2703 quibus
3445 2644 3557 2689 toto
3601 2635 3745 2690 corde

2178 2721 2528 2786 inhaeserant,
2582 2721 2837 2777 deorsum
2885 2722 3286 2792 deprimuntur.
3365 2723 3445 2779 De
3495 2725 3745 2780 celeritate

2176 2826 2308 2868 vero
2339 2812 2506 2881 hujus
2537 2811 2730 2882 judicii
2769 2813 3109 2882 Augustinus
3152 2815 3229 2869 ait
3257 2815 3325 2869 ad
3361 2814 3744 2871 Consentium:

2177 2899 2238 2955 In
2267 2910 2471 2968 atomo,
2505 2902 2684 2972 inquit
2708 2901 3025 2972 Apostolus,
3054 2903 3157 2958 hoc
3177 2913 3263 2958 est
3298 2908 3356 2959 in
3398 2916 3602 2975 puncto
3624 2914 3748 2961 tem-

2177 2991 2349 3062 poris,
2375 2991 2521 3062 quod
2546 2991 2714 3047 dividi
2742 3007 2852 3046 non
2874 3000 3073 3062 potest,
3102 2994 3158 3047 in
3188 2994 3295 3050 ictu
3329 2996 3483 3050 oculi
3528 2996 3630 3051 hoc
3672 3003 3750 3052 est

2178 3082 2234 3137 in
2262 3098 2478 3139 summa
2505 3084 2801 3153 celeritate,
2835 3085 3133 3141 novissima
3158 3088 3306 3155 tuba,
3334 3088 3443 3144 hoc
3475 3090 3639 3145 estin
3661 3104 3753 3144 no-

2177 3173 2409 3231 vissimo
2455 3176 2615 3248 signo
2662 3177 2809 3241 quod
2836 3177 3078 3244 dabitur,
3107 3188 3166 3233 ut
3210 3180 3317 3234 ista
3365 3183 3754 3253 compleantur.

2179 3266 2352 3324 Canet
2373 3270 2540 3336 enim,
2562 3270 2760 3341 inquit,
2784 3270 2936 3336 tuba,
2952 3279 3007 3326 et
3029 3273 3231 3326 mortui
3259 3287 3555 3345 resurgent
3590 3290 3762 3330 incor-

2180 3362 2407 3431 rupti,et
2430 3376 2532 3418 nos
2559 3363 2993 3431 immutabimur,
3011 3373 3066 3419 et
3094 3364 3255 3419 istam
3277 3367 3761 3422 commutationem

2182 3452 2237 3506 in
2267 3453 2462 3509 melius
2484 3454 2603 3509 sine
2633 3453 2974 3508 dubitatione
2990 3462 3202 3523 oportet
3224 3456 3481 3527 intelligi,
3509 3459 3640 3527 quia
3661 3473 3766 3512 our

2181 3559 2302 3611 nes,
2324 3554 2379 3600 et
2416 3546 2552 3615 justi
2574 3553 2629 3600 et
2656 3545 2864 3615 injusti,
2890 3547 3252 3601 resurrecturi
3304 3556 3451 3603 sunt.
3497 3548 3609 3605 Sed
3636 3549 3769 3604 sicut

2182 3633 2448 3691 Dominus
2476 3636 2529 3689 in
2552 3634 2846 3706 Evangelia
2877 3636 3121 3706 loquitur
3148 3657 3161 3690 :
3200 3655 3219 3688 ι
3255 3635 3413 3702 Quod
3442 3638 3658 3694 bonum
3696 3637 3771 3691 fe-

2181 3726 2337 3790 cerit,
2365 3725 2420 3779 in
2444 3728 2905 3782 resurrectionem
2932 3728 3085 3794 vitae;
3110 3728 3256 3797 quod
3304 3730 3445 3784 male
3499 3729 3690 3801 egerit,
3715 3729 3768 3783 in

2180 3817 2634 3873 resurrectionem
2659 3817 2851 3888 judicii
2885 3817 3067 3888 (Joan.
3105 3819 3183 3889 v),
3217 3838 3237 3870 ι
3265 3820 3550 3889 judicium
3595 3821 3771 3891 appel-

2180 3904 2299 3962 lans
2329 3922 2546 3977 poenam
2588 3908 3014 3976 sempiternam;
3049 3909 3193 3963 sicut
3239 3910 3349 3965 alio
3393 3911 3526 3967 loco
3566 3931 3580 3966 :
3622 3931 3641 3963 ι
3676 3910 3771 3977 Qui

2180 4013 2290 4051 non
2321 3998 2514 4064 credit,
2559 3998 2758 4069 inquit,
2789 4000 2903 4070 jam
2951 3999 3231 4069 judicatus
3259 4012 3345 4057 est
3387 4003 3586 4074 (Joan.
3620 4006 3725 4075 ut).
3754 4021 3773 4053 ι

2180 4087 2414 4145 Proinde
2454 4090 2532 4144 illi
2554 4091 2651 4160 qui
2691 4092 2759 4146 ad
2784 4091 3052 4161 judicium
3082 4096 3448 4151 resurrecturi
3485 4107 3646 4161 sunt,
3673 4111 3775 4150 non

2180 4181 2665 4236 commutabuntur
2717 4183 2775 4236 in
2817 4183 2968 4237 illam
3005 4183 3459 4256 incorruptelam,
3516 4204 3649 4259 qua:
3685 4201 3784 4242 nec

2180 4274 2390 4330 doloris
2416 4274 2829 4345 corruptionem
2860 4279 2973 4348 pati
3002 4287 3202 4351 potest.
3232 4278 3330 4336 Illa
3365 4297 3625 4352 namque
3654 4280 3782 4335 ﬁde-

2182 4366 2314 4421 lium
2344 4375 2426 4423 est
2447 4376 2610 4438 atque
2635 4378 2976 4427 sanctorum.
2999 4370 3092 4429 Isti
3116 4387 3244 4427 vero
3266 4382 3538 4444 perpetua
3562 4375 3790 4430 damna.

2180 4458 2328 4513 tione
2348 4460 2760 4527 cremabuntur,
2781 4462 2909 4531 quia
2931 4463 3071 4534 ignis
3097 4479 3289 4519 eorum
3319 4482 3430 4521 non
3457 4466 3787 4536 exstingue-

494 4559 549 4612 in
578 4556 795 4622 Latina,
820 4554 1002 4621 Titan,
1028 4555 1082 4609 id
1125 4563 1209 4609 est
1251 4554 1331 4608 sol
1364 4554 1447 4608 vel
1491 4555 1663 4624 gigas.
1700 4552 1802 4619 Qui
1836 4568 1932 4622 per
1969 4561 2078 4607 tres
2112 4575 2154 4629 ο
2185 4558 2292 4616 tur,
2315 4559 2369 4603 et
2390 4551 2590 4606 vermis
2626 4567 2816 4608 eorum
2849 4569 2957 4609 non
2996 4556 3281 4611 morietur.
3313 4557 3395 4612 Ac
3419 4573 3529 4627 per
3569 4557 3687 4612 hoc
3718 4556 3797 4610 in-

495 4664 670 4705 annos
692 4656 747 4704 et
771 4647 1080 4713 dimidium,
1113 4646 1257 4701 sicut
1283 4662 1447 4716 supra
1476 4646 1683 4701 dictum
1734 4655 1838 4712 est,
1884 4660 2078 4715 magna

491 4740 877 4811 persecutione
925 4747 1103 4793 totum
1154 4740 1423 4794 mundum
1471 4738 1708 4803 vexabit,
1767 4745 1822 4793 et
1860 4754 2078 4793 omnem

493 4834 758 4903 populum
804 4831 900 4887 Dei
927 4831 1096 4887 variis
1143 4831 1321 4901 pmnis
1369 4831 1749 4887 circumdabit.
1784 4828 2079 4900 Postquam

496 4924 687 4979 Enoch
713 4934 767 4979 et
798 4923 971 4979 Ellam
1019 4924 1326 4991 interﬁciet,
1351 4932 1406 4978 et
1436 4933 1663 4980 caeteros
1716 4923 1772 4977 in
1820 4923 1923 4977 fide
1957 4938 2081 4992 per-

494 5025 784 5073 manentes
819 5018 1080 5089 martyrio
1104 5017 1470 5085 coronaverit,
1500 5017 1569 5072 ad
1604 5016 1861 5071 ultimum
1899 5016 2081 5071 veniet

493 5108 579 5162 ira
603 5105 698 5162 Dei
722 5121 884 5176 super
918 5107 1093 5161 illum.
1119 5106 1256 5162 Nam
1287 5108 1581 5164 tentorium
1613 5122 1774 5162 suum
1812 5106 1879 5161 ad
1910 5121 2080 5176 expu-

495 5200 745 5270 gnandos
768 5199 947 5270 justos
970 5200 1023 5254 in
1053 5210 1240 5257 monte
1263 5199 1461 5255 Oliveti
1483 5200 1757 5267 extendet,
1783 5199 1835 5253 in
1863 5213 1973 5270 quo
1996 5198 2081 5252 in—

493 5293 712 5349 venitur
744 5291 926 5345 subita
954 5299 1128 5346 morte
1157 5299 1431 5347 mortuus.
1458 5291 1524 5346 Et
1554 5291 1697 5348 sicut
1721 5292 1915 5347 beatus
1936 5290 2081 5345 Pau-

494 5384 584 5438 lus
605 5381 799 5437 scribit
821 5381 1011 5437 dicens
1041 5400 1054 5435 :
1090 5400 1109 5433 ι
1135 5380 1406 5448 Quoniam
1441 5382 1706 5439 Dominus
1730 5382 1890 5439 Iesus
1920 5383 2083 5437 inter-

494 5474 644 5529 ﬁciet
662 5474 859 5544 spiritu
884 5473 997 5529 oris
1027 5474 1111 5530 sui
1143 5472 1232 5545 (II
1263 5472 1441 5529 Thess.
1488 5475 1572 5545 ιι),
1614 5493 1634 5527 ι
1672 5475 1785 5530 sive
1815 5474 2080 5529 Dominus

495 5564 656 5620 Jesus
687 5564 978 5620 interficiet
1015 5565 1169 5620 illum
1216 5565 1460 5636 potentia
1516 5564 1747 5620 visionis
1801 5578 1933 5629 suae,
1965 5562 2081 5619 sive

497 5656 862 5727 archangelus
913 5656 1144 5712 Michael
1190 5656 1480 5712 interﬁciet
1507 5657 1659 5711 illum
1701 5670 1797 5725 per
1824 5654 2079 5707 virtutem

497 5745 717 5801 Domini
740 5748 912 5803 nostri
938 5747 1066 5802 lesu
1091 5745 1326 5813 Christi;
1360 5761 1467 5801 non
1500 5762 1597 5816 per
1620 5746 1872 5801 virtutem
1895 5743 2081 5813 cujus-

500 5836 631 5892 libet
651 5838 827 5908 angeli
842 5838 923 5892 vel
938 5836 1251 5907 archangeli
1266 5835 1563 5892 occidetur.
1582 5835 1831 5891 Tradunt
1852 5848 2074 5906 quoque

2183 4643 2428 4713 corrupti
2463 4643 2683 4714 quidem
2714 4654 3001 4717 resurgent
3034 4647 3346 4718 integritate
3368 4649 3791 4712 membrorum,

2183 4733 2277 4790 sed
2308 4744 2488 4790 tamen
2519 4738 2902 4807 corrumpendi
2927 4738 3115 4793 dolore
3144 4754 3458 4809 poenarum,
3511 4756 3658 4797 cum
3708 4756 3805 4795 auo

2181 4823 2381 4879 dieriut
2417 4843 2429 4879 :
2465 4843 2484 4876 ‹
2518 4822 2593 4880 Ite
2616 4826 2671 4881 in
2696 4827 2874 4897 ignem
2912 4840 3176 4883 aeternum
3204 4831 3301 4899 qui
3323 4839 3802 4901 praeparatusest

2180 4914 2399 4969 diabolo
2418 4922 2473 4969 et
2496 4915 2703 4986 angelis
2730 4916 3093 4989 ejus'(MauIt.
3125 4920 3278 4986 xxv),
3310 4938 3330 4972 ι
3371 4936 3403 4975 a
3433 4936 3565 4991 quo
3604 4920 3812 4977 auditu

2181 5006 2327 5061 malo
2350 5007 2534 5077 justus
2560 5022 2672 5065 non
2699 5008 2927 5065 timebit.

2249 5096 2327 5154 De
2348 5097 2560 5153 eodem.
2589 5097 2662 5153 Ut
2690 5100 2876 5157 radius
2917 5101 3063 5156 oculi
3093 5103 3271 5159 nostri
3306 5120 3419 5159 non
3447 5105 3653 5161 citius
3680 5118 3820 5175 per-

2182 5188 2331 5267 venit
2355 5190 2423 5245 ad
2447 5191 2861 5262 propinquiora,
2892 5208 2994 5248 nec
3022 5193 3231 5249 tardius
3258 5195 3328 5251 ad
3363 5196 3818 5266 longinquiora,

2182 5280 2279 5336 sed
2312 5289 2542 5351 utraque
2572 5282 2856 5338 intervalla
2886 5284 3043 5354 parili
3068 5285 3350 5341 celeritate
3380 5287 3723 5358 contingit,
3742 5286 3829 5342 ita

2181 5387 2307 5427 cum
2353 5374 2410 5428 in
2447 5373 2558 5429 ictu
2601 5376 2767 5443 oculi,
2794 5376 2937 5432 sicut
2962 5377 3440 5447 Apostolusdicit,
3489 5380 3588 5434 sit
3622 5395 3831 5437 resur-

2181 5466 2352 5521 rectio
2402 5476 2776 5536 mortuorum,
2822 5471 3231 5540 omnipotentiae
3267 5470 3364 5526 Dei
3404 5480 3457 5526 et
3518 5470 3835 5529 ineﬂabili

2182 5561 2340 5614 nutui
2367 5568 2479 5615 tam
2506 5559 2664 5616 facile
2682 5570 2768 5617 est
2793 5576 3022 5633 quaeque
3043 5563 3283 5618 recentia
3302 5577 3466 5633 quam
3514 5564 3836 5620 diuturno

2181 5660 2425 5723 tempore
2448 5654 2656 5724 dilapsa
2687 5654 2951 5709 cadavera
2981 5655 3272 5711 suscitare.
3296 5655 3427 5711 Item
3454 5654 3548 5710 de
3577 5657 3843 5714 eodem.

2181 5741 2298 5798 Erit
2314 5745 2581 5814 judicium
2616 5747 2741 5817 ipso
2776 5747 3055 5816 inopinato
3084 5746 3298 5804 Domini
3333 5749 3608 5807 adventu
3642 5751 3851 5808 celer-

2182 5832 2382 5890 rimum
2408 5853 2421 5890 :
2449 5837 2597 5906 quod
2644 5828 3016 5895 tardissimum
3064 5838 3381 5908 putabatur,
3423 5838 3596 5910 quia
3666 5842 3854 5913 imi
