4038 6460
327 365 431 423 ω

1278 366 1852 429 DEFLORATIONES
1891 372 1991 431 SS.
2030 373 2339 433 PATRUM.
2379 407 2448 418 α-
2479 379 2609 437 LIB.
2644 383 2689 440 Ι.
3500 398 3530 451 7

321 479 731 546 conscientias,
770 479 817 535 si
855 493 965 534 non
1010 480 1283 537 sermonis
1323 482 1652 551 prolixitate,
1690 487 1911 541 convin-
1945 493 1992 550 Α
2020 489 2433 547 conscientiam.
2464 491 2625 561 Quali
2647 503 2830 552 autem
2869 498 3047 556 forma
3073 505 3356 573 apparebit
3386 507 3459 564 ibi
3493 510 3600 567 Do-

320 580 427 629 cet.
485 570 546 627 in
602 571 1051 644 cogitationibus}
1075 573 1245 639 enim,
1300 573 1445 628 sicut
1497 576 1760 646 scriptum
1806 588 1910 647 est,

327 684 349 720 ι
375 666 533 737 impii
580 667 939 739 interrogatio
976 668 1081 724 erit
1112 667 1266 740 (Sap,
1322 673 1383 739 ι).
1416 689 1436 721 ι
1472 669 1539 725 Ει
1566 670 1860 742 Apostolus
1894 694 1907 730 :

328 759 833 831 «Cogitationibus,
876 781 895 813 ι
936 763 1134 832 inquit,
1185 781 1205 814 ι
1262 764 1650 820 accusantibus
1696 766 1780 820 vel
1813 783 1909 822 ex-

323 851 644 907 cusantibus
674 851 730 906 in
754 851 841 906 die
869 867 976 922 qua
995 853 1264 922 judicabit
1308 852 1451 909 Deus
1483 856 1694 910 occulta
1731 857 1910 911 homi-

320 956 452 996 num
490 942 793 997 secundum
817 940 1166 1013 Evangeliuin
1191 959 1371 997 meum
1404 958 1500 1013 per
1528 943 1716 1000 Jesum
1747 943 1908 998 Chri-

323 1039 467 1087 stum
499 1032 677 1104 (Rom.
730 1032 813 1103 ll).
854 1052 874 1085 ι
909 1032 1086 1087 Etiam
1139 1033 1402 1089 Dominus
1445 1035 1527 1090 sic
1575 1034 1795 1090 futurus
1820 1043 1903 1090 est

319 1123 476 1179 testis
515 1124 901 1195 intelligendus
933 1125 1114 1191 velox,
1145 1140 1270 1180 cum
1323 1125 1444 1180 sine
1484 1140 1640 1180 mora
1682 1140 1901 1181 revoca-

321 1224 476 1272 turus
510 1217 677 1273 estin
707 1217 1051 1285 memoriam,
1096 1216 1242 1273 unde
1292 1216 1581 1273 convincat
1607 1216 1905 1287 puuiatque

2018 577 2246 634 minus?
2274 578 2472 640 Electis
2495 585 2550 639 in
2576 601 2640 641 ea
2670 586 2846 643 forma
2873 604 2982 660 qua
3012 592 3067 647 in
3097 603 3285 651 monte
3306 601 3599 669 apparuit;

2014 672 2264 741 reprobis
2291 690 2423 730 vero
2452 678 2508 731 in
2539 693 2604 733 ea
2643 679 2821 737 forma
2870 698 2978 754 qua
3010 685 3067 740 in
3115 702 3278 745 cruce
3320 693 3596 762 pependit.

2013 758 2129 815 Erit
2153 761 2225 816 ibi
2249 779 2404 832 crux,
2421 767 2628 824 scilicet
2653 771 2861 843 lignum
2886 775 2941 829 in
2964 791 3075 846 quo
3099 793 3297 848 passus
3312 758 3404 838 ὁδί
3415 781 3599 838 Domi-

2012 851 2628 927 nus?Nequaquam,sed
2642 862 2735 918 lux
2750 864 2805 919 in
2823 867 3042 923 modum
3058 872 3599 945 crucis,splendidior

2013 944 2147 999 sole.
2174 945 2292 1012 Qua
2322 949 2456 1005 hora
2487 951 2904 1023 fletjudicium?
2931 958 3104 1017 Media
3128 944 3423 1035 nocteiqua
3459 966 3596 1022 hora

2008 1036 2232 1106 angelus
2290 1038 2587 1112 [Egyplum
2632 1046 2954 1117 devastavit,
3003 1060 3057 1106 et
3103 1051 3371 1123 Dominus
3422 1056 3595 1113 infer-

2006 1141 2135 1182 num
2165 1129 2508 1204 despoliavit,
2533 1150 2598 1191 ea
2628 1136 2763 1194 hora
2794 1140 2997 1198 electos
3021 1157 3157 1201 suos
3177 1146 3244 1203 de
3264 1147 3369 1204 hoc
3388 1149 3591 1206 munde

2005 1217 2277 1278 liberabit.

1931 1354 1998 1369 ..δέ

414 1494 1021 1592 DOMINICA
1088 1499 1622 1593 SECUNDA
1693 1500 2006 1591 ANTE
2084 1504 2921 1609 NATIVITATEM
3000 1523 3491 1619 DOMINI.

392 1695 412 1724 σ
440 1676 580 1731 Cum
612 1677 856 1733 audisset
879 1677 1121 1735 Joannes
1147 1681 1205 1735 in
1229 1674 1467 1735 vinculis
1488 1695 1651 1751 opera
1669 1679 1895 1746 Christi,
1928 1686 1971 1742 Β
2000 1680 2087 1738 lus
2117 1703 2129 1739 :
2153 1703 2171 1736 α
2196 1684 2310 1743 Nos
2337 1699 2520 1746 autem
2549 1693 2914 1763 praedicamus
2941 1699 3219 1759 Christum
3244 1708 3590 1777 cruciﬁxum,

318 1769 538 1825 mittens
564 1766 707 1824 duos
733 1770 800 1824 de
843 1770 1128 1841 discipulis
1159 1772 1277 1826 suis
1322 1771 1398 1825 ait
1446 1770 1564 1825 illi:
1600 1769 1683 1824 Tu
1722 1786 1783 1825 es
1804 1771 1899 1841 qui

316 1872 578 1919 venturus
611 1879 777 1930 es,an
809 1864 975 1918 alium
1025 1863 1489 1934 exspectamus?»
1532 1861 1751 1935 (Matth.
1796 1860 1897 1930 xi.)

312 1952 471 2010 Jesus
496 1971 557 2010 es
593 1973 607 2010 :
638 1954 834 2009 Manda
868 1955 1002 2009 mihi
1033 1962 1216 2009 utrum
1254 1962 1308 2011 te
1350 1953 1577 2009 debeam
1608 1953 1902 2008 annuntia-

313 2063 371 2102 re
397 2046 588 2103 inferis
612 2063 723 2118 quo
762 2047 1128 2102 descensurus
1164 2061 1309 2112 sum,
1351 2060 1421 2100 an
1459 2059 1569 2099 non
1610 2042 1900 2099 conveniat

309 2147 365 2194 te
390 2148 615 2209 gustare
637 2145 899 2211 mortem,
933 2152 1057 2193 cum
1088 2136 1185 2192 Dei
1226 2137 1304 2193 sis
1335 2136 1507 2191 Filius
1520 2136 1898 2207 {muscosius

309 2247 466 2301 super
502 2229 881 2301 Ezechielcm.)
915 2228 1151 2300 Spiritus
1175 2228 1474 2298 prophetia-
1517 2226 1897 2298 prophetantis

309 2323 547 2380 animam
573 2323 747 2393 tangit
784 2323 1079 2393 aliquando
1114 2337 1181 2378 ex
1218 2321 1469 2392 praesenti
1495 2330 1683 2377 etnon
1713 2336 1780 2376 ex
1809 2319 1897 2374 fu»

311 2424 456 2481 turo,
477 2413 805 2470 utJoannes
832 2415 909 2469 ait
944 2434 957 2469 :
996 2433 1017 2468 ι
1066 2414 1207 2470 Ecce
1241 2430 1417 2486 agnus
1445 2413 1540 2468 Dei
1567 2412 1747 2484 (Joan.
1774 2412 1834 2484 1).
1868 2431 1888 2465 ι

311 2504 611 2561 Moriturus
642 2515 827 2562 autem
855 2506 1142 2577 requisivit
1166 2521 1263 2576 per
1298 2506 1601 2576 discipulos
1643 2519 1777 2560 suos
1803 2503 1890 2559 di-

310 2612 440 2654 cens
473 2616 487 2652 :
526 2617 546 2651 ι
603 2597 686 2653 Tu
709 2613 771 2654 es
798 2598 892 2669 qui
919 2607 1183 2653 venturus
1210 2613 1291 2667 es,
1318 2613 1389 2652 an
1417 2597 1586 2652 alium
1616 2604 1895 2667 exspecta-

313 2688 474 2745 mus?
505 2709 525 2742 ι
560 2689 618 2744 ln
641 2705 753 2761 quo
787 2690 1023 2746 ostendit
1052 2691 1181 2760 quia
1203 2689 1439 2760 {venisse
1470 2689 1889 2760 Redemptorem

310 2778 560 2848 noverat,
588 2781 683 2835 sed
706 2796 775 2835 an
812 2796 909 2850 per
938 2782 1179 2850 seipsum
1210 2780 1264 2835 in
1292 2779 1568 2835 infernum
1595 2778 1894 2834 descende--

308 2881 389 2928 ret
411 2872 716 2927 dubitabat.
747 2871 864 2927 Tali
893 2874 1094 2944 quippe
1117 2873 1272 2943 lapsu
1319 2873 1537 2943 pietatis
1571 2880 1628 2927 et
1663 2871 1887 2937 amoris,

304 2980 417 3019 non
459 2964 820 3033 inlldelitatis,
850 2981 952 3021 nec
995 2966 1172 3021 sancti
1229 2966 1579 3021 crediderunt
1609 2962 1888 3019 Christum

2002 1772 2434 1848 Judaeisquidem
2453 1784 2794 1854 scandalum,
2822 1791 3077 1860 gentibus
3092 1803 3277 1850 autem
3300 1772 3592 1857 stultitiam

2004 1865 2057 1929 (Ι
2091 1866 2215 1923 Cor.
2246 1871 2308 1940 ι).
2348 1891 2367 1923 ι
2400 1871 2536 1929 Mira
2571 1875 2804 1935 faciebat
2844 1879 3134 1953 Dominus,
3165 1887 3260 1942 sed
3288 1898 3418 1946 tunc
3449 1893 3591 1947 mori

2001 1972 2112 2013 non
2165 1960 2489 2032 dedignatus
2529 1976 2630 2023 est.
2681 1968 2748 2025 Et
2804 1987 2935 2029 vero
2972 1976 3103 2045 quia
3145 1980 3332 2036 multis
3372 1983 3590 2038 videtur

1999 2044 2264 2105 Joannem
2293 2053 2482 2109 saltem
2506 2072 2603 2126 per
2627 2059 2928 2131 scripturas
2949 2044 3335 2137 prophetarum
3359 2074 3588 2131 scivisse

1999 2140 2301 2198 novissime
2353 2144 2635 2203 Christum
2684 2155 3035 2222 moriturum,
3077 2160 3322 2230 legamus
3380 2174 3436 2221 et
3483 2166 3581 2224 ita.

1998 2229 2287 2297 Quomodo
2316 2236 2583 2297 Dominus
2636 2241 2884 2301 Lazaro:
2922 2268 2941 2300 ι
3004 2248 3108 2305 Ubi
3137 2229 3237 2309 est
3284 2258 3519 2325 positus,
3554 2278 3576 2313 ι

1996 2324 2153 2392 dixit,
2179 2328 2261 2383 sic
2301 2328 2540 2389 Joannes
2570 2334 2871 2411 interrogat
2895 2340 3198 2413 Christum,
3232 2324 3385 2405 nullo
3415 2355 3582 2410 modo

1996 2416 2125 2483 sibi,
2157 2420 2272 2516 sed
2279 2421 2583 2493 discipulis.
2611 2425 2971 2516 Interrogatio
2995 2450 3212 2508 quoque
3242 2440 3323 2495 sic
3350 2442 3584 2516 intelligi

1994 2514 2203 2597 potest:
2230 2507 2311 2563 Tu
2337 2525 2399 2566 es
2424 2528 2587 2582 quem
2616 2515 2703 2572 lex
2734 2529 3025 2578 venturum
3054 2507 3321 2597 pricdixit,
3345 2546 3414 2586 an
3439 2507 3582 2593 alitis

1995 2592 2249 2653 Christus
2269 2602 2715 2670 exspectabitur?
2745 2592 3266 2679 Respondet-autem
3306 2592 3583 2681 Dominus

1994 2681 2153 2742 factis
2179 2688 2361 2758 potius
2386 2707 2552 2761 quam
2578 2696 2760 2753 dictis.
2798 2698 2997 2772 Utique
3029 2705 3143 2761 visa
3171 2710 3433 2769 miracula
3459 2716 3581 2784 ple-

1993 2789 2125 2829 num
2175 2780 2547 2837 testimonium
2593 2785 2726 2842 dant
2759 2791 2905 2859 quod
2963 2794 3035 2849 sit
3068 2795 3238 2854 Filius
3285 2801 3403 2861 Dei.
3452 2780 3581 2862 ilmc

1992 2866 2138 2921 enim
2168 2879 2295 2925 ante
2324 2871 2679 2946 Evangelium
2708 2881 2791 2934 vel
2831 2897 2955 2939 rara
2993 2887 3079 2942 vel
3132 2891 3281 2947 nulla
3334 2892 3574 2955 fuerunt.

1994 2956 2151 3054 Unus
2181 2960 2383 3020 Tobias
2410 2967 2601 3025 oculos
2631 2973 2851 3042 recepit,
2874 2984 2930 3031 et
2957 2977 3072 3035 huic
3093 2980 3197 3037 fuit
3230 2986 3430 3054 angeli,
3464 3004 3578 3046 non

302 3058 661 3115 moriturum,
687 3031 843 3113 Unde
871 3057 1124 3128 princeps
1151 3057 1276 3112 lidei
1303 3055 1501 3113 Petrus
1529 3056 1605 3111 ait
1631 3075 1644 3111 :
1682 3075 1700 3108 ι
1730 3054 1890 3111 Absit
1914 3031 1963 3096 α
1994 3049 2234 3110 hominis
2268 3057 2561 3116 medicina.
2607 3060 2758 3120 Elias
2786 3076 3065 3126 mortuum
3122 3031 3430 3145 suscitgvit:
3460 3079 3579 3150 ipse

298 3164 334 3203 a
371 3158 457 3216 te,
516 3147 768 3216 Domine,
817 3163 926 3203 non
952 3149 1057 3203 erit
1100 3148 1197 3202 tibi
1241 3149 1347 3203 hoc
1395 3146 1614 3220 (Matth.
1674 3150 1810 3219 xvi).
1865 3169 1883 3202 ι

296 3239 469 3297 Mittit
501 3255 725 3311 quoque
751 3238 991 3295 Joannes
1027 3238 1327 3309 discipulos
1363 3238 1431 3293 ad
1458 3237 1762 3306 Christum,
1790 3253 1888 3295 eo-

292 3348 425 3389 rum
460 3332 785 3404 ignorantite
812 3331 1172 3398 consulendo,
1202 3340 1261 3385 ut
1287 3330 1531 3386 videntes
1584 3330 1739 3402 signa
1769 3346 1889 3386 cre—

290 3427 452 3483 dant.
485 3425 819 3483 Scandalum
855 3424 1002 3479 enim
1033 3423 1415 3494 patiebantur,
1446 3421 1576 3492 quia
1601 3422 1888 3478 audierant

288 3516 487 3574 Jesum
534 3518 775 3588 praeponi
820 3516 1083 3585 magistro
1124 3530 1247 3571 suo.
1271 3513 1385 3570 Hoc
1409 3522 1589 3569 autem
1624 3514 1883 3582 inuetuit,

287 3610 385 3664 ubi
412 3609 716 3664 dixerunt:
756 3627 775 3659 ι
814 3606 1010 3673 Rabbi,
1042 3605 1132 3662 cui
1184 3614 1241 3661 tu
1276 3605 1652 3661 testimonium
1701 3606 1885 3675 perhi-

286 3700 487 3768 buisti,
516 3715 647 3756 ecce
674 3700 764 3755 hic
794 3700 1054 3770 baptizat,
1086 3708 1141 3755 et
1167 3714 1361 3755 omnes
1388 3698 1616 3755 veniunt
1656 3698 1726 3754 ad
1755 3713 1883 3754 eum

283 3794 479 3866 (Joan.
511 3797 620 3867 ιιι).
658 3815 678 3849 ι

357 3891 418 3944 in
453 3892 579 3960 ipsa
611 3897 793 3945 autem
816 3888 951 3943 hora
980 3887 1194 3942 curavit
1216 3888 1420 3943 multos
1452 3903 1483 3943 a
1527 3887 1883 3959 languoribus

277 3994 335 4040 et
358 3984 547 4055 plagis
572 3992 629 4037 et
656 3982 940 4052 spiritibus
971 3980 1151 4047 malis,
1176 3988 1230 4035 et
1259 3980 1421 4036 caecis
1448 3980 1635 4035 multis
1657 3975 1883 4034 donavit

275 4078 493 4132 visum.
526 4073 596 4129 Et
620 4074 958 4144 respondens
975 4073 1111 4128 dixit
1133 4073 1242 4128 illis
1268 4091 1281 4127 :
1306 4091 1324 4123 ι
1346 4071 1550 4127 Euntes
1576 4072 1883 4127 renuntiate

270 4167 494 4225 Joanni
540 4182 665 4237 qua:
709 4165 924 4221 vidistis
951 4174 1005 4219 et
1026 4164 1291 4232 audistis;
1339 4164 1469 4234 quia
1497 4164 1626 4219 caeci
1676 4162 1877 4229 vident,

269 4258 473 4315 claudi
497 4256 807 4322 ambulant,
834 4256 1036 4326 leprosi
1061 4256 1423 4320 mundantur,
1449 4255 1602 4311 surdi
1625 4254 1875 4320 audiunt,

263 4347 497 4405 mortui
549 4356 863 4418 resurgunt,
920 4360 1189 4417 pauperes
1224 4346 1671 4416 evangelizantur
1720 4342 1873 4415 (Luc.
1907 4376 1954 4433 Ι)

262 4442 401 4506 vn).
418 4456 442 4489 ›
472 4435 560 4490 Ad
585 4435 899 4490 scandalum
928 4435 1249 4490 nuntiorum
1272 4434 1582 4490 referuntur
1612 4436 1746 4501 haec,
1766 4452 1877 4491 non

258 4530 337 4586 ad
356 4531 734 4599 interrogata.
749 4527 1022 4599 Pauperes
1043 4528 1274 4584 dicitvel
1285 4528 1477 4599 spiritu
1502 4529 1585 4584 vel
1597 4529 1874 4599 Operibus,

257 4631 326 4677 ut
355 4622 423 4677 in
466 4621 828 4690 praedicatore
857 4621 1006 4676 nulla
1040 4620 1301 4677 distantia
1326 4622 1396 4677 sit
1420 4622 1560 4676 inter
1583 4621 1795 4676 nobiles
1824 4630 1879 4677 et

253 4713 569 4785 ignobiles
586 4754 602 4779 ,
628 4712 771 4767 inter
801 4713 997 4768 divites
1019 4723 1073 4769 et
1093 4729 1314 4784 egenos.
1342 4714 1616 4784 Pauperes
1643 4728 1877 4785 evange-

248 4804 551 4870 lizantur,
595 4802 650 4858 id
679 4812 763 4859 est
802 4803 1095 4876 Evangelia
1142 4806 1454 4873 trahuntur,
1506 4814 1561 4861 et
1595 4806 1665 4861 ad
1712 4805 1875 4861 ﬁdem

242 4903 701 4953 convertentur.
744 4914 763 4946 ι
799 4894 866 4950 Et
891 4896 1083 4952 beatus
1114 4905 1200 4952 est
1233 4897 1327 4968 qui
1378 4912 1486 4952 non
1518 4895 1683 4953 fuerit
1710 4912 1873 4954 scan-

237 4989 561 5045 dalizatus
615 4986 671 5040 in
707 5002 814 5043 me.
845 5005 865 5039 ι
907 4985 1008 5043 Hic
1055 4988 1343 5059 respondet
1368 4987 1635 5045 Dominus
1668 4988 1736 5045 de
1771 4990 1873 5045 hu-

231 5084 523 5139 militate
543 5083 740 5138 mortis
763 5098 896 5138 suae.
928 5081 1083 5139 Beati
1113 5083 1297 5139 lideles
1326 5093 1454 5140 sunt
1482 5099 1717 5155 quorum
1747 5086 1872 5141 lidei

230 5176 401 5232 nihil
479 5176 805 5232 tentamenti
849 5175 1038 5231 afferet
1108 5191 1267 5241 crux,
1324 5192 1517 5245 mors,
1569 5177 1867 5248 sepultura.

227 5268 514 5326 Nuntios
536 5266 794 5334 Joannis,
824 5270 920 5340 qui
949 5285 1073 5326 eum
1097 5285 1219 5326 esse
1240 5270 1521 5326 Christum
1553 5286 1664 5327 non
1690 5273 1872 5328 crede-

224 5363 419 5427 bant,
462 5377 499 5416 a
529 5360 777 5432 perﬁdiae
805 5362 1065 5417 scandalo
1094 5363 1346 5433 castigat,
1376 5372 1432 5418 et
1466 5364 1641 5419 eidem
1670 5362 1867 5420 Joanni

221 5454 407 5525 quod
432 5450 736 5523 quarebat
750 5451 995 5521 exponit,
1013 5451 1138 5521 quia
1158 5450 1300 5507 Deus
1314 5460 1398 5507 est
1412 5451 1591 5507 salvos
1610 5452 1866 5521 faciendi,

218 5554 291 5604 et
326 5542 592 5603 Domini
620 5541 843 5598 Domini
864 5544 1043 5599 exitus
1072 5545 1265 5599 mortis
1294 5543 1468 5615 (Psal.
1499 5544 1687 5616 van).
1720 5546 1867 5603 Visis

220 5645 321 5696 tot
352 5633 590 5709 signis,
622 5648 733 5689 non
764 5635 1144 5703 scandalizari,
1174 5636 1268 5692 sed
1289 5636 1549 5692 admirari
1573 5638 1865 5709 quisquam

212 5726 468 5803 potuit.
511 5721 671 5778 Mens
722 5731 904 5779 tamen
950 5724 1246 5780 inﬁdelium
1298 5726 1536 5797 graviter
1576 5728 1700 5783 tulit
1740 5744 1867 5796 cum

216 5815 584 5875 Dominum
610 5822 735 5885 post
763 5820 841 5870 tot
875 5815 1137 5871 miracula
1184 5816 1324 5871 mori
1362 5816 1517 5875 vidit.
1551 5817 1705 5877 Unde
1724 5818 1871 5877 Pau-

1994 3150 2175 3198 tamen
2208 3148 2419 3216 r0gavit
2456 3157 2511 3204 et
2550 3150 2716 3207 ﬂevit.
2755 3153 2856 3211 Hic
2894 3158 3080 3229 jussit.
3133 3161 3349 3221 Eliseus
3396 3148 3578 3238 lepro-

1992 3250 2115 3291 sum
2149 3240 2402 3296 mundari
2435 3241 2584 3311 fecit,
2619 3261 2729 3301 non
2770 3258 2950 3306 tamen
2982 3254 3058 3309 ibi
3100 3257 3269 3314 valuit
3315 3265 3576 3334 pmoepti

1991 3329 2310 3395 auctoritas,
2335 3332 2431 3387 sed
2458 3336 2750 3393 ministerii
2788 3341 2983 3412 figura.
3025 3347 3192 3404 Addit
3223 3329 3350 3420 post
3379 3329 3578 3425 supra-

1990 3417 2136 3475 dicta
2161 3421 2229 3476 de
2258 3438 2419 3479 cruce
2439 3432 2494 3479 et
2522 3428 2674 3484 obitu
2700 3441 2753 3486 et
2774 3435 3077 3505 sepultura,
3108 3417 3254 3510 quod
3286 3456 3372 3500 est
3398 3417 3577 3516 pleni-

1991 3512 2123 3568 tudo
2170 3513 2315 3570 iidei.
2369 3515 2591 3574 Nullum
2631 3522 2777 3578 enim
2834 3527 3015 3597 majus
3061 3540 3148 3586 est
3201 3512 3577 3595 testimdnium

1988 3619 2153 3674 quam
2190 3614 2303 3662 toto
2335 3623 2394 3664 se
2425 3626 2597 3666 unum
2628 3613 2894 3673 obtulisse
2919 3636 3021 3690 pro
3049 3625 3275 3681 mundo.
3307 3626 3421 3684 Hoc
3450 3629 3574 3687 solo

1986 3697 2146 3767 plene
2193 3697 2457 3758 Dominus
2485 3704 2813 3764 declaratur.
2846 3709 2937 3766 Sic
2978 3714 3144 3770 etiam
3180 3733 3211 3771 a
3236 3716 3447 3777 Joanne
3476 3722 3576 3779 de-

1987 3788 2227 3847 claratus
2264 3802 2348 3849 cst
2387 3812 2400 3848 :
2435 3813 2455 3846 ‹
2508 3795 2649 3853 Ecce
2694 3814 2869 3870 agnus
2923 3803 3043 3874 Dei,
3102 3822 3230 3864 ecce
3283 3811 3380 3881 qui
3428 3813 3575 3870 tollit

1985 3893 2209 3953 peccata
2250 3888 2441 3943 mundi
2472 3886 2657 3957 (Joan.
2688 3892 2750 3962 ι).
2791 3913 2809 3944 ι

2062 3995 2082 4028 ι
2111 3975 2221 4031 Illis
2236 3986 2416 4033 autem
2440 3980 2769 4038 abeuntibus
2786 3987 2952 4054 ccepit
2966 3987 3148 4044 dicere
3178 3990 3246 4046 de
3273 3991 3483 4050 Joanne
3497 3999 3571 4054 ad

1984 4067 2175 4124 turbas
2196 4087 2209 4122 :
2224 4068 2364 4135 Quid
2379 4072 2569 4127 existis
2581 4072 2634 4126 in
2650 4073 2926 4129 desertum
2940 4078 3156 4134 videre?
3176 4101 3195 4133 ι
3226 4083 3445 4152 (Matth.
3462 4089 3569 4161 xi.)

1982 4158 2319 4217 Arundinem
2348 4175 2510 4219 vento
2549 4165 2778 4221 moveri.
2824 4165 2965 4233 Quia
3010 4170 3169 4227 turba
3192 4158 3565 4236 circumstans

1984 4250 2429 4323 interrogationis
2448 4256 2767 4328 mysterium
2782 4259 3081 4328 nesciebat,
3104 4266 3568 4334 etputabatJoan-

1982 4357 2108 4397 nem
2131 4343 2380 4401 dubitare
2392 4346 2459 4402 de
2475 4346 2716 4415 Christo,
2738 4356 2798 4403 ut
2820 4349 3141 4422 intelligeret
3161 4352 3425 4411 Joannem
3452 4373 3567 4415 non

1982 4432 2111 4500 sibi,
2144 4434 2239 4489 sed
2269 4434 2556 4507 discipulis
2582 4438 2699 4494 suis
2716 4439 3105 4511 interrogasse,
3124 4444 3302 4516 inquit
3324 4448 3468 4505 istud
3493 4451 3565 4507 ad

1978 4522 2195 4580 laudem
2225 4524 2474 4584 Joannis.
2508 4529 2612 4584 Per
2664 4531 2991 4588 arundinem
3035 4535 3287 4608 designat
3315 4543 3564 4599 animum

1978 4619 2308 4688 cogitatione
2334 4618 2431 4675 Dei
2473 4638 2731 4692 vacuum,
2759 4632 2814 4679 et
2847 4625 2927 4703 ad.
2958 4627 3366 4687 immundorum
3399 4632 3565 4704 spiri-

1979 4717 2134 4765 tuum
2156 4710 2346 4767 ilatum
2375 4724 2684 4785 vagantem,
2703 4733 2867 4788 quem
2894 4733 3003 4773 non
3034 4719 3270 4778 habebat
3296 4721 3559 4796 Joannes,

1977 4803 2106 4873 quia
2133 4819 2235 4861 nec
2266 4808 2541 4877 prosperis
2558 4808 2866 4881 erigebatur
2901 4827 3002 4868 nec
3033 4811 3281 4870 adversis
3306 4810 3561 4874 inclinari

1978 4904 2224 4950 noverat.
2259 4894 2522 4967 Sequitur
2554 4917 2569 4953 :

2052 5006 2070 5038 ι
2101 4986 2206 5044 Sed
2220 4989 2350 5058 quid
2363 4991 2554 5046 existis
2579 4991 2801 5049 videre?
2816 4995 3097 5053 hominem
3123 4999 3379 5057 mollibus
3392 5003 3561 5058 vesti-

1974 5079 2174 5136 mentis
2200 5080 2485 5137 indutum?
2517 5082 2657 5141 Ecce
2681 5086 2776 5156 qui
2799 5087 2855 5142 in
2878 5101 3031 5155 veste
3059 5090 3298 5161 pretiosa
3323 5102 3453 5149 sunt
3502 5074 3560 5150 et

1973 5169 2183 5227 deliciis
2205 5172 2262 5226 in
2293 5173 2549 5231 domibus
2587 5192 2775 5249 regum
2817 5189 2966 5236 sunt.
2999 5200 3018 5234 ι
3050 5183 3235 5255 (ibid.)
3265 5184 3558 5255 (Hmaoax-r

1972 5264 2121 5334 IUS.)
2151 5262 2306 5321 Unde
2325 5282 2464 5323 vana
2487 5269 2660 5339 gloria
2674 5270 3033 5344 ductusﬁlucra
3043 5276 3261 5346 quierit,
3281 5292 3380 5346 pro
3401 5278 3558 5346 dapiry

1971 5354 2076 5411 bus
2097 5356 2183 5411 vel
2199 5358 2439 5414 vestibus
2466 5361 2562 5431 qui
2588 5361 2815 5420 locustis
2828 5365 2978 5433 vivit,
3003 5375 3057 5422 et
3070 5368 3195 5438 pilis
3216 5368 3553 5424 camelorum

1970 5447 2237 5506 induitur.
2263 5448 2364 5508 Hic
2378 5453 2680 5510 notandum
2694 5458 2842 5527 quod
2871 5459 3045 5530 rigida
3070 5461 3181 5515 vita
3205 5469 3259 5514 et
3288 5461 3555 5530 praedica-

1968 5541 2047 5596 tio
2074 5541 2348 5598 declinare
2371 5543 2571 5601 debent
2595 5548 2840 5603 mollium
2889 5549 3089 5620 palatia
3136 5565 3260 5619 qua:
3298 5549 3553 5622 frequen-

1970 5642 2086 5690 tant
2104 5635 2365 5692 mollibus
2384 5636 2579 5705 induti,
2599 5640 2906 5706 adulantes,
2934 5642 3029 5710 qui
3054 5648 3263 5711 ponunt
3293 5641 3547 5711 pulvinae

1970 5726 2053 5783 ria
2065 5726 2169 5783 sub
2183 5727 2491 5799 cubitu,qui
2502 5730 2666 5785 vitam
2682 5731 3020 5801 peccantium
3033 5732 3273 5801 palpant,
3288 5747 3396 5788 non
3409 5746 3549 5803 pun-

1970 5828 2125 5894 gunt,
2139 5820 2291 5877 utvel
2303 5820 2383 5877 sic
2392 5820 2597 5892 aliquid
2608 5830 2952 5878 venerentur.
2971 5821 3301 5880 ’Gnrconws
3312 5824 3367 5879 in
3378 5820 3547 5881 homi-
