  <div class='ocr_page' id='page_1' title='image "/cluster/home/n/w/nwhite01/storage/ocr_20150623/157/hvd.32044010248185/381.png"; bbox 0 0 4032 6396; ppageno 0'>
   <div class='ocr_carea' id='block_1_1' title="bbox 393 315 488 372">
    <p class='ocr_par' dir='ltr' id='par_1_1' title="bbox 393 315 488 372">
     <span class='ocr_line' id='line_1_1' title="bbox 393 315 488 372; baseline -0.021 0"><span class='ocrx_word' id='word_1_1' title='bbox 393 315 488 372; x_wconf 75' lang='grc'><strong>751</strong></span> 
     </span>
    </p>
   </div>
   <div class='ocr_carea' id='block_1_2' title="bbox 1532 313 2546 372">
    <p class='ocr_par' dir='ltr' id='par_1_2' title="bbox 1532 313 2546 372">
     <span class='ocr_line' id='line_1_2' title="bbox 1532 313 2546 372; baseline 0 -2"><span class='ocrx_word' id='word_1_2' title='bbox 1532 313 1853 370; x_wconf 73' lang='lat' dir='ltr'><strong>WERNERI</strong></span> <span class='ocrx_word' id='word_1_3' title='bbox 1895 315 2186 371; x_wconf 79' lang='lat' dir='ltr'><strong>ABBATIS</strong></span> <span class='ocrx_word' id='word_1_4' title='bbox 2223 317 2280 372; x_wconf 82' lang='lat' dir='ltr'><strong>S.</strong></span> <span class='ocrx_word' id='word_1_5' title='bbox 2325 315 2546 370; x_wconf 70' lang='lat' dir='ltr'><strong>BLASII</strong></span> 
     </span>
    </p>
   </div>
   <div class='ocr_carea' id='block_1_3' title="bbox 3564 327 3674 383">
    <p class='ocr_par' dir='ltr' id='par_1_3' title="bbox 3564 327 3674 383">
     <span class='ocr_line' id='line_1_3' title="bbox 3564 327 3674 383; baseline 0.036 -4"><span class='ocrx_word' id='word_1_6' title='bbox 3564 327 3674 383; x_wconf 68' lang='grc'><strong>75⁸3</strong></span> 
     </span>
    </p>
   </div>
   <div class='ocr_carea' id='block_1_4' title="bbox 391 425 3666 501">
    <p class='ocr_par' dir='ltr' id='par_1_4' title="bbox 391 425 3666 501">
     <span class='ocr_line' id='line_1_4' title="bbox 391 425 3666 501; baseline 0.004 -16"><span class='ocrx_word' id='word_1_7' title='bbox 391 428 516 499; x_wconf 82' lang='lat' dir='ltr'><strong>lia.)</strong></span> <span class='ocrx_word' id='word_1_8' title='bbox 537 448 553 480; x_wconf 77' lang='grc' dir='ltr'><strong>ι</strong></span> <span class='ocrx_word' id='word_1_9' title='bbox 579 425 752 482; x_wconf 83' lang='lat' dir='ltr'><strong>Nemo</strong></span> <span class='ocrx_word' id='word_1_10' title='bbox 773 425 1046 484; x_wconf 74' lang='lat' dir='ltr'><strong>existimet</strong></span> <span class='ocrx_word' id='word_1_11' title='bbox 1075 429 1129 481; x_wconf 90' lang='lat' dir='ltr'><strong>in</strong></span> <span class='ocrx_word' id='word_1_12' title='bbox 1157 428 1336 485; x_wconf 88' lang='lat' dir='ltr'><strong>studio</strong></span> <span class='ocrx_word' id='word_1_13' title='bbox 1362 429 1721 500; x_wconf 86' lang='lat' dir='ltr'><strong>pretiosarum</strong></span> <span class='ocrx_word' id='word_1_14' title='bbox 1746 431 1977 487; x_wconf 88' lang='lat' dir='ltr'><strong>vestium</strong></span> <span class='ocrx_word' id='word_1_15' title='bbox 2012 444 2058 501; x_wconf 69' lang='grc' dir='ltr'>Α</span> <span class='ocrx_word' id='word_1_16' title='bbox 2092 431 2309 501; x_wconf 89' lang='lat' dir='ltr'><strong>quiait:</strong></span> <span class='ocrx_word' id='word_1_17' title='bbox 2349 449 2366 484; x_wconf 78' lang='grc' dir='ltr'><strong>ι</strong></span> <span class='ocrx_word' id='word_1_18' title='bbox 2403 432 2569 489; x_wconf 87' lang='lat' dir='ltr'><strong>Labia</strong></span> <span class='ocrx_word' id='word_1_19' title='bbox 2622 438 2965 494; x_wconf 81' lang='lat' dir='ltr'><strong>sacerdotum</strong></span> <span class='ocrx_word' id='word_1_20' title='bbox 3015 439 3326 496; x_wconf 84' lang='lat' dir='ltr'><strong>custodient</strong></span> <span class='ocrx_word' id='word_1_21' title='bbox 3374 443 3666 498; x_wconf 76' lang='lat' dir='ltr'><strong>scientiam</strong></span> 
     </span>
    </p>
   </div>
   <div class='ocr_carea' id='block_1_5' title="bbox 390 517 1977 592">
    <p class='ocr_par' dir='ltr' id='par_1_5' title="bbox 390 517 1977 592">
     <span class='ocr_line' id='line_1_5' title="bbox 390 517 1977 592; baseline 0 -17"><span class='ocrx_word' id='word_1_22' title='bbox 390 527 676 592; x_wconf 86' lang='lat' dir='ltr'><strong>peccatum</strong></span> <span class='ocrx_word' id='word_1_23' title='bbox 704 532 813 572; x_wconf 91' lang='lat' dir='ltr'><strong>non</strong></span> <span class='ocrx_word' id='word_1_24' title='bbox 833 517 1040 573; x_wconf 86' lang='lat' dir='ltr'><strong>deesse.</strong></span> <span class='ocrx_word' id='word_1_25' title='bbox 1055 537 1073 570; x_wconf 79' lang='grc' dir='ltr'><strong>ι</strong></span> <span class='ocrx_word' id='word_1_26' title='bbox 1104 517 1259 573; x_wconf 87' lang='lat' dir='ltr'><strong>Unde</strong></span> <span class='ocrx_word' id='word_1_27' title='bbox 1277 517 1472 575; x_wconf 86' lang='lat' dir='ltr'><strong>Petrus</strong></span> <span class='ocrx_word' id='word_1_28' title='bbox 1491 521 1769 590; x_wconf 85' lang='lat' dir='ltr'><strong>apostolus</strong></span> <span class='ocrx_word' id='word_1_29' title='bbox 1791 521 1843 574; x_wconf 92' lang='lat' dir='ltr'><strong>in</strong></span> <span class='ocrx_word' id='word_1_30' title='bbox 1862 522 1977 590; x_wconf 88' lang='lat' dir='ltr'><strong>epi-</strong></span> 
     </span>
    </p>
   </div>
   <div class='ocr_carea' id='block_1_6' title="bbox 393 607 1970 682">
    <p class='ocr_par' dir='ltr' id='par_1_6' title="bbox 393 607 1970 682">
     <span class='ocr_line' id='line_1_6' title="bbox 393 607 1970 682; baseline -0.002 -16"><span class='ocrx_word' id='word_1_31' title='bbox 393 612 528 666; x_wconf 82' lang='lat' dir='ltr'><strong>stola</strong></span> <span class='ocrx_word' id='word_1_32' title='bbox 542 625 638 666; x_wconf 90' lang='lat' dir='ltr'><strong>sua</strong></span> <span class='ocrx_word' id='word_1_33' title='bbox 653 609 718 664; x_wconf 90' lang='lat' dir='ltr'><strong>ad</strong></span> <span class='ocrx_word' id='word_1_34' title='bbox 733 609 983 663; x_wconf 77' lang='lat' dir='ltr'><strong>feminas:</strong></span> <span class='ocrx_word' id='word_1_35' title='bbox 996 627 1013 660; x_wconf 85' lang='grc'><strong><em>‹</em></strong></span> <span class='ocrx_word' id='word_1_36' title='bbox 1031 607 1148 663; x_wconf 86' lang='grc' dir='ltr'><strong>Νοιι</strong></span> <span class='ocrx_word' id='word_1_37' title='bbox 1165 610 1217 662; x_wconf 95' lang='lat' dir='ltr'><strong>in</strong></span> <span class='ocrx_word' id='word_1_38' title='bbox 1233 619 1381 665; x_wconf 84' lang='lat' dir='ltr'><strong>veste</strong></span> <span class='ocrx_word' id='word_1_39' title='bbox 1393 611 1627 681; x_wconf 90' lang='lat' dir='ltr'><strong>pretiosa</strong></span> <span class='ocrx_word' id='word_1_40' title='bbox 1643 610 1694 682; x_wconf 88' lang='grc'><strong>(1</strong></span> <span class='ocrx_word' id='word_1_41' title='bbox 1713 611 1859 666; x_wconf 85' lang='lat' dir='ltr'><strong>Petr.</strong></span> <span class='ocrx_word' id='word_1_42' title='bbox 1877 612 1934 680; x_wconf 90' lang='grc' dir='ltr'><strong>ι).</strong></span> <span class='ocrx_word' id='word_1_43' title='bbox 1951 630 1970 663; x_wconf 75' lang='grc' dir='ltr'><strong>ι</strong></span> 
     </span>
    </p>
   </div>
   <div class='ocr_carea' id='block_1_7' title="bbox 397 699 1977 773">
    <p class='ocr_par' dir='ltr' id='par_1_7' title="bbox 397 699 1977 773">
     <span class='ocr_line' id='line_1_7' title="bbox 397 699 1977 773; baseline 0.004 -21"><span class='ocrx_word' id='word_1_44' title='bbox 397 721 416 752; x_wconf 71' lang='grc' dir='ltr'><strong>ι</strong></span> <span class='ocrx_word' id='word_1_45' title='bbox 447 701 552 757; x_wconf 90' lang='lat' dir='ltr'><strong>Sed</strong></span> <span class='ocrx_word' id='word_1_46' title='bbox 571 699 699 771; x_wconf 91' lang='lat' dir='ltr'><strong>quid</strong></span> <span class='ocrx_word' id='word_1_47' title='bbox 716 700 906 754; x_wconf 77' lang='lat' dir='ltr'><strong>existis</strong></span> <span class='ocrx_word' id='word_1_48' title='bbox 918 699 1131 755; x_wconf 84' lang='lat' dir='ltr'><strong>videre?</strong></span> <span class='ocrx_word' id='word_1_49' title='bbox 1149 699 1475 771; x_wconf 88' lang='lat' dir='ltr'><strong>Prophetam</strong></span> <span class='ocrx_word' id='word_1_50' title='bbox 1489 703 1512 756; x_wconf 71' lang='grc' dir='ltr'><strong>ι</strong></span> <span class='ocrx_word' id='word_1_51' title='bbox 1528 702 1727 773; x_wconf 87' lang='lat' dir='ltr'><strong>Utique</strong></span> <span class='ocrx_word' id='word_1_52' title='bbox 1741 705 1864 758; x_wconf 90' lang='lat' dir='ltr'><strong>dico</strong></span> <span class='ocrx_word' id='word_1_53' title='bbox 1880 721 1977 759; x_wconf 86' lang='lat' dir='ltr'><strong>vo-</strong></span> 
     </span>
    </p>
   </div>
   <div class='ocr_carea' id='block_1_8' title="bbox 387 792 1978 866">
    <p class='ocr_par' dir='ltr' id='par_1_8' title="bbox 387 792 1978 866">
     <span class='ocr_line' id='line_1_8' title="bbox 387 792 1978 866; baseline 0.001 -17"><span class='ocrx_word' id='word_1_54' title='bbox 387 793 475 849; x_wconf 87' lang='lat' dir='ltr'><strong>bis</strong></span> <span class='ocrx_word' id='word_1_55' title='bbox 501 804 555 848; x_wconf 88' lang='lat' dir='ltr'><strong>et</strong></span> <span class='ocrx_word' id='word_1_56' title='bbox 575 793 698 862; x_wconf 87' lang='lat' dir='ltr'><strong>plus</strong></span> <span class='ocrx_word' id='word_1_57' title='bbox 717 807 881 862; x_wconf 88' lang='lat' dir='ltr'><strong>quam</strong></span> <span class='ocrx_word' id='word_1_58' title='bbox 908 792 1284 862; x_wconf 63' lang='lat' dir='ltr'><strong>prophetam.»</strong></span> <span class='ocrx_word' id='word_1_59' title='bbox 1313 794 1530 866; x_wconf 75' lang='lat' dir='ltr'><strong>(Matth.</strong></span> <span class='ocrx_word' id='word_1_60' title='bbox 1560 797 1660 864; x_wconf 71' lang='grc' dir='ltr'><strong>ιι.)</strong></span> <span class='ocrx_word' id='word_1_61' title='bbox 1691 795 1747 849; x_wconf 95' lang='lat' dir='ltr'><strong>ln</strong></span> <span class='ocrx_word' id='word_1_62' title='bbox 1767 798 1872 853; x_wconf 91' lang='lat' dir='ltr'><strong>hoc</strong></span> <span class='ocrx_word' id='word_1_63' title='bbox 1893 806 1978 852; x_wconf 90' lang='lat' dir='ltr'><strong>est</strong></span> 
     </span>
    </p>
   </div>
   <div class='ocr_carea' id='block_1_9' title="bbox 383 881 1979 955">
    <p class='ocr_par' dir='ltr' id='par_1_9' title="bbox 383 881 1979 955">
     <span class='ocr_line' id='line_1_9' title="bbox 383 881 1979 955; baseline 0.001 -17"><span class='ocrx_word' id='word_1_64' title='bbox 383 881 623 938; x_wconf 78' lang='lat' dir='ltr'><strong>Joannes</strong></span> <span class='ocrx_word' id='word_1_65' title='bbox 648 882 772 952; x_wconf 89' lang='lat' dir='ltr'><strong>plus</strong></span> <span class='ocrx_word' id='word_1_66' title='bbox 793 897 958 952; x_wconf 91' lang='lat' dir='ltr'><strong>quam</strong></span> <span class='ocrx_word' id='word_1_67' title='bbox 986 883 1269 952; x_wconf 79' lang='lat' dir='ltr'><strong>propheta,</strong></span> <span class='ocrx_word' id='word_1_68' title='bbox 1289 884 1434 954; x_wconf 90' lang='lat' dir='ltr'><strong>quod</strong></span> <span class='ocrx_word' id='word_1_69' title='bbox 1452 885 1623 955; x_wconf 83' lang='lat' dir='ltr'><strong>digito</strong></span> <span class='ocrx_word' id='word_1_70' title='bbox 1651 895 1979 940; x_wconf 82' lang='lat' dir='ltr'><strong>monstravit</strong></span> 
     </span>
    </p>
   </div>
   <div class='ocr_carea' id='block_1_10' title="bbox 386 972 1974 1046">
    <p class='ocr_par' dir='ltr' id='par_1_10' title="bbox 386 972 1974 1046">
     <span class='ocr_line' id='line_1_10' title="bbox 386 972 1974 1046; baseline 0.004 -20"><span class='ocrx_word' id='word_1_71' title='bbox 386 987 547 1044; x_wconf 88' lang='lat' dir='ltr'><strong>quem</strong></span> <span class='ocrx_word' id='word_1_72' title='bbox 573 972 754 1030; x_wconf 62' lang='lat' dir='ltr'><strong>ceteri</strong></span> <span class='ocrx_word' id='word_1_73' title='bbox 783 982 1070 1030; x_wconf 84' lang='lat' dir='ltr'><strong>venturum</strong></span> <span class='ocrx_word' id='word_1_74' title='bbox 1103 974 1470 1044; x_wconf 76' lang='lat' dir='ltr'><strong>predixerant.</strong></span> <span class='ocrx_word' id='word_1_75' title='bbox 1514 973 1843 1046; x_wconf 63' lang='lat' dir='ltr'><strong>(Hamus)</strong></span> <span class='ocrx_word' id='word_1_76' title='bbox 1881 976 1974 1032; x_wconf 90' lang='lat' dir='ltr'><strong>llla</strong></span> 
     </span>
    </p>
   </div>
   <div class='ocr_carea' id='block_1_11' title="bbox 384 1062 1976 1136">
    <p class='ocr_par' dir='ltr' id='par_1_11' title="bbox 384 1062 1976 1136">
     <span class='ocr_line' id='line_1_11' title="bbox 384 1062 1976 1136; baseline 0.003 -17"><span class='ocrx_word' id='word_1_77' title='bbox 384 1063 516 1129; x_wconf 87' lang='lat' dir='ltr'><strong>duo,</strong></span> <span class='ocrx_word' id='word_1_78' title='bbox 535 1063 646 1127; x_wconf 73' lang='lat' dir='ltr'><strong>sed,</strong></span> <span class='ocrx_word' id='word_1_79' title='bbox 676 1063 787 1128; x_wconf 79' lang='lat' dir='ltr'><strong>sed,</strong></span> <span class='ocrx_word' id='word_1_80' title='bbox 822 1062 1074 1132; x_wconf 87' lang='lat' dir='ltr'><strong>leguntur</strong></span> <span class='ocrx_word' id='word_1_81' title='bbox 1098 1079 1196 1133; x_wconf 92' lang='lat' dir='ltr'><strong>pro</strong></span> <span class='ocrx_word' id='word_1_82' title='bbox 1221 1073 1290 1118; x_wconf 87' lang='lat' dir='ltr'><strong>et.</strong></span> <span class='ocrx_word' id='word_1_83' title='bbox 1316 1063 1561 1136; x_wconf 85' lang='lat' dir='ltr'><strong>Mystice.</strong></span> <span class='ocrx_word' id='word_1_84' title='bbox 1602 1067 1712 1120; x_wconf 84' lang='lat' dir='ltr'><strong>Lex</strong></span> <span class='ocrx_word' id='word_1_85' title='bbox 1739 1068 1976 1136; x_wconf 88' lang='lat' dir='ltr'><strong>peccatis</strong></span> 
     </span>
    </p>
   </div>
   <div class='ocr_carea' id='block_1_12' title="bbox 386 1154 1975 1228">
    <p class='ocr_par' dir='ltr' id='par_1_12' title="bbox 386 1154 1975 1228">
     <span class='ocr_line' id='line_1_12' title="bbox 386 1154 1975 1228; baseline 0.002 -19"><span class='ocrx_word' id='word_1_86' title='bbox 386 1154 573 1225; x_wconf 88' lang='lat' dir='ltr'><strong>populi</strong></span> <span class='ocrx_word' id='word_1_87' title='bbox 643 1154 835 1224; x_wconf 84' lang='lat' dir='ltr'><strong>juncta</strong></span> <span class='ocrx_word' id='word_1_88' title='bbox 903 1163 959 1209; x_wconf 90' lang='lat' dir='ltr'><strong>et</strong></span> <span class='ocrx_word' id='word_1_89' title='bbox 1027 1156 1338 1224; x_wconf 73' lang='lat' dir='ltr'><strong>pectoribus</strong></span> <span class='ocrx_word' id='word_1_90' title='bbox 1410 1167 1759 1228; x_wconf 86' lang='lat' dir='ltr'><strong>peccatorum</strong></span> <span class='ocrx_word' id='word_1_91' title='bbox 1815 1159 1975 1228; x_wconf 90' lang='lat' dir='ltr'><strong>quasi</strong></span> 
     </span>
    </p>
   </div>
   <div class='ocr_carea' id='block_1_13' title="bbox 385 1245 1978 1315">
    <p class='ocr_par' dir='ltr' id='par_1_13' title="bbox 385 1245 1978 1315">
     <span class='ocr_line' id='line_1_13' title="bbox 385 1245 1978 1315; baseline 0.003 -16"><span class='ocrx_word' id='word_1_92' title='bbox 385 1245 698 1300; x_wconf 86' lang='lat' dir='ltr'><strong>carceribus</strong></span> <span class='ocrx_word' id='word_1_93' title='bbox 761 1245 880 1299; x_wconf 87' lang='lat' dir='ltr'><strong>luce</strong></span> <span class='ocrx_word' id='word_1_94' title='bbox 941 1246 1231 1301; x_wconf 89' lang='lat' dir='ltr'><strong>vacuitatis</strong></span> <span class='ocrx_word' id='word_1_95' title='bbox 1292 1247 1502 1303; x_wconf 90' lang='lat' dir='ltr'><strong>inclusa</strong></span> <span class='ocrx_word' id='word_1_96' title='bbox 1545 1249 1846 1315; x_wconf 80' lang='lat' dir='ltr'><strong>tenebatur,</strong></span> <span class='ocrx_word' id='word_1_97' title='bbox 1908 1263 1978 1304; x_wconf 89' lang='lat' dir='ltr'><strong>ne</strong></span> 
     </span>
    </p>
   </div>
   <div class='ocr_carea' id='block_1_14' title="bbox 383 1333 1976 1407">
    <p class='ocr_par' dir='ltr' id='par_1_14' title="bbox 383 1333 1976 1407">
     <span class='ocr_line' id='line_1_14' title="bbox 383 1333 1976 1407; baseline 0.003 -20"><span class='ocrx_word' id='word_1_98' title='bbox 383 1349 480 1403; x_wconf 90' lang='lat' dir='ltr'><strong>per</strong></span> <span class='ocrx_word' id='word_1_99' title='bbox 517 1349 638 1389; x_wconf 90' lang='lat' dir='ltr'><strong>eam</strong></span> <span class='ocrx_word' id='word_1_100' title='bbox 667 1333 926 1389; x_wconf 90' lang='lat' dir='ltr'><strong>Christus</strong></span> <span class='ocrx_word' id='word_1_101' title='bbox 963 1334 1189 1405; x_wconf 83' lang='lat' dir='ltr'><strong>intelligi</strong></span> <span class='ocrx_word' id='word_1_102' title='bbox 1227 1344 1430 1404; x_wconf 89' lang='lat' dir='ltr'><strong>posset.</strong></span> <span class='ocrx_word' id='word_1_103' title='bbox 1461 1336 1832 1407; x_wconf 73' lang='lat' dir='ltr'><strong>(Ansaosws.)</strong></span> <span class='ocrx_word' id='word_1_104' title='bbox 1861 1336 1976 1392; x_wconf 84' lang='lat' dir='ltr'><strong>Mit-</strong></span> 
     </span>
    </p>
   </div>
   <div class='ocr_carea' id='block_1_15' title="bbox 369 1425 1974 1497">
    <p class='ocr_par' dir='ltr' id='par_1_15' title="bbox 369 1425 1974 1497">
     <span class='ocr_line' id='line_1_15' title="bbox 369 1425 1974 1497; baseline 0.002 -19"><span class='ocrx_word' id='word_1_105' title='bbox 369 1427 599 1496; x_wconf 70' lang='lat' dir='ltr'><strong>4itergo</strong></span> <span class='ocrx_word' id='word_1_106' title='bbox 623 1425 921 1495; x_wconf 86' lang='lat' dir='ltr'><strong>discipulos</strong></span> <span class='ocrx_word' id='word_1_107' title='bbox 957 1425 1026 1479; x_wconf 88' lang='lat' dir='ltr'><strong>ad</strong></span> <span class='ocrx_word' id='word_1_108' title='bbox 1081 1425 1436 1497; x_wconf 84' lang='lat' dir='ltr'><strong>Evangelium</strong></span> <span class='ocrx_word' id='word_1_109' title='bbox 1482 1428 1873 1494; x_wconf 86' lang='lat' dir='ltr'><strong>contuendum,</strong></span> <span class='ocrx_word' id='word_1_110' title='bbox 1915 1437 1974 1482; x_wconf 91' lang='lat' dir='ltr'><strong>ut</strong></span> 
     </span>
    </p>
   </div>
   <div class='ocr_carea' id='block_1_16' title="bbox 367 1517 1975 1589">
    <p class='ocr_par' dir='ltr' id='par_1_16' title="bbox 367 1517 1975 1589">
     <span class='ocr_line' id='line_1_16' title="bbox 367 1517 1975 1589; baseline 0.002 -18"><span class='ocrx_word' id='word_1_111' title='bbox 367 1517 820 1586; x_wconf 66' lang='lat' dir='ltr'><strong>supplementum</strong></span> <span class='ocrx_word' id='word_1_112' title='bbox 836 1525 1261 1587; x_wconf 86' lang='lat' dir='ltr'><strong>consequantur,</strong></span> <span class='ocrx_word' id='word_1_113' title='bbox 1281 1518 1406 1587; x_wconf 82' lang='lat' dir='ltr'><strong>quia</strong></span> <span class='ocrx_word' id='word_1_114' title='bbox 1435 1519 1712 1587; x_wconf 91' lang='lat' dir='ltr'><strong>plenitudo</strong></span> <span class='ocrx_word' id='word_1_115' title='bbox 1737 1519 1868 1589; x_wconf 82' lang='lat' dir='ltr'><strong>legis</strong></span> <span class='ocrx_word' id='word_1_116' title='bbox 1891 1529 1975 1575; x_wconf 87' lang='lat' dir='ltr'><strong>est</strong></span> 
     </span>
    </p>
   </div>
   <div class='ocr_carea' id='block_1_17' title="bbox 383 1607 1975 1678">
    <p class='ocr_par' dir='ltr' id='par_1_17' title="bbox 383 1607 1975 1678">
     <span class='ocr_line' id='line_1_17' title="bbox 383 1607 1975 1678; baseline 0 -14"><span class='ocrx_word' id='word_1_117' title='bbox 383 1607 658 1664; x_wconf 84' lang='lat' dir='ltr'><strong>Christus.</strong></span> <span class='ocrx_word' id='word_1_118' title='bbox 690 1608 940 1678; x_wconf 87' lang='lat' dir='ltr'><strong>Cumque</strong></span> <span class='ocrx_word' id='word_1_119' title='bbox 985 1609 1305 1678; x_wconf 89' lang='lat' dir='ltr'><strong>plerumque</strong></span> <span class='ocrx_word' id='word_1_120' title='bbox 1358 1617 1570 1663; x_wconf 87' lang='lat' dir='ltr'><strong>nutaret</strong></span> <span class='ocrx_word' id='word_1_121' title='bbox 1601 1610 1804 1665; x_wconf 89' lang='lat' dir='ltr'><strong>veritas</strong></span> <span class='ocrx_word' id='word_1_122' title='bbox 1855 1612 1975 1666; x_wconf 83' lang='lat' dir='ltr'><strong>sine</strong></span> 
     </span>
    </p>
   </div>
   <div class='ocr_carea' id='block_1_18' title="bbox 387 1700 1974 1771">
    <p class='ocr_par' dir='ltr' id='par_1_18' title="bbox 387 1700 1974 1771">
     <span class='ocr_line' id='line_1_18' title="bbox 387 1700 1974 1771; baseline 0.001 -15"><span class='ocrx_word' id='word_1_123' title='bbox 387 1700 739 1768; x_wconf 75' lang='lat' dir='ltr'><strong>factis,~fldes</strong></span> <span class='ocrx_word' id='word_1_124' title='bbox 795 1700 1112 1770; x_wconf 87' lang='lat' dir='ltr'><strong>plenissima</strong></span> <span class='ocrx_word' id='word_1_125' title='bbox 1164 1711 1440 1771; x_wconf 88' lang='lat' dir='ltr'><strong>gestorum</strong></span> <span class='ocrx_word' id='word_1_126' title='bbox 1500 1702 1974 1757; x_wconf 88' lang='lat' dir='ltr'><strong>testificationibus</strong></span> 
     </span>
    </p>
   </div>
   <div class='ocr_carea' id='block_1_19' title="bbox 2083 525 3672 605">
    <p class='ocr_par' dir='ltr' id='par_1_19' title="bbox 2083 525 3672 605">
     <span class='ocr_line' id='line_1_19' title="bbox 2083 525 3672 605; baseline 0.009 -27"><span class='ocrx_word' id='word_1_127' title='bbox 2083 533 2136 578; x_wconf 92' lang='lat' dir='ltr'><strong>et</strong></span> <span class='ocrx_word' id='word_1_128' title='bbox 2157 525 2326 591; x_wconf 79' lang='lat' dir='ltr'><strong>legem</strong></span> <span class='ocrx_word' id='word_1_129' title='bbox 2351 527 2629 595; x_wconf 89' lang='lat' dir='ltr'><strong>requirent</strong></span> <span class='ocrx_word' id='word_1_130' title='bbox 2655 545 2718 583; x_wconf 88' lang='lat' dir='ltr'><strong>ex</strong></span> <span class='ocrx_word' id='word_1_131' title='bbox 2759 546 2854 584; x_wconf 84' lang='lat' dir='ltr'><strong>ore</strong></span> <span class='ocrx_word' id='word_1_132' title='bbox 2881 533 3021 601; x_wconf 84' lang='lat' dir='ltr'><strong>ejus,</strong></span> <span class='ocrx_word' id='word_1_133' title='bbox 3057 535 3184 602; x_wconf 89' lang='lat' dir='ltr'><strong>quia</strong></span> <span class='ocrx_word' id='word_1_134' title='bbox 3208 535 3435 605; x_wconf 83' lang='lat' dir='ltr'><strong>angelus</strong></span> <span class='ocrx_word' id='word_1_135' title='bbox 3450 535 3672 592; x_wconf 85' lang='lat' dir='ltr'><strong>Domini</strong></span> 
     </span>
    </p>
   </div>
   <div class='ocr_carea' id='block_1_20' title="bbox 2081 618 3670 696">
    <p class='ocr_par' dir='ltr' id='par_1_20' title="bbox 2081 618 3670 696">
     <span class='ocr_line' id='line_1_20' title="bbox 2081 618 3670 696; baseline 0.009 -27"><span class='ocrx_word' id='word_1_136' title='bbox 2081 618 2421 673; x_wconf 85' lang='lat' dir='ltr'><strong>exercituum</strong></span> <span class='ocrx_word' id='word_1_137' title='bbox 2479 629 2562 674; x_wconf 91' lang='lat' dir='ltr'><strong>est</strong></span> <span class='ocrx_word' id='word_1_138' title='bbox 2614 620 2881 692; x_wconf 82' lang='lat' dir='ltr'><strong>(Malach.</strong></span> <span class='ocrx_word' id='word_1_139' title='bbox 2921 625 3012 694; x_wconf 92' lang='grc' dir='ltr'><strong>ιι).</strong></span> <span class='ocrx_word' id='word_1_140' title='bbox 3055 643 3073 676; x_wconf 80' lang='grc' dir='ltr'><strong>ι</strong></span> <span class='ocrx_word' id='word_1_141' title='bbox 3117 624 3220 680; x_wconf 85' lang='lat' dir='ltr'><strong>Sed</strong></span> <span class='ocrx_word' id='word_1_142' title='bbox 3268 627 3432 696; x_wconf 84' lang='lat' dir='ltr'><strong>hujus</strong></span> <span class='ocrx_word' id='word_1_143' title='bbox 3475 629 3670 684; x_wconf 86' lang='lat' dir='ltr'><strong>altitu-</strong></span> 
     </span>
    </p>
   </div>
   <div class='ocr_carea' id='block_1_21' title="bbox 2079 707 3668 788">
    <p class='ocr_par' dir='ltr' id='par_1_21' title="bbox 2079 707 3668 788">
     <span class='ocr_line' id='line_1_21' title="bbox 2079 707 3668 788; baseline 0.008 -27"><span class='ocrx_word' id='word_1_144' title='bbox 2079 707 2260 763; x_wconf 92' lang='lat' dir='ltr'><strong>dinem</strong></span> <span class='ocrx_word' id='word_1_145' title='bbox 2290 711 2526 766; x_wconf 91' lang='lat' dir='ltr'><strong>nominis</strong></span> <span class='ocrx_word' id='word_1_146' title='bbox 2573 713 2736 768; x_wconf 90' lang='lat' dir='ltr'><strong>etiam</strong></span> <span class='ocrx_word' id='word_1_147' title='bbox 2767 730 2864 770; x_wconf 91' lang='lat' dir='ltr'><strong>vos</strong></span> <span class='ocrx_word' id='word_1_148' title='bbox 2905 716 2951 770; x_wconf 91' lang='lat' dir='ltr'><strong>si</strong></span> <span class='ocrx_word' id='word_1_149' title='bbox 2980 717 3142 772; x_wconf 82' lang='lat' dir='ltr'><strong>vultis</strong></span> <span class='ocrx_word' id='word_1_150' title='bbox 3184 720 3412 788; x_wconf 86' lang='lat' dir='ltr'><strong>potestis</strong></span> <span class='ocrx_word' id='word_1_151' title='bbox 3446 721 3668 776; x_wconf 85' lang='lat' dir='ltr'><strong>mereri.</strong></span> 
     </span>
    </p>
   </div>
   <div class='ocr_carea' id='block_1_22' title="bbox 2079 796 3668 881">
    <p class='ocr_par' dir='ltr' id='par_1_22' title="bbox 2079 796 3668 881">
     <span class='ocr_line' id='line_1_22' title="bbox 2079 796 3668 881; baseline 0.011 -29"><span class='ocrx_word' id='word_1_152' title='bbox 2079 796 2216 854; x_wconf 86' lang='lat' dir='ltr'><strong>Nam</strong></span> <span class='ocrx_word' id='word_1_153' title='bbox 2256 803 2634 873; x_wconf 89' lang='lat' dir='ltr'><strong>unusquisque</strong></span> <span class='ocrx_word' id='word_1_154' title='bbox 2675 815 2917 862; x_wconf 85' lang='lat' dir='ltr'><strong>vestrum</strong></span> <span class='ocrx_word' id='word_1_155' title='bbox 2969 809 3293 880; x_wconf 89' lang='lat' dir='ltr'><strong>inquantum</strong></span> <span class='ocrx_word' id='word_1_156' title='bbox 3325 811 3552 881; x_wconf 70' lang='lat' dir='ltr'><strong>sulﬁcit,</strong></span> <span class='ocrx_word' id='word_1_157' title='bbox 3579 813 3668 868; x_wconf 87' lang='lat' dir='ltr'><strong>in-</strong></span> 
     </span>
    </p>
   </div>
   <div class='ocr_carea' id='block_1_23' title="bbox 2081 895 3664 972">
    <p class='ocr_par' dir='ltr' id='par_1_23' title="bbox 2081 895 3664 972">
     <span class='ocr_line' id='line_1_23' title="bbox 2081 895 3664 972; baseline 0.01 -29"><span class='ocrx_word' id='word_1_158' title='bbox 2081 900 2348 960; x_wconf 88' lang='lat' dir='ltr'><strong>quantum</strong></span> <span class='ocrx_word' id='word_1_159' title='bbox 2377 895 2606 964; x_wconf 79' lang='lat' dir='ltr'><strong>gratiam</strong></span> <span class='ocrx_word' id='word_1_160' title='bbox 2637 913 2885 968; x_wconf 72' lang='lat' dir='ltr'><strong>superna:</strong></span> <span class='ocrx_word' id='word_1_161' title='bbox 2914 900 3266 970; x_wconf 88' lang='lat' dir='ltr'><strong>aspirationis</strong></span> <span class='ocrx_word' id='word_1_162' title='bbox 3285 903 3513 972; x_wconf 84' lang='lat' dir='ltr'><strong>accepit,</strong></span> <span class='ocrx_word' id='word_1_163' title='bbox 3542 904 3592 958; x_wconf 89' lang='lat' dir='ltr'><strong>si</strong></span> <span class='ocrx_word' id='word_1_164' title='bbox 3630 918 3664 958; x_wconf 81' lang='lat' dir='ltr'><strong>a</strong></span> 
     </span>
    </p>
   </div>
   <div class='ocr_carea' id='block_1_24' title="bbox 2079 985 3670 1059">
    <p class='ocr_par' dir='ltr' id='par_1_24' title="bbox 2079 985 3670 1059">
     <span class='ocr_line' id='line_1_24' title="bbox 2079 985 3670 1059; baseline 0.011 -22"><span class='ocrx_word' id='word_1_165' title='bbox 2079 985 2344 1053; x_wconf 85' lang='lat' dir='ltr'><strong>pravitate</strong></span> <span class='ocrx_word' id='word_1_166' title='bbox 2379 989 2690 1056; x_wconf 86' lang='lat' dir='ltr'><strong>proximum</strong></span> <span class='ocrx_word' id='word_1_167' title='bbox 2736 1002 2976 1059; x_wconf 87' lang='lat' dir='ltr'><strong>revocat,</strong></span> <span class='ocrx_word' id='word_1_168' title='bbox 3009 993 3054 1048; x_wconf 91' lang='lat' dir='ltr'><strong>si</strong></span> <span class='ocrx_word' id='word_1_169' title='bbox 3105 995 3384 1049; x_wconf 85' lang='lat' dir='ltr'><strong>exhortari</strong></span> <span class='ocrx_word' id='word_1_170' title='bbox 3426 996 3493 1050; x_wconf 86' lang='lat' dir='ltr'><strong>ad</strong></span> <span class='ocrx_word' id='word_1_171' title='bbox 3525 997 3670 1054; x_wconf 79' lang='lat' dir='ltr'><strong>bene</strong></span> 
     </span>
    </p>
   </div>
   <div class='ocr_carea' id='block_1_25' title="bbox 2079 1080 3666 1158">
    <p class='ocr_par' dir='ltr' id='par_1_25' title="bbox 2079 1080 3666 1158">
     <span class='ocr_line' id='line_1_25' title="bbox 2079 1080 3666 1158; baseline 0.008 -28"><span class='ocrx_word' id='word_1_172' title='bbox 2079 1080 2414 1148; x_wconf 89' lang='lat' dir='ltr'><strong>operandum</strong></span> <span class='ocrx_word' id='word_1_173' title='bbox 2436 1092 2610 1149; x_wconf 86' lang='lat' dir='ltr'><strong>curat,</strong></span> <span class='ocrx_word' id='word_1_174' title='bbox 2635 1084 2679 1137; x_wconf 90' lang='lat' dir='ltr'><strong>si</strong></span> <span class='ocrx_word' id='word_1_175' title='bbox 2702 1093 2964 1140; x_wconf 73' lang='lat' dir='ltr'><strong>azternum</strong></span> <span class='ocrx_word' id='word_1_176' title='bbox 2987 1102 3213 1158; x_wconf 89' lang='lat' dir='ltr'><strong>regnum</strong></span> <span class='ocrx_word' id='word_1_177' title='bbox 3229 1087 3314 1142; x_wconf 91' lang='lat' dir='ltr'><strong>vel</strong></span> <span class='ocrx_word' id='word_1_178' title='bbox 3335 1088 3666 1157; x_wconf 85' lang='lat' dir='ltr'><strong>supplicium</strong></span> 
     </span>
    </p>
   </div>
   <div class='ocr_carea' id='block_1_26' title="bbox 2077 1171 3671 1239">
    <p class='ocr_par' dir='ltr' id='par_1_26' title="bbox 2077 1171 3671 1239">
     <span class='ocr_line' id='line_1_26' title="bbox 2077 1171 3671 1239; baseline 0.005 -15"><span class='ocrx_word' id='word_1_179' title='bbox 2077 1171 2282 1224; x_wconf 88' lang='lat' dir='ltr'><strong>erranti</strong></span> <span class='ocrx_word' id='word_1_180' title='bbox 2317 1173 2620 1239; x_wconf 86' lang='lat' dir='ltr'><strong>denuntiat,</strong></span> <span class='ocrx_word' id='word_1_181' title='bbox 2679 1190 2805 1229; x_wconf 91' lang='lat' dir='ltr'><strong>cum</strong></span> <span class='ocrx_word' id='word_1_182' title='bbox 2873 1188 3037 1231; x_wconf 80' lang='lat' dir='ltr'><strong>verba</strong></span> <span class='ocrx_word' id='word_1_183' title='bbox 3084 1187 3288 1232; x_wconf 66' lang='lat' dir='ltr'><strong>sanctae</strong></span> <span class='ocrx_word' id='word_1_184' title='bbox 3336 1178 3671 1233; x_wconf 81' lang='lat' dir='ltr'><strong>exhortatio-</strong></span> 
     </span>
    </p>
   </div>
   <div class='ocr_carea' id='block_1_27' title="bbox 2079 1259 3666 1337">
    <p class='ocr_par' dir='ltr' id='par_1_27' title="bbox 2079 1259 3666 1337">
     <span class='ocr_line' id='line_1_27' title="bbox 2079 1259 3666 1337; baseline 0.009 -27"><span class='ocrx_word' id='word_1_185' title='bbox 2079 1259 2164 1312; x_wconf 88' lang='lat' dir='ltr'><strong>nis</strong></span> <span class='ocrx_word' id='word_1_186' title='bbox 2187 1259 2471 1330; x_wconf 87' lang='lat' dir='ltr'><strong>impendit,</strong></span> <span class='ocrx_word' id='word_1_187' title='bbox 2505 1264 2749 1333; x_wconf 90' lang='lat' dir='ltr'><strong>profecto</strong></span> <span class='ocrx_word' id='word_1_188' title='bbox 2775 1267 3002 1337; x_wconf 84' lang='lat' dir='ltr'><strong>angelus</strong></span> <span class='ocrx_word' id='word_1_189' title='bbox 3035 1268 3241 1322; x_wconf 84' lang='lat' dir='ltr'><strong>existit.</strong></span> <span class='ocrx_word' id='word_1_190' title='bbox 3277 1268 3343 1323; x_wconf 85' lang='lat' dir='ltr'><strong>Et</strong></span> <span class='ocrx_word' id='word_1_191' title='bbox 3377 1285 3540 1324; x_wconf 87' lang='lat' dir='ltr'><strong>nemo</strong></span> <span class='ocrx_word' id='word_1_192' title='bbox 3575 1271 3666 1324; x_wconf 86' lang='lat' dir='ltr'><strong>di—</strong></span> 
     </span>
    </p>
   </div>
   <div class='ocr_carea' id='block_1_28' title="bbox 2079 1352 3669 1424">
    <p class='ocr_par' dir='ltr' id='par_1_28' title="bbox 2079 1352 3669 1424">
     <span class='ocr_line' id='line_1_28' title="bbox 2079 1352 3669 1424; baseline 0.009 -22"><span class='ocrx_word' id='word_1_193' title='bbox 2079 1359 2197 1404; x_wconf 86' lang='lat' dir='ltr'><strong>cat:</strong></span> <span class='ocrx_word' id='word_1_194' title='bbox 2231 1352 2536 1408; x_wconf 82' lang='lat' dir='ltr'><strong>Admonere</strong></span> <span class='ocrx_word' id='word_1_195' title='bbox 2584 1371 2694 1410; x_wconf 93' lang='lat' dir='ltr'><strong>non</strong></span> <span class='ocrx_word' id='word_1_196' title='bbox 2772 1357 3014 1424; x_wconf 87' lang='lat' dir='ltr'><strong>sullicio,</strong></span> <span class='ocrx_word' id='word_1_197' title='bbox 3093 1359 3374 1413; x_wconf 76' lang='lat' dir='ltr'><strong>exhortari</strong></span> <span class='ocrx_word' id='word_1_198' title='bbox 3435 1361 3669 1417; x_wconf 81' lang='lat' dir='ltr'><strong>idoneus</strong></span> 
     </span>
    </p>
   </div>
   <div class='ocr_carea' id='block_1_29' title="bbox 2078 1441 3669 1514">
    <p class='ocr_par' dir='ltr' id='par_1_29' title="bbox 2078 1441 3669 1514">
     <span class='ocr_line' id='line_1_29' title="bbox 2078 1441 3669 1514; baseline 0.008 -20"><span class='ocrx_word' id='word_1_199' title='bbox 2078 1457 2187 1500; x_wconf 83' lang='lat' dir='ltr'><strong>non</strong></span> <span class='ocrx_word' id='word_1_200' title='bbox 2219 1460 2360 1498; x_wconf 90' lang='lat' dir='ltr'><strong>sum.</strong></span> <span class='ocrx_word' id='word_1_201' title='bbox 2391 1441 2665 1510; x_wconf 87' lang='lat' dir='ltr'><strong>Quantum</strong></span> <span class='ocrx_word' id='word_1_202' title='bbox 2690 1457 2843 1514; x_wconf 85' lang='lat' dir='ltr'><strong>potes</strong></span> <span class='ocrx_word' id='word_1_203' title='bbox 2869 1448 3087 1514; x_wconf 81' lang='lat' dir='ltr'><strong>exhibe,</strong></span> <span class='ocrx_word' id='word_1_204' title='bbox 3125 1465 3192 1502; x_wconf 92' lang='lat' dir='ltr'><strong>ne</strong></span> <span class='ocrx_word' id='word_1_205' title='bbox 3220 1450 3362 1504; x_wconf 89' lang='lat' dir='ltr'><strong>male</strong></span> <span class='ocrx_word' id='word_1_206' title='bbox 3395 1452 3669 1506; x_wconf 80' lang='lat' dir='ltr'><strong>servando</strong></span> 
     </span>
    </p>
   </div>
   <div class='ocr_carea' id='block_1_30' title="bbox 2078 1537 3662 1611">
    <p class='ocr_par' dir='ltr' id='par_1_30' title="bbox 2078 1537 3662 1611">
     <span class='ocr_line' id='line_1_30' title="bbox 2078 1537 3662 1611; baseline 0.006 -21"><span class='ocrx_word' id='word_1_207' title='bbox 2078 1537 2222 1608; x_wconf 92' lang='lat' dir='ltr'><strong>quod</strong></span> <span class='ocrx_word' id='word_1_208' title='bbox 2256 1537 2532 1605; x_wconf 86' lang='lat' dir='ltr'><strong>acceperis</strong></span> <span class='ocrx_word' id='word_1_209' title='bbox 2563 1537 2617 1589; x_wconf 94' lang='lat' dir='ltr'><strong>in</strong></span> <span class='ocrx_word' id='word_1_210' title='bbox 2647 1539 2934 1594; x_wconf 89' lang='lat' dir='ltr'><strong>tormentis</strong></span> <span class='ocrx_word' id='word_1_211' title='bbox 2958 1541 3212 1611; x_wconf 84' lang='lat' dir='ltr'><strong>exigaris.</strong></span> <span class='ocrx_word' id='word_1_212' title='bbox 3249 1540 3465 1598; x_wconf 78' lang='lat' dir='ltr'><strong>Scimus</strong></span> <span class='ocrx_word' id='word_1_213' title='bbox 3512 1544 3662 1599; x_wconf 89' lang='lat' dir='ltr'><strong>enim</strong></span> 
     </span>
    </p>
   </div>
   <div class='ocr_carea' id='block_1_31' title="bbox 2078 1629 3665 1705">
    <p class='ocr_par' dir='ltr' id='par_1_31' title="bbox 2078 1629 3665 1705">
     <span class='ocr_line' id='line_1_31' title="bbox 2078 1629 3665 1705; baseline 0.005 -23"><span class='ocrx_word' id='word_1_214' title='bbox 2078 1630 2224 1700; x_wconf 91' lang='lat' dir='ltr'><strong>quod</strong></span> <span class='ocrx_word' id='word_1_215' title='bbox 2261 1630 2314 1682; x_wconf 94' lang='lat' dir='ltr'><strong>in</strong></span> <span class='ocrx_word' id='word_1_216' title='bbox 2346 1629 2698 1683; x_wconf 89' lang='lat' dir='ltr'><strong>tabernaculo</strong></span> <span class='ocrx_word' id='word_1_217' title='bbox 2727 1645 2834 1683; x_wconf 89' lang='lat' dir='ltr'><strong>non</strong></span> <span class='ocrx_word' id='word_1_218' title='bbox 2883 1631 3059 1685; x_wconf 90' lang='lat' dir='ltr'><strong>solum</strong></span> <span class='ocrx_word' id='word_1_219' title='bbox 3093 1632 3354 1702; x_wconf 88' lang='lat' dir='ltr'><strong>phialam,</strong></span> <span class='ocrx_word' id='word_1_220' title='bbox 3385 1638 3478 1689; x_wconf 87' lang='lat' dir='ltr'><strong>sed</strong></span> <span class='ocrx_word' id='word_1_221' title='bbox 3523 1651 3665 1705; x_wconf 68' lang='lat' dir='ltr'><strong>prte-</strong></span> 
     </span>
    </p>
   </div>
   <div class='ocr_carea' id='block_1_32' title="bbox 2077 1719 3661 1796">
    <p class='ocr_par' dir='ltr' id='par_1_32' title="bbox 2077 1719 3661 1796">
     <span class='ocr_line' id='line_1_32' title="bbox 2077 1719 3661 1796; baseline 0.003 -20"><span class='ocrx_word' id='word_1_222' title='bbox 2077 1721 2310 1790; x_wconf 89' lang='lat' dir='ltr'><strong>cipiente</strong></span> <span class='ocrx_word' id='word_1_223' title='bbox 2337 1719 2570 1774; x_wconf 90' lang='lat' dir='ltr'><strong>Domino</strong></span> <span class='ocrx_word' id='word_1_224' title='bbox 2594 1721 2758 1774; x_wconf 89' lang='lat' dir='ltr'><strong>etiam</strong></span> <span class='ocrx_word' id='word_1_225' title='bbox 2781 1722 2959 1791; x_wconf 80' lang='lat' dir='ltr'><strong>cyathi</strong></span> <span class='ocrx_word' id='word_1_226' title='bbox 2979 1721 3106 1776; x_wconf 87' lang='lat' dir='ltr'><strong>facti</strong></span> <span class='ocrx_word' id='word_1_227' title='bbox 3137 1735 3264 1778; x_wconf 89' lang='lat' dir='ltr'><strong>sunt</strong></span> <span class='ocrx_word' id='word_1_228' title='bbox 3283 1723 3480 1794; x_wconf 76' lang='lat' dir='ltr'><strong>(Exod.</strong></span> <span class='ocrx_word' id='word_1_229' title='bbox 3507 1730 3661 1796; x_wconf 81' lang='lat' dir='ltr'><strong>xxv).</strong></span> 
     </span>
    </p>
   </div>
   <div class='ocr_carea' id='block_1_33' title="bbox 379 1791 3668 1887">
    <p class='ocr_par' dir='ltr' id='par_1_33' title="bbox 379 1791 3668 1887">
     <span class='ocr_line' id='line_1_33' title="bbox 379 1791 3668 1887; baseline 0.003 -24"><span class='ocrx_word' id='word_1_230' title='bbox 379 1793 691 1887; x_wconf 19' lang='lat' dir='ltr'><strong>Aediluini&quot;-</strong></span> <span class='ocrx_word' id='word_1_231' title='bbox 744 1791 1121 1863; x_wconf 64' lang='grc' dir='ltr'><strong>(δκεῧοκιυδο)</strong></span> <span class='ocrx_word' id='word_1_232' title='bbox 1183 1791 1422 1848; x_wconf 66' lang='lat' dir='ltr'><strong>Joannes</strong></span> <span class='ocrx_word' id='word_1_233' title='bbox 1481 1808 1589 1847; x_wconf 83' lang='grc' dir='ltr'><strong>ηοη</strong></span> <span class='ocrx_word' id='word_1_234' title='bbox 1645 1792 1747 1848; x_wconf 50' lang='lat' dir='ltr'><strong>fuit</strong></span> <span class='ocrx_word' id='word_1_235' title='bbox 1801 1795 1972 1848; x_wconf 74' lang='lat' dir='ltr'><strong>mom&#39;</strong></span> <span class='ocrx_word' id='word_1_236' title='bbox 2002 1809 2044 1863; x_wconf 88' lang='lat' dir='ltr'><strong>B</strong></span> <span class='ocrx_word' id='word_1_237' title='bbox 2073 1810 2176 1867; x_wconf 84' lang='lat' dir='ltr'><strong>Per</strong></span> <span class='ocrx_word' id='word_1_238' title='bbox 2199 1811 2409 1881; x_wconf 80' lang='lat' dir='ltr'><strong>phialas</strong></span> <span class='ocrx_word' id='word_1_239' title='bbox 2452 1811 2910 1881; x_wconf 84' lang='lat' dir='ltr'><strong>quippedoctrina</strong></span> <span class='ocrx_word' id='word_1_240' title='bbox 2944 1814 3272 1870; x_wconf 71' lang='lat' dir='ltr'><strong>exuberans.</strong></span> <span class='ocrx_word' id='word_1_241' title='bbox 3292 1791 3407 1870; x_wconf 27' lang='lat' dir='ltr'><strong>‘Per</strong></span> <span class='ocrx_word' id='word_1_242' title='bbox 3436 1791 3668 1887; x_wconf 81' lang='lat' dir='ltr'><strong>cyathos</strong></span> 
     </span>
    </p>
   </div>
   <div class='ocr_carea' id='block_1_34' title="bbox 385 1885 1968 1955">
    <p class='ocr_par' dir='ltr' id='par_1_34' title="bbox 385 1885 1968 1955">
     <span class='ocr_line' id='line_1_34' title="bbox 385 1885 1968 1955; baseline -0.001 -14"><span class='ocrx_word' id='word_1_243' title='bbox 385 1885 490 1941; x_wconf 89' lang='lat' dir='ltr'><strong>bus</strong></span> <span class='ocrx_word' id='word_1_244' title='bbox 516 1885 766 1952; x_wconf 88' lang='lat' dir='ltr'><strong>vestitus,</strong></span> <span class='ocrx_word' id='word_1_245' title='bbox 803 1886 931 1955; x_wconf 90' lang='lat' dir='ltr'><strong>quia</strong></span> <span class='ocrx_word' id='word_1_246' title='bbox 967 1886 1133 1939; x_wconf 84' lang='lat' dir='ltr'><strong>vitam</strong></span> <span class='ocrx_word' id='word_1_247' title='bbox 1190 1886 1529 1955; x_wconf 88' lang='lat' dir='ltr'><strong>peccantium</strong></span> <span class='ocrx_word' id='word_1_248' title='bbox 1590 1901 1700 1940; x_wconf 92' lang='lat' dir='ltr'><strong>non</strong></span> <span class='ocrx_word' id='word_1_249' title='bbox 1755 1887 1968 1941; x_wconf 88' lang='lat' dir='ltr'><strong>blandi-</strong></span> 
     </span>
    </p>
   </div>
   <div class='ocr_carea' id='block_1_35' title="bbox 386 1975 1971 2046">
    <p class='ocr_par' dir='ltr' id='par_1_35' title="bbox 386 1975 1971 2046">
     <span class='ocr_line' id='line_1_35' title="bbox 386 1975 1971 2046; baseline -0.002 -13"><span class='ocrx_word' id='word_1_250' title='bbox 386 1976 588 2033; x_wconf 86' lang='lat' dir='ltr'><strong>mentis</strong></span> <span class='ocrx_word' id='word_1_251' title='bbox 629 1975 786 2041; x_wconf 87' lang='lat' dir='ltr'><strong>fovit,</strong></span> <span class='ocrx_word' id='word_1_252' title='bbox 836 1977 931 2032; x_wconf 88' lang='lat' dir='ltr'><strong>sed</strong></span> <span class='ocrx_word' id='word_1_253' title='bbox 981 1991 1172 2046; x_wconf 90' lang='lat' dir='ltr'><strong>aspere</strong></span> <span class='ocrx_word' id='word_1_254' title='bbox 1217 1977 1538 2046; x_wconf 69' lang='lat' dir='ltr'><strong>increpavit.</strong></span> <span class='ocrx_word' id='word_1_255' title='bbox 1595 1975 1750 2032; x_wconf 90' lang='lat' dir='ltr'><strong>Unde</strong></span> <span class='ocrx_word' id='word_1_256' title='bbox 1813 1975 1971 2031; x_wconf 85' lang='lat' dir='ltr'><strong>Salo-</strong></span> 
     </span>
    </p>
   </div>
   <div class='ocr_carea' id='block_1_36' title="bbox 382 2065 1968 2137">
    <p class='ocr_par' dir='ltr' id='par_1_36' title="bbox 382 2065 1968 2137">
     <span class='ocr_line' id='line_1_36' title="bbox 382 2065 1968 2137; baseline -0.001 -15"><span class='ocrx_word' id='word_1_257' title='bbox 382 2081 548 2122; x_wconf 87' lang='lat' dir='ltr'><strong>mon:</strong></span> <span class='ocrx_word' id='word_1_258' title='bbox 586 2086 604 2118; x_wconf 77' lang='grc' dir='ltr'><strong>ι</strong></span> <span class='ocrx_word' id='word_1_259' title='bbox 629 2065 806 2122; x_wconf 84' lang='lat' dir='ltr'><strong>Verba</strong></span> <span class='ocrx_word' id='word_1_260' title='bbox 834 2067 1141 2136; x_wconf 88' lang='lat' dir='ltr'><strong>sapientum</strong></span> <span class='ocrx_word' id='word_1_261' title='bbox 1172 2068 1329 2137; x_wconf 91' lang='lat' dir='ltr'><strong>quasi</strong></span> <span class='ocrx_word' id='word_1_262' title='bbox 1361 2067 1563 2122; x_wconf 86' lang='lat' dir='ltr'><strong>stimuli</strong></span> <span class='ocrx_word' id='word_1_263' title='bbox 1591 2077 1644 2122; x_wconf 92' lang='lat' dir='ltr'><strong>et</strong></span> <span class='ocrx_word' id='word_1_264' title='bbox 1670 2067 1968 2124; x_wconf 89' lang='lat' dir='ltr'><strong>sicutclavi</strong></span> 
     </span>
    </p>
   </div>
   <div class='ocr_carea' id='block_1_37' title="bbox 383 2156 1274 2228">
    <p class='ocr_par' dir='ltr' id='par_1_37' title="bbox 383 2156 1274 2228">
     <span class='ocr_line' id='line_1_37' title="bbox 383 2156 1274 2228; baseline -0.003 -16"><span class='ocrx_word' id='word_1_265' title='bbox 383 2160 438 2216; x_wconf 91' lang='lat' dir='ltr'><strong>in</strong></span> <span class='ocrx_word' id='word_1_266' title='bbox 474 2158 642 2212; x_wconf 87' lang='lat' dir='ltr'><strong>altum</strong></span> <span class='ocrx_word' id='word_1_267' title='bbox 673 2157 834 2212; x_wconf 81' lang='lat' dir='ltr'><strong>defixi</strong></span> <span class='ocrx_word' id='word_1_268' title='bbox 859 2156 1060 2228; x_wconf 81' lang='lat' dir='ltr'><strong>(Eccle.</strong></span> <span class='ocrx_word' id='word_1_269' title='bbox 1095 2159 1215 2228; x_wconf 84' lang='lat' dir='ltr'><strong>xu).</strong></span> <span class='ocrx_word' id='word_1_270' title='bbox 1257 2178 1274 2209; x_wconf 77' lang='grc' dir='ltr'><strong>ι</strong></span> 
     </span>
    </p>
   </div>
   <div class='ocr_carea' id='block_1_38' title="bbox 460 2269 1967 2341">
    <p class='ocr_par' dir='ltr' id='par_1_38' title="bbox 460 2269 1967 2341">
     <span class='ocr_line' id='line_1_38' title="bbox 460 2269 1967 2341; baseline 0.002 -18"><span class='ocrx_word' id='word_1_271' title='bbox 460 2293 477 2323; x_wconf 77' lang='grc' dir='ltr'><strong>ι</strong></span> <span class='ocrx_word' id='word_1_272' title='bbox 514 2271 614 2327; x_wconf 86' lang='lat' dir='ltr'><strong>Hic</strong></span> <span class='ocrx_word' id='word_1_273' title='bbox 643 2280 728 2326; x_wconf 91' lang='lat' dir='ltr'><strong>est</strong></span> <span class='ocrx_word' id='word_1_274' title='bbox 752 2278 898 2327; x_wconf 89' lang='lat' dir='ltr'><strong>enim</strong></span> <span class='ocrx_word' id='word_1_275' title='bbox 922 2272 988 2327; x_wconf 92' lang='lat' dir='ltr'><strong>de</strong></span> <span class='ocrx_word' id='word_1_276' title='bbox 1018 2286 1129 2341; x_wconf 94' lang='lat' dir='ltr'><strong>quo</strong></span> <span class='ocrx_word' id='word_1_277' title='bbox 1155 2270 1418 2341; x_wconf 90' lang='lat' dir='ltr'><strong>scriptum</strong></span> <span class='ocrx_word' id='word_1_278' title='bbox 1448 2278 1529 2327; x_wconf 91' lang='lat' dir='ltr'><strong>est</strong></span> <span class='ocrx_word' id='word_1_279' title='bbox 1575 2289 1588 2324; x_wconf 91' lang='lat'><strong>:</strong></span> <span class='ocrx_word' id='word_1_280' title='bbox 1622 2269 1760 2326; x_wconf 84' lang='lat' dir='ltr'><strong>Ecce</strong></span> <span class='ocrx_word' id='word_1_281' title='bbox 1811 2271 1967 2326; x_wconf 90' lang='lat' dir='ltr'><strong>mitto</strong></span> 
     </span>
    </p>
   </div>
   <div class='ocr_carea' id='block_1_39' title="bbox 383 2361 1967 2433">
    <p class='ocr_par' dir='ltr' id='par_1_39' title="bbox 383 2361 1967 2433">
     <span class='ocr_line' id='line_1_39' title="bbox 383 2361 1967 2433; baseline 0 -17"><span class='ocrx_word' id='word_1_282' title='bbox 383 2363 632 2433; x_wconf 80' lang='lat' dir='ltr'><strong>angelum</strong></span> <span class='ocrx_word' id='word_1_283' title='bbox 656 2378 834 2417; x_wconf 90' lang='lat' dir='ltr'><strong>meum</strong></span> <span class='ocrx_word' id='word_1_284' title='bbox 855 2371 980 2417; x_wconf 89' lang='lat' dir='ltr'><strong>ante</strong></span> <span class='ocrx_word' id='word_1_285' title='bbox 1003 2361 1195 2417; x_wconf 91' lang='lat' dir='ltr'><strong>faciem</strong></span> <span class='ocrx_word' id='word_1_286' title='bbox 1209 2370 1357 2417; x_wconf 90' lang='lat' dir='ltr'><strong>tuam</strong></span> <span class='ocrx_word' id='word_1_287' title='bbox 1373 2362 1464 2432; x_wconf 92' lang='lat' dir='ltr'><strong>qui</strong></span> <span class='ocrx_word' id='word_1_288' title='bbox 1486 2363 1967 2433; x_wconf 71' lang='lat' dir='ltr'><strong>prazparabitviam</strong></span> 
     </span>
    </p>
   </div>
   <div class='ocr_carea' id='block_1_40' title="bbox 381 2450 1966 2523">
    <p class='ocr_par' dir='ltr' id='par_1_40' title="bbox 381 2450 1966 2523">
     <span class='ocr_line' id='line_1_40' title="bbox 381 2450 1966 2523; baseline -0.001 -17"><span class='ocrx_word' id='word_1_289' title='bbox 381 2463 531 2507; x_wconf 88' lang='lat' dir='ltr'><strong>tuam</strong></span> <span class='ocrx_word' id='word_1_290' title='bbox 556 2461 681 2506; x_wconf 90' lang='lat' dir='ltr'><strong>ante</strong></span> <span class='ocrx_word' id='word_1_291' title='bbox 705 2460 756 2506; x_wconf 92' lang='lat' dir='ltr'><strong>te</strong></span> <span class='ocrx_word' id='word_1_292' title='bbox 787 2450 1005 2522; x_wconf 80' lang='lat' dir='ltr'><strong>(Matth.</strong></span> <span class='ocrx_word' id='word_1_293' title='bbox 1039 2451 1140 2521; x_wconf 82' lang='lat' dir='ltr'><strong>xi).</strong></span> <span class='ocrx_word' id='word_1_294' title='bbox 1164 2469 1183 2503; x_wconf 79' lang='grc' dir='ltr'><strong>ι</strong></span> <span class='ocrx_word' id='word_1_295' title='bbox 1220 2450 1596 2523; x_wconf 65' lang='lat' dir='ltr'><strong>(Caesonius)</strong></span> <span class='ocrx_word' id='word_1_296' title='bbox 1625 2450 1778 2514; x_wconf 82' lang='lat' dir='ltr'><strong>Quod</strong></span> <span class='ocrx_word' id='word_1_297' title='bbox 1822 2453 1966 2507; x_wconf 90' lang='lat' dir='ltr'><strong>enim</strong></span> 
     </span>
    </p>
   </div>
   <div class='ocr_carea' id='block_1_41' title="bbox 377 2541 1968 2613">
    <p class='ocr_par' dir='ltr' id='par_1_41' title="bbox 377 2541 1968 2613">
     <span class='ocr_line' id='line_1_41' title="bbox 377 2541 1968 2613; baseline 0 -15"><span class='ocrx_word' id='word_1_298' title='bbox 377 2542 568 2598; x_wconf 58' lang='lat' dir='ltr'><strong>Grece</strong></span> <span class='ocrx_word' id='word_1_299' title='bbox 615 2542 862 2613; x_wconf 86' lang='lat' dir='ltr'><strong>angelus,</strong></span> <span class='ocrx_word' id='word_1_300' title='bbox 915 2543 1020 2598; x_wconf 90' lang='lat' dir='ltr'><strong>hoc</strong></span> <span class='ocrx_word' id='word_1_301' title='bbox 1056 2541 1246 2597; x_wconf 89' lang='lat' dir='ltr'><strong>Latine</strong></span> <span class='ocrx_word' id='word_1_302' title='bbox 1290 2544 1517 2598; x_wconf 90' lang='lat' dir='ltr'><strong>nuntius</strong></span> <span class='ocrx_word' id='word_1_303' title='bbox 1552 2543 1769 2598; x_wconf 90' lang='lat' dir='ltr'><strong>dicitur.</strong></span> <span class='ocrx_word' id='word_1_304' title='bbox 1804 2542 1968 2598; x_wconf 84' lang='lat' dir='ltr'><strong>Recte</strong></span> 
     </span>
    </p>
   </div>
   <div class='ocr_carea' id='block_1_42' title="bbox 373 2634 1965 2706">
    <p class='ocr_par' dir='ltr' id='par_1_42' title="bbox 373 2634 1965 2706">
     <span class='ocr_line' id='line_1_42' title="bbox 373 2634 1965 2706; baseline 0.002 -19"><span class='ocrx_word' id='word_1_305' title='bbox 373 2649 512 2706; x_wconf 80' lang='lat' dir='ltr'><strong>ergo</strong></span> <span class='ocrx_word' id='word_1_306' title='bbox 533 2634 628 2704; x_wconf 88' lang='lat' dir='ltr'><strong>qui</strong></span> <span class='ocrx_word' id='word_1_307' title='bbox 643 2635 894 2689; x_wconf 91' lang='lat' dir='ltr'><strong>nuntiare</strong></span> <span class='ocrx_word' id='word_1_308' title='bbox 920 2649 1217 2704; x_wconf 89' lang='lat' dir='ltr'><strong>supernum</strong></span> <span class='ocrx_word' id='word_1_309' title='bbox 1239 2634 1480 2705; x_wconf 89' lang='lat' dir='ltr'><strong>judicem</strong></span> <span class='ocrx_word' id='word_1_310' title='bbox 1498 2635 1965 2706; x_wconf 88' lang='lat' dir='ltr'><strong>mittiturangelus</strong></span> 
     </span>
    </p>
   </div>
   <div class='ocr_carea' id='block_1_43' title="bbox 380 2725 1964 2796">
    <p class='ocr_par' dir='ltr' id='par_1_43' title="bbox 380 2725 1964 2796">
     <span class='ocr_line' id='line_1_43' title="bbox 380 2725 1964 2796; baseline 0.003 -18"><span class='ocrx_word' id='word_1_311' title='bbox 380 2734 630 2790; x_wconf 88' lang='lat' dir='ltr'><strong>vocatur,</strong></span> <span class='ocrx_word' id='word_1_312' title='bbox 657 2733 714 2779; x_wconf 94' lang='lat' dir='ltr'><strong>ut</strong></span> <span class='ocrx_word' id='word_1_313' title='bbox 731 2725 1049 2795; x_wconf 90' lang='lat' dir='ltr'><strong>dignitatem</strong></span> <span class='ocrx_word' id='word_1_314' title='bbox 1077 2733 1256 2781; x_wconf 73' lang='lat' dir='ltr'><strong>servet</strong></span> <span class='ocrx_word' id='word_1_315' title='bbox 1282 2726 1338 2781; x_wconf 91' lang='lat' dir='ltr'><strong>in</strong></span> <span class='ocrx_word' id='word_1_316' title='bbox 1355 2726 1574 2781; x_wconf 91' lang='lat' dir='ltr'><strong>nomine</strong></span> <span class='ocrx_word' id='word_1_317' title='bbox 1595 2741 1761 2796; x_wconf 90' lang='lat' dir='ltr'><strong>quam</strong></span> <span class='ocrx_word' id='word_1_318' title='bbox 1785 2727 1964 2796; x_wconf 79' lang='lat' dir='ltr'><strong>explet</strong></span> 
     </span>
    </p>
   </div>
   <div class='ocr_carea' id='block_1_44' title="bbox 378 2815 1964 2886">
    <p class='ocr_par' dir='ltr' id='par_1_44' title="bbox 378 2815 1964 2886">
     <span class='ocr_line' id='line_1_44' title="bbox 378 2815 1964 2886; baseline 0.002 -18"><span class='ocrx_word' id='word_1_319' title='bbox 378 2815 438 2870; x_wconf 82' lang='lat' dir='ltr'><strong>in</strong></span> <span class='ocrx_word' id='word_1_320' title='bbox 487 2816 802 2886; x_wconf 88' lang='lat' dir='ltr'><strong>operatione</strong></span> <span class='ocrx_word' id='word_1_321' title='bbox 830 2833 844 2870; x_wconf 94' lang='lat'><strong>:</strong></span> <span class='ocrx_word' id='word_1_322' title='bbox 875 2816 1043 2871; x_wconf 88' lang='lat' dir='ltr'><strong>altum</strong></span> <span class='ocrx_word' id='word_1_323' title='bbox 1066 2815 1267 2886; x_wconf 87' lang='lat' dir='ltr'><strong>quippe</strong></span> <span class='ocrx_word' id='word_1_324' title='bbox 1295 2830 1495 2871; x_wconf 89' lang='lat' dir='ltr'><strong>nomen</strong></span> <span class='ocrx_word' id='word_1_325' title='bbox 1522 2825 1625 2882; x_wconf 91' lang='lat' dir='ltr'><strong>est,</strong></span> <span class='ocrx_word' id='word_1_326' title='bbox 1652 2816 1746 2871; x_wconf 89' lang='lat' dir='ltr'><strong>sed</strong></span> <span class='ocrx_word' id='word_1_327' title='bbox 1777 2816 1824 2871; x_wconf 91' lang='lat' dir='ltr'><strong>si</strong></span> <span class='ocrx_word' id='word_1_328' title='bbox 1855 2817 1964 2871; x_wconf 89' lang='lat' dir='ltr'><strong>vita</strong></span> 
     </span>
    </p>
   </div>
   <div class='ocr_carea' id='block_1_45' title="bbox 382 2903 1964 2976">
    <p class='ocr_par' dir='ltr' id='par_1_45' title="bbox 382 2903 1964 2976">
     <span class='ocr_line' id='line_1_45' title="bbox 382 2903 1964 2976; baseline 0.004 -20"><span class='ocrx_word' id='word_1_329' title='bbox 382 2903 610 2960; x_wconf 88' lang='lat' dir='ltr'><strong>inferior</strong></span> <span class='ocrx_word' id='word_1_330' title='bbox 642 2920 752 2960; x_wconf 92' lang='lat' dir='ltr'><strong>non</strong></span> <span class='ocrx_word' id='word_1_331' title='bbox 792 2913 895 2961; x_wconf 88' lang='lat' dir='ltr'><strong>est.</strong></span> <span class='ocrx_word' id='word_1_332' title='bbox 949 2903 1152 2961; x_wconf 89' lang='lat' dir='ltr'><strong>Omnes</strong></span> <span class='ocrx_word' id='word_1_333' title='bbox 1176 2907 1360 2976; x_wconf 90' lang='lat' dir='ltr'><strong>itaque</strong></span> <span class='ocrx_word' id='word_1_334' title='bbox 1385 2905 1478 2976; x_wconf 92' lang='lat' dir='ltr'><strong>qui</strong></span> <span class='ocrx_word' id='word_1_335' title='bbox 1518 2906 1808 2962; x_wconf 87' lang='lat' dir='ltr'><strong>sacerdotii</strong></span> <span class='ocrx_word' id='word_1_336' title='bbox 1865 2922 1964 2962; x_wconf 86' lang='lat' dir='ltr'><strong>no-</strong></span> 
     </span>
    </p>
   </div>
   <div class='ocr_carea' id='block_1_46' title="bbox 381 2995 1966 3070">
    <p class='ocr_par' dir='ltr' id='par_1_46' title="bbox 381 2995 1966 3070">
     <span class='ocr_line' id='line_1_46' title="bbox 381 2995 1966 3070; baseline 0.004 -22"><span class='ocrx_word' id='word_1_337' title='bbox 381 2995 530 3052; x_wconf 71' lang='lat' dir='ltr'><strong>mine</strong></span> <span class='ocrx_word' id='word_1_338' title='bbox 559 3007 850 3055; x_wconf 88' lang='lat' dir='ltr'><strong>censentur</strong></span> <span class='ocrx_word' id='word_1_339' title='bbox 871 2998 1049 3070; x_wconf 83' lang='lat' dir='ltr'><strong>angeli</strong></span> <span class='ocrx_word' id='word_1_340' title='bbox 1079 3006 1364 3066; x_wconf 89' lang='lat' dir='ltr'><strong>vocantur,</strong></span> <span class='ocrx_word' id='word_1_341' title='bbox 1388 2997 1650 3069; x_wconf 86' lang='lat' dir='ltr'><strong>propheta</strong></span> <span class='ocrx_word' id='word_1_342' title='bbox 1678 3006 1966 3054; x_wconf 84' lang='lat' dir='ltr'><strong>attestanto</strong></span> 
     </span>
    </p>
   </div>
   <div class='ocr_carea' id='block_1_47' title="bbox 2071 1906 3666 1979">
    <p class='ocr_par' dir='ltr' id='par_1_47' title="bbox 2071 1906 3666 1979">
     <span class='ocr_line' id='line_1_47' title="bbox 2071 1906 3666 1979; baseline 0.004 -21"><span class='ocrx_word' id='word_1_343' title='bbox 2071 1920 2202 1959; x_wconf 81' lang='lat' dir='ltr'><strong>vero</strong></span> <span class='ocrx_word' id='word_1_344' title='bbox 2238 1920 2405 1974; x_wconf 87' lang='lat' dir='ltr'><strong>parva</strong></span> <span class='ocrx_word' id='word_1_345' title='bbox 2434 1912 2598 1974; x_wconf 88' lang='lat' dir='ltr'><strong>atque</strong></span> <span class='ocrx_word' id='word_1_346' title='bbox 2626 1914 2856 1976; x_wconf 89' lang='lat' dir='ltr'><strong>angusta</strong></span> <span class='ocrx_word' id='word_1_347' title='bbox 2891 1906 3117 1961; x_wconf 86' lang='lat' dir='ltr'><strong>scientia</strong></span> <span class='ocrx_word' id='word_1_348' title='bbox 3140 1907 3476 1979; x_wconf 79' lang='lat' dir='ltr'><strong>designatur.</strong></span> <span class='ocrx_word' id='word_1_349' title='bbox 3505 1910 3666 1965; x_wconf 76' lang='lat' dir='ltr'><strong>Alius</strong></span> 
     </span>
    </p>
   </div>
   <div class='ocr_carea' id='block_1_48' title="bbox 2071 1997 3660 2067">
    <p class='ocr_par' dir='ltr' id='par_1_48' title="bbox 2071 1997 3660 2067">
     <span class='ocr_line' id='line_1_48' title="bbox 2071 1997 3660 2067; baseline 0.001 -14"><span class='ocrx_word' id='word_1_350' title='bbox 2071 1999 2318 2053; x_wconf 89' lang='lat' dir='ltr'><strong>doctrina</strong></span> <span class='ocrx_word' id='word_1_351' title='bbox 2335 1997 2579 2053; x_wconf 88' lang='lat' dir='ltr'><strong>veritatis</strong></span> <span class='ocrx_word' id='word_1_352' title='bbox 2594 1997 2789 2067; x_wconf 86' lang='lat' dir='ltr'><strong>plenus</strong></span> <span class='ocrx_word' id='word_1_353' title='bbox 2809 1998 3147 2053; x_wconf 89' lang='lat' dir='ltr'><strong>audientium</strong></span> <span class='ocrx_word' id='word_1_354' title='bbox 3166 2015 3289 2054; x_wconf 90' lang='lat' dir='ltr'><strong>men</strong></span> <span class='ocrx_word' id='word_1_355' title='bbox 3299 2007 3378 2055; x_wconf 82' lang='lat' dir='ltr'><strong>tes</strong></span> <span class='ocrx_word' id='word_1_356' title='bbox 3399 2000 3660 2056; x_wconf 88' lang='lat' dir='ltr'><strong>inebriat.</strong></span> 
     </span>
    </p>
   </div>
   <div class='ocr_carea' id='block_1_49' title="bbox 2070 2087 3661 2163">
    <p class='ocr_par' dir='ltr' id='par_1_49' title="bbox 2070 2087 3661 2163">
     <span class='ocr_line' id='line_1_49' title="bbox 2070 2087 3661 2163; baseline 0.003 -21"><span class='ocrx_word' id='word_1_357' title='bbox 2070 2088 2174 2144; x_wconf 90' lang='lat' dir='ltr'><strong>Per</strong></span> <span class='ocrx_word' id='word_1_358' title='bbox 2210 2089 2311 2143; x_wconf 91' lang='lat' dir='ltr'><strong>hoc</strong></span> <span class='ocrx_word' id='word_1_359' title='bbox 2332 2102 2462 2158; x_wconf 84' lang='lat' dir='ltr'><strong>ergo</strong></span> <span class='ocrx_word' id='word_1_360' title='bbox 2493 2089 2638 2158; x_wconf 90' lang='lat' dir='ltr'><strong>quod</strong></span> <span class='ocrx_word' id='word_1_361' title='bbox 2667 2088 2827 2156; x_wconf 87' lang='lat' dir='ltr'><strong>dicit,</strong></span> <span class='ocrx_word' id='word_1_362' title='bbox 2867 2087 3111 2160; x_wconf 88' lang='lat' dir='ltr'><strong>profecto</strong></span> <span class='ocrx_word' id='word_1_363' title='bbox 3139 2090 3378 2160; x_wconf 87' lang='lat' dir='ltr'><strong>phialam</strong></span> <span class='ocrx_word' id='word_1_364' title='bbox 3409 2093 3661 2163; x_wconf 86' lang='lat' dir='ltr'><strong>porrigit.</strong></span> 
     </span>
    </p>
   </div>
   <div class='ocr_carea' id='block_1_50' title="bbox 2071 2181 3660 2255">
    <p class='ocr_par' dir='ltr' id='par_1_50' title="bbox 2071 2181 3660 2255">
     <span class='ocr_line' id='line_1_50' title="bbox 2071 2181 3660 2255; baseline 0.002 -20"><span class='ocrx_word' id='word_1_365' title='bbox 2071 2182 2226 2236; x_wconf 83' lang='lat' dir='ltr'><strong>Alius</strong></span> <span class='ocrx_word' id='word_1_366' title='bbox 2246 2195 2516 2250; x_wconf 88' lang='lat' dir='ltr'><strong>exponere</strong></span> <span class='ocrx_word' id='word_1_367' title='bbox 2536 2181 2682 2252; x_wconf 90' lang='lat' dir='ltr'><strong>quod</strong></span> <span class='ocrx_word' id='word_1_368' title='bbox 2713 2182 2880 2236; x_wconf 92' lang='lat' dir='ltr'><strong>sentit</strong></span> <span class='ocrx_word' id='word_1_369' title='bbox 2915 2183 3078 2238; x_wconf 86' lang='lat' dir='ltr'><strong>valet.</strong></span> <span class='ocrx_word' id='word_1_370' title='bbox 3123 2183 3230 2238; x_wconf 88' lang='lat' dir='ltr'><strong>Sed</strong></span> <span class='ocrx_word' id='word_1_371' title='bbox 3263 2186 3395 2255; x_wconf 87' lang='lat' dir='ltr'><strong>quia</strong></span> <span class='ocrx_word' id='word_1_372' title='bbox 3444 2197 3660 2241; x_wconf 80' lang='lat' dir='ltr'><strong>utrum-</strong></span> 
     </span>
    </p>
   </div>
   <div class='ocr_carea' id='block_1_51' title="bbox 2075 2272 3661 2346">
    <p class='ocr_par' dir='ltr' id='par_1_51' title="bbox 2075 2272 3661 2346">
     <span class='ocr_line' id='line_1_51' title="bbox 2075 2272 3661 2346; baseline 0.003 -19"><span class='ocrx_word' id='word_1_373' title='bbox 2075 2290 2180 2344; x_wconf 92' lang='lat' dir='ltr'><strong>que</strong></span> <span class='ocrx_word' id='word_1_374' title='bbox 2204 2273 2488 2328; x_wconf 90' lang='lat' dir='ltr'><strong>denuntiat</strong></span> <span class='ocrx_word' id='word_1_375' title='bbox 2507 2272 2754 2342; x_wconf 81' lang='lat' dir='ltr'><strong>profecto</strong></span> <span class='ocrx_word' id='word_1_376' title='bbox 2782 2289 2880 2343; x_wconf 90' lang='lat' dir='ltr'><strong>per</strong></span> <span class='ocrx_word' id='word_1_377' title='bbox 2912 2275 3138 2330; x_wconf 91' lang='lat' dir='ltr'><strong>citatum</strong></span> <span class='ocrx_word' id='word_1_378' title='bbox 3190 2278 3415 2346; x_wconf 72' lang='lat' dir='ltr'><strong>praebet.</strong></span> <span class='ocrx_word' id='word_1_379' title='bbox 3451 2277 3511 2333; x_wconf 87' lang='lat' dir='ltr'><strong>In</strong></span> <span class='ocrx_word' id='word_1_380' title='bbox 3560 2276 3661 2333; x_wconf 86' lang='lat' dir='ltr'><strong>Dei</strong></span> 
     </span>
    </p>
   </div>
   <div class='ocr_carea' id='block_1_52' title="bbox 2081 2364 3660 2438">
    <p class='ocr_par' dir='ltr' id='par_1_52' title="bbox 2081 2364 3660 2438">
     <span class='ocr_line' id='line_1_52' title="bbox 2081 2364 3660 2438; baseline 0 -17"><span class='ocrx_word' id='word_1_381' title='bbox 2081 2381 2210 2435; x_wconf 85' lang='lat' dir='ltr'><strong>ergo</strong></span> <span class='ocrx_word' id='word_1_382' title='bbox 2231 2365 2604 2430; x_wconf 89' lang='lat' dir='ltr'><strong>tabernaculo,</strong></span> <span class='ocrx_word' id='word_1_383' title='bbox 2639 2365 2693 2419; x_wconf 87' lang='lat' dir='ltr'><strong>id</strong></span> <span class='ocrx_word' id='word_1_384' title='bbox 2723 2364 2883 2420; x_wconf 90' lang='lat' dir='ltr'><strong>estin</strong></span> <span class='ocrx_word' id='word_1_385' title='bbox 2913 2374 3104 2420; x_wconf 90' lang='lat' dir='ltr'><strong>sancta</strong></span> <span class='ocrx_word' id='word_1_386' title='bbox 3149 2365 3416 2432; x_wconf 86' lang='lat' dir='ltr'><strong>Ecclesia,</strong></span> <span class='ocrx_word' id='word_1_387' title='bbox 3467 2367 3660 2438; x_wconf 92' lang='lat' dir='ltr'><strong>positi,</strong></span> 
     </span>
    </p>
   </div>
   <div class='ocr_carea' id='block_1_53' title="bbox 2077 2456 3659 2528">
    <p class='ocr_par' dir='ltr' id='par_1_53' title="bbox 2077 2456 3659 2528">
     <span class='ocr_line' id='line_1_53' title="bbox 2077 2456 3659 2528; baseline -0.001 -16"><span class='ocrx_word' id='word_1_388' title='bbox 2077 2456 2122 2512; x_wconf 89' lang='lat' dir='ltr'><strong>si</strong></span> <span class='ocrx_word' id='word_1_389' title='bbox 2151 2473 2247 2526; x_wconf 89' lang='lat' dir='ltr'><strong>per</strong></span> <span class='ocrx_word' id='word_1_390' title='bbox 2275 2456 2538 2512; x_wconf 71' lang='lat' dir='ltr'><strong>doctrina:</strong></span> <span class='ocrx_word' id='word_1_391' title='bbox 2568 2456 2890 2525; x_wconf 90' lang='lat' dir='ltr'><strong>sapientiam</strong></span> <span class='ocrx_word' id='word_1_392' title='bbox 2926 2457 3242 2512; x_wconf 90' lang='lat' dir='ltr'><strong>ministrare</strong></span> <span class='ocrx_word' id='word_1_393' title='bbox 3280 2457 3495 2528; x_wconf 88' lang='lat' dir='ltr'><strong>phialas</strong></span> <span class='ocrx_word' id='word_1_394' title='bbox 3548 2457 3659 2512; x_wconf 88' lang='lat' dir='ltr'><strong>mi-</strong></span> 
     </span>
    </p>
   </div>
   <div class='ocr_carea' id='block_1_54' title="bbox 2075 2547 3659 2621">
    <p class='ocr_par' dir='ltr' id='par_1_54' title="bbox 2075 2547 3659 2621">
     <span class='ocr_line' id='line_1_54' title="bbox 2075 2547 3659 2621; baseline -0.001 -17"><span class='ocrx_word' id='word_1_395' title='bbox 2075 2552 2219 2604; x_wconf 89' lang='lat' dir='ltr'><strong>nime</strong></span> <span class='ocrx_word' id='word_1_396' title='bbox 2244 2550 2490 2620; x_wconf 86' lang='lat' dir='ltr'><strong>potestis,</strong></span> <span class='ocrx_word' id='word_1_397' title='bbox 2523 2550 2576 2604; x_wconf 93' lang='lat' dir='ltr'><strong>in</strong></span> <span class='ocrx_word' id='word_1_398' title='bbox 2612 2558 2878 2620; x_wconf 87' lang='lat' dir='ltr'><strong>quantum</strong></span> <span class='ocrx_word' id='word_1_399' title='bbox 2909 2566 3008 2621; x_wconf 88' lang='lat' dir='ltr'><strong>pro</strong></span> <span class='ocrx_word' id='word_1_400' title='bbox 3036 2549 3221 2605; x_wconf 89' lang='lat' dir='ltr'><strong>divina</strong></span> <span class='ocrx_word' id='word_1_401' title='bbox 3247 2550 3500 2621; x_wconf 87' lang='lat' dir='ltr'><strong>largitate</strong></span> <span class='ocrx_word' id='word_1_402' title='bbox 3537 2547 3659 2606; x_wconf 82' lang='lat' dir='ltr'><strong>suf-</strong></span> 
     </span>
    </p>
   </div>
   <div class='ocr_carea' id='block_1_55' title="bbox 2073 2641 3660 2714">
    <p class='ocr_par' dir='ltr' id='par_1_55' title="bbox 2073 2641 3660 2714">
     <span class='ocr_line' id='line_1_55' title="bbox 2073 2641 3660 2714; baseline 0.002 -20"><span class='ocrx_word' id='word_1_403' title='bbox 2073 2642 2256 2709; x_wconf 86' lang='lat' dir='ltr'><strong>flcitis,</strong></span> <span class='ocrx_word' id='word_1_404' title='bbox 2288 2642 2554 2712; x_wconf 78' lang='lat' dir='ltr'><strong>proximis</strong></span> <span class='ocrx_word' id='word_1_405' title='bbox 2583 2642 2780 2697; x_wconf 88' lang='lat' dir='ltr'><strong>vestris</strong></span> <span class='ocrx_word' id='word_1_406' title='bbox 2810 2642 2936 2696; x_wconf 87' lang='lat' dir='ltr'><strong>boni</strong></span> <span class='ocrx_word' id='word_1_407' title='bbox 2984 2641 3134 2697; x_wconf 87' lang='lat' dir='ltr'><strong>verbi</strong></span> <span class='ocrx_word' id='word_1_408' title='bbox 3161 2642 3388 2714; x_wconf 79' lang='lat' dir='ltr'><strong>cyathos</strong></span> <span class='ocrx_word' id='word_1_409' title='bbox 3425 2641 3570 2710; x_wconf 85' lang='lat' dir='ltr'><strong>date,</strong></span> <span class='ocrx_word' id='word_1_410' title='bbox 3593 2649 3660 2698; x_wconf 83' lang='lat' dir='ltr'><strong>ut</strong></span> 
     </span>
    </p>
   </div>
   <div class='ocr_carea' id='block_1_56' title="bbox 2070 2730 3656 2803">
    <p class='ocr_par' dir='ltr' id='par_1_56' title="bbox 2070 2730 3656 2803">
     <span class='ocr_line' id='line_1_56' title="bbox 2070 2730 3656 2803; baseline -0.002 -15"><span class='ocrx_word' id='word_1_411' title='bbox 2070 2743 2333 2802; x_wconf 89' lang='lat' dir='ltr'><strong>quantum</strong></span> <span class='ocrx_word' id='word_1_412' title='bbox 2373 2747 2472 2788; x_wconf 89' lang='lat' dir='ltr'><strong>vos</strong></span> <span class='ocrx_word' id='word_1_413' title='bbox 2520 2730 2818 2801; x_wconf 82' lang='lat' dir='ltr'><strong>profecisse</strong></span> <span class='ocrx_word' id='word_1_414' title='bbox 2854 2733 3116 2803; x_wconf 76' lang='lat' dir='ltr'><strong>pensatis,</strong></span> <span class='ocrx_word' id='word_1_415' title='bbox 3146 2733 3310 2787; x_wconf 89' lang='lat' dir='ltr'><strong>etiam</strong></span> <span class='ocrx_word' id='word_1_416' title='bbox 3353 2731 3489 2788; x_wconf 87' lang='lat' dir='ltr'><strong>alios</strong></span> <span class='ocrx_word' id='word_1_417' title='bbox 3537 2739 3656 2786; x_wconf 83' lang='lat' dir='ltr'><strong>tta-</strong></span> 
     </span>
    </p>
   </div>
   <div class='ocr_carea' id='block_1_57' title="bbox 2072 2821 3656 2897">
    <p class='ocr_par' dir='ltr' id='par_1_57' title="bbox 2072 2821 3656 2897">
     <span class='ocr_line' id='line_1_57' title="bbox 2072 2821 3656 2897; baseline -0.001 -19"><span class='ocrx_word' id='word_1_418' title='bbox 2072 2824 2200 2880; x_wconf 89' lang='lat' dir='ltr'><strong>here</strong></span> <span class='ocrx_word' id='word_1_419' title='bbox 2219 2825 2500 2881; x_wconf 88' lang='lat' dir='ltr'><strong>vobiscum</strong></span> <span class='ocrx_word' id='word_1_420' title='bbox 2529 2823 2778 2897; x_wconf 88' lang='lat' dir='ltr'><strong>satagite.</strong></span> <span class='ocrx_word' id='word_1_421' title='bbox 2808 2822 2866 2878; x_wconf 92' lang='lat' dir='ltr'><strong>ln</strong></span> <span class='ocrx_word' id='word_1_422' title='bbox 2902 2824 2987 2880; x_wconf 90' lang='lat' dir='ltr'><strong>via</strong></span> <span class='ocrx_word' id='word_1_423' title='bbox 3011 2823 3104 2879; x_wconf 88' lang='lat' dir='ltr'><strong>Dei</strong></span> <span class='ocrx_word' id='word_1_424' title='bbox 3135 2823 3334 2879; x_wconf 87' lang='lat' dir='ltr'><strong>habere</strong></span> <span class='ocrx_word' id='word_1_425' title='bbox 3357 2823 3537 2879; x_wconf 90' lang='lat' dir='ltr'><strong>socios</strong></span> <span class='ocrx_word' id='word_1_426' title='bbox 3563 2821 3656 2877; x_wconf 89' lang='lat' dir='ltr'><strong>de-</strong></span> 
     </span>
    </p>
   </div>
   <div class='ocr_carea' id='block_1_58' title="bbox 2072 2914 2325 2970">
    <p class='ocr_par' dir='ltr' id='par_1_58' title="bbox 2072 2914 2325 2970">
     <span class='ocr_line' id='line_1_58' title="bbox 2072 2914 2325 2970; baseline 0 0"><span class='ocrx_word' id='word_1_427' title='bbox 2072 2914 2325 2970; x_wconf 86' lang='lat' dir='ltr'><strong>siderate.</strong></span> 
     </span>
    </p>
   </div>
   <div class='ocr_carea' id='block_1_59' title="bbox 1088 3289 2925 3386">
    <p class='ocr_par' dir='ltr' id='par_1_59' title="bbox 1088 3289 2925 3386">
     <span class='ocr_line' id='line_1_59' title="bbox 1088 3289 2925 3386; baseline -0.001 -2"><span class='ocrx_word' id='word_1_428' title='bbox 1088 3289 1487 3386; x_wconf 80' lang='lat' dir='ltr'><strong>SERMO</strong></span> <span class='ocrx_word' id='word_1_429' title='bbox 1561 3293 1712 3383; x_wconf 88' lang='lat' dir='ltr'><strong>DE</strong></span> <span class='ocrx_word' id='word_1_430' title='bbox 1785 3293 2351 3386; x_wconf 84' lang='lat' dir='ltr'><strong>ADVENTU</strong></span> <span class='ocrx_word' id='word_1_431' title='bbox 2430 3289 2925 3385; x_wconf 88' lang='lat' dir='ltr'><strong>DOMINI.</strong></span> 
     </span>
    </p>
   </div>
   <div class='ocr_carea' id='block_1_60' title="bbox 457 3505 3644 3581">
    <p class='ocr_par' dir='ltr' id='par_1_60' title="bbox 457 3505 3644 3581">
     <span class='ocr_line' id='line_1_60' title="bbox 457 3505 3644 3581; baseline 0.001 -20"><span class='ocrx_word' id='word_1_432' title='bbox 457 3527 476 3561; x_wconf 78' lang='grc' dir='ltr'><strong>ι</strong></span> <span class='ocrx_word' id='word_1_433' title='bbox 512 3507 687 3564; x_wconf 87' lang='lat' dir='ltr'><strong>Dicite</strong></span> <span class='ocrx_word' id='word_1_434' title='bbox 727 3507 1125 3578; x_wconf 84' lang='lat' dir='ltr'><strong>pusillanimis:</strong></span> <span class='ocrx_word' id='word_1_435' title='bbox 1149 3505 1568 3563; x_wconf 87' lang='lat' dir='ltr'><strong>Confortamini.</strong></span> <span class='ocrx_word' id='word_1_436' title='bbox 1617 3506 1756 3564; x_wconf 87' lang='lat' dir='ltr'><strong>Ecce</strong></span> <span class='ocrx_word' id='word_1_437' title='bbox 1812 3506 1958 3564; x_wconf 83' lang='lat' dir='ltr'><strong>Deus</strong></span> <span class='ocrx_word' id='word_1_438' title='bbox 1986 3516 2028 3575; x_wconf 70' lang='grc' dir='ltr'><strong>(ζ</strong></span> <span class='ocrx_word' id='word_1_439' title='bbox 2063 3525 2206 3576; x_wconf 92' lang='lat' dir='ltr'><strong>rum,</strong></span> <span class='ocrx_word' id='word_1_440' title='bbox 2231 3528 2249 3562; x_wconf 78' lang='grc' dir='ltr'><strong>ι</strong></span> <span class='ocrx_word' id='word_1_441' title='bbox 2277 3517 2380 3565; x_wconf 92' lang='lat' dir='ltr'><strong>etc.</strong></span> <span class='ocrx_word' id='word_1_442' title='bbox 2407 3508 2548 3567; x_wconf 73' lang='lat' dir='ltr'><strong>Caeci</strong></span> <span class='ocrx_word' id='word_1_443' title='bbox 2569 3519 2745 3578; x_wconf 88' lang='lat' dir='ltr'><strong>erant,</strong></span> <span class='ocrx_word' id='word_1_444' title='bbox 2767 3510 2896 3581; x_wconf 91' lang='lat' dir='ltr'><strong>quia</strong></span> <span class='ocrx_word' id='word_1_445' title='bbox 2921 3509 3088 3564; x_wconf 88' lang='lat' dir='ltr'><strong>Deum</strong></span> <span class='ocrx_word' id='word_1_446' title='bbox 3115 3508 3455 3580; x_wconf 88' lang='lat' dir='ltr'><strong>ignorabant.</strong></span> <span class='ocrx_word' id='word_1_447' title='bbox 3482 3507 3644 3563; x_wconf 90' lang='lat' dir='ltr'><strong>Surdi</strong></span> 
     </span>
    </p>
   </div>
   <div class='ocr_carea' id='block_1_61' title="bbox 378 3597 1961 3670">
    <p class='ocr_par' dir='ltr' id='par_1_61' title="bbox 378 3597 1961 3670">
     <span class='ocr_line' id='line_1_61' title="bbox 378 3597 1961 3670; baseline 0.002 -16"><span class='ocrx_word' id='word_1_448' title='bbox 378 3609 565 3656; x_wconf 85' lang='lat' dir='ltr'><strong>noster</strong></span> <span class='ocrx_word' id='word_1_449' title='bbox 604 3604 822 3666; x_wconf 75' lang='lat' dir='ltr'><strong>veniet,</strong></span> <span class='ocrx_word' id='word_1_450' title='bbox 879 3609 932 3654; x_wconf 90' lang='lat' dir='ltr'><strong>et</strong></span> <span class='ocrx_word' id='word_1_451' title='bbox 975 3599 1204 3654; x_wconf 89' lang='lat' dir='ltr'><strong>salvabit</strong></span> <span class='ocrx_word' id='word_1_452' title='bbox 1262 3613 1384 3655; x_wconf 89' lang='lat' dir='ltr'><strong>nos.</strong></span> <span class='ocrx_word' id='word_1_453' title='bbox 1440 3597 1594 3656; x_wconf 90' lang='lat' dir='ltr'><strong>Tunc</strong></span> <span class='ocrx_word' id='word_1_454' title='bbox 1647 3601 1961 3670; x_wconf 89' lang='lat' dir='ltr'><strong>aperientur</strong></span> 
     </span>
    </p>
   </div>
   <div class='ocr_carea' id='block_1_62' title="bbox 379 3691 1961 3760">
    <p class='ocr_par' dir='ltr' id='par_1_62' title="bbox 379 3691 1961 3760">
     <span class='ocr_line' id='line_1_62' title="bbox 379 3691 1961 3760; baseline 0 -12"><span class='ocrx_word' id='word_1_455' title='bbox 379 3693 523 3748; x_wconf 91' lang='lat' dir='ltr'><strong>oculi</strong></span> <span class='ocrx_word' id='word_1_456' title='bbox 587 3705 855 3746; x_wconf 65' lang='lat' dir='ltr'><strong>caecorum</strong></span> <span class='ocrx_word' id='word_1_457' title='bbox 925 3699 979 3745; x_wconf 92' lang='lat' dir='ltr'><strong>et</strong></span> <span class='ocrx_word' id='word_1_458' title='bbox 1021 3705 1182 3745; x_wconf 89' lang='lat' dir='ltr'><strong>aures</strong></span> <span class='ocrx_word' id='word_1_459' title='bbox 1230 3691 1524 3745; x_wconf 91' lang='lat' dir='ltr'><strong>surdorum</strong></span> <span class='ocrx_word' id='word_1_460' title='bbox 1581 3691 1841 3760; x_wconf 89' lang='lat' dir='ltr'><strong>patebunt</strong></span> <span class='ocrx_word' id='word_1_461' title='bbox 1907 3702 1961 3748; x_wconf 93' lang='lat' dir='ltr'><strong>et</strong></span> 
     </span>
    </p>
   </div>
   <div class='ocr_carea' id='block_1_63' title="bbox 379 3780 1958 3854">
    <p class='ocr_par' dir='ltr' id='par_1_63' title="bbox 379 3780 1958 3854">
     <span class='ocr_line' id='line_1_63' title="bbox 379 3780 1958 3854; baseline -0.001 -16"><span class='ocrx_word' id='word_1_462' title='bbox 379 3783 534 3838; x_wconf 87' lang='lat' dir='ltr'><strong>saliet</strong></span> <span class='ocrx_word' id='word_1_463' title='bbox 561 3783 702 3838; x_wconf 85' lang='lat' dir='ltr'><strong>sicut</strong></span> <span class='ocrx_word' id='word_1_464' title='bbox 729 3797 922 3836; x_wconf 86' lang='lat' dir='ltr'><strong>cervus</strong></span> <span class='ocrx_word' id='word_1_465' title='bbox 949 3780 1200 3846; x_wconf 89' lang='lat' dir='ltr'><strong>claudus,</strong></span> <span class='ocrx_word' id='word_1_466' title='bbox 1263 3790 1318 3836; x_wconf 89' lang='lat' dir='ltr'><strong>et</strong></span> <span class='ocrx_word' id='word_1_467' title='bbox 1375 3790 1563 3852; x_wconf 89' lang='lat' dir='ltr'><strong>aperta</strong></span> <span class='ocrx_word' id='word_1_468' title='bbox 1619 3782 1725 3836; x_wconf 89' lang='lat' dir='ltr'><strong>erit</strong></span> <span class='ocrx_word' id='word_1_469' title='bbox 1773 3782 1958 3854; x_wconf 89' lang='lat' dir='ltr'><strong>lingua</strong></span> 
     </span>
    </p>
   </div>
   <div class='ocr_carea' id='block_1_64' title="bbox 378 3870 1957 3943">
    <p class='ocr_par' dir='ltr' id='par_1_64' title="bbox 378 3870 1957 3943">
     <span class='ocr_line' id='line_1_64' title="bbox 378 3870 1957 3943; baseline 0 -15"><span class='ocrx_word' id='word_1_470' title='bbox 378 3882 655 3928; x_wconf 86' lang='lat' dir='ltr'><strong>mutorum</strong></span> <span class='ocrx_word' id='word_1_471' title='bbox 689 3870 825 3943; x_wconf 78' lang='lat' dir='ltr'><strong>(Isa.</strong></span> <span class='ocrx_word' id='word_1_472' title='bbox 847 3870 1067 3942; x_wconf 72' lang='lat' dir='ltr'><strong>XXXV).|</strong></span> <span class='ocrx_word' id='word_1_473' title='bbox 1098 3871 1238 3926; x_wconf 82' lang='lat' dir='ltr'><strong>Ante</strong></span> <span class='ocrx_word' id='word_1_474' title='bbox 1260 3871 1550 3927; x_wconf 89' lang='lat' dir='ltr'><strong>adventum</strong></span> <span class='ocrx_word' id='word_1_475' title='bbox 1582 3871 1820 3940; x_wconf 91' lang='lat' dir='ltr'><strong>Domini,</strong></span> <span class='ocrx_word' id='word_1_476' title='bbox 1845 3873 1957 3928; x_wconf 86' lang='lat' dir='ltr'><strong>fra-</strong></span> 
     </span>
    </p>
   </div>
   <div class='ocr_carea' id='block_1_65' title="bbox 377 3963 1960 4036">
    <p class='ocr_par' dir='ltr' id='par_1_65' title="bbox 377 3963 1960 4036">
     <span class='ocr_line' id='line_1_65' title="bbox 377 3963 1960 4036; baseline -0.001 -16"><span class='ocrx_word' id='word_1_477' title='bbox 377 3975 488 4021; x_wconf 89' lang='lat' dir='ltr'><strong>tres</strong></span> <span class='ocrx_word' id='word_1_478' title='bbox 505 3964 836 4029; x_wconf 89' lang='lat' dir='ltr'><strong>charissimi,</strong></span> <span class='ocrx_word' id='word_1_479' title='bbox 865 3964 919 4018; x_wconf 93' lang='lat' dir='ltr'><strong>in</strong></span> <span class='ocrx_word' id='word_1_480' title='bbox 965 3971 1114 4018; x_wconf 89' lang='lat' dir='ltr'><strong>tanta</strong></span> <span class='ocrx_word' id='word_1_481' title='bbox 1150 3963 1380 4034; x_wconf 89' lang='lat' dir='ltr'><strong>caligine</strong></span> <span class='ocrx_word' id='word_1_482' title='bbox 1435 3972 1606 4019; x_wconf 90' lang='lat' dir='ltr'><strong>totum</strong></span> <span class='ocrx_word' id='word_1_483' title='bbox 1645 3979 1815 4036; x_wconf 89' lang='lat' dir='ltr'><strong>genus</strong></span> <span class='ocrx_word' id='word_1_484' title='bbox 1863 3965 1960 4019; x_wconf 85' lang='lat' dir='ltr'><strong>hu-</strong></span> 
     </span>
    </p>
   </div>
   <div class='ocr_carea' id='block_1_66' title="bbox 377 4053 1956 4126">
    <p class='ocr_par' dir='ltr' id='par_1_66' title="bbox 377 4053 1956 4126">
     <span class='ocr_line' id='line_1_66' title="bbox 377 4053 1956 4126; baseline 0.001 -16"><span class='ocrx_word' id='word_1_485' title='bbox 377 4071 600 4110; x_wconf 89' lang='lat' dir='ltr'><strong>manum</strong></span> <span class='ocrx_word' id='word_1_486' title='bbox 627 4055 1020 4121; x_wconf 85' lang='lat' dir='ltr'><strong>involvebatur,</strong></span> <span class='ocrx_word' id='word_1_487' title='bbox 1057 4055 1203 4124; x_wconf 90' lang='lat' dir='ltr'><strong>quod</strong></span> <span class='ocrx_word' id='word_1_488' title='bbox 1233 4061 1406 4124; x_wconf 85' lang='lat' dir='ltr'><strong>neque</strong></span> <span class='ocrx_word' id='word_1_489' title='bbox 1436 4053 1606 4109; x_wconf 87' lang='lat' dir='ltr'><strong>Deum</strong></span> <span class='ocrx_word' id='word_1_490' title='bbox 1655 4069 1956 4126; x_wconf 87' lang='lat' dir='ltr'><strong>cognosce-</strong></span> 
     </span>
    </p>
   </div>
   <div class='ocr_carea' id='block_1_67' title="bbox 374 4150 1958 4222">
    <p class='ocr_par' dir='ltr' id='par_1_67' title="bbox 374 4150 1958 4222">
     <span class='ocr_line' id='line_1_67' title="bbox 374 4150 1958 4222; baseline 0.001 -16"><span class='ocrx_word' id='word_1_491' title='bbox 374 4151 528 4217; x_wconf 83' lang='lat' dir='ltr'><strong>bant,</strong></span> <span class='ocrx_word' id='word_1_492' title='bbox 571 4165 747 4220; x_wconf 91' lang='lat' dir='ltr'><strong>neque</strong></span> <span class='ocrx_word' id='word_1_493' title='bbox 771 4151 934 4205; x_wconf 89' lang='lat' dir='ltr'><strong>verba</strong></span> <span class='ocrx_word' id='word_1_494' title='bbox 957 4150 1076 4220; x_wconf 88' lang='lat' dir='ltr'><strong>ejus</strong></span> <span class='ocrx_word' id='word_1_495' title='bbox 1088 4151 1278 4206; x_wconf 89' lang='lat' dir='ltr'><strong>audire</strong></span> <span class='ocrx_word' id='word_1_496' title='bbox 1304 4150 1577 4215; x_wconf 85' lang='lat' dir='ltr'><strong>volebant,</strong></span> <span class='ocrx_word' id='word_1_497' title='bbox 1619 4167 1795 4222; x_wconf 87' lang='lat' dir='ltr'><strong>neque</strong></span> <span class='ocrx_word' id='word_1_498' title='bbox 1821 4152 1958 4208; x_wconf 92' lang='lat' dir='ltr'><strong>bene</strong></span> 
     </span>
    </p>
   </div>
   <div class='ocr_carea' id='block_1_68' title="bbox 375 4241 1958 4312">
    <p class='ocr_par' dir='ltr' id='par_1_68' title="bbox 375 4241 1958 4312">
     <span class='ocr_line' id='line_1_68' title="bbox 375 4241 1958 4312; baseline 0.001 -16"><span class='ocrx_word' id='word_1_499' title='bbox 375 4241 760 4312; x_wconf 91' lang='lat' dir='ltr'><strong>operabantur,</strong></span> <span class='ocrx_word' id='word_1_500' title='bbox 779 4256 954 4312; x_wconf 91' lang='lat' dir='ltr'><strong>neque</strong></span> <span class='ocrx_word' id='word_1_501' title='bbox 979 4249 1197 4311; x_wconf 88' lang='lat' dir='ltr'><strong>peccata</strong></span> <span class='ocrx_word' id='word_1_502' title='bbox 1229 4257 1328 4297; x_wconf 91' lang='lat' dir='ltr'><strong>sua</strong></span> <span class='ocrx_word' id='word_1_503' title='bbox 1351 4242 1766 4298; x_wconf 83' lang='lat' dir='ltr'><strong>conﬁtebantur.</strong></span> <span class='ocrx_word' id='word_1_504' title='bbox 1791 4242 1958 4298; x_wconf 92' lang='lat' dir='ltr'><strong>Cum-</strong></span> 
     </span>
    </p>
   </div>
   <div class='ocr_carea' id='block_1_69' title="bbox 374 4332 1957 4404">
    <p class='ocr_par' dir='ltr' id='par_1_69' title="bbox 374 4332 1957 4404">
     <span class='ocr_line' id='line_1_69' title="bbox 374 4332 1957 4404; baseline 0.001 -15"><span class='ocrx_word' id='word_1_505' title='bbox 374 4349 483 4404; x_wconf 90' lang='lat' dir='ltr'><strong>que</strong></span> <span class='ocrx_word' id='word_1_506' title='bbox 510 4333 695 4388; x_wconf 90' lang='lat' dir='ltr'><strong>multis</strong></span> <span class='ocrx_word' id='word_1_507' title='bbox 731 4332 927 4388; x_wconf 84' lang='lat' dir='ltr'><strong>animae</strong></span> <span class='ocrx_word' id='word_1_508' title='bbox 955 4332 1362 4388; x_wconf 75' lang='lat' dir='ltr'><strong>infirmitatibus</strong></span> <span class='ocrx_word' id='word_1_509' title='bbox 1413 4333 1803 4400; x_wconf 89' lang='lat' dir='ltr'><strong>detinerentur,</strong></span> <span class='ocrx_word' id='word_1_510' title='bbox 1841 4335 1957 4404; x_wconf 87' lang='lat' dir='ltr'><strong>pla-</strong></span> 
     </span>
    </p>
   </div>
   <div class='ocr_carea' id='block_1_70' title="bbox 374 4425 1954 4490">
    <p class='ocr_par' dir='ltr' id='par_1_70' title="bbox 374 4425 1954 4490">
     <span class='ocr_line' id='line_1_70' title="bbox 374 4425 1954 4490; baseline 0 -6"><span class='ocrx_word' id='word_1_511' title='bbox 374 4428 490 4484; x_wconf 88' lang='lat' dir='ltr'><strong>cuit</strong></span> <span class='ocrx_word' id='word_1_512' title='bbox 519 4441 736 4482; x_wconf 87' lang='lat' dir='ltr'><strong>summo</strong></span> <span class='ocrx_word' id='word_1_513' title='bbox 766 4425 978 4480; x_wconf 90' lang='lat' dir='ltr'><strong>medico</strong></span> <span class='ocrx_word' id='word_1_514' title='bbox 1003 4439 1098 4480; x_wconf 91' lang='lat' dir='ltr'><strong>eos</strong></span> <span class='ocrx_word' id='word_1_515' title='bbox 1130 4425 1370 4490; x_wconf 87' lang='lat' dir='ltr'><strong>visitare,</strong></span> <span class='ocrx_word' id='word_1_516' title='bbox 1403 4433 1458 4480; x_wconf 93' lang='lat' dir='ltr'><strong>et</strong></span> <span class='ocrx_word' id='word_1_517' title='bbox 1508 4429 1624 4480; x_wconf 91' lang='lat' dir='ltr'><strong>suis</strong></span> <span class='ocrx_word' id='word_1_518' title='bbox 1667 4427 1954 4484; x_wconf 89' lang='lat' dir='ltr'><strong>medicinis</strong></span> 
     </span>
    </p>
   </div>
   <div class='ocr_carea' id='block_1_71' title="bbox 373 4516 1952 4589">
    <p class='ocr_par' dir='ltr' id='par_1_71' title="bbox 373 4516 1952 4589">
     <span class='ocr_line' id='line_1_71' title="bbox 373 4516 1952 4589; baseline -0.001 -13"><span class='ocrx_word' id='word_1_519' title='bbox 373 4535 470 4576; x_wconf 89' lang='lat' dir='ltr'><strong>eos</strong></span> <span class='ocrx_word' id='word_1_520' title='bbox 495 4519 770 4585; x_wconf 89' lang='lat' dir='ltr'><strong>relevare;</strong></span> <span class='ocrx_word' id='word_1_521' title='bbox 802 4517 897 4573; x_wconf 91' lang='lat' dir='ltr'><strong>sed</strong></span> <span class='ocrx_word' id='word_1_522' title='bbox 921 4524 1076 4572; x_wconf 92' lang='lat' dir='ltr'><strong>notat</strong></span> <span class='ocrx_word' id='word_1_523' title='bbox 1105 4531 1202 4572; x_wconf 90' lang='lat' dir='ltr'><strong>eos</strong></span> <span class='ocrx_word' id='word_1_524' title='bbox 1235 4516 1402 4572; x_wconf 88' lang='lat' dir='ltr'><strong>Isaias</strong></span> <span class='ocrx_word' id='word_1_525' title='bbox 1427 4518 1690 4587; x_wconf 89' lang='lat' dir='ltr'><strong>propheta</strong></span> <span class='ocrx_word' id='word_1_526' title='bbox 1728 4519 1781 4573; x_wconf 94' lang='lat' dir='ltr'><strong>in</strong></span> <span class='ocrx_word' id='word_1_527' title='bbox 1813 4535 1952 4589; x_wconf 89' lang='lat' dir='ltr'><strong>qua-</strong></span> 
     </span>
    </p>
   </div>
   <div class='ocr_carea' id='block_1_72' title="bbox 368 4597 1949 4682">
    <p class='ocr_par' dir='ltr' id='par_1_72' title="bbox 368 4597 1949 4682">
     <span class='ocr_line' id='line_1_72' title="bbox 368 4597 1949 4682; baseline -0.001 -16"><span class='ocrx_word' id='word_1_528' title='bbox 368 4597 500 4667; x_wconf 77' lang='lat' dir='ltr'><strong>tuor</strong></span> <span class='ocrx_word' id='word_1_529' title='bbox 539 4609 896 4682; x_wconf 87' lang='lat' dir='ltr'><strong>languoribus</strong></span> <span class='ocrx_word' id='word_1_530' title='bbox 941 4609 1248 4680; x_wconf 91' lang='lat' dir='ltr'><strong>specialiter</strong></span> <span class='ocrx_word' id='word_1_531' title='bbox 1305 4609 1594 4664; x_wconf 88' lang='lat' dir='ltr'><strong>laborare:</strong></span> <span class='ocrx_word' id='word_1_532' title='bbox 1631 4611 1758 4665; x_wconf 86' lang='lat' dir='ltr'><strong>caeci</strong></span> <span class='ocrx_word' id='word_1_533' title='bbox 1804 4612 1949 4666; x_wconf 89' lang='lat' dir='ltr'><strong>enim</strong></span> 
     </span>
    </p>
   </div>
   <div class='ocr_carea' id='block_1_73' title="bbox 370 4698 1951 4774">
    <p class='ocr_par' dir='ltr' id='par_1_73' title="bbox 370 4698 1951 4774">
     <span class='ocr_line' id='line_1_73' title="bbox 370 4698 1951 4774; baseline 0 -17"><span class='ocrx_word' id='word_1_534' title='bbox 370 4710 547 4768; x_wconf 86' lang='lat' dir='ltr'><strong>erant,</strong></span> <span class='ocrx_word' id='word_1_535' title='bbox 585 4711 638 4759; x_wconf 90' lang='lat' dir='ltr'><strong>et</strong></span> <span class='ocrx_word' id='word_1_536' title='bbox 659 4701 831 4769; x_wconf 89' lang='lat' dir='ltr'><strong>surdi,</strong></span> <span class='ocrx_word' id='word_1_537' title='bbox 859 4709 914 4757; x_wconf 89' lang='lat' dir='ltr'><strong>et</strong></span> <span class='ocrx_word' id='word_1_538' title='bbox 937 4699 1138 4769; x_wconf 91' lang='lat' dir='ltr'><strong>claudi,</strong></span> <span class='ocrx_word' id='word_1_539' title='bbox 1164 4709 1218 4756; x_wconf 91' lang='lat' dir='ltr'><strong>et</strong></span> <span class='ocrx_word' id='word_1_540' title='bbox 1247 4700 1403 4756; x_wconf 91' lang='lat' dir='ltr'><strong>muti.</strong></span> <span class='ocrx_word' id='word_1_541' title='bbox 1439 4698 1688 4772; x_wconf 87' lang='lat' dir='ltr'><strong>Cumque</strong></span> <span class='ocrx_word' id='word_1_542' title='bbox 1729 4702 1951 4774; x_wconf 66' lang='lat' dir='ltr'><strong>aegritu-</strong></span> 
     </span>
    </p>
   </div>
   <div class='ocr_carea' id='block_1_74' title="bbox 371 4791 1948 4864">
    <p class='ocr_par' dir='ltr' id='par_1_74' title="bbox 371 4791 1948 4864">
     <span class='ocr_line' id='line_1_74' title="bbox 371 4791 1948 4864; baseline 0.001 -16"><span class='ocrx_word' id='word_1_543' title='bbox 371 4793 528 4850; x_wconf 85' lang='lat' dir='ltr'><strong>dines</strong></span> <span class='ocrx_word' id='word_1_544' title='bbox 547 4808 740 4850; x_wconf 90' lang='lat' dir='ltr'><strong>eorum</strong></span> <span class='ocrx_word' id='word_1_545' title='bbox 773 4809 968 4850; x_wconf 90' lang='lat' dir='ltr'><strong>sanare</strong></span> <span class='ocrx_word' id='word_1_546' title='bbox 997 4794 1177 4859; x_wconf 90' lang='lat' dir='ltr'><strong>vellet,</strong></span> <span class='ocrx_word' id='word_1_547' title='bbox 1226 4807 1295 4847; x_wconf 92' lang='lat' dir='ltr'><strong>ne</strong></span> <span class='ocrx_word' id='word_1_548' title='bbox 1337 4792 1520 4847; x_wconf 89' lang='lat' dir='ltr'><strong>miseri</strong></span> <span class='ocrx_word' id='word_1_549' title='bbox 1575 4791 1948 4864; x_wconf 90' lang='lat' dir='ltr'><strong>desperarent,</strong></span> 
     </span>
    </p>
   </div>
   <div class='ocr_carea' id='block_1_75' title="bbox 369 4869 2872 4959">
    <p class='ocr_par' dir='ltr' id='par_1_75' title="bbox 369 4869 2872 4959">
     <span class='ocr_line' id='line_1_75' title="bbox 369 4869 2872 4959; baseline 0.002 -21"><span class='ocrx_word' id='word_1_550' title='bbox 369 4884 544 4940; x_wconf 86' lang='lat' dir='ltr'><strong>voluit</strong></span> <span class='ocrx_word' id='word_1_551' title='bbox 589 4885 670 4943; x_wconf 91' lang='lat' dir='ltr'><strong>eis</strong></span> <span class='ocrx_word' id='word_1_552' title='bbox 701 4902 860 4943; x_wconf 90' lang='lat' dir='ltr'><strong>suum</strong></span> <span class='ocrx_word' id='word_1_553' title='bbox 896 4887 1187 4943; x_wconf 88' lang='lat' dir='ltr'><strong>adventum</strong></span> <span class='ocrx_word' id='word_1_554' title='bbox 1230 4886 1616 4957; x_wconf 68' lang='lat' dir='ltr'><strong>praenuntiare,</strong></span> <span class='ocrx_word' id='word_1_555' title='bbox 1672 4886 1951 4959; x_wconf 88' lang='lat' dir='ltr'><strong>voluitque</strong></span> <span class='ocrx_word' id='word_1_556' title='bbox 1979 4869 2024 4924; x_wconf 80' lang='grc' dir='ltr'>Ῑ)</span> <span class='ocrx_word' id='word_1_557' title='bbox 2053 4879 2209 4950; x_wconf 79' lang='lat' dir='ltr'><strong>quasi</strong></span> <span class='ocrx_word' id='word_1_558' title='bbox 2263 4879 2451 4934; x_wconf 77' lang='lat' dir='ltr'><strong>dicens</strong></span> <span class='ocrx_word' id='word_1_559' title='bbox 2509 4880 2806 4936; x_wconf 80' lang='lat' dir='ltr'><strong>deridendo</strong></span> <span class='ocrx_word' id='word_1_560' title='bbox 2859 4900 2872 4935; x_wconf 85' lang='lat'><em>=</em></span> 
     </span>
    </p>
   </div>
   <div class='ocr_carea' id='block_1_76' title="bbox 369 4975 1468 5035">
    <p class='ocr_par' dir='ltr' id='par_1_76' title="bbox 369 4975 1468 5035">
     <span class='ocr_line' id='line_1_76' title="bbox 369 4975 1468 5035; baseline 0.002 -4"><span class='ocrx_word' id='word_1_561' title='bbox 369 4990 468 5031; x_wconf 87' lang='lat' dir='ltr'><strong>eos</strong></span> <span class='ocrx_word' id='word_1_562' title='bbox 495 4975 985 5034; x_wconf 88' lang='lat' dir='ltr'><strong>confortationibus</strong></span> <span class='ocrx_word' id='word_1_563' title='bbox 1017 4979 1133 5035; x_wconf 90' lang='lat' dir='ltr'><strong>suis</strong></span> <span class='ocrx_word' id='word_1_564' title='bbox 1161 4979 1468 5034; x_wconf 89' lang='lat' dir='ltr'><strong>consolare.</strong></span> 
     </span>
    </p>
   </div>
   <div class='ocr_carea' id='block_1_77' title="bbox 440 5065 1945 5141">
    <p class='ocr_par' dir='ltr' id='par_1_77' title="bbox 440 5065 1945 5141">
     <span class='ocr_line' id='line_1_77' title="bbox 440 5065 1945 5141; baseline 0.005 -22"><span class='ocrx_word' id='word_1_565' title='bbox 440 5065 620 5122; x_wconf 77' lang='lat' dir='ltr'><strong>Vultis</strong></span> <span class='ocrx_word' id='word_1_566' title='bbox 645 5067 788 5124; x_wconf 82' lang='lat' dir='ltr'><strong>scire</strong></span> <span class='ocrx_word' id='word_1_567' title='bbox 811 5071 904 5138; x_wconf 87' lang='lat' dir='ltr'><strong>qui</strong></span> <span class='ocrx_word' id='word_1_568' title='bbox 941 5070 1051 5124; x_wconf 92' lang='lat' dir='ltr'><strong>sint</strong></span> <span class='ocrx_word' id='word_1_569' title='bbox 1099 5069 1301 5141; x_wconf 88' lang='lat' dir='ltr'><strong>legati?</strong></span> <span class='ocrx_word' id='word_1_570' title='bbox 1327 5068 1497 5124; x_wconf 85' lang='lat' dir='ltr'><strong>Isaias</strong></span> <span class='ocrx_word' id='word_1_571' title='bbox 1519 5077 1574 5124; x_wconf 86' lang='lat' dir='ltr'><strong>et</strong></span> <span class='ocrx_word' id='word_1_572' title='bbox 1595 5067 1687 5123; x_wconf 89' lang='lat' dir='ltr'><strong>alii</strong></span> <span class='ocrx_word' id='word_1_573' title='bbox 1707 5070 1945 5140; x_wconf 86' lang='lat' dir='ltr'><strong>prophe-</strong></span> 
     </span>
    </p>
   </div>
   <div class='ocr_carea' id='block_1_78' title="bbox 367 5157 1948 5232">
    <p class='ocr_par' dir='ltr' id='par_1_78' title="bbox 367 5157 1948 5232">
     <span class='ocr_line' id='line_1_78' title="bbox 367 5157 1948 5232; baseline 0.001 -18"><span class='ocrx_word' id='word_1_574' title='bbox 367 5167 456 5214; x_wconf 65' lang='lat' dir='ltr'><strong>ta.</strong></span> <span class='ocrx_word' id='word_1_575' title='bbox 479 5157 676 5214; x_wconf 84' lang='lat' dir='ltr'><strong>Audite</strong></span> <span class='ocrx_word' id='word_1_576' title='bbox 699 5172 828 5229; x_wconf 91' lang='lat' dir='ltr'><strong>ergo</strong></span> <span class='ocrx_word' id='word_1_577' title='bbox 857 5175 1019 5229; x_wconf 90' lang='lat' dir='ltr'><strong>quam</strong></span> <span class='ocrx_word' id='word_1_578' title='bbox 1053 5161 1483 5216; x_wconf 89' lang='lat' dir='ltr'><strong>consolationem</strong></span> <span class='ocrx_word' id='word_1_579' title='bbox 1531 5158 1769 5229; x_wconf 87' lang='lat' dir='ltr'><strong>injunxit</strong></span> <span class='ocrx_word' id='word_1_580' title='bbox 1801 5161 1948 5232; x_wconf 85' lang='lat' dir='ltr'><strong>lega-</strong></span> 
     </span>
    </p>
   </div>
   <div class='ocr_carea' id='block_1_79' title="bbox 365 5246 1945 5322">
    <p class='ocr_par' dir='ltr' id='par_1_79' title="bbox 365 5246 1945 5322">
     <span class='ocr_line' id='line_1_79' title="bbox 365 5246 1945 5322; baseline -0.001 -14"><span class='ocrx_word' id='word_1_581' title='bbox 365 5249 474 5308; x_wconf 77' lang='lat' dir='ltr'><strong>tis:</strong></span> <span class='ocrx_word' id='word_1_582' title='bbox 500 5246 612 5305; x_wconf 78' lang='lat' dir='ltr'><strong>Vos</strong></span> <span class='ocrx_word' id='word_1_583' title='bbox 633 5248 868 5306; x_wconf 86' lang='lat' dir='ltr'><strong>ministri</strong></span> <span class='ocrx_word' id='word_1_584' title='bbox 890 5250 1210 5314; x_wconf 71' lang='lat' dir='ltr'><strong>mei,‘dicite</strong></span> <span class='ocrx_word' id='word_1_585' title='bbox 1239 5250 1454 5305; x_wconf 88' lang='lat' dir='ltr'><strong>miseris</strong></span> <span class='ocrx_word' id='word_1_586' title='bbox 1489 5250 1704 5320; x_wconf 89' lang='lat' dir='ltr'><strong>populis</strong></span> <span class='ocrx_word' id='word_1_587' title='bbox 1739 5252 1832 5322; x_wconf 91' lang='lat' dir='ltr'><strong>qui</strong></span> <span class='ocrx_word' id='word_1_588' title='bbox 1859 5253 1945 5322; x_wconf 82' lang='lat' dir='ltr'><strong>ja-</strong></span> 
     </span>
    </p>
   </div>
   <div class='ocr_carea' id='block_1_80' title="bbox 365 5338 1942 5410">
    <p class='ocr_par' dir='ltr' id='par_1_80' title="bbox 365 5338 1942 5410">
     <span class='ocr_line' id='line_1_80' title="bbox 365 5338 1942 5410; baseline -0.001 -12"><span class='ocrx_word' id='word_1_589' title='bbox 365 5349 495 5398; x_wconf 85' lang='lat' dir='ltr'><strong>cent</strong></span> <span class='ocrx_word' id='word_1_590' title='bbox 519 5339 576 5394; x_wconf 90' lang='lat' dir='ltr'><strong>in</strong></span> <span class='ocrx_word' id='word_1_591' title='bbox 606 5338 910 5405; x_wconf 88' lang='lat' dir='ltr'><strong>doloribus,</strong></span> <span class='ocrx_word' id='word_1_592' title='bbox 939 5339 1032 5409; x_wconf 90' lang='lat' dir='ltr'><strong>qui</strong></span> <span class='ocrx_word' id='word_1_593' title='bbox 1058 5339 1348 5410; x_wconf 86' lang='lat' dir='ltr'><strong>desperant</strong></span> <span class='ocrx_word' id='word_1_594' title='bbox 1395 5341 1450 5394; x_wconf 90' lang='lat' dir='ltr'><strong>in</strong></span> <span class='ocrx_word' id='word_1_595' title='bbox 1500 5339 1942 5396; x_wconf 84' lang='lat' dir='ltr'><strong>inﬁrmitatibus:</strong></span> 
     </span>
    </p>
   </div>
   <div class='ocr_carea' id='block_1_81' title="bbox 369 5428 1946 5504">
    <p class='ocr_par' dir='ltr' id='par_1_81' title="bbox 369 5428 1946 5504">
     <span class='ocr_line' id='line_1_81' title="bbox 369 5428 1946 5504; baseline 0 -17"><span class='ocrx_word' id='word_1_596' title='bbox 369 5451 392 5487; x_wconf 67' lang='grc' dir='ltr'><strong><em>ς</em></strong></span> <span class='ocrx_word' id='word_1_597' title='bbox 413 5429 869 5504; x_wconf 85' lang='lat' dir='ltr'><strong>Opusillauimes,</strong></span> <span class='ocrx_word' id='word_1_598' title='bbox 895 5428 1301 5498; x_wconf 88' lang='lat' dir='ltr'><strong>confortamiui,</strong></span> <span class='ocrx_word' id='word_1_599' title='bbox 1326 5431 1454 5503; x_wconf 87' lang='lat' dir='ltr'><strong>quia</strong></span> <span class='ocrx_word' id='word_1_600' title='bbox 1484 5446 1610 5488; x_wconf 91' lang='lat' dir='ltr'><strong>ecce</strong></span> <span class='ocrx_word' id='word_1_601' title='bbox 1637 5429 1782 5487; x_wconf 91' lang='lat' dir='ltr'><strong>Deus</strong></span> <span class='ocrx_word' id='word_1_602' title='bbox 1810 5445 1946 5487; x_wconf 89' lang='lat' dir='ltr'><strong>nos-</strong></span> 
     </span>
    </p>
   </div>
   <div class='ocr_carea' id='block_1_82' title="bbox 363 5521 1944 5588">
    <p class='ocr_par' dir='ltr' id='par_1_82' title="bbox 363 5521 1944 5588">
     <span class='ocr_line' id='line_1_82' title="bbox 363 5521 1944 5588; baseline -0.001 -10"><span class='ocrx_word' id='word_1_603' title='bbox 363 5531 450 5578; x_wconf 89' lang='lat' dir='ltr'><strong>ter</strong></span> <span class='ocrx_word' id='word_1_604' title='bbox 481 5524 680 5578; x_wconf 91' lang='lat' dir='ltr'><strong>veniet.</strong></span> <span class='ocrx_word' id='word_1_605' title='bbox 715 5521 854 5579; x_wconf 85' lang='lat' dir='ltr'><strong>Ecce</strong></span> <span class='ocrx_word' id='word_1_606' title='bbox 899 5522 1166 5578; x_wconf 88' lang='lat' dir='ltr'><strong>medicina</strong></span> <span class='ocrx_word' id='word_1_607' title='bbox 1216 5531 1425 5588; x_wconf 90' lang='lat' dir='ltr'><strong>nostra,</strong></span> <span class='ocrx_word' id='word_1_608' title='bbox 1457 5537 1584 5579; x_wconf 88' lang='lat' dir='ltr'><strong>ecce</strong></span> <span class='ocrx_word' id='word_1_609' title='bbox 1616 5521 1764 5578; x_wconf 90' lang='lat' dir='ltr'><strong>salus</strong></span> <span class='ocrx_word' id='word_1_610' title='bbox 1810 5536 1944 5577; x_wconf 87' lang='lat' dir='ltr'><strong>nos-</strong></span> 
     </span>
    </p>
   </div>
   <div class='ocr_carea' id='block_1_83' title="bbox 363 5611 1942 5683">
    <p class='ocr_par' dir='ltr' id='par_1_83' title="bbox 363 5611 1942 5683">
     <span class='ocr_line' id='line_1_83' title="bbox 363 5611 1942 5683; baseline 0.001 -16"><span class='ocrx_word' id='word_1_611' title='bbox 363 5621 448 5667; x_wconf 89' lang='lat' dir='ltr'><strong>tra</strong></span> <span class='ocrx_word' id='word_1_612' title='bbox 469 5614 668 5678; x_wconf 83' lang='lat' dir='ltr'><strong>veniet,</strong></span> <span class='ocrx_word' id='word_1_613' title='bbox 692 5621 747 5667; x_wconf 90' lang='lat' dir='ltr'><strong>et</strong></span> <span class='ocrx_word' id='word_1_614' title='bbox 778 5613 1005 5669; x_wconf 90' lang='lat' dir='ltr'><strong>salvabit</strong></span> <span class='ocrx_word' id='word_1_615' title='bbox 1037 5628 1155 5668; x_wconf 92' lang='lat' dir='ltr'><strong>nos.</strong></span> <span class='ocrx_word' id='word_1_616' title='bbox 1199 5611 1306 5668; x_wconf 87' lang='lat' dir='ltr'><strong>Eas</strong></span> <span class='ocrx_word' id='word_1_617' title='bbox 1339 5613 1684 5668; x_wconf 84' lang='lat' dir='ltr'><strong>infirmitates</strong></span> <span class='ocrx_word' id='word_1_618' title='bbox 1742 5611 1942 5683; x_wconf 87' lang='lat' dir='ltr'><strong>quibus</strong></span> 
     </span>
    </p>
   </div>
   <div class='ocr_carea' id='block_1_84' title="bbox 367 5704 1941 5777">
    <p class='ocr_par' dir='ltr' id='par_1_84' title="bbox 367 5704 1941 5777">
     <span class='ocr_line' id='line_1_84' title="bbox 367 5704 1941 5777; baseline 0.001 -18"><span class='ocrx_word' id='word_1_619' title='bbox 367 5705 660 5768; x_wconf 74' lang='lat' dir='ltr'><strong>subjucctis</strong></span> <span class='ocrx_word' id='word_1_620' title='bbox 685 5706 919 5772; x_wconf 76' lang='lat' dir='ltr'><strong>sanabit,</strong></span> <span class='ocrx_word' id='word_1_621' title='bbox 950 5707 1079 5777; x_wconf 92' lang='lat' dir='ltr'><strong>quia</strong></span> <span class='ocrx_word' id='word_1_622' title='bbox 1102 5715 1228 5762; x_wconf 88' lang='lat' dir='ltr'><strong>tunc</strong></span> <span class='ocrx_word' id='word_1_623' title='bbox 1251 5705 1558 5776; x_wconf 89' lang='lat' dir='ltr'><strong>aperientur</strong></span> <span class='ocrx_word' id='word_1_624' title='bbox 1595 5704 1740 5760; x_wconf 88' lang='lat' dir='ltr'><strong>oculi</strong></span> <span class='ocrx_word' id='word_1_625' title='bbox 1769 5719 1941 5761; x_wconf 66' lang='lat' dir='ltr'><strong>caeco-</strong></span> 
     </span>
    </p>
   </div>
   <div class='ocr_carea' id='block_1_85' title="bbox 2061 3598 3644 3670">
    <p class='ocr_par' dir='ltr' id='par_1_85' title="bbox 2061 3598 3644 3670">
     <span class='ocr_line' id='line_1_85' title="bbox 2061 3598 3644 3670; baseline -0.001 -16"><span class='ocrx_word' id='word_1_626' title='bbox 2061 3607 2237 3667; x_wconf 87' lang='lat' dir='ltr'><strong>erant,</strong></span> <span class='ocrx_word' id='word_1_627' title='bbox 2291 3599 2418 3670; x_wconf 90' lang='lat' dir='ltr'><strong>quia</strong></span> <span class='ocrx_word' id='word_1_628' title='bbox 2469 3599 2633 3654; x_wconf 86' lang='lat' dir='ltr'><strong>verba</strong></span> <span class='ocrx_word' id='word_1_629' title='bbox 2687 3598 2783 3656; x_wconf 90' lang='lat' dir='ltr'><strong>Dei</strong></span> <span class='ocrx_word' id='word_1_630' title='bbox 2829 3598 3203 3670; x_wconf 88' lang='lat' dir='ltr'><strong>negligebant;</strong></span> <span class='ocrx_word' id='word_1_631' title='bbox 3251 3598 3450 3662; x_wconf 85' lang='lat' dir='ltr'><strong>claudi,</strong></span> <span class='ocrx_word' id='word_1_632' title='bbox 3513 3598 3644 3668; x_wconf 84' lang='lat' dir='ltr'><strong>quia</strong></span> 
     </span>
    </p>
   </div>
   <div class='ocr_carea' id='block_1_86' title="bbox 2062 3689 3645 3762">
    <p class='ocr_par' dir='ltr' id='par_1_86' title="bbox 2062 3689 3645 3762">
     <span class='ocr_line' id='line_1_86' title="bbox 2062 3689 3645 3762; baseline -0.001 -16"><span class='ocrx_word' id='word_1_633' title='bbox 2062 3707 2172 3747; x_wconf 93' lang='lat' dir='ltr'><strong>non</strong></span> <span class='ocrx_word' id='word_1_634' title='bbox 2200 3701 2345 3746; x_wconf 90' lang='lat' dir='ltr'><strong>recte</strong></span> <span class='ocrx_word' id='word_1_635' title='bbox 2368 3707 2462 3762; x_wconf 88' lang='lat' dir='ltr'><strong>per</strong></span> <span class='ocrx_word' id='word_1_636' title='bbox 2490 3691 2631 3746; x_wconf 90' lang='lat' dir='ltr'><strong>bona</strong></span> <span class='ocrx_word' id='word_1_637' title='bbox 2649 3705 2813 3760; x_wconf 81' lang='lat' dir='ltr'><strong>opera</strong></span> <span class='ocrx_word' id='word_1_638' title='bbox 2830 3690 3179 3757; x_wconf 87' lang='lat' dir='ltr'><strong>incedebant;</strong></span> <span class='ocrx_word' id='word_1_639' title='bbox 3213 3689 3347 3744; x_wconf 90' lang='lat' dir='ltr'><strong>muti</strong></span> <span class='ocrx_word' id='word_1_640' title='bbox 3374 3689 3498 3760; x_wconf 87' lang='lat' dir='ltr'><strong>quia</strong></span> <span class='ocrx_word' id='word_1_641' title='bbox 3517 3704 3645 3759; x_wconf 64' lang='lat' dir='ltr'><strong>peo-</strong></span> 
     </span>
    </p>
   </div>
   <div class='ocr_carea' id='block_1_87' title="bbox 2061 3781 3641 3846">
    <p class='ocr_par' dir='ltr' id='par_1_87' title="bbox 2061 3781 3641 3846">
     <span class='ocr_line' id='line_1_87' title="bbox 2061 3781 3641 3846; baseline -0.001 -7"><span class='ocrx_word' id='word_1_642' title='bbox 2061 3793 2179 3839; x_wconf 89' lang='lat' dir='ltr'><strong>cata</strong></span> <span class='ocrx_word' id='word_1_643' title='bbox 2207 3799 2304 3838; x_wconf 91' lang='lat' dir='ltr'><strong>sua</strong></span> <span class='ocrx_word' id='word_1_644' title='bbox 2330 3783 2601 3838; x_wconf 91' lang='lat' dir='ltr'><strong>tacebant.</strong></span> <span class='ocrx_word' id='word_1_645' title='bbox 2633 3781 2761 3838; x_wconf 70' lang='lat' dir='ltr'><strong>Haec</strong></span> <span class='ocrx_word' id='word_1_646' title='bbox 2786 3782 3025 3838; x_wconf 89' lang='lat' dir='ltr'><strong>surditas</strong></span> <span class='ocrx_word' id='word_1_647' title='bbox 3069 3790 3123 3836; x_wconf 90' lang='lat' dir='ltr'><strong>et</strong></span> <span class='ocrx_word' id='word_1_648' title='bbox 3151 3783 3388 3846; x_wconf 64' lang='lat' dir='ltr'><strong>caecitas,</strong></span> <span class='ocrx_word' id='word_1_649' title='bbox 3432 3790 3489 3837; x_wconf 92' lang='lat' dir='ltr'><strong>et</strong></span> <span class='ocrx_word' id='word_1_650' title='bbox 3533 3781 3641 3837; x_wconf 78' lang='lat' dir='ltr'><strong>alia</strong></span> 
     </span>
    </p>
   </div>
   <div class='ocr_carea' id='block_1_88' title="bbox 2060 3875 3636 3948">
    <p class='ocr_par' dir='ltr' id='par_1_88' title="bbox 2060 3875 3636 3948">
     <span class='ocr_line' id='line_1_88' title="bbox 2060 3875 3636 3948; baseline -0.003 -15"><span class='ocrx_word' id='word_1_651' title='bbox 2060 3893 2182 3948; x_wconf 67' lang='lat' dir='ltr'><strong>qua:</strong></span> <span class='ocrx_word' id='word_1_652' title='bbox 2207 3883 2510 3947; x_wconf 89' lang='lat' dir='ltr'><strong>sequuntur</strong></span> <span class='ocrx_word' id='word_1_653' title='bbox 2541 3891 2571 3930; x_wconf 87' lang='lat' dir='ltr'><strong>a</strong></span> <span class='ocrx_word' id='word_1_654' title='bbox 2597 3876 2774 3945; x_wconf 88' lang='lat' dir='ltr'><strong>primo</strong></span> <span class='ocrx_word' id='word_1_655' title='bbox 2809 3875 3030 3930; x_wconf 92' lang='lat' dir='ltr'><strong>homine</strong></span> <span class='ocrx_word' id='word_1_656' title='bbox 3073 3875 3286 3929; x_wconf 84' lang='lat' dir='ltr'><strong>initium</strong></span> <span class='ocrx_word' id='word_1_657' title='bbox 3336 3888 3636 3945; x_wconf 86' lang='lat' dir='ltr'><strong>sumpsere.</strong></span> 
     </span>
    </p>
   </div>
   <div class='ocr_carea' id='block_1_89' title="bbox 2060 3965 3642 4037">
    <p class='ocr_par' dir='ltr' id='par_1_89' title="bbox 2060 3965 3642 4037">
     <span class='ocr_line' id='line_1_89' title="bbox 2060 3965 3642 4037; baseline -0.001 -15"><span class='ocrx_word' id='word_1_658' title='bbox 2060 3969 2234 4024; x_wconf 84' lang='lat' dir='ltr'><strong>Adam</strong></span> <span class='ocrx_word' id='word_1_659' title='bbox 2265 3968 2411 4023; x_wconf 91' lang='lat' dir='ltr'><strong>enim</strong></span> <span class='ocrx_word' id='word_1_660' title='bbox 2436 3968 2488 4021; x_wconf 92' lang='lat' dir='ltr'><strong>in</strong></span> <span class='ocrx_word' id='word_1_661' title='bbox 2513 3968 2692 4037; x_wconf 90' lang='lat' dir='ltr'><strong>primo</strong></span> <span class='ocrx_word' id='word_1_662' title='bbox 2720 3975 2989 4037; x_wconf 69' lang='lat' dir='ltr'><strong>prmeepto</strong></span> <span class='ocrx_word' id='word_1_663' title='bbox 3020 3983 3052 4021; x_wconf 91' lang='lat' dir='ltr'><strong>a</strong></span> <span class='ocrx_word' id='word_1_664' title='bbox 3085 3965 3198 4021; x_wconf 91' lang='lat' dir='ltr'><strong>Deo</strong></span> <span class='ocrx_word' id='word_1_665' title='bbox 3237 3966 3341 4022; x_wconf 89' lang='lat' dir='ltr'><strong>sibi</strong></span> <span class='ocrx_word' id='word_1_666' title='bbox 3397 3967 3642 4036; x_wconf 85' lang='lat' dir='ltr'><strong>injuncto</strong></span> 
     </span>
    </p>
   </div>
   <div class='ocr_carea' id='block_1_90' title="bbox 2061 4055 3636 4127">
    <p class='ocr_par' dir='ltr' id='par_1_90' title="bbox 2061 4055 3636 4127">
     <span class='ocr_line' id='line_1_90' title="bbox 2061 4055 3636 4127; baseline -0.003 -12"><span class='ocrx_word' id='word_1_667' title='bbox 2061 4060 2261 4115; x_wconf 88' lang='lat' dir='ltr'><strong>surdus</strong></span> <span class='ocrx_word' id='word_1_668' title='bbox 2275 4058 2500 4114; x_wconf 85' lang='lat' dir='ltr'><strong>effectus</strong></span> <span class='ocrx_word' id='word_1_669' title='bbox 2514 4067 2616 4112; x_wconf 91' lang='lat' dir='ltr'><strong>est.</strong></span> <span class='ocrx_word' id='word_1_670' title='bbox 2631 4057 2768 4112; x_wconf 91' lang='lat' dir='ltr'><strong>Cum</strong></span> <span class='ocrx_word' id='word_1_671' title='bbox 2791 4058 2936 4112; x_wconf 90' lang='lat' dir='ltr'><strong>enim</strong></span> <span class='ocrx_word' id='word_1_672' title='bbox 2953 4058 3156 4112; x_wconf 92' lang='lat' dir='ltr'><strong>dictum</strong></span> <span class='ocrx_word' id='word_1_673' title='bbox 3170 4065 3252 4112; x_wconf 90' lang='lat' dir='ltr'><strong>est</strong></span> <span class='ocrx_word' id='word_1_674' title='bbox 3265 4057 3314 4111; x_wconf 92' lang='lat' dir='ltr'><strong>ei</strong></span> <span class='ocrx_word' id='word_1_675' title='bbox 3332 4055 3483 4127; x_wconf 82' lang='lat' dir='ltr'><strong>(Gen.</strong></span> <span class='ocrx_word' id='word_1_676' title='bbox 3511 4060 3593 4126; x_wconf 78' lang='lat' dir='ltr'><strong>in)</strong></span> <span class='ocrx_word' id='word_1_677' title='bbox 3623 4074 3636 4109; x_wconf 94' lang='lat'><strong>:</strong></span> 
     </span>
    </p>
   </div>
   <div class='ocr_carea' id='block_1_91' title="bbox 2067 4147 3640 4221">
    <p class='ocr_par' dir='ltr' id='par_1_91' title="bbox 2067 4147 3640 4221">
     <span class='ocr_line' id='line_1_91' title="bbox 2067 4147 3640 4221; baseline -0.001 -19"><span class='ocrx_word' id='word_1_678' title='bbox 2067 4170 2086 4202; x_wconf 70' lang='grc' dir='ltr'><strong>ι</strong></span> <span class='ocrx_word' id='word_1_679' title='bbox 2125 4151 2180 4205; x_wconf 86' lang='grc' dir='ltr'><strong>1η</strong></span> <span class='ocrx_word' id='word_1_680' title='bbox 2207 4166 2553 4221; x_wconf 88' lang='lat' dir='ltr'><strong>quacumque</strong></span> <span class='ocrx_word' id='word_1_681' title='bbox 2579 4149 2667 4205; x_wconf 90' lang='lat' dir='ltr'><strong>die</strong></span> <span class='ocrx_word' id='word_1_682' title='bbox 2703 4150 2771 4205; x_wconf 93' lang='lat' dir='ltr'><strong>de</strong></span> <span class='ocrx_word' id='word_1_683' title='bbox 2807 4149 2956 4220; x_wconf 86' lang='lat' dir='ltr'><strong>ligno</strong></span> <span class='ocrx_word' id='word_1_684' title='bbox 3000 4149 3240 4204; x_wconf 75' lang='lat' dir='ltr'><strong>scientiae</strong></span> <span class='ocrx_word' id='word_1_685' title='bbox 3282 4148 3409 4202; x_wconf 90' lang='lat' dir='ltr'><strong>boni</strong></span> <span class='ocrx_word' id='word_1_686' title='bbox 3431 4155 3486 4202; x_wconf 90' lang='lat' dir='ltr'><strong>et</strong></span> <span class='ocrx_word' id='word_1_687' title='bbox 3509 4147 3640 4202; x_wconf 87' lang='lat' dir='ltr'><strong>mali</strong></span> 
     </span>
    </p>
   </div>
   <div class='ocr_carea' id='block_1_92' title="bbox 2057 4239 3638 4309">
    <p class='ocr_par' dir='ltr' id='par_1_92' title="bbox 2057 4239 3638 4309">
     <span class='ocr_line' id='line_1_92' title="bbox 2057 4239 3638 4309; baseline -0.001 -14"><span class='ocrx_word' id='word_1_688' title='bbox 2057 4241 2378 4309; x_wconf 89' lang='lat' dir='ltr'><strong>comederis,</strong></span> <span class='ocrx_word' id='word_1_689' title='bbox 2424 4248 2597 4296; x_wconf 84' lang='lat' dir='ltr'><strong>morte</strong></span> <span class='ocrx_word' id='word_1_690' title='bbox 2648 4241 2935 4307; x_wconf 90' lang='lat' dir='ltr'><strong>morieris,</strong></span> <span class='ocrx_word' id='word_1_691' title='bbox 2974 4258 2993 4291; x_wconf 81' lang='grc' dir='ltr'><strong>ι</strong></span> <span class='ocrx_word' id='word_1_692' title='bbox 3053 4255 3161 4295; x_wconf 92' lang='lat' dir='ltr'><strong>non</strong></span> <span class='ocrx_word' id='word_1_693' title='bbox 3207 4239 3426 4294; x_wconf 87' lang='lat' dir='ltr'><strong>audisse</strong></span> <span class='ocrx_word' id='word_1_694' title='bbox 3485 4239 3638 4293; x_wconf 79' lang='lat' dir='ltr'><strong>visus</strong></span> 
     </span>
    </p>
   </div>
   <div class='ocr_carea' id='block_1_93' title="bbox 2055 4331 3636 4389">
    <p class='ocr_par' dir='ltr' id='par_1_93' title="bbox 2055 4331 3636 4389">
     <span class='ocr_line' id='line_1_93' title="bbox 2055 4331 3636 4389; baseline -0.004 0"><span class='ocrx_word' id='word_1_695' title='bbox 2055 4342 2140 4389; x_wconf 89' lang='lat' dir='ltr'><strong>est</strong></span> <span class='ocrx_word' id='word_1_696' title='bbox 2164 4352 2182 4384; x_wconf 76' lang='grc' dir='ltr'><strong>ι</strong></span> <span class='ocrx_word' id='word_1_697' title='bbox 2215 4341 2390 4388; x_wconf 89' lang='lat' dir='ltr'><strong>morte</strong></span> <span class='ocrx_word' id='word_1_698' title='bbox 2409 4332 2678 4388; x_wconf 88' lang='lat' dir='ltr'><strong>morieris.</strong></span> <span class='ocrx_word' id='word_1_699' title='bbox 2713 4352 2732 4385; x_wconf 79' lang='grc' dir='ltr'><strong>ι</strong></span> <span class='ocrx_word' id='word_1_700' title='bbox 2765 4331 2871 4388; x_wconf 90' lang='lat' dir='ltr'><strong>Sed</strong></span> <span class='ocrx_word' id='word_1_701' title='bbox 2903 4347 3027 4387; x_wconf 91' lang='lat' dir='ltr'><strong>cum</strong></span> <span class='ocrx_word' id='word_1_702' title='bbox 3051 4346 3158 4387; x_wconf 89' lang='lat' dir='ltr'><strong>non</strong></span> <span class='ocrx_word' id='word_1_703' title='bbox 3188 4331 3292 4387; x_wconf 90' lang='lat' dir='ltr'><strong>fuit</strong></span> <span class='ocrx_word' id='word_1_704' title='bbox 3320 4332 3636 4386; x_wconf 82' lang='lat' dir='ltr'><strong>observator</strong></span> 
     </span>
    </p>
   </div>
   <div class='ocr_carea' id='block_1_94' title="bbox 2056 4421 3638 4492">
    <p class='ocr_par' dir='ltr' id='par_1_94' title="bbox 2056 4421 3638 4492">
     <span class='ocr_line' id='line_1_94' title="bbox 2056 4421 3638 4492; baseline -0.004 -12"><span class='ocrx_word' id='word_1_705' title='bbox 2056 4425 2318 4492; x_wconf 90' lang='lat' dir='ltr'><strong>mandati,</strong></span> <span class='ocrx_word' id='word_1_706' title='bbox 2351 4441 2528 4481; x_wconf 73' lang='lat' dir='ltr'><strong>caecus</strong></span> <span class='ocrx_word' id='word_1_707' title='bbox 2559 4425 2662 4479; x_wconf 90' lang='lat' dir='ltr'><strong>fuit</strong></span> <span class='ocrx_word' id='word_1_708' title='bbox 2689 4441 2814 4480; x_wconf 91' lang='lat' dir='ltr'><strong>cum</strong></span> <span class='ocrx_word' id='word_1_709' title='bbox 2840 4425 3002 4479; x_wconf 89' lang='lat' dir='ltr'><strong>verba</strong></span> <span class='ocrx_word' id='word_1_710' title='bbox 3019 4423 3219 4479; x_wconf 88' lang='lat' dir='ltr'><strong>diaboli</strong></span> <span class='ocrx_word' id='word_1_711' title='bbox 3239 4439 3347 4478; x_wconf 93' lang='lat' dir='ltr'><strong>non</strong></span> <span class='ocrx_word' id='word_1_712' title='bbox 3374 4421 3638 4478; x_wconf 88' lang='lat' dir='ltr'><strong>intellexit</strong></span> 
     </span>
    </p>
   </div>
   <div class='ocr_carea' id='block_1_95' title="bbox 2055 4514 3638 4587">
    <p class='ocr_par' dir='ltr' id='par_1_95' title="bbox 2055 4514 3638 4587">
     <span class='ocr_line' id='line_1_95' title="bbox 2055 4514 3638 4587; baseline -0.001 -17"><span class='ocrx_word' id='word_1_713' title='bbox 2055 4516 2284 4572; x_wconf 90' lang='lat' dir='ltr'><strong>dicentis</strong></span> <span class='ocrx_word' id='word_1_714' title='bbox 2299 4535 2312 4571; x_wconf 96' lang='lat'><strong>:</strong></span> <span class='ocrx_word' id='word_1_715' title='bbox 2325 4537 2343 4568; x_wconf 86' lang='grc'><strong><em>‹</em></strong></span> <span class='ocrx_word' id='word_1_716' title='bbox 2362 4516 2526 4573; x_wconf 87' lang='lat' dir='ltr'><strong>Eritis</strong></span> <span class='ocrx_word' id='word_1_717' title='bbox 2538 4517 2761 4572; x_wconf 92' lang='lat' dir='ltr'><strong>sicutdii</strong></span> <span class='ocrx_word' id='word_1_718' title='bbox 2777 4516 2908 4587; x_wconf 78' lang='lat' dir='ltr'><strong>(ibid</strong></span> <span class='ocrx_word' id='word_1_719' title='bbox 2916 4515 2976 4585; x_wconf 94' lang='lat'><strong>.).</strong></span> <span class='ocrx_word' id='word_1_720' title='bbox 2991 4536 3008 4567; x_wconf 81' lang='grc' dir='ltr'><strong>ι</strong></span> <span class='ocrx_word' id='word_1_721' title='bbox 3027 4516 3163 4570; x_wconf 89' lang='lat' dir='ltr'><strong>Cum</strong></span> <span class='ocrx_word' id='word_1_722' title='bbox 3179 4524 3481 4586; x_wconf 89' lang='lat' dir='ltr'><strong>putaretur,</strong></span> <span class='ocrx_word' id='word_1_723' title='bbox 3494 4514 3638 4569; x_wconf 87' lang='lat' dir='ltr'><strong>vide-</strong></span> 
     </span>
    </p>
   </div>
   <div class='ocr_carea' id='block_1_96' title="bbox 2054 4606 3630 4678">
    <p class='ocr_par' dir='ltr' id='par_1_96' title="bbox 2054 4606 3630 4678">
     <span class='ocr_line' id='line_1_96' title="bbox 2054 4606 3630 4678; baseline -0.002 -16"><span class='ocrx_word' id='word_1_724' title='bbox 2054 4609 2180 4663; x_wconf 75' lang='lat' dir='ltr'><strong>licet</strong></span> <span class='ocrx_word' id='word_1_725' title='bbox 2213 4624 2271 4664; x_wconf 92' lang='lat' dir='ltr'><strong>se</strong></span> <span class='ocrx_word' id='word_1_726' title='bbox 2295 4609 2410 4663; x_wconf 83' lang='lat' dir='ltr'><strong>fieri</strong></span> <span class='ocrx_word' id='word_1_727' title='bbox 2430 4607 2621 4673; x_wconf 90' lang='lat' dir='ltr'><strong>Deum,</strong></span> <span class='ocrx_word' id='word_1_728' title='bbox 2648 4618 2977 4664; x_wconf 66' lang='lat' dir='ltr'><strong>excaecatum</strong></span> <span class='ocrx_word' id='word_1_729' title='bbox 2999 4608 3112 4678; x_wconf 90' lang='lat' dir='ltr'><strong>jam</strong></span> <span class='ocrx_word' id='word_1_730' title='bbox 3126 4607 3346 4677; x_wconf 85' lang='lat' dir='ltr'><strong>gerebat</strong></span> <span class='ocrx_word' id='word_1_731' title='bbox 3367 4606 3630 4671; x_wconf 90' lang='lat' dir='ltr'><strong>animum,</strong></span> 
     </span>
    </p>
   </div>
   <div class='ocr_carea' id='block_1_97' title="bbox 2053 4697 3628 4771">
    <p class='ocr_par' dir='ltr' id='par_1_97' title="bbox 2053 4697 3628 4771">
     <span class='ocr_line' id='line_1_97' title="bbox 2053 4697 3628 4771; baseline 0.001 -19"><span class='ocrx_word' id='word_1_732' title='bbox 2053 4701 2196 4771; x_wconf 91' lang='lat' dir='ltr'><strong>quod</strong></span> <span class='ocrx_word' id='word_1_733' title='bbox 2225 4701 2480 4770; x_wconf 90' lang='lat' dir='ltr'><strong>deinceps</strong></span> <span class='ocrx_word' id='word_1_734' title='bbox 2508 4701 2609 4755; x_wconf 90' lang='lat' dir='ltr'><strong>sibi</strong></span> <span class='ocrx_word' id='word_1_735' title='bbox 2643 4701 3030 4771; x_wconf 89' lang='lat' dir='ltr'><strong>improperavit</strong></span> <span class='ocrx_word' id='word_1_736' title='bbox 3079 4697 3344 4754; x_wconf 89' lang='lat' dir='ltr'><strong>Dominus</strong></span> <span class='ocrx_word' id='word_1_737' title='bbox 3404 4699 3628 4754; x_wconf 88' lang='lat' dir='ltr'><strong>dicens:</strong></span> 
     </span>
    </p>
   </div>
   <div class='ocr_carea' id='block_1_98' title="bbox 2061 4789 3625 4862">
    <p class='ocr_par' dir='ltr' id='par_1_98' title="bbox 2061 4789 3625 4862">
     <span class='ocr_line' id='line_1_98' title="bbox 2061 4789 3625 4862; baseline -0.003 -18"><span class='ocrx_word' id='word_1_738' title='bbox 2061 4811 2078 4844; x_wconf 79' lang='grc' dir='ltr'><strong>ι</strong></span> <span class='ocrx_word' id='word_1_739' title='bbox 2107 4791 2243 4846; x_wconf 90' lang='lat' dir='ltr'><strong>Ecce</strong></span> <span class='ocrx_word' id='word_1_740' title='bbox 2267 4791 2438 4845; x_wconf 83' lang='lat' dir='ltr'><strong>Adam</strong></span> <span class='ocrx_word' id='word_1_741' title='bbox 2465 4792 2622 4862; x_wconf 91' lang='lat' dir='ltr'><strong>quasi</strong></span> <span class='ocrx_word' id='word_1_742' title='bbox 2643 4808 2788 4848; x_wconf 91' lang='lat' dir='ltr'><strong>unus</strong></span> <span class='ocrx_word' id='word_1_743' title='bbox 2802 4808 2865 4847; x_wconf 86' lang='lat' dir='ltr'><strong>ex</strong></span> <span class='ocrx_word' id='word_1_744' title='bbox 2892 4791 3051 4847; x_wconf 90' lang='lat' dir='ltr'><strong>nobis</strong></span> <span class='ocrx_word' id='word_1_745' title='bbox 3075 4789 3250 4846; x_wconf 85' lang='lat' dir='ltr'><strong>factus</strong></span> <span class='ocrx_word' id='word_1_746' title='bbox 3282 4799 3365 4845; x_wconf 91' lang='lat' dir='ltr'><strong>est</strong></span> <span class='ocrx_word' id='word_1_747' title='bbox 3389 4790 3625 4861; x_wconf 67' lang='lat' dir='ltr'><strong>(ibid.),»</strong></span> 
     </span>
    </p>
   </div>
   <div class='ocr_carea' id='block_1_99' title="bbox 2925 4878 3632 4950">
    <p class='ocr_par' dir='ltr' id='par_1_99' title="bbox 2925 4878 3632 4950">
     <span class='ocr_line' id='line_1_99' title="bbox 2925 4878 3632 4950; baseline 0.003 -18"><span class='ocrx_word' id='word_1_748' title='bbox 2925 4878 3065 4934; x_wconf 87' lang='lat' dir='ltr'><strong>Ecce</strong></span> <span class='ocrx_word' id='word_1_749' title='bbox 3112 4879 3285 4934; x_wconf 83' lang='lat' dir='ltr'><strong>Adam</strong></span> <span class='ocrx_word' id='word_1_750' title='bbox 3333 4881 3428 4950; x_wconf 90' lang='lat' dir='ltr'><strong>qui</strong></span> <span class='ocrx_word' id='word_1_751' title='bbox 3468 4888 3632 4950; x_wconf 85' lang='lat' dir='ltr'><strong>puta-</strong></span> 
     </span>
    </p>
   </div>
   <div class='ocr_carea' id='block_1_100' title="bbox 2055 4971 3627 5038">
    <p class='ocr_par' dir='ltr' id='par_1_100' title="bbox 2055 4971 3627 5038">
     <span class='ocr_line' id='line_1_100' title="bbox 2055 4971 3627 5038; baseline -0.001 -11"><span class='ocrx_word' id='word_1_752' title='bbox 2055 4973 2209 5028; x_wconf 90' lang='lat' dir='ltr'><strong>vitse</strong></span> <span class='ocrx_word' id='word_1_753' title='bbox 2252 4971 2494 5028; x_wconf 88' lang='lat' dir='ltr'><strong>futurum</strong></span> <span class='ocrx_word' id='word_1_754' title='bbox 2529 4971 2718 5038; x_wconf 88' lang='lat' dir='ltr'><strong>Deum,</strong></span> <span class='ocrx_word' id='word_1_755' title='bbox 2762 4975 2925 5028; x_wconf 83' lang='lat' dir='ltr'><strong>modo</strong></span> <span class='ocrx_word' id='word_1_756' title='bbox 2972 4973 3178 5028; x_wconf 89' lang='lat' dir='ltr'><strong>invenit</strong></span> <span class='ocrx_word' id='word_1_757' title='bbox 3216 4986 3276 5027; x_wconf 89' lang='lat' dir='ltr'><strong>se</strong></span> <span class='ocrx_word' id='word_1_758' title='bbox 3328 4971 3627 5038; x_wconf 82' lang='lat' dir='ltr'><strong>miserum;</strong></span> 
     </span>
    </p>
   </div>
   <div class='ocr_carea' id='block_1_101' title="bbox 2050 5063 3630 5135">
    <p class='ocr_par' dir='ltr' id='par_1_101' title="bbox 2050 5063 3630 5135">
     <span class='ocr_line' id='line_1_101' title="bbox 2050 5063 3630 5135; baseline -0.001 -14"><span class='ocrx_word' id='word_1_759' title='bbox 2050 5064 2230 5121; x_wconf 84' lang='lat' dir='ltr'><strong>factus</strong></span> <span class='ocrx_word' id='word_1_760' title='bbox 2271 5064 2427 5135; x_wconf 88' lang='lat' dir='ltr'><strong>quasi</strong></span> <span class='ocrx_word' id='word_1_761' title='bbox 2464 5081 2606 5120; x_wconf 90' lang='lat' dir='ltr'><strong>unus</strong></span> <span class='ocrx_word' id='word_1_762' title='bbox 2648 5081 2714 5121; x_wconf 79' lang='lat' dir='ltr'><strong>ex</strong></span> <span class='ocrx_word' id='word_1_763' title='bbox 2753 5066 2930 5132; x_wconf 90' lang='lat' dir='ltr'><strong>nobis,</strong></span> <span class='ocrx_word' id='word_1_764' title='bbox 2961 5065 3014 5120; x_wconf 92' lang='lat' dir='ltr'><strong>id</strong></span> <span class='ocrx_word' id='word_1_765' title='bbox 3045 5073 3132 5121; x_wconf 92' lang='lat' dir='ltr'><strong>est</strong></span> <span class='ocrx_word' id='word_1_766' title='bbox 3160 5064 3357 5120; x_wconf 88' lang='lat' dir='ltr'><strong>similis</strong></span> <span class='ocrx_word' id='word_1_767' title='bbox 3388 5063 3536 5119; x_wconf 85' lang='lat' dir='ltr'><strong>Patri</strong></span> <span class='ocrx_word' id='word_1_768' title='bbox 3575 5073 3630 5119; x_wconf 83' lang='lat' dir='ltr'><strong>et</strong></span> 
     </span>
    </p>
   </div>
   <div class='ocr_carea' id='block_1_102' title="bbox 2053 5157 3627 5229">
    <p class='ocr_par' dir='ltr' id='par_1_102' title="bbox 2053 5157 3627 5229">
     <span class='ocr_line' id='line_1_102' title="bbox 2053 5157 3627 5229; baseline -0.003 -15"><span class='ocrx_word' id='word_1_769' title='bbox 2053 5157 2192 5214; x_wconf 87' lang='lat' dir='ltr'><strong>Filio</strong></span> <span class='ocrx_word' id='word_1_770' title='bbox 2226 5169 2280 5214; x_wconf 91' lang='lat' dir='ltr'><strong>et</strong></span> <span class='ocrx_word' id='word_1_771' title='bbox 2310 5157 2536 5229; x_wconf 92' lang='lat' dir='ltr'><strong>Spiritui</strong></span> <span class='ocrx_word' id='word_1_772' title='bbox 2571 5167 2763 5214; x_wconf 91' lang='lat' dir='ltr'><strong>sancto</strong></span> <span class='ocrx_word' id='word_1_773' title='bbox 2804 5164 2980 5214; x_wconf 89' lang='lat' dir='ltr'><strong>lactus</strong></span> <span class='ocrx_word' id='word_1_774' title='bbox 3007 5168 3092 5214; x_wconf 88' lang='lat' dir='ltr'><strong>est</strong></span> <span class='ocrx_word' id='word_1_775' title='bbox 3137 5157 3304 5222; x_wconf 84' lang='lat' dir='ltr'><strong>Deus,</strong></span> <span class='ocrx_word' id='word_1_776' title='bbox 3368 5157 3473 5213; x_wconf 85' lang='lat' dir='ltr'><strong>sub</strong></span> <span class='ocrx_word' id='word_1_777' title='bbox 3513 5160 3627 5211; x_wconf 86' lang='lat' dir='ltr'><strong>iro-</strong></span> 
     </span>
    </p>
   </div>
   <div class='ocr_carea' id='block_1_103' title="bbox 2051 5231 3629 5319">
    <p class='ocr_par' dir='ltr' id='par_1_103' title="bbox 2051 5231 3629 5319">
     <span class='ocr_line' id='line_1_103' title="bbox 2051 5231 3629 5319; baseline -0.002 -16"><span class='ocrx_word' id='word_1_778' title='bbox 2051 5249 2141 5304; x_wconf 89' lang='lat' dir='ltr'><strong>nia</strong></span> <span class='ocrx_word' id='word_1_779' title='bbox 2171 5249 2374 5303; x_wconf 90' lang='lat' dir='ltr'><strong>dictum</strong></span> <span class='ocrx_word' id='word_1_780' title='bbox 2403 5257 2509 5312; x_wconf 90' lang='lat' dir='ltr'><strong>est,</strong></span> <span class='ocrx_word' id='word_1_781' title='bbox 2530 5247 2688 5319; x_wconf 90' lang='lat' dir='ltr'><strong>quasi</strong></span> <span class='ocrx_word' id='word_1_782' title='bbox 2713 5249 2871 5304; x_wconf 78' lang='lat' dir='ltr'><strong>aliter</strong></span> <span class='ocrx_word' id='word_1_783' title='bbox 2909 5264 2968 5304; x_wconf 92' lang='lat' dir='ltr'><strong>se</strong></span> <span class='ocrx_word' id='word_1_784' title='bbox 3002 5247 3208 5303; x_wconf 90' lang='lat' dir='ltr'><strong>invenit</strong></span> <span class='ocrx_word' id='word_1_785' title='bbox 3254 5231 3421 5318; x_wconf 77' lang='lat' dir='ltr'><strong>quam</strong></span> <span class='ocrx_word' id='word_1_786' title='bbox 3470 5254 3629 5316; x_wconf 82' lang='lat' dir='ltr'><strong>puta-</strong></span> 
     </span>
    </p>
   </div>
   <div class='ocr_carea' id='block_1_104' title="bbox 2052 5339 3624 5410">
    <p class='ocr_par' dir='ltr' id='par_1_104' title="bbox 2052 5339 3624 5410">
     <span class='ocr_line' id='line_1_104' title="bbox 2052 5339 3624 5410; baseline 0 -16"><span class='ocrx_word' id='word_1_787' title='bbox 2052 5340 2149 5395; x_wconf 92' lang='lat' dir='ltr'><strong>vit.</strong></span> <span class='ocrx_word' id='word_1_788' title='bbox 2182 5339 2520 5395; x_wconf 90' lang='lat' dir='ltr'><strong>Claudicavit</strong></span> <span class='ocrx_word' id='word_1_789' title='bbox 2548 5339 2710 5394; x_wconf 90' lang='lat' dir='ltr'><strong>etiam</strong></span> <span class='ocrx_word' id='word_1_790' title='bbox 2735 5339 2930 5406; x_wconf 87' lang='lat' dir='ltr'><strong>Adam,</strong></span> <span class='ocrx_word' id='word_1_791' title='bbox 2963 5339 3092 5410; x_wconf 92' lang='lat' dir='ltr'><strong>quia</strong></span> <span class='ocrx_word' id='word_1_792' title='bbox 3123 5354 3248 5394; x_wconf 91' lang='lat' dir='ltr'><strong>cum</strong></span> <span class='ocrx_word' id='word_1_793' title='bbox 3280 5339 3447 5410; x_wconf 73' lang='lat' dir='ltr'><strong>ccepit</strong></span> <span class='ocrx_word' id='word_1_794' title='bbox 3473 5339 3624 5394; x_wconf 81' lang='lat' dir='ltr'><strong>ince-</strong></span> 
     </span>
    </p>
   </div>
   <div class='ocr_carea' id='block_1_105' title="bbox 2051 5430 3623 5502">
    <p class='ocr_par' dir='ltr' id='par_1_105' title="bbox 2051 5430 3623 5502">
     <span class='ocr_line' id='line_1_105' title="bbox 2051 5430 3623 5502; baseline -0.002 -14"><span class='ocrx_word' id='word_1_795' title='bbox 2051 5433 2198 5498; x_wconf 90' lang='lat' dir='ltr'><strong>dere,</strong></span> <span class='ocrx_word' id='word_1_796' title='bbox 2221 5447 2388 5502; x_wconf 87' lang='lat' dir='ltr'><strong>pravo</strong></span> <span class='ocrx_word' id='word_1_797' title='bbox 2420 5430 2645 5487; x_wconf 88' lang='lat' dir='ltr'><strong>incessit</strong></span> <span class='ocrx_word' id='word_1_798' title='bbox 2668 5445 2882 5502; x_wconf 86' lang='lat' dir='ltr'><strong>gressu,</strong></span> <span class='ocrx_word' id='word_1_799' title='bbox 2923 5432 3240 5488; x_wconf 87' lang='lat' dir='ltr'><strong>vulneratus</strong></span> <span class='ocrx_word' id='word_1_800' title='bbox 3299 5431 3492 5486; x_wconf 88' lang='lat' dir='ltr'><strong>aculeo</strong></span> <span class='ocrx_word' id='word_1_801' title='bbox 3527 5440 3623 5484; x_wconf 78' lang='lat' dir='ltr'><strong>ve-</strong></span> 
     </span>
    </p>
   </div>
   <div class='ocr_carea' id='block_1_106' title="bbox 2049 5521 3619 5595">
    <p class='ocr_par' dir='ltr' id='par_1_106' title="bbox 2049 5521 3619 5595">
     <span class='ocr_line' id='line_1_106' title="bbox 2049 5521 3619 5595; baseline -0.001 -16"><span class='ocrx_word' id='word_1_802' title='bbox 2049 5525 2242 5580; x_wconf 91' lang='lat' dir='ltr'><strong>nenosi</strong></span> <span class='ocrx_word' id='word_1_803' title='bbox 2263 5523 2551 5595; x_wconf 87' lang='lat' dir='ltr'><strong>serpentis,</strong></span> <span class='ocrx_word' id='word_1_804' title='bbox 2583 5535 2638 5580; x_wconf 91' lang='lat' dir='ltr'><strong>et</strong></span> <span class='ocrx_word' id='word_1_805' title='bbox 2659 5524 2740 5580; x_wconf 90' lang='lat' dir='ltr'><strong>sic</strong></span> <span class='ocrx_word' id='word_1_806' title='bbox 2771 5525 2912 5579; x_wconf 88' lang='lat' dir='ltr'><strong>male</strong></span> <span class='ocrx_word' id='word_1_807' title='bbox 2953 5525 3230 5595; x_wconf 88' lang='lat' dir='ltr'><strong>operando</strong></span> <span class='ocrx_word' id='word_1_808' title='bbox 3275 5521 3619 5580; x_wconf 79' lang='lat' dir='ltr'><strong>claudicavlt.</strong></span> 
     </span>
    </p>
   </div>
   <div class='ocr_carea' id='block_1_107' title="bbox 2046 5614 3625 5689">
    <p class='ocr_par' dir='ltr' id='par_1_107' title="bbox 2046 5614 3625 5689">
     <span class='ocr_line' id='line_1_107' title="bbox 2046 5614 3625 5689; baseline 0.001 -20"><span class='ocrx_word' id='word_1_809' title='bbox 2046 5614 2288 5670; x_wconf 87' lang='lat' dir='ltr'><strong>Primum</strong></span> <span class='ocrx_word' id='word_1_810' title='bbox 2319 5631 2538 5686; x_wconf 91' lang='lat' dir='ltr'><strong>quoque</strong></span> <span class='ocrx_word' id='word_1_811' title='bbox 2577 5616 2724 5687; x_wconf 89' lang='lat' dir='ltr'><strong>quod</strong></span> <span class='ocrx_word' id='word_1_812' title='bbox 2751 5617 2947 5689; x_wconf 89' lang='lat' dir='ltr'><strong>legitur</strong></span> <span class='ocrx_word' id='word_1_813' title='bbox 2970 5615 3165 5674; x_wconf 82' lang='lat' dir='ltr'><strong>fecisse</strong></span> <span class='ocrx_word' id='word_1_814' title='bbox 3187 5627 3492 5688; x_wconf 83' lang='lat' dir='ltr'><strong>peccatum,</strong></span> <span class='ocrx_word' id='word_1_815' title='bbox 3517 5614 3625 5672; x_wconf 77' lang='lat' dir='ltr'><strong>hoc</strong></span> 
     </span>
    </p>
   </div>
   <div class='ocr_carea' id='block_1_108' title="bbox 2043 5701 3625 5777">
    <p class='ocr_par' dir='ltr' id='par_1_108' title="bbox 2043 5701 3625 5777">
     <span class='ocr_line' id='line_1_108' title="bbox 2043 5701 3625 5777; baseline -0.002 -17"><span class='ocrx_word' id='word_1_816' title='bbox 2043 5714 2126 5761; x_wconf 84' lang='lat' dir='ltr'><strong>est</strong></span> <span class='ocrx_word' id='word_1_817' title='bbox 2149 5705 2473 5762; x_wconf 84' lang='lat' dir='ltr'><strong>claudicare.</strong></span> <span class='ocrx_word' id='word_1_818' title='bbox 2518 5704 2666 5761; x_wconf 80' lang='lat' dir='ltr'><strong>Duos</strong></span> <span class='ocrx_word' id='word_1_819' title='bbox 2711 5707 2876 5776; x_wconf 86' lang='lat' dir='ltr'><strong>pedes</strong></span> <span class='ocrx_word' id='word_1_820' title='bbox 2914 5706 3072 5763; x_wconf 88' lang='lat' dir='ltr'><strong>debet</strong></span> <span class='ocrx_word' id='word_1_821' title='bbox 3097 5707 3300 5765; x_wconf 87' lang='lat' dir='ltr'><strong>habere</strong></span> <span class='ocrx_word' id='word_1_822' title='bbox 3333 5706 3502 5762; x_wconf 84' lang='lat' dir='ltr'><strong>homo</strong></span> <span class='ocrx_word' id='word_1_823' title='bbox 3527 5701 3625 5777; x_wconf 57' lang='lat' dir='ltr'><strong>tli-</strong></span> 
     </span>
    </p>
   </div>
  </div>
