4032 6396
343 408 457 464 ηδε

1292 409 1865 468 ΒΕΙἚΟΒᾹΤΙΟΝΕδ
1904 411 2003 468 SS.
2046 412 2356 470 PATRUM.
2391 444 2464 455 —
2497 414 2627 470 LIB.
2670 414 2710 468 1.

3513 415 3614 471 754

348 520 636 578 lectionem
671 524 764 578 Dei
802 533 853 579 et
885 525 1137 594 proximi.
1167 523 1270 591 Qui
1307 526 1476 582 altera
1514 527 1730 583 illarum
1766 537 1935 599 caret,
1967 535 2014 591 Α
2040 545 2107 586 eo
2130 532 2276 587 velut
2305 546 2531 602 organo,
2561 544 2895 600 movensque
2921 531 3041 600 ejus
3075 539 3326 586 naturam
3361 544 3428 584 eo
3453 531 3612 585 modo

351 609 580 667 claudus
623 621 725 667 est.
762 612 936 668 Adam
966 629 1096 685 ergo
1153 615 1475 672 claudicavit
1507 636 1519 672 :
1553 618 1681 688 quia
1702 619 1934 676 nimium

371 718 594 758 uxorem
621 703 833 770 dilexit,
865 720 990 760 cum
1015 707 1084 763 ab
1111 723 1298 765 amore
1327 709 1422 765 Dei
1467 725 1526 766 se
1561 710 1726 766 ﬁexit.
1762 711 1932 767 Deum

352 808 464 848 non
509 794 718 860 dilexit,
746 795 906 866 cujus
946 798 1202 854 mandata
1241 801 1495 871 neglexit.
1529 799 1731 857 Uxoris
1781 818 1935 857 amo.

350 904 465 943 rem
493 887 585 944 Dei
611 891 786 945 amori
825 893 1080 961 prtetulit,
1105 894 1235 950 dum
1258 896 1516 952 libentius
1552 898 1737 953 uxoris
1767 913 1933 967 quam

349 979 445 1037 Dei
484 983 723 1040 obedivit
758 985 1029 1041 voluntati
1071 987 1484 1058 (Ancum-nvos.)
1532 987 1669 1044 Nam
1718 1000 1934 1060 postea-

348 1094 513 1149 quam
531 1081 597 1134 de
623 1081 770 1151 ligno
786 1082 1059 1152 prohibito
1075 1083 1296 1139 seducta
1315 1084 1544 1139 muliere
1561 1085 1931 1153 manducavit,

349 1169 509 1239 eique
537 1170 687 1224 dedit
716 1180 776 1226 ut
813 1172 1234 1242 simulederent,
1268 1174 1576 1228 noluiteam
1593 1174 1930 1242 contristari,

349 1276 511 1330 quam
543 1261 800 1317 credebat
823 1279 984 1333 posse
1014 1265 1132 1319 sine
1165 1280 1267 1320 suo
1288 1265 1486 1320 solatio
1520 1265 1930 1330 contabescere,

351 1351 396 1407 si
429 1351 499 1406 ab
546 1352 665 1421 ejus
716 1354 1046 1408 alienaretur
1080 1355 1286 1421 animo,
1335 1363 1390 1410 et
1410 1354 1638 1408 omnino
1669 1354 1759 1408 illa
1789 1355 1932 1409 inte-

349 1445 458 1499 rire
483 1445 775 1512 discordia,
831 1462 938 1500 non
991 1447 1208 1516 quidtm
1267 1447 1450 1502 carnis
1496 1446 1673 1500 victus
1730 1461 1934 1500 concu~

348 1536 634 1607 piscentia,
657 1553 777 1598 quze
819 1538 1058 1591 nondum
1087 1549 1354 1604 senserat,
1381 1539 1474 1593 sed
1499 1537 1770 1593 amicabili
1796 1552 1931 1607 qua-

346 1627 471 1682 dam
525 1627 930 1696 benevolentia,
986 1646 1096 1700 qua
1156 1631 1480 1700 plerumque
1533 1631 1592 1685 ﬁt
1649 1640 1708 1686 ut
1761 1629 1932 1686 offen-

346 1719 506 1774 datur
538 1720 700 1786 Dcus,
733 1738 800 1775 ne
843 1724 1008 1776 homo
1033 1737 1099 1778 ex
1137 1725 1315 1778 amico
1355 1725 1447 1780 ﬁat
1491 1725 1768 1780 inimicus.

415 1813 560 1884 Ergo
590 1816 698 1868 alio
728 1816 890 1868 modo
916 1816 1177 1884 quodam,
1207 1817 1370 1870 etiam
1399 1817 1515 1886 ipse
1545 1817 1803 1885 deceptus
1825 1823 1930 1882 est,

346 1905 441 1960 sed
486 1905 612 1959 dolo
662 1905 755 1959 illo
792 1905 1105 1974 serpentino
1145 1921 1255 1975 quo
1305 1907 1505 1962 mulier
1559 1907 1782 1962 seducta
1823 1915 1926 1975 est,

346 1993 500 2047 nullo
530 1995 692 2048 modo
723 1996 874 2049 illum
899 1996 1134 2050 arbitror
1157 1996 1399 2066 potuisse
1425 1996 1611 2053 seduci
1637 1995 1930 2066 (AUGUSTI-

345 2097 445 2138 tws
475 2083 569 2138 lib.
603 2102 757 2154 super
798 2085 924 2140 Gen.
975 2087 1043 2139 ad
1087 2087 1322 2141 litteram
1365 2104 1410 2141 ε.
1464 2087 1579 2156 27).
1621 2105 1639 2138 ι
1697 2085 1930 2141 Seducta

343 2175 490 2229 enim
519 2185 636 2230 erat
663 2177 751 2241 illa
784 2179 960 2246 primo
991 2193 1085 2247 per
1117 2188 1425 2248 serpentem
1468 2179 1664 2234 deinde
1707 2178 1792 2233 vir
1835 2193 1932 2248 per

344 2266 624 2324 feminam.
655 2267 916 2323 Diabolus
938 2279 1118 2325 autem
1155 2271 1368 2326 locutus
1395 2271 1450 2324 in
1475 2279 1748 2341 serpente,
1772 2279 1931 2325 utens

504 2362 624 2422 Hic
650 2362 980 2424 dividatur
1013 2380 1250 2437 sermo,
1290 2365 1346 2426 si
1375 2365 1601 2444 placet.

411 2462 680 2530 Audistis,
705 2461 922 2530 fratres,
955 2465 1230 2533 quomodo
1271 2465 1442 2520 Adam
1472 2466 1693 2534 surdus,
1720 2474 1926 2533 mutus,

344 2569 541 2618 czecus,
575 2561 629 2608 et
656 2553 884 2608 claudus
910 2553 1136 2610 eﬁ‘ectus
1166 2563 1270 2611 est.
1313 2554 1370 2610 ln
1404 2556 1518 2611 hzec
1561 2556 1750 2610 eadem
1796 2555 1928 2611 vitia

343 2659 516 2716 genus
540 2645 840 2698 humanum
860 2643 1165 2698 involutum
1194 2655 1332 2712 erat,
1357 2654 1648 2717 antequam
1673 2645 1928 2702 Christus

344 2739 400 2792 in
427 2738 692 2792 mundum
745 2737 1003 2794 venisset.
1048 2738 1202 2793 Adeo
1245 2741 1390 2794 enim
1441 2739 1695 2794 excaecati
1749 2747 1926 2807 erant,

342 2827 470 2898 quia
502 2828 644 2882 idola
695 2829 1004 2885 coluerunt.
1039 2827 1195 2884 Unde
1240 2829 1576 2899 Apostolus:
1612 2851 1629 2882 ι
1677 2828 1928 2884 Evanue-

344 2929 470 2975 runt
504 2920 557 2973 iu
589 2919 1013 2992 cogitationibus
1055 2922 1191 2987 suis,
1219 2930 1274 2976 et
1313 2923 1666 2976 obscuratum
1713 2931 1797 2978 est
1831 2938 1927 2978 cor

342 3027 532 3067 eorum
583 3012 866 3082 insipiens.
918 3011 984 3067 Et
1019 3013 1148 3084 quia
1176 3030 1284 3068 non
1325 3013 1694 3084 probaverunt
1752 3012 1924 3069 Deum

343 3105 544 3160 habere
579 3106 635 3158 in
670 3107 888 3170 notitia,
917 3106 1141 3161 tradidit
1191 3105 1315 3161 illos
1345 3104 1490 3161 Deus
1523 3106 1591 3160 -in
1629 3105 1922 3176 reprobum

342 3210 562 3288 sensum
620 3195 794 3288 (Rom.
834 3195 895 3267 ι).
953 3215 970 3248 ι
1007 3195 1167 3252 Surdi
1211 3205 1369 3272 erant
1424 3197 1580 3267 juxta
1627 3197 1731 3252 hoc
1776 3197 1921 3267 quod
1953 3229 1996 3288 ο

343 3287 516 3342 Isaias
545 3289 651 3343 ait:
692 3308 710 3339 ‹
741 3287 1110 3344 lncrassatum
1139 3298 1222 3345 est
1257 3305 1354 3346 cor
1383 3291 1570 3360 populi
1625 3290 1790 3360 hujus
1810 3332 1825 3355 ,
1873 3299 1929 3345 et

342 3380 568 3434 auribus
595 3381 830 3450 graviter
852 3381 1160 3435 audierunt.
1187 3381 1296 3435 Cor
1326 3391 1379 3437 et
1404 3383 1592 3438 oculos
1622 3398 1753 3437 suos
1773 3383 1926 3437 clau-

343 3479 534 3526 serunt
562 3487 628 3524 ne
656 3471 874 3542 quando
904 3472 1078 3526 oculis
1109 3472 1342 3537 videant,
1373 3484 1424 3526 et
1448 3473 1673 3528 auribus
1705 3474 1928 3528 audiant

342 3561 479 3632 (13a.
537 3563 634 3633 γι).
673 3583 691 3614 ι
724 3561 1184 3617 Claudicaverunt
1228 3564 1367 3617 male
1423 3565 1719 3633 eperando,
1770 3565 1926 3633 juxta

341 3657 475 3711 illud
504 3671 697 3710 omnes
745 3655 1176 3720 declinaverunt,
1217 3664 1320 3708 etc.
1358 3653 1422 3707 Et
1468 3654 1701 3708 iterum:
1738 3675 1754 3707 ‹
1802 3655 1926 3709 Filii

340 3748 506 3804 alieni
551 3746 761 3801 mentiti
797 3753 926 3801 sunt
983 3744 1138 3810 mihi,
1179 3764 1197 3796 ›
1241 3754 1345 3800 etc.
1373 3746 1544 3817 (Psal.
1591 3747 1744 3817 xvn).
1793 3747 1926 3802 Muli

340 3847 470 3896 sunt
498 3838 625 3893 facti
651 3836 879 3893 tacendo
901 3845 1143 3907 peccata,
1197 3836 1353 3907 juxta
1415 3838 1519 3893 hoc
1577 3839 1722 3910 quod
1757 3837 1926 3894 David

341 3933 408 3987 de
445 3946 504 3986 se
552 3930 668 3984 ait:
703 3928 973 3996 Quoniam
1029 3929 1174 3982 tacui
1219 3939 1270 3983 et
1315 3929 1752 3984 inveteraverunt
1799 3946 1927 3987 ossa

341 4037 462 4079 mea
496 4021 668 4091 (Psal.
702 4020 874 4087 xxxx).
921 4044 937 4065 ι
979 4018 1106 4074 Haec
1136 4019 1341 4086 omnia,
1371 4020 1566 4075 fratres
1589 4020 1923 4090 charissimi,

341 4115 554 4173 sanavit
577 4113 824 4168 medicus
854 4111 1112 4166 cmlestis.
1142 4109 1338 4166 Coecos
1389 4111 1745 4177 illuminavit,
1797 4127 1924 4167 cum

341 4209 554 4278 aperuit
595 4223 791 4262 sensus
828 4205 1134 4270 hominum,
1161 4212 1221 4256 ut
1262 4204 1620 4274 intelligerent
1679 4203 1924 4274 Scriptus

335 4315 451 4364 ras,
487 4307 540 4352 et
575 4307 781 4366 patrem
816 4311 975 4352 suum
1000 4295 1344 4349 annuntiavit
1376 4296 1597 4362 mundo,
1629 4295 1787 4365 juxta
1820 4295 1924 4352 hoc

339 4390 484 4461 quod
525 4389 599 4443 ait
657 4389 810 4458 ipse:
847 4406 866 4436 ι
899 4385 1080 4452 Pater,
1124 4384 1467 4440 manifestavi
1522 4402 1718 4440 nomen
1769 4396 1923 4441 tuum

339 4478 655 4534 hominibus
731 4475 915 4547 (Joan.
973 4474 1131 4544 xvn).
1177 4495 1196 4528 ι
1239 4473 1304 4530 Et
1378 4476 1505 4545 quia
1583 4476 1735 4546 prius
1808 4482 1925 4530 erat

2035 637 2144 694 quo
2163 631 2343 677 movet
2367 623 2458 676 ille
2481 636 2726 692 serpens,
2774 631 2828 676 et
2876 621 3083 676 moveri
3143 622 3235 676 illa
3299 620 3477 692 potuit
3544 621 3613 677 ad

2034 713 2416 783 exprimendos
2461 714 2753 770 verborum
2781 729 2968 780 sonos,
3008 722 3062 768 et
3109 712 3264 784 signa
3309 710 3615 783 corporalia

2033 822 2129 876 per
2161 822 2282 876 quae
2303 807 2498 861 mulier
2523 805 2802 862 suadentis
2839 805 3161 876 intelligeret
3199 803 3554 859 voluntatem.
3587 821 3630 854 ιι

2033 897 2153 952 Non
2190 899 2372 969 itaque
2419 913 2643 968 serpens
2687 898 2978 952 verborum
3039 911 3206 952 sonos
3257 895 3634 966 intelligebat,

2033 1007 2155 1062 quae
2201 1007 2267 1046 ex
2306 992 2399 1045 illo
2452 989 2652 1045 ﬁebant
2703 990 2769 1045 ad
2825 990 3130 1055 mulierem,
3171 986 3628 1060 quandoquidem.

2035 1097 2136 1137 nec
2169 1082 2273 1151 ipsi
2325 1082 2577 1136 homines
2621 1096 2857 1151 quorum
2903 1080 3188 1135 rationalis
3257 1087 3456 1134 natura
3506 1086 3618 1144 est,

2033 1188 2158 1229 cum
2173 1173 2386 1226 daemon
2412 1172 2465 1226 in
2490 1173 2570 1226 eis
2595 1171 2838 1241 loquitur
2855 1185 2917 1224 ea
2938 1171 3194 1239 passione
3229 1169 3318 1223 cui
3343 1167 3615 1222 exorcista

2032 1265 2364 1334 requiritur,
2401 1264 2582 1319 sciunt
2603 1263 2734 1334 quid
2758 1263 3074 1332 loquantur.
3109 1260 3280 1314 Adam
3309 1261 3511 1330 itaque,
3554 1267 3617 1312 ut

2033 1355 2460 1426 przelibavimus,
2484 1355 2612 1424 quia
2635 1353 2894 1409 libentius
2920 1353 3109 1408 uxoris
3131 1349 3615 1421 persuasioniobe-

2033 1448 2166 1503 divit
2208 1463 2372 1518 quam
2411 1447 2506 1502 Dei
2558 1445 2842 1512 voluntati,
2873 1445 2994 1500 ideo
3039 1443 3384 1500 claudicavit.
3441 1439 3620 1498 Nutus

2033 1557 2252 1612 quoque
2281 1541 2384 1596 fuit
2413 1541 2466 1595 in
2499 1541 2840 1598 confessione
2867 1537 3096 1609 peccati,
3144 1535 3274 1607 quia
3303 1549 3414 1590 non
3438 1533 3617 1589 solum

2035 1649 2146 1686 non
2182 1631 2474 1688 confessus
2515 1642 2596 1688 est
2642 1640 2949 1703 peccatum,
2987 1629 3082 1685 sed
3134 1628 3300 1683 etiam
3353 1638 3629 1682 excusare-

2036 1725 2199 1795 ctepit
2215 1724 2559 1779 malefactum
2587 1724 2774 1779 dicens
2800 1742 2813 1777 :
2838 1741 2856 1773 ι
2879 1721 3072 1776 Mulier
3087 1735 3253 1790 quam
3271 1718 3466 1774 dedisti
3486 1715 3624 1770 mihi

2037 1817 2242 1874 sociam
2265 1816 2331 1871 de
2357 1816 2505 1886 ligno
2535 1815 2682 1870 dedit
2710 1814 2866 1879 mihi,
2899 1821 2952 1866 et
2999 1811 3210 1866 comedi
3264 1807 3416 1879 (Gen.
3443 1809 3547 1875 Ill).
3593 1825 3612 1858 ι

2036 1907 2173 1964 Cum
2199 1922 2330 1979 ergo
2351 1907 2426 1962 ait
2457 1925 2474 1957 ι
2515 1906 2731 1973 mulier,
2764 1919 2928 1975 quam
2953 1902 3148 1958 dedisti
3175 1901 3310 1956 mihi
3333 1901 3561 1966 sociam,
3594 1917 3614 1950 ο

2038 1998 2096 2052 in
2141 1998 2424 2053 mulierem
2457 1996 2725 2058 convertit
2749 1995 2986 2064 culpam,
3014 2001 3069 2047 et
3106 1991 3277 2047 Deum
3315 1990 3481 2046 etiam
3534 1990 3620 2043 in.

2037 2090 2250 2146 {amare
2294 2087 2466 2144 voluit
2511 2087 2570 2142 in
2618 2087 2721 2141 hoc
2767 2085 2956 2152 verbo,
3014 2101 3032 2134 ι
3079 2097 3248 2152 quam
3295 2077 3490 2136 dedisti
3518 2080 3618 2136 mi.-

2039 2183 2118 2238 hi.
2168 2201 2188 2235 ι

2039 2480 2193 2531 num,
2226 2478 2350 2520 cum
2379 2463 2540 2518 corda
2569 2475 2760 2518 eorum
2787 2459 2854 2515 ad
2877 2461 3030 2518 ,viam
3058 2456 3296 2514 ccelestls
3317 2457 3506 2527 patriae
3537 2457 3620 2511 die

2036 2554 2195 2610 rexit.
2217 2553 2392 2610 Corda
2423 2553 2752 2624 diriguntur,
2779 2565 2904 2606 cum
2936 2563 3112 2619 neque
3135 2547 3203 2603 ad
3225 2547 3501 2602 dexteram
3523 2561 3618 2600 ne-

2037 2662 2144 2718 que
2192 2645 2260 2701 ad
2299 2646 2576 2702 sinistram
2607 2644 2969 2699 divertuntur.
3001 2640 3232 2696 Dextera
3277 2647 3360 2695 est
3406 2638 3618 2693 miseri-

2035 2739 2222 2795 cordia
2257 2737 2375 2802 Dei,
2402 2737 2624 2792 sinistra
2647 2750 2776 2790 vero
2803 2732 3129 2803 desperatio.
3156 2729 3310 2786 Unde
3334 2731 3411 2785 ait
3428 2726 3618 2786 Isaias.

2042 2848 2061 2882 ‹
2104 2827 2229 2884 Haec
2246 2829 2354 2894 via,
2373 2829 2645 2884 ambulate
2675 2828 2729 2881 in
2753 2841 2838 2891 ea,
2866 2839 3040 2894 neque
3062 2823 3128 2878 ad
3142 2823 3418 2878 dexteram
3443 2837 3619 2893 neque

2034 2921 2102 2977 ad
2131 2921 2410 2977 sinistram
2440 2920 2777 2976 declinantes
2814 2915 2952 2988 (Isa.
2985 2915 3139 2985 xxx).
3171 2933 3190 2966 ι
3225 2911 3394 2969 ludas
3423 2922 3480 2968 et
3501 2913 3619 2969 dia.

2034 3015 2196 3070 bolus
2236 3014 2329 3083 qui
2361 3013 2810 3082 desperaverunt,
2877 3009 2944 3064 ad
2993 3004 3276 3062 sinistram
3312 3007 3618 3062 declinave-

2034 3116 2181 3163 runt.
2207 3105 2467 3177 Origenes
2515 3121 2733 3176 quoque
2762 3106 2856 3176 qui
2910 3105 3141 3160 nimium
3189 3100 3511 3160 conﬁdendo
3563 3102 3618 3155 in

2033 3199 2409 3256 misericordia
2439 3196 2532 3252 Dei
2562 3197 2874 3268 praedicavit
2893 3196 3171 3252 diabolum
3217 3191 3536 3251 salvandum
3565 3201 3622 3246 et

2034 3291 2353 3348 solvendum
2381 3297 2504 3360 post
2529 3287 2677 3344 mille
2713 3303 2908 3354 annos,
2933 3297 2986 3342 et
3026 3287 3190 3342 nimis
3221 3285 3288 3340 ad
3335 3284 3616 3339 dexteram

2031 3384 2343 3442 declinavit.
2397 3383 2584 3454 Itaque
2611 3382 2826 3437 medius
2869 3381 3024 3435 callis
3057 3377 3370 3449 sequendus
3409 3383 3512 3442 est,
3558 3387 3618 3430 ut

2031 3493 2209 3547 neque
2249 3477 2539 3545 desperent
2569 3473 2840 3539 homines,
2869 3486 3045 3542 neque
3073 3470 3408 3525 conﬁdentes
3434 3468 3489 3521 in
3520 3466 3617 3521 mi-

2031 3565 2329 3624 sericordia
2365 3567 2590 3622 licenter
2607 3574 2850 3636 peccent.
2876 3561 3050 3634 Hujus
3063 3563 3328 3633 reiﬁgura
3349 3569 3452 3626 est,
3467 3557 3617 3630 quod

2031 3674 2159 3714 arca
2188 3657 2408 3713 foederis
2433 3672 2558 3712 cum
2584 3657 2940 3711 reduceretur
2967 3655 3034 3710 de
3063 3667 3233 3726 regno
3253 3650 3618 3708 Philisthino-

2029 3767 2151 3805 rum
2175 3751 2227 3804 in
2253 3749 2436 3805 locum
2462 3765 2646 3816 suum,
2661 3765 2841 3804 vacca:
2859 3749 2980 3804 dua:
3005 3748 3279 3803 ducebant
3303 3746 3355 3801 in
3369 3745 3618 3817 plaustro

2031 3857 2129 3912 per
2149 3841 2414 3895 directam
2439 3840 2582 3894 viam
2619 3855 2740 3909 qua:
2788 3855 2896 3894 non
2947 3839 3295 3894 declinabant
3339 3853 3518 3908 neque
3546 3839 3617 3893 ad

2029 3933 2310 3988 dexteram
2338 3945 2515 4000 neque
2544 3931 2612 3984 ad
2661 3931 2938 3985 sinistram
2989 3929 3043 3999 (Ι
3072 3930 3201 4001 Reg.
3226 3929 3325 4000 vi).
3359 3930 3503 3985 Area
3531 3938 3632 3989 est.

2030 4021 2328 4078 Eccclesia.
2392 4020 2520 4076 Duae
2571 4035 2751 4076 vaccae
2789 4019 3176 4090 praedicatores
3225 4019 3511 4090 gentilium
3560 4029 3634 4075 et-

2028 4111 2366 4181 Judaeorum,
2391 4127 2502 4183 quo
2531 4112 2669 4166 alios
2717 4112 2855 4166 lacte
2892 4125 2994 4166 suo
3023 4119 3257 4180 pascunt
3282 4118 3336 4165 et
3363 4111 3500 4166 alios
3543 4110 3612 4165 ad

2029 4205 2329 4261 Ecclesium
2358 4205 2583 4260 ducunt.
2617 4203 2742 4260 Ideo
2778 4203 2949 4258 David
2991 4202 3105 4258 ait:
3135 4221 3154 4255 ‹
3183 4202 3331 4259 ‘Bene
3350 4203 3614 4272 placitum
3641 4257 3644 4260 .

2028 4306 2114 4355 est
2143 4297 2374 4353 Domino
2406 4312 2568 4366 super
2598 4297 2848 4350 timentes
2881 4311 3028 4362 eum,
3057 4303 3112 4350 et
3156 4294 3212 4350 in
3254 4295 3335 4349 eis
3358 4309 3468 4364 quo
3490 4308 3612 4362 spe-

2027 4398 2152 4444 rant
2180 4404 2345 4459 super
2374 4387 2748 4444 misericordia
2769 4387 2887 4457 ejus
2905 4385 3078 4456 (Psal.
3109 4385 3310 4456 cum).
3338 4403 3357 4436 ι
3388 4382 3612 4439 Utrum-
3641 4425 3646 4429 .

2028 4497 2134 4552 que
2164 4479 2351 4551 posuit
2378 4488 2432 4535 et
2479 4495 2631 4549 spem
2661 4487 2717 4534 et
2775 4479 3051 4533 timorem.
3099 4475 3236 4548 Spes
3266 4477 3385 4532 sine
3413 4475 3612 4532 timore

338 4571 392 4624 in
481 4570 720 4635 ῐηυηάο,
809 4575 864 4622 ει
934 4567 1171 4622 mundus
1257 4583 1383 4622 eum
1470 4582 1579 4621 "0"
1645 4567 1916 4637 οοὲηονίιο
1951 4571 2380 4646 υρηεεωηριὶο
2429 4581 2530 4628 cst.
2580 4571 2770 4628 Timor
2791 4571 2911 4626 sine
2932 4586 3027 4641 spe
3052 4568 3357 4640 desperatio
3383 4566 3608 4624 est.Ti-

337 4659 466 4716 llzec
514 4669 596 4715 est
672 4660 998 4714 illuminatio
1056 4675 1222 4729 quam
1287 4658 1526 4728 postulat
1595 4658 1762 4712 David
1839 4658 1921 4713 di-

337 4769 469 4810 cens
495 4774 508 4808 :
539 4773 556 4803 ‹
588 4752 837 4808 Illumina
868 4757 1056 4809 oculos
1097 4769 1266 4820 meos,
1313 4769 1379 4808 ne
1438 4770 1676 4824 unquam
1713 4755 1916 4809 obdor-

340 4847 506 4902 miam
541 4848 594 4900 in
623 4854 817 4910 morte,
849 4865 866 4897 ι
897 4855 1001 4901 etc.
1036 4845 1170 4914 (Ιδα.
1196 4845 1318 4917 xn.)
1346 4847 1519 4901 Aures
1542 4849 1918 4917 aperuit,cum

335 4939 594 4996 clamavit
621 4956 634 4991 :
669 4937 772 5004 Qu:
801 4938 1143 4994 habetaures
1165 4938 1417 4992 audiendi
1462 4939 1648 4992 audiat
1697 4940 1914 5009 (Matth.

339 5030 439 5100 χι).
482 5049 499 5080 ι
537 5027 601 5084 Et
630 5027 844 5099 gentilis
874 5028 1108 5098 populus
1136 5026 1326 5082 habuit
1353 5043 1512 5081 aures
1533 5041 1768 5097 apertas,
1793 5044 1918 5085 cum

337 5119 780 5191 praedicationem
825 5118 946 5188 ejus
989 5119 1219 5173 libenter
1267 5119 1541 5187 suscepit,
1577 5118 1733 5188 juxta
1774 5119 1920 5189 quod

339 5214 456 5284 ipse
479 5228 575 5282 per
607 5211 773 5266 David
810 5211 921 5266 ait:
957 5229 975 5262 ‹
1008 5210 1246 5280 Populus
1307 5227 1470 5281 quem
1533 5228 1640 5266 non
1689 5213 1920 5283 cognovi

339 5306 563 5364 servivit
592 5306 749 5372 mihi,
785 5323 803 5357 ι
839 5314 968 5370 etc.,
1003 5302 1175 5376 (Psal.
1208 5303 1345 5374 xvn).
1372 5303 1499 5359 Haec
1523 5313 1650 5359 sunt
1683 5305 1769 5359 illa
1809 5305 1920 5360 duo

337 5415 460 5470 quae
482 5400 742 5471 propheta
773 5396 1025 5468 promisit
1053 5411 1177 5451 cum
1208 5396 1317 5451 ait:
1349 5413 1367 5448 ‹
1403 5395 1559 5452 'l‘unc
1610 5397 1922 5466 aperientur

339 5489 483 5545 oculi
510 5503 814 5544 caecorum:
847 5495 901 5542 et
941 5502 1104 5544 aures
1155 5487 1445 5546 surdorum
1473 5489 1736 5558 patebunt
1778 5487 1926 5560 (Isa.

337 5582 528 5650 xxxv).
563 5599 582 5632 ι
613 5579 872 5650 Sequitur
898 5599 911 5634 :

321 5747 330 5752 Α
415 5692 434 5724 ι
482 5671 548 5728 Et
569 5673 726 5729 saliet
756 5674 898 5730 sicut
921 5689 1114 5730 cervus
1159 5671 1388 5728 claudus
1413 5671 1614 5743 (ibid).
1656 5690 1674 5724 ι
1724 5671 1920 5729 Claudi

335 5773 516 5831 erant,
550 5775 610 5821 ut
654 5764 917 5830 diximus,
950 5766 1078 5835 quia
1105 5773 1248 5821 recte
1275 5779 1383 5820 non
1408 5764 1759 5832 incedebant,
1785 5780 1916 5835 ope-

339 5855 491 5916 ribus
518 5856 678 5923 bonis
702 5872 811 5918 non
826 5865 1099 5917 vacantes.
1132 5853 1239 5914 Sed
1266 5855 1464 5914 direxit
1488 5870 1704 5926 gressus
1741 5856 1919 5915 homi-

2027 4680 2150 4721 mor
2193 4664 2372 4720 aufert
2410 4665 2466 4718 in
2515 4663 2890 4720 misericordia
2931 4663 3302 4730 securitatem,
3332 4675 3402 4717 ne
3446 4660 3636 4716 nimis.

2026 4759 2301 4813 adhaereat
2325 4757 2550 4811 dextras.
2573 4755 2649 4810 De
2662 4757 2766 4811 hac
2785 4766 2930 4811 recta
2956 4756 3042 4810 via
3067 4755 3395 4811 aitJoannes
3417 4772 3432 4810 :
3457 4772 3476 4806 ι
3505 4753 3612 4810 Pa-

2023 4856 2140 4904 rate
2160 4850 2304 4903 viam
2321 4847 2555 4902 Domino
2587 4868 2603 4899 ι
2629 4857 2732 4903 etc.
2768 4848 2986 4920 (Matth.
3007 4850 3102 4917 ιν).
3131 4845 3235 4900 Sed
3259 4845 3312 4900 in
3335 4847 3436 4902 hac
3458 4853 3608 4902 recta

2023 4940 2109 4994 via
2153 4939 2454 4995 saliendum
2497 4948 2600 4995 est.
2641 4931 2790 4997 Unde
2842 4940 3042 4993 dicitur
3071 4957 3083 4992 :
3117 4957 3133 4990 ι
3167 4937 3232 4992 Ει
3276 4939 3430 4994 saliet
3465 4940 3608 4996 sicut

2025 5047 2219 5087 cervus
2253 5031 2500 5087 claudus.
2530 5052 2550 5086 ι
2581 5031 2720 5087 Sunt
2749 5032 2858 5086 duo
2882 5046 3080 5100 genera
3103 5045 3412 5097 cervorum,
3433 5046 3606 5086 unum

2022 5123 2168 5193 quod
2197 5123 2325 5178 dum
2354 5123 2622 5184 invenerit
2653 5131 2960 5192 serpentem
3009 5123 3065 5177 in
3096 5136 3327 5178 caverna
3353 5122 3444 5176 ubi
3483 5121 3606 5175 lati-

2021 5226 2119 5284 tat,
2150 5233 2274 5273 cum
2307 5232 2367 5273 se
2395 5227 2650 5289 gravatos
2687 5217 3000 5274 inﬁrmitate
3039 5222 3462 5286 prtesenserunt,
3493 5212 3604 5281 spi-

2021 5309 2128 5364 ritu
2157 5311 2373 5364 narium
2398 5327 2492 5366 eos
2515 5311 2812 5366 extrahunt
2835 5309 2902 5364 de
2932 5307 3199 5373 cavernis,
3233 5313 3286 5360 et
3319 5302 3606 5374 egredien-

2021 5411 2102 5457 tes
2129 5404 2439 5472 percutiunt
2467 5402 2666 5456 collum
2705 5401 2834 5456 hinc
2873 5400 2998 5455 inde
3021 5397 3280 5469 jactando
3318 5394 3596 5449 occidunt.

2021 5495 2226 5550 Deinde
2252 5505 2473 5565 propter
2498 5503 2766 5549 tumorem
2791 5511 2860 5549 ex
2885 5492 3122 5563 pernicie
3149 5489 3343 5544 veneni
3371 5501 3601 5544 currens

2022 5585 2090 5640 ad
2127 5601 2300 5656 aquas
2320 5585 2645 5655 purissimas
2671 5600 2737 5639 ex
2764 5591 2894 5654 potu
2923 5583 3138 5636 illarum
3179 5593 3446 5634 venenum
3478 5592 3602 5633 evo-

2021 5678 2140 5742 mit,
2173 5693 2237 5733 ac
2259 5677 2337 5733 sic
2359 5677 2496 5747 pilos
2529 5679 2747 5742 amittit,
2777 5683 2830 5730 et
2866 5689 3072 5729 cornua
3100 5671 3305 5742 abjicit.
3340 5670 3446 5726 Iste
3480 5686 3602 5726 cer-

2021 5784 2124 5823 vus
2151 5767 2378 5838 ﬁguram
2406 5767 2784 5838 pmniteutium
2817 5773 2979 5821 tenet.
3009 5761 3114 5829 Qui
3162 5763 3290 5816 dum
3333 5761 3616 5818 constrim

2023 5865 2225 5932 guntur
2247 5855 2577 5916 intrinsecus
2603 5854 2934 5914 conscientia
2950 5863 3296 5928 peccatorum
3315 5852 3513 5910 cadunt
3529 5853 3622 5910 ads.
