4038 6490
501 419 609 474 755

1596 410 1923 469 WERNERI
1960 409 2255 466 ABBATIS
2294 408 2353 467 S.
2390 409 2617 467 BLASll

3612 419 3698 478 75C

496 525 704 597 fontes,
732 532 785 587 id
807 538 892 587 est
920 530 985 583 ad
1025 526 1329 583 doctrinam
1368 526 1793 597 Scripturarum.
1842 522 1908 579 Hi
1936 539 2071 596 quo-
2101 529 2149 587 Α
2180 532 2265 578 est
2292 532 2351 578 ut
2374 531 2428 578 et
2461 524 2529 579 de
2556 523 2795 579 secundo
2824 527 2941 594 ejus
2972 523 3205 579 adventu
3269 522 3441 593 aliqua
3489 527 3702 595 pretim-

495 637 610 691 que
644 621 780 677 foris
800 618 1093 690 projieiunt
1114 619 1242 687 quia
1296 627 1650 689 segregantur
1679 633 1773 687 per
1803 616 2074 687 paeniten-

494 711 633 766 tiam
664 728 695 766 a
721 724 944 779 corpore
969 717 1022 763 et
1060 709 1325 780 sanguine
1367 708 1571 765 Christi
1626 724 1799 779 usque
1826 709 1955 763 dum
1986 723 2074 762 re-

495 802 773 870 cipiuntur
796 815 892 870 per
913 801 1411 856 reconciliationem
1446 801 1762 857 sacerdotis.
1788 801 1948 855 Aliud
1973 815 2069 869 ge-

492 908 601 947 nus
616 907 924 958 cervorum,
938 892 982 947 si
1004 891 1269 947 invenerit
1291 902 1619 964 serpentem,
1635 893 1999 957 occideteum,
2018 897 2073 944 et

490 989 618 1049 post
643 981 924 1035 victoriam
959 983 1093 1051 petit
1137 992 1352 1038 montes
1403 984 1495 1038 ubi
1523 984 1760 1038 inveniat
1787 983 2067 1053 pabulum.

493 1070 587 1126 Sic
635 1080 690 1126 et
747 1073 1124 1143 unusquisque
1153 1073 1286 1128 dum
1333 1075 1565 1130 senserit
1593 1074 1870 1129 diabolum
1904 1074 1956 1127 in
1990 1087 2068 1139 se,

488 1163 576 1217 vel
600 1163 653 1217 in
685 1163 823 1219 alios
861 1179 1072 1219 venena
1120 1166 1262 1220 male
1307 1166 1684 1235 persuasionis
1716 1164 1918 1231 infusa,
1942 1180 2070 1227 cum

488 1254 691 1308 virtute
721 1253 935 1309 Domini
959 1270 1084 1310 eum
1109 1256 1433 1325 interficere,
1463 1257 1512 1311 id
1554 1266 1639 1312 est
1666 1273 1696 1325 a
1723 1273 1780 1311 se
1807 1256 2071 1327 projicere

486 1346 724 1412 studeat,
752 1347 1039 1419 veniatque
1082 1348 1150 1403 ad
1180 1359 1439 1417 montem,
1465 1350 1519 1405 id
1545 1358 1629 1404 est
1669 1349 1946 1404 Christum
1973 1364 2070 1424 pa-

484 1434 678 1491 bulum
708 1447 917 1506 quaerat
948 1455 1017 1493 ne
1046 1440 1272 1494 omnino
1296 1441 1532 1501 deﬁciat.

561 1524 971 1599 (AUGUSTINUS.)
1013 1528 1172 1584 Cervi
1216 1546 1437 1601 quoque
1485 1530 1705 1600 quando
1754 1532 1809 1585 in
1852 1531 2069 1602 agmine

484 1628 593 1671 suo
648 1616 965 1686 ambulant,
1021 1619 1104 1675 vel
1149 1623 1369 1692 quando
1420 1621 1658 1697 natando
1712 1622 1849 1677 alias
1899 1630 2070 1677 terra-

483 1721 608 1760 rum
652 1717 835 1779 partes
886 1719 1098 1780 petunt,
1132 1726 1298 1783 onera
1343 1713 1582 1783 capitum
1626 1729 1851 1775 suorum
1904 1728 2068 1782 super

481 1795 717 1861 invicem
770 1814 973 1869 ponere
1027 1801 1242 1873 solent,
1303 1804 1378 1860 ita
1446 1813 1507 1860 ut
1567 1821 1712 1874 unus
1761 1805 2064 1879 praecedat,

2175 630 2227 669 ιιι
2236 630 2317 669 US.

2710 722 2908 762 DIVISIO
2945 720 3222 761 SERIO‘NIS.

2246 794 2438 852 Omnis
2479 797 2722 854 Ecclesia
2762 798 2856 853 Dei
2905 806 3049 853 tenet
3099 798 3153 852 in
3202 794 3534 854 confessione
3569 809 3618 856 et
3656 803 3702 859 in

2174 888 2520 959 professione
2543 887 2824 944 Christum
2856 889 3085 944 de-cmlo
3108 902 3231 943 esse
3253 896 3528 942 venturum
3558 891 3618 946 ad
3642 893 3705 947 vi-

2172 995 2271 1035 vos
2302 989 2355 1035 et
2393 988 2643 1039 mortuos
2688 980 3105 1049 judicandos,ut
3144 980 3221 1034 ait
3257 980 3446 1035 beatus
3485 982 3704 1053 Augusti-

2172 1088 2298 1127 nus.
2348 1070 2504 1127 llune
2552 1071 2717 1126 divini
2754 1071 2945 1141 judicii
2992 1071 3243 1125 ultimum
3298 1069 3439 1124 diem
3484 1072 3703 1142 dicimus,

2172 1163 2225 1218 id
2252 1172 2337 1219 est
2364 1163 2722 1221 novissimum
2756 1172 2990 1233 tempus.
3018 1162 3154 1217 Nam
3182 1178 3278 1233 per
3302 1171 3435 1233 quot
3461 1163 3567 1219 dies
3585 1165 3707 1222 fulu-

2171 1272 2293 1311 rum
2320 1255 2588 1326 judicium
2616 1262 2845 1313 testatur
2868 1296 2883 1321 ,
2908 1256 3176 1312 incertum
3206 1264 3309 1310 est.
3359 1253 3596 1312 Christus
3630 1257 3708 1313 Dei

2171 1348 2342 1404 Filius
2372 1349 2524 1403 ﬁnito
2556 1348 2745 1411 mundi
2780 1349 3033 1415 termino,
3086 1350 3140 1404 in
3195 1363 3259 1402 ea
3298 1348 3536 1417 corporis
3560 1349 3706 1405 forma

2170 1457 2278 1511 qua
2301 1440 2548 1496 ascendit
2577 1440 2769 1511 caelos,
2797 1440 2863 1495 ad
2890 1441 3156 1510 judicium
3181 1456 3305 1501 cum
3332 1440 3530 1494 sanctis
3555 1443 3709 1496 omni-

2169 1531 2273 1587 bus
2292 1532 2488 1586 veniet.
2514 1530 2609 1586 Illo
2641 1533 2786 1589 enim
2826 1532 2893 1586 de
2930 1531 3084 1586 caelis
3113 1531 3179 1585 ad
3208 1529 3478 1600 judicium
3520 1532 3711 1585 venien-

2171 1630 2244 1685 te,
2272 1622 2502 1677 virtutes
2531 1624 2797 1679 caelorum
2848 1622 3232 1687 movebuntur,
3279 1630 3334 1675 et
3379 1630 3503 1679 tunc
3529 1623 3711 1691 parebit

2171 1713 2385 1785 signum
2407 1713 2532 1769 Filii
2556 1714 2795 1769 hominis
2818 1714 2869 1768 in
2902 1714 3058 1777 ctelo.
3090 1712 3154 1767 Et
3180 1723 3310 1768 tunc
3350 1714 3590 1784 plangent
3613 1731 3713 1769 om-

2168 1821 2269 1862 nes
2320 1806 2496 1875 tribus
2549 1816 2708 1862 terra:
2764 1815 2818 1861 et
2865 1806 3127 1860 videbunt
3165 1805 3369 1860 Filium
3402 1805 3614 1867 hominis
3631 1822 3712 1861 ve-

481 1896 540 1944 et
594 1900 894 1960 sequantur
947 1895 1043 1964 qui
1107 1910 1271 1966 super
1333 1912 1458 1951 eum
1515 1896 1694 1966 capita
1753 1904 1966 1966 ponunt
2012 1904 2067 1950 et
2095 1921 2139 1975 Β
2169 1895 2404 1961 nientem
2430 1897 2483 1950 in
2509 1897 2748 1967 nubibus
2769 1896 3033 1967 cmlicum
3060 1897 3259 1951 virtute
3284 1896 3478 1963 multa,
3501 1906 3550 1951 et
3569 1899 3716 1953 mittet

484 1997 655 2051 supra
705 1983 830 2039 illos
860 1984 953 2040 alii
998 1998 1418 2057 consequentes,
1449 1997 1502 2043 et
1529 1989 1723 2044 deinde
1750 1988 1843 2043 alii
1891 1988 2065 2045 donec

480 2088 677 2145 agmen
732 2074 903 2130 ﬁniat.
961 2074 1053 2131 ille
1103 2089 1283 2132 autem
1314 2094 1457 2143 unus
1477 2070 1573 2149 qui
1628 2079 1845 2150 pondus
1869 2080 2065 2150 capitis

481 2163 541 2218 in
597 2165 836 2234 primatu
912 2168 1209 2237 portabat,
1260 2167 1519 2240 fatigatus
1568 2170 1710 2226 redit
1760 2171 1827 2225 ad
1886 2181 2068 2241 poste-

479 2255 630 2310 riora
677 2265 738 2311 ut
794 2257 932 2313 alter
983 2258 1032 2313 ei
1077 2260 1335 2315 succedat
1377 2261 1470 2331 qui
1513 2270 1691 2331 portet
1733 2262 1878 2333 quod
1935 2278 2066 2333 por-

475 2348 653 2413 tabat,
706 2357 870 2418 atque
917 2348 1007 2404 ille
1051 2347 1426 2421 fatigationem
1467 2367 1624 2407 suam
1684 2360 1913 2417 recreat,
1965 2368 2064 2423 po-

478 2438 588 2494 sito
616 2440 811 2511 capite,
857 2441 999 2496 sicut
1049 2450 1102 2496 et
1131 2441 1309 2497 caeteri
1359 2443 1647 2515 ponebant.
1696 2441 1773 2497 lta
1819 2443 2059 2499 vicissim

475 2533 748 2602 portando
770 2532 914 2602 quod
941 2548 1102 2603 grave
1129 2542 1230 2607 est,
1257 2546 1311 2588 et
1332 2534 1474 2599 viam
1521 2542 1788 2606 peragunt
1822 2543 1877 2589 et
1922 2535 2062 2589 invi-

478 2635 599 2676 cem
632 2639 742 2678 non
773 2625 1052 2681 deserunt.
1101 2626 1289 2699 Itaque
1331 2630 1603 2699 spiritales
1639 2630 1886 2702 magistri
1918 2632 2062 2705 cervi

451 2713 566 2781 ,vcl
595 2728 768 2770 cerva:
813 2716 992 2771 vocati
1024 2726 1173 2783 sunt,
1222 2719 1364 2774 sicut
1405 2736 1500 2790 per
1528 2710 1821 2776 Jereniiam
1864 2722 1931 2777 de
1964 2723 2062 2787 do-

476 2804 723 2861 ctoribus
747 2807 959 2876 genitos
984 2808 1127 2864 ﬁlios
1158 2800 1374 2865 incaute
1414 2811 1796 2869 deserentibus
1826 2813 2053 2869 dicitur.

482 2914 502 2945 ε
533 2895 707 2952 Cerva
737 2897 792 2951 in
821 2914 954 2968 agro
978 2901 1205 2970 peperit,
1262 2910 1316 2955 et
1358 2902 1579 2972 reliquit
1611 2902 1827 2976 (Jerem.
1854 2905 1989 2976 xxv).
2034 2923 2052 2957 ι

475 2987 726 3058 Apostoli
758 2990 1004 3062 magistri
1027 2992 1156 3059 dum
1186 2992 1421 3048 labentia
1451 2994 1616 3065 hujus
1644 2997 2061 3065 temporalitatis

475 3091 777 3150 momenta,
801 3083 959 3153 quasi
987 3084 1234 3154 quaedam
1258 3085 1482 3141 ﬁumina
1512 3094 1817 3155 transeunt,
1840 3103 2060 3159 compa—

474 3168 674 3225 tientes
694 3171 978 3237 eharitate,
1007 3187 1174 3228 onera
1203 3189 1303 3247 sua
1361 3175 1465 3231 sibi
1514 3176 1746 3251 invicem
1792 3193 2056 3249 superpo-

2169 1988 2390 2058 angelos
2416 2003 2546 2043 suos
2580 2004 2703 2044 cum
2734 1997 2863 2043 tuba
2887 1998 2940 2043 et
2974 2003 3105 2043 voce
3132 2003 3328 2058 magna
3375 1996 3429 2042 et
3457 2003 3715 2060 congrega—
3800 2044 3806 2053 ι

2166 2079 2303 2134 bunt
2332 2079 2533 2135 electos
2559 2096 2593 2135 a
2640 2089 2878 2150 quatuor
2920 2080 3099 2145 ventis
3132 2094 3161 2133 a
3210 2079 3452 2134 summis
3487 2081 3717 2147 etelorum

2165 2184 2340 2239 usque
2375 2170 2443 2224 ad
2472 2170 2732 2225 terminos
2757 2186 2948 2225 eorum
2982 2170 3200 2241 (Matt/1,.
3244 2173 3425 2240 xxiv).
3454 2170 3589 2240 Ignis
3614 2183 3718 2227 ante

2165 2274 2291 2314 eum
2322 2261 2634 2330 praecedens
2669 2261 2878 2316 ardebit
2916 2271 2969 2317 et
3011 2261 3062 2315 in
3111 2263 3349 2317 circuitu
3402 2265 3523 2331 ejus
3548 2272 3723 2333 tempe-.-

2166 2362 2281 2409 slas
2307 2353 2477 2408 valida
2508 2352 2680 2423 (Psal.
2725 2355 2910 2424 xux);
2956 2355 3085 2424 quia
3134 2355 3275 2409 idem
3334 2356 3436 2426 qui
3464 2356 3722 2425 aliquando

2164 2444 2311 2499 venit
2333 2453 2393 2499 ut
2415 2444 2752 2515 judicaretur
2794 2446 3063 2511 occultus,
3092 2454 3222 2501 tunc
3251 2447 3441 2500 veniet
3486 2456 3542 2501 ut
3562 2462 3727 2501 omnes

2158 2535 2367 2607 judieet
2392 2534 2733 2591 manifestus.
2765 2534 3121 2607 Congregatis
3151 2552 3281 2607 ergo
3334 2537 3591 2592 omnibus
3618 2551 3721 2590 san-

2163 2627 2265 2681 ctis
2306 2626 2423 2680 suis
2478 2625 2546 2680 de
2580 2625 2719 2681 eaalo
2769 2635 2856 2681 est
2904 2626 3288 2692 descensurus,
3342 2635 3401 2680 et
3443 2616 3730 2679 tremendus

2163 2718 2337 2784 valde,
2369 2726 2531 2787 atque
2558 2716 2838 2787 pavendus
2863 2716 3113 2771 adveniet
3135 2717 3187 2770 in
3220 2716 3309 2771 die
3349 2715 3613 2771 examinis
3636 2716 3727 2781 sui,

2161 2810 2382 2881 quando
2409 2825 2534 2864 cum
2567 2810 2773 2887 angelis
2821 2818 2875 2863 et
2901 2809 3264 2878 archangelis,
3318 2809 3539 2863 thronis
3564 2816 3615 2863 et
3648 2809 3734 2863 do-

2162 2902 2556 2956 minationibus
2593 2902 2915 2989 ezeterisque
2958 2886 3275 2979 virtutibus,
3332 2902 3494 2956 etnlis
3536 2915 3732 2971 quoque

2163 3008 2226 3049 ac
2250 2994 2411 3048 terris
2435 2992 2753 3047 ardentibus
2776 2992 2990 3050 eunetis
3030 2992 3083 3046 in
3114 2991 3198 3059 sui
3239 2992 3499 3071 obsequii
3548 3001 3738 3069 terrore

2163 3084 2454 3139 commotis
2477 3083 2627 3139 visus
2657 3083 2819 3137 fuerit
2842 3083 2895 3137 in
2929 3083 3101 3153 gratia
3148 3083 3482 3159 majestatis.
3528 3081 3629 3136 Sed
3668 3082 3739 3147 vi:

2162 3176 2397 3232 dendum
2418 3184 2501 3230 est
2535 3175 2814 3247 quomodo
2861 3174 3116 3229 Christus
3145 3190 3271 3228 cum
3322 3189 3495 3249 cruce
3523 3188 3622 3228 sua
3655 3187 3741 3233 ve:

473 3268 637 3327 nunt,
682 3261 808 3330 quia
851 3270 1009 3318 cauta
1047 3263 1427 3347 observatione
1473 3268 1789 3337 custodiunt
1828 3270 1881 3325 id
1911 3270 2056 3340 quod
2085 3256 2126 3313 C
2161 3266 2273 3319 niat
2299 3265 2596 3320 secundum
2625 3264 2728 3319 hoc
2762 3265 2909 3335 quod
2944 3264 3150 3319 dictum
3176 3273 3301 3319 est:
3331 3264 3401 3320 Et
3443 3274 3573 3319 tunc
3598 3277 3741 3346 pater.

474 3353 743 3431 scriptum
771 3362 884 3409 est:
923 3372 941 3406 ι
975 3354 1211 3413 invicem
1236 3373 1401 3414 onera
1431 3369 1664 3433 portate,
1688 3370 1743 3416 et
1771 3363 1849 3419 sic
1878 3362 2055 3418 adim-

482 3464 502 3496 ε
536 3445 755 3516 plebitis
777 3446 950 3518 legem
976 3446 1180 3505 Christi
1204 3448 1348 3522 (Gal.
1381 3450 1513 3522 \'l).)
1550 3450 1779 3521 Cervus,
1806 3470 1931 3509 cum
1960 3434 2054 3509 ve.-

474 3540 561 3595 nit
592 3541 660 3598 ad
688 3540 808 3615 loca
838 3542 1057 3615 spinosa
1094 3556 1147 3600 et
1171 3546 1367 3615 lutosa,
1399 3548 1642 3605 saliendo
1675 3551 1931 3607 transilit.
1963 3551 2055 3611 Si-

473 3631 707 3711 militer,
730 3649 764 3689 ο
787 3647 1061 3704 peccator,
1115 3638 1161 3693 si
1191 3639 1490 3717 occurrerit
1518 3640 1612 3696 tibi
1646 3657 1797 3697 amor
1839 3643 2057 3717 divitia-

472 3740 621 3794 rum,
658 3729 757 3805 qui
782 3731 973 3808 pnngit
1000 3732 1402 3798 sollicitudine;
1434 3733 1481 3789 si
1514 3735 1690 3790 lutum
1720 3736 1950 3791 luxuriae
1972 3716 2055 3792 vel

473 3816 712 3887 alicujus
743 3820 1039 3897 voluptatis
1060 3820 1262 3890 fetidae,
1306 3825 1578 3887 transilite
1608 3833 1806 3882 mente.
1847 3824 2055 3882 Cervus

472 3908 681 3964 deserit
711 3910 877 3966 valles
925 3919 979 3989 et
1024 3914 1268 3971 ascendit
1317 3914 1372 3969 in
1401 3925 1638 3985 montes,
1682 3917 1756 3973 ita
1785 3926 1842 3972 tu
1865 3917 2056 3974 desere

467 4009 691 4056 terrena
721 4010 774 4056 et
795 3988 1207 4071 petecmlestia.
1240 4006 1368 4085 Inde
1408 4009 1483 4064 ait
1514 4007 1783 4065 Dominus
1811 4025 1909 4080 per
1943 4011 2054 4076 Da,-

470 4092 565 4148 vid
592 4110 604 4147 :
640 4112 660 4145 ‹
697 4092 800 4165 Qui
824 4095 1050 4174 perfecit
1066 4098 1230 4173 pedes
1248 4114 1399 4156 meos
1420 4112 1679 4171 tanquam
1696 4117 2006 4170 cervorum,
2029 4123 2047 4155 ι

470 4194 578 4263 etc.
638 4186 815 4257 (Psal.
857 4190 1016 4261 XVII.)
1059 4190 1269 4255 Cervus
1319 4208 1612 4261 senescens
1658 4194 1884 4249 devorat
1939 4211 2053 4250 ser—

468 4287 690 4348 pentem
712 4288 766 4335 et
799 4289 928 4337 tunc
952 4298 1065 4353 prie
1091 4270 1261 4338 nimio
1285 4285 1479 4339 ardore
1505 4268 1681 4341 currit
1726 4285 1796 4341 ad
1822 4285 2047 4342 fontem.

467 4368 600 4426 Post
625 4373 782 4442 cujus
807 4382 994 4443 potum
1024 4374 1247 4444 deponit
1267 4384 1501 4430 veterem
1533 4377 1726 4446 pellem
1768 4387 1823 4433 et
1845 4393 2051 4436 cornua

468 4471 524 4518 et
550 4463 847 4519 reviviscit.
879 4463 992 4530 Sic,
1025 4473 1080 4522 et
1126 4473 1184 4520 tu
1213 4474 1485 4536 peccator,
1532 4468 1724 4524 occide
1771 4450 2051 4540 serpentes

2158 3356 2238 3411 bit
2273 3357 2486 3426 signum
2513 3354 2636 3409 Filii
2669 3355 2908 3410 hominis
2945 3355 2998 3409 in
3026 3356 3187 3411 coelo.
3236 3375 3254 3407 ι
3291 3355 3551 3411 Joannes
3574 3341 3749 3424 Chrys

2159 3460 2437 3505 sostomus
2466 3446 2533 3502 de
2564 3447 2665 3502 liae
2701 3447 3003 3517 quaestione
3026 3448 3107 3502 sic
3128 3446 3327 3501 dilIinit
3373 3447 3610 3501 dicens:
3643 3462 3660 3494 ι
3690 3441 3743 3496 Si

2158 3545 2433 3602 dixerint:
2484 3542 2623 3598 Ecce
2658 3544 2711 3597 in
2755 3542 3145 3612 promptuariis
3189 3551 3273 3597 est
3312 3540 3604 3605 Christus,
3630 3550 3748 3611 ecce

2157 3635 2213 3691 in
2249 3635 2561 3711 solitudine,
2614 3635 2781 3689 nolite
2827 3635 3046 3689 credere
3111 3633 3332 3702 (Matth.
3387 3635 3569 3700 xxxv).
3625 3649 3643 3681 ι
3677 3628 3747 3683 De

2158 3728 2396 3784 secunda
2420 3726 2705 3798 praesentia
2729 3725 2914 3801 gloriae
2940 3724 3166 3780 Christi.
3223 3723 3341 3780 Hoc
3390 3724 3602 3779 dicitur
3628 3733 3750 3791 pro-

2157 3828 2278 3890 pter
2309 3819 2752 3891 pseudochristos
2778 3828 2831 3874 et
2872 3818 3041 3872 falsos
3085 3816 3415 3895 prophetas,
3453 3825 3508 3870 et
3542 3820 3752 3884 propter

2153 3910 2575 3979 Antichristum,
2611 3927 2677 3968 ne
2703 3911 2902 3981 afiquis
2926 3910 3112 3965 errore
3134 3897 3460 3978 praeventus
3484 3907 3539 3960 in
3562 3905 3753 3959 falsum

2157 4002 2359 4058 incidat
2378 4002 2911 4072 Christum,quando
2931 3999 3133 4056 Christi
3151 4000 3454 4054 salvatoris
3467 3999 3755 4074 adventum

2156 4078 2450 4169 praeveniet
2470 4095 2860 4151 Antichristus.
2898 4093 3025 4149 ldco
3069 4093 3508 4164 praecavendum
3539 4098 3629 4145 est
3653 4087 3757 4168 δοιῇ

2155 4189 2303 4244 licite
2330 4204 2399 4244 ne
2430 4188 2555 4259 quis
2593 4196 2887 4259 pastorem,
2938 4185 2990 4239 id
3038 4193 3123 4239 est
3151 4182 3448 4239 Christum
3484 4196 3764 4267 quaerens,

2157 4280 2369 4355 lupum,
2396 4279 2448 4333 id
2503 4288 2588 4334 est
2626 4278 3031 4343 antichristum,
3064 4275 3328 4330 inveniat.
3369 4274 3466 4330 Ob
3495 4276 3605 4329 hoc
3628 4287 3761 4344 pne:

2155 4371 2358 4429 dicitur
2385 4370 2480 4427 ibi.
2509 4367 2659 4425 Unde
2683 4370 2974 4440 dignoscas
3012 4366 3125 4421 veri
3148 4366 3396 4436 pastoris
3431 4367 3762 4429 adventum,

2156 4462 2263 4534 hoc
2295 4462 2443 4517 dedit
2468 4462 2703 4533 signum.
2738 4458 2852 4531 Hoc
2874 4459 3021 4513 enim
3070 4457 3175 4533 fuit
3218 4459 3497 4514 voluntas
3533 4459 3679 4529 ejus,
3711 4448 3768 4511 ut

466 4561 524 4606 et
552 4568 713 4609 curre
752 4554 819 4610 ad
850 4552 1076 4619 fontem,
1109 4554 1164 4609 id
1193 4566 1275 4611 est
1300 4552 1602 4625 Christum,
1634 4566 1688 4613 et
1712 4558 1924 4628 depone
1948 4575 2047 4615 ve-
2080 4593 2126 4648 Ι)
2154 4556 2366 4626 primus
2411 4554 2675 4610 adventus
2719 4553 2839 4628 ejus
2879 4553 3112 4608 latenter
3162 4553 3317 4635 fieret
3367 4562 3436 4609 et
3495 4561 3776 4625 quaereret

467 4655 640 4700 terem
666 4646 970 4723 hominem,
997 4646 1049 4701 id
1069 4655 1154 4703 est
1181 4648 1521 4717 superbiam,
1538 4658 1598 4705 ut
1616 4650 1768 4705 dicas
1792 4666 1917 4707 cum
1944 4650 2052 4705 Da-

466 4737 600 4792 vid:
640 4760 654 4788 σ
692 4737 1166 4804 Quemadmodum
1218 4754 1414 4796 cervus
1456 4740 1729 4797 desiderat
1778 4743 1848 4799 ad
1872 4742 2053 4800 fontes

469 4845 737 4900 aquarum
769 4848 788 4882 ι
849 4838 954 4885 etc.
1010 4829 1183 4902 (Psal.
1212 4834 1350 4909 xtl.)
1392 4830 1652 4904 Sequitur
1679 4853 1692 4890 :
1723 4854 1741 4887 ι
1774 4834 1840 4890 Ει
1867 4822 2053 4906 aperta

467 4921 575 4975 crit
600 4921 783 4992 lingua
812 4931 1111 4985 mutorum.
1142 4923 1281 4979 Cum
1306 4926 1453 4981 enim
1481 4926 1735 5003 clamavit
1766 4927 2059 4990 Christus:

468 5012 627 5081 Agite
651 5014 1048 5082 penitentiam,
1082 5035 1099 5068 ι
1119 5025 1223 5085 etc.
1250 5015 1473 5088 (Matth.
1503 5017 1601 5087 iv.)
1623 5018 1716 5088 qui
1741 5019 1895 5088 prius
1919 5034 2048 5074 eru-

467 5104 767 5159 bescebant
823 5106 1069 5161 conﬁteri
1108 5118 1330 5177 peccata
1380 5125 1481 5164 sua
1518 5118 1649 5165 tunc
1698 5111 2052 5179 penituerunt

468 5204 524 5249 et
544 5193 889 5250 confessione
911 5206 1129 5267 peccata
1160 5215 1261 5253 sua
1288 5199 1630 5256 detexerunt.
1668 5200 1938 5256 Clamavit
1958 5216 2050 5257 ve-

466 5287 619 5339 niam
661 5283 851 5351 Maria,
884 5301 1007 5355 qua:
1034 5288 1190 5357 prius
1230 5299 1381 5344 muta
1426 5300 1563 5345 erat.
1611 5289 1881 5346 Clamavit
1910 5292 2049 5366 latro

430 5414 431 5417 η
466 5380 687 5433 veniam
731 5378 786 5431 in
842 5393 1004 5434 cruce
1031 5380 1124 5449 qui
1174 5380 1328 5450 prius
1379 5383 1590 5438 tacebat
1635 5393 1877 5453 peccata.
1910 5382 2049 5438 Ecce

467 5479 620 5527 muta
648 5471 826 5525 locuta
857 5479 939 5525 est
966 5488 980 5538 ;
1005 5479 1059 5526 et
1092 5486 1218 5528 ecce
1248 5483 1433 5530 mutus
1458 5474 1675 5530 locutus
1700 5485 1802 5531 est.
1854 5472 2049 5530 Osten-

468 5564 652 5618 dimus
681 5563 813 5632 quid
862 5562 1113 5620 utilitatis
1140 5564 1352 5634 primus
1405 5567 1672 5620 adventus
1703 5564 1903 5620 summi
1936 5579 2048 5619 me-

467 5653 573 5708 dici
608 5653 815 5707 mundo
841 5654 1092 5708 contulit.
1121 5652 1402 5725 Completa
1432 5663 1516 5710 est
1544 5654 1828 5725 prophetia
1862 5672 1874 5707 :
1903 5652 2051 5708 venit

469 5745 757 5805 tnedieus:
809 5753 1042 5816 aegrotos
1078 5746 1311 5801 curavit.
1352 5745 1557 5809 Verum
1600 5746 1729 5817 quia
1776 5746 1843 5802 de
1873 5746 2051 5817 primo

471 5835 703 5895 adventu
771 5836 976 5892 Christi
1023 5838 1270 5909 quiedam
1326 5837 1677 5907 protulimus,
1743 5853 2045 5907 congruum

2157 4648 2303 4719 quod
2329 4646 2582 4717 perierat.
2618 4644 2903 4701 Secundus
2930 4660 3062 4700 vero
3093 4628 3363 4700 adventus
3400 4645 3657 4709 non'ita,
3680 4642 3779 4713 sed,

2156 4737 2476 4807 simpliciter
2501 4736 2615 4791 ait:
2649 4753 2668 4787 ι
2704 4720 3229 4803 Quemadmodum:
3263 4736 3486 4807 inquit,
3533 4756 3553 4788 .
3595 4736 3780 4804 fulgur

2153 4828 2343 4883 exiens
2370 4827 2440 4882 ab
2468 4826 2676 4881 oriente
2710 4833 2935 4896 apparet
2960 4826 3014 4879 in
3041 4826 3347 4892 occidente,
3398 4827 3487 4880 ita
3541 4828 3657 4882 erit
3680 4823 3779 4878 εει-

2153 4928 2349 4975 ventus
2376 4918 2500 4973 Filii
2547 4904 3015 4993 horninis‘(ibid.).
3053 4936 3087 4993 ι’
3135 4916 3331 4972 Subito
3386 4920 3570 4973 enim
3596 4902 3791 4985 omnia

2152 5012 2256 5067 bus
2278 5009 2577 5080 apparebit,
2602 5024 2703 5064 nec
2730 5009 2979 5079 indigens
3004 4998 3240 5078 quisque
3260 5008 3649 5083 interrogare
3673 5008 3789 5062 sive

2153 5103 2244 5159 hic
2268 5102 2383 5175 sive
2400 5102 2510 5158 illic
2534 5108 2618 5157 est
2637 5099 2910 5156 Christus.
2934 5099 3423 5181 Quemadmodum
3463 5103 3638 5157 enim
3667 5116 3796 5155 cum

2152 5195 2337 5268 fulgur
2375 5194 2680 5259 emicuerit,
2709 5208 2819 5247 non
2849 5181 3070 5263 egemus
3101 5192 3385 5262 inquirere
3428 5194 3489 5247 si
3538 5192 3702 5270 facta
3726 5192 3797 5245 sit

2154 5286 2484 5354 coruscatio,
2514 5285 2587 5341 ita
2623 5300 2749 5353 eum
2780 5284 3040 5358 revelatio
3067 5281 3377 5358 praeSentia:
3438 5283 3592 5353 ejus
3632 5283 3803 5339 eﬁul-

2154 5379 2322 5444 serit,
2387 5370 2498 5432 non
2578 5376 2888 5453 indigemus
2948 5356 3300 5443 interrogare
3360 5356 3481 5427 Van
3579 5374 3805 5428 venerit

2151 5469 2426 5525 Christus.
2485 5467 2592 5524 Sed
2647 5468 2794 5543 quod
2850 5465 3112 5549 quiaaritur
3153 5466 3200 5536 si
3259 5480 3393 5521 cum
3461 5482 3668 5524 cruce
3713 5482 3812 5523 ve-

2151 5563 2335 5618 nerit?
2361 5561 2437 5617 De
2465 5562 2572 5618 hoc
2593 5560 2983 5631 subsequentia
3013 5558 3331 5639 videantur.
3596 5550 3603 5555 ’

2230 5672 2249 5704 ι
2275 5651 2451 5718 Tunc,
2479 5653 2675 5723 inquit,
2701 5650 2924 5722 quando
2947 5657 3210 5705 venturus
3234 5649 3338 5703 erit
3364 5649 3702 5720 Christus
3730 5653 3820 5708 sol

2153 5744 2556 5811 obscurabitur,
2584 5752 2640 5798 et
2660 5744 2788 5797 luna
2820 5756 2928 5796 non
2957 5739 3107 5795 dabit
3127 5741 3314 5796 lumen
3333 5756 3546 5799 suum
3585 5746 3815 5814 σῶά).

2153 5836 2325 5892 Tanta
2352 5837 2495 5892 enim
2528 5835 2629 5891 erit
2654 5833 2944 5891 eminentia
2974 5832 3280 5904 splendoris
3309 5832 3364 5887 in
3412 5834 3732 5910 Christo,
3761 5843 3830 5896 ut
