4038 6458
297 401 403 452 757

1247 392 1823 451 DEFLORATKONES
1861 392 1960 448 SS.
2006 391 2312 448 PATRUM.
2346 426 2418 434 --
2458 393 2586 450 LIB.
2624 394 2665 449 I.

3480 392 3585 451 733

294 512 462 567 etiam
484 510 801 567 clarissima
831 509 1119 566 luminaria
1149 508 1271 564 ςαξιί
1311 524 1420 578 pra:
1466 505 1675 577 fulgore
1722 505 1891 559 divini
1923 510 1967 565 Α
1998 504 2215 575 signum
2270 506 2401 561 illud
2455 522 2517 562 ac
2574 507 2902 578 triumphale
2950 509 3202 563 vexillum
3261 508 3588 568 sublimibus

296 602 526 658 luminis
573 603 1004 658 abscondantur.
1069 599 1223 655 Tunc
1271 615 1401 654 vero
1456 598 1626 653 stellae
1673 597 1889 660 cadent,

304 693 521 765 quando
570 694 887 763 apparuerit
930 693 1147 763 signum
1201 689 1325 744 Filii
1364 688 1599 743 hominis
1630 688 1682 740 in
1730 686 1891 741 caelo.

304 784 685 841 Cousiderasti
714 790 915 854 quanta
945 784 1014 840 sit
1047 783 1219 836 virtus
1246 782 1409 851 signi,
1442 780 1547 834 hoc
1575 788 1658 833 est
1686 777 1889 832 crucis.

309 874 399 930 Sol
433 874 823 929 obscurabitur
851 882 905 930 et
939 874 1068 928 luna
1120 887 1227 926 non
1255 870 1403 926 dabit
1453 870 1636 924 lumen
1690 884 1849 923 suum
1877 887 1889 921 :

306 983 439 1023 crux
461 981 593 1021 vero
626 964 875 1035 fulgebit,
928 975 981 1021 et
1029 963 1340 1021 obscuratis
1388 963 1693 1019 luminibus
1742 961 1891 1028 εαξη,

306 1057 645 1126 dilapsisque
669 1055 961 1123 sideribus,
1011 1056 1127 1111 sola
1170 1055 1423 1122 radiabit,
1473 1063 1532 1109 ut
1565 1054 1717 1110 dicas
1756 1069 1893 1124 quo—

307 1149 452 1203 niam
484 1165 622 1204 crux
672 1150 817 1205 lunae
866 1156 920 1203 et
969 1149 1069 1204 soli
1121 1149 1433 1219 praeclarior
1486 1157 1590 1203 est.
1644 1146 1891 1214 Quorum

310 1240 651 1312 splendorem
698 1241 885 1296 divino
933 1242 1201 1297 illustrata
1236 1241 1449 1314 fulgore
1496 1242 1893 1310 superabit,et

308 1333 770 1404 quemadmodum
801 1333 1139 1405 ingrediente
1165 1350 1288 1406 rege
1321 1336 1374 1389 in
1409 1334 1682 1390 civitatem
1729 1348 1888 1387 excr-

310 1426 448 1480 citus
475 1426 746 1481 antecedit
770 1425 1064 1495 praeferens
1099 1426 1251 1499 signa
1281 1436 1445 1497 atque
1468 1427 1660 1481 vexilla
1692 1426 1891 1496 regalia

309 1525 361 1569 et
386 1514 633 1570 habitum
683 1518 1102 1587 praeparationis
1148 1518 1439 1572 armisonae
1483 1517 1771 1571 annuntiat
1802 1531 1889 1569 re-

309 1605 390 1674 gis
416 1605 724 1674 introitum,
750 1608 819 1661 ita
849 1606 1084 1662 Domino
1103 1608 1464 1663 descendente
1490 1607 1556 1661 de
1577 1606 1727 1661 cmlis
1755 1622 1892 1681 prae-

310 1697 447 1753 cedit
492 1699 769 1755 exercitns
800 1700 1142 1771 angelorum
1186 1709 1240 1755 et
1291 1699 1745 1769 archangclorum
1795 1697 1889 1771 qui

1998 596 2240 651 humeris
2268 597 2639 667 praeferentes,
2668 601 2859 665 {divini
2911 603 3055 673 regis
3086 603 3324 657 caelestis
3377 602 3590 672 ingres-

1998 704 2118 743 sum
2153 692 2514 748 trementibus
2560 693 2910 749 nuntiabunt.
2947 714 2965 746 ι
3021 693 3150 750 Item
3183 695 3322 749 idem
3351 693 3586 753 doctor;

2002 799 2021 831 ι
2064 780 2169 836 Sed
2214 798 2385 852 quare
2439 800 2575 839 crux
2629 785 2911 855 apparebit
2969 794 3133 852 tunc,
3196 795 3250 841 et
3306 802 3470 857 quam
3517 783 3590 841 ob

1998 878 2220 927 causam
2262 874 2315 927 in
2366 874 2486 944 ejus
2534 878 2757 946 prmlatn
2800 876 3065 933 Dominus
3098 877 3587 933 adveniet?R‘atio

2000 966 2286 1036 perspicua
2337 978 2441 1034 cst,
2495 977 2555 1022 ut
2593 978 2895 1039 agnoscant
2942 970 3232 1025 consilium
3281 971 3588 1041 iniquitatis

1998 1072 2111 1111 sua:
2135 1057 2229 1127 qui
2258 1058 2547 1113 Dominum
2580 1060 2885 1129 majestatis
2915 1062 3323 1118 cruciﬁxcrunt.
3354 1062 3458 1118 Per
3480 1063 3587 1121 hoc

1996 1148 2140 1202 enim
2193 1150 2408 1221 signum
2478 1152 2797 1222 imprudens
2862 1151 3175 1208 Judzeorum
3238 1154 3587 1226 redarguitur

1993 1240 2264 1311 impietas,
2296 1244 2554 1314 quoniam
2593 1253 2812 1314 propter
2843 1244 2947 1299 hoc
2978 1245 3155 1314 ipsum
3180 1245 3582 1302 habentescrn-

1992 1348 2131 1398 cem,
2161 1334 2361 1400 veniet,
2385 1335 2540 1404 juxta
2590 1335 2966 1411 Evang‘elium,
3000 1335 3128 1404 quia
3173 1345 3299 1393 tunc
3329 1337 3585 1410 plangent

2001 1441 2193 1481 omnes
2226 1426 2400 1482 tribus
2439 1436 2619 1493 terrae,
2641 1437 2694 1483 et
2718 1428 2961 1484 videntes
2996 1437 3373 1486 accusatorem
3421 1445 3585 1486 suum

2000 1519 2172 1587 ipsam
2204 1518 2412 1573 scilicet
2444 1535 2661 1575 crucem
2691 1529 2744 1576 et
2785 1521 2960 1592 ipsam
3006 1530 3325 1593 arguentem
3380 1535 3584 1591 cogno-

2000 1618 2161 1666 scunt
2198 1619 2480 1679 peccatum
2528 1629 2688 1673 suum
2740 1629 2903 1681 sera;
2932 1623 2985 1669 et
3015 1612 3240 1673 ,frustra
3270 1613 3586 1669 fatebuntur

1999 1700 2220 1773 impiam
2248 1702 2545 1759 caecitatem

385 1955 986 2049 DOMINICA
1057 1958 1615 2052 PROXIMA
1688 1963 1999 2055 ANTE
2076 1964 2914 2062 N‘ATIVITATEM
2992 1968 3493 2065 DOMINI.

383 2170 399 2199 ι
428 2148 691 2204 Miserum
736 2150 906 2206 Jud:ei
948 2152 1017 2206 ab
1052 2150 1447 2225 Hierosolymis
1497 2156 1809 2212 sacerdotes
1839 2166 1893 2212 et
1923 2167 1965 2221 Β
1997 2174 2118 2213 nem
2144 2159 2373 2230 ﬁguram
2404 2161 2660 2231 baptismi
2678 2161 2938 2234 gessisse,
2961 2179 3195 2235 eumque
3209 2162 3384 2220 Eliam
3406 2166 3583 2224 otEli-I

308 2242 491 2296 levitas
537 2243 603 2296 a.l
655 2259 804 2309 eum,
837 2252 897 2299 ut
948 2245 1287 2316 introgarent
1330 2262 1475 2301 eum.
1528 2246 1609 2301 Tu
1635 2248 1759 2318 quis
1785 2249 1889 2303 es?

307 2332 369 2386 Et
393 2331 678 2388 confessus
704 2344 788 2389 est
835 2344 889 2389 et
933 2351 1039 2390 non
1082 2336 1318 2406 negavit.
1362 2335 1429 2391 Et
1473 2336 1762 2393 confessus
1783 2346 1885 2405 cst,

308 2425 431 2493 quia
461 2442 569 2479 non
601 2442 723 2481 sum
770 2441 871 2498 ego
915 2428 1190 2493 Christus,
1218 2435 1322 2482 etc.
1349 2427 1531 2500 (Joan.
1565 2430 1626 2499 1).
1667 2450 1688 2482 ι
1738 2429 1887 2485 Con-

308 2516 482 2573 fessus
504 2528 589 2573 est
618 2536 677 2575 se
705 2536 812 2573 non
839 2536 960 2577 esse
985 2520 1266 2577 Christum
1293 2540 1308 2589 ;
1338 2523 1504 2577 etiam
1539 2540 1647 2579 non
1676 2525 1889 2592 negavit

308 2610 447 2679 quod
474 2621 610 2677 erat,
652 2613 860 2668 scilicet
882 2630 940 2670 se
962 2630 1084 2669 esse
1114 2627 1628 2684 przecursorem,,ut
1652 2634 1888 2689 sequen-

309 2702 378 2755 tia
398 2702 781 2762 determinant.
830 2704 930 2760 llic
961 2706 1244 2763 humilitas
1274 2707 1511 2767 Joannis,
1536 2710 1888 2765 commenda-

307 2804 410 2848 tur.
443 2794 700 2861 Quidum
744 2797 1111 2855 infirmitatem
1144 2815 1301 2854 suam
1353 2800 1633 2856 humiliter
1680 2802 1890 2857 studuit

306 2903 625 2958 agnoscere,
644 2887 737 2943 Dei
773 2891 1150 2945 celsitudinem
1192 2893 1414 2964 meruit]
1439 2894 1705 2949 obtinere.
1753 2893 1884 2950 Mira

307 2980 523 3036 caecitas
550 2980 901 3037 Judteorum!
950 2982 1054 3050 Qui
1112 3001 1236 3040 cum
1290 2984 1557 3041 Joannem
1609 2987 1889 3041 crederent

304 3088 423 3128 esse
472 3073 755 3129 Christum
806 3075 1027 3131 credere
1073 3077 1332 3131 nolebant
1385 3077 1488 3147 ipsi
1527 3076 1720 3132 Joauni
1754 3087 1890 3133 atte-

304 3164 467 3216 stanti
496 3163 778 3219 Christum
810 3181 933 3221 esse
963 3166 1326 3236 Salvatorem,
1366 3176 1446 3223 tot
1489 3168 1660 3240 signis
1688 3185 1753 3225 ac
1776 3170 1887 3223 vir-

301 3255 512 3311 tutibus
540 3257 901 3326 approbatum
927 3278 940 3312 :

377 3367 397 3399 ι
432 3346 500 3402 Ει
541 3350 1013 3420 interrogaverunt
1044 3367 1191 3406 eum.
1245 3351 1385 3419 Quid
1446 3353 1621 3423 ergo?
1656 3352 1803 3409 Elias
1829 3368 1889 3410 es

299 3440 393 3493 tu?
416 3438 478 3493 Et
506 3440 674 3495 dixit:
694 3439 811 3495 Non
844 3458 987 3497 sum.
1016 3442 1289 3513 Propheta
1305 3460 1361 3500 es
1379 3445 1471 3500 tu?
1492 3445 1556 3501 Et
1569 3448 1850 3517 respondit
1872 3470 1885 3502 :

298 3529 670 3603 Non(ibid.).1
694 3533 1073 3606 (GREGORIUS.)
1110 3510 1889 3609 Dominusdixeratdiscipulis
1917 3510 1958 3566 Ο

300 3626 460 3680 suis:
500 3645 519 3677 ι
552 3624 792 3682 Joannes
844 3627 961 3697 ipse
1013 3637 1099 3684 est
1146 3626 1293 3684 Elias
1321 3629 1539 3701 (Matth.
1572 3630 1674 3701 x1),
1706 3650 1725 3683 ι
1762 3633 1891 3702 quia

298 3714 544 3770 Joannes
606 3715 661 3769 in
704 3716 898 3785 spiritu
944 3726 1063 3771 erat
1108 3717 1254 3774 Elias
1319 3734 1429 3774 non
1503 3720 1557 3772 in
1609 3736 1888 3789 persona;

297 3809 447 3865 enim
462 3807 610 3877 quod
642 3807 775 3862 dicit
801 3808 888 3863 hic
919 3823 977 3863 se
998 3825 1108 3864 non
1131 3825 1256 3866 esse
1288 3809 1481 3865 Eliam.
1511 3810 1635 3866 Ideo
1655 3811 1892 3871 Joannes

296 3898 522 3968 negavit
563 3913 622 3953 se
664 3913 787 3953 esse
836 3900 1179 3970 prophetam,
1221 3902 1351 3971 quia
1395 3902 1521 3971 plus
1574 3913 1691 3958 erat
1725 3920 1889 3974 quam

294 3990 592 4062 propheta,
622 3991 768 4060 quod
809 3991 899 4044 alii
939 3993 1425 4061 prouuntiaverant
1446 3993 1761 4049 ostendens.
1798 3994 1889 4050 Vel

294 4082 431 4150 quia
478 4081 659 4134 nuntii
694 4096 940 4151 quaerere
988 4081 1436 4141 intendebantan
1483 4092 1628 4139 esset
1668 4084 1815 4145 Elias
1837 4092 1894 4139 et

294 4172 546 4241 Eliseus,
594 4173 647 4227 in
693 4174 893 4244 quibus
920 4175 1115 4245 ,ﬁgnra
1166 4176 1422 4251 baptismi
1469 4178 1777 4247 prtecessit,
1810 4179 1892 4233 vel

295 4267 446 4322 alius
468 4283 540 4321 ex
579 4267 820 4337 antiquis
850 4268 1154 4339 prophetis.

367 4379 391 4411 α
437 4358 712 4415 Dixerunt
736 4375 868 4431 ergo
904 4362 953 4416 ei
983 4360 1149 4427 :Quis
1176 4377 1235 4417 es
1260 4370 1320 4418 ut
1347 4378 1670 4433 responsum
1703 4365 1896 4421 demus

300 4452 388 4508 his
416 4452 521 4521 qui
573 4452 841 4507 miserunt
869 4468 1009 4508 nos:
1055 4454 1164 4507 Ait.
1192 4452 1308 4525 Ego
1351 4471 1458 4509 vox
1505 4455 1796 4510 clamantis
1836 4454 1893 4509 iu

298 4545 526 4600 deserto
553 4563 567 4597 :
595 4542 789 4599 Parate
809 4545 951 4599 viam
977 4544 1215 4612 Domini,
1247 4545 1388 4603 sicut
1420 4546 1557 4600 dixit
1585 4546 1755 4601 Isaias
1777 4562 1898 4622 pro-

299 4636 468 4703 pheta
503 4632 689 4706 (Ioan.
716 4636 777 4704 1).
821 4655 840 4687 ι
887 4634 1125 4692 Joannes
1166 4646 1249 4691 est
1288 4652 1391 4692 vox
1435 4639 1488 4692 in
1534 4653 1644 4709 quo
1670 4639 1896 4702 verbum

304 4736 487 4793 tonat,
523 4728 790 4795 ostensio,
832 4737 886 4783 et
921 4731 1226 4799 prophetia,
1268 4740 1321 4786 et
1372 4731 1593 4787 lucerna
1623 4731 1772 4787 verbi
1803 4730 1897 4786 Dei

1993 2265 2146 2305 seum
2174 2252 2229 2306 in
2261 2252 2433 2322 figura
2456 2252 2711 2323 baptismi
2736 2254 2895 2310 siccis
2923 2254 3152 2324 pedibus
3178 2257 3464 2322 transisse,
3483 2273 3583 2327 pu-

1991 2342 2178 2398 tabant
2206 2349 2259 2397 et
2289 2359 2435 2400 nunc
2463 2359 2559 2401 eos
2589 2346 2896 2401 surrexisse
2918 2347 2985 2401 ad
3006 2346 3415 2417 baptizandum.
3445 2347 3584 2419 Qui;

1989 2449 2119 2504 ergo
2167 2433 2404 2491 Joannes
2457 2438 2667 2492 nullum
2718 2438 2787 2492 de
2821 2438 2907 2493 his
2955 2438 3087 2494 dicit
3137 2455 3195 2494 se
3232 2456 3375 2507 esse,
3417 2440 3585 2500 inter:-

1989 2536 2186 2596 rogant
2218 2543 2325 2597 qua
2356 2528 2582 2583 audacia
2604 2529 2858 2599 baptizet.

2067 2638 2085 2669 ‹
2118 2617 2416 2691 Respondit
2437 2621 2517 2676 eis
2551 2619 2791 2677 Joannes
2815 2621 3003 2676 dicens
3031 2639 3045 2677 :
3078 2620 3192 2693 Ego
3230 2623 3453 2693 quidem
3481 2623 3584 2678 ba-

1990 2710 2135 2780 ptizo
2159 2725 2255 2766 vos
2286 2711 2507 2781 aquain
2537 2711 2938 2781 paenitentiam.
2959 2710 3064 2778 Qui
3097 2721 3279 2768 autem
3328 2722 3453 2784 post
3497 2728 3587 2768 mo

1988 2811 2252 2856 venturus
2274 2811 2377 2869 est,
2410 2802 2604 2857 fortior
2631 2818 2718 2857 me
2743 2812 2862 2870 est;
2893 2803 3051 2874 cujus
3077 2820 3188 2859 non
3218 2821 3341 2860 sum
3383 2805 3583 2878 dignus

1989 2892 2353 2947 calceamenta
2396 2901 2635 2963 portare.
2675 2892 2886 2950 Medius
2924 2904 3104 2950 autem
3150 2906 3393 2952 vestrum
3436 2897 3587 2954 stetit

1989 2999 2149 3054 quem
2173 3000 2269 3039 vos
2295 2985 2538 3040 nescitis.
2571 2984 2691 3054 Ipse
2715 3000 2813 3040 vos
2832 2984 3129 3056 baptizabit
3147 2987 3199 3041 in
3223 2986 3426 3058 Spiritu
3450 3005 3582 3045 san-

1992 3085 2081 3130 clo
2105 3085 2159 3130 et
2176 3076 2285 3146 igni
2309 3076 2509 3147 (ibid.).
2525 3096 2543 3127 1
2567 3076 2952 3147 (AUGUSTINUS,
2968 3077 3411 3149 GBEGOBIUS.)AC
3438 3081 3485 3136 si
3506 3081 3585 3137 di-

1991 3176 2117 3222 cat:
2149 3164 2266 3220 Non
2304 3167 2603 3236 imputetur
2642 3168 2885 3223 audacia:
2923 3169 3069 3239 quod
3095 3185 3217 3241 ago.
3269 3169 3493 3243 Baptizo
3524 3174 3584 3228 in

1992 3273 2132 3329 aqua
2158 3258 2211 3313 in
2237 3259 2634 3329 pmnitentiam,
2690 3259 2744 3314 id
2773 3269 2858 3315 est
2906 3260 2959 3315 in
2992 3260 3208 3332 signum
3254 3263 3586 3333 paenitentia

1993 3351 2278 3421 purgantis
2324 3350 2535 3405 animas
2555 3369 2570 3418 ;
2590 3351 2713 3405 lavo
2729 3366 2980 3421 corpora,
3014 3361 3063 3407 et
3090 3369 3253 3413 usum
3270 3354 3589 3425 baptizandi

1996 3442 2254 3508 instituo,
2288 3457 2489 3512 parans
2532 3442 2677 3497 viam
2725 3443 2940 3498 fortiori
2989 3460 3105 3513 me,
3160 3446 3325 3516 cujus
3369 3430 3584 3507 calcea-

1992 3543 2176 3589 mcnla
2238 3543 2457 3604 portare
2518 3552 2627 3590 non
2680 3553 2804 3603 sum
2847 3537 3297 3607 dignus.,Tanta
3328 3549 3412 3596 est
3461 3540 3586 3611 ejus

1993 3626 2342 3693 excellentia,
2371 3642 2493 3696 quae
2532 3644 2697 3698 supra
2742 3644 2920 3695 meant
2977 3638 3062 3686 est
3110 3630 3454 3701 parvitatem.
3496 3630 3585 3687 In-

1995 3727 2075 3772 ter
2100 3733 2196 3775 vos
2222 3729 2402 3774 autem
2445 3720 2656 3775 medius
2702 3731 2783 3776 est
2830 3737 2989 3792 quem
3013 3723 3250 3794 pradico
3278 3767 3292 3791 ,
3327 3724 3423 3779 sed
3484 3740 3584 3780 ne-

1995 3811 2149 3865 scitis
2197 3825 2354 3876 eum,
2403 3810 2531 3879 quia
2587 3809 2707 3880 ejus
2740 3811 3047 3867 humilitate
3098 3828 3209 3868 non
3263 3814 3579 3869 abutimini.

1994 3899 2113 3971 Ipse
2140 3902 2437 3972 baptizabit
2461 3903 2517 3956 in
2558 3900 2764 3972 Spiritu
2794 3913 2984 3959 sancto
3005 3915 3060 3961 et
3101 3907 3233 3977 igni,
3284 3907 3387 3963 hoc
3414 3919 3494 3962 est
3528 3915 3586 3961 et

1996 3994 2318 4064 purgatione
2361 3996 2810 4053 sanctiﬁcationis
2835 4008 2891 4053 et
2925 4000 3245 4068 probatione
3278 4000 3585 4054 tribulatio-

1996 4083 2084 4140 nis
2108 4102 2123 4150 ;
2158 4085 2244 4139 vel
2272 4084 2327 4138 in
2352 4084 2559 4155 Spiritu
2596 4096 2812 4155 sancto,
2847 4090 2900 4144 id
2928 4099 3013 4144 cst
3043 4090 3097 4143 in
3127 4091 3272 4160 igne,
3299 4106 3462 4161 quem
3491 4107 3585 4145 ve-

1996 4176 2078 4230 nit
2107 4175 2326 4231 mittere
2351 4192 2517 4247 super
2546 4185 2771 4232 terram.
2803 4177 3019 4250 (Βευλ.)
3072 4180 3310 4249 Spiritus
3360 4189 3584 4235 sanctus

1996 4282 2093 4337 per
2139 4267 2320 4338 ignem
2370 4267 2709 4339 intelligitur,
2760 4285 2883 4340 quae
2924 4279 2978 4324 et
3023 4269 3188 4324 corda
3215 4270 3458 4325 incendit
3487 4284 3587 4340 per

1997 4376 2243 4417 amorem
2286 4370 2340 4417 et
2371 4361 2649 4419 illuminat
2693 4377 2794 4433 per
2839 4361 3184 4433 sapientiam.
3221 4361 3360 4418 Sunt
3386 4363 3479 4434 qui
3508 4362 3601 4425 ita.

1999 4463 2302 4524 exponunt.
2353 4453 2415 4509 In
2440 4454 2647 4525 Spiritu
2680 4466 2871 4511 sancto
2904 4454 2957 4509 in
2988 4456 3274 4526 praesenti;
3332 4455 3387 4509 in
3437 4456 3582 4526 igne,

2000 4545 2057 4599 iu
2086 4544 2291 4609 futuro.
2330 4544 2485 4602 Sicut
2515 4548 2661 4603 enim
2695 4564 2843 4603 nunc
2880 4547 3223 4603 renascimur
3253 4561 3319 4602 ex
3357 4562 3500 4616 aqua
3531 4555 3588 4601 et

2002 4634 2209 4706 Spiritu
2238 4646 2429 4693 sancto
2460 4638 2513 4692 in
2544 4639 2922 4696 remissionem
2952 4649 3324 4709 peccatorum,
3348 4639 3423 4693 ita
3456 4649 3594 4692 tunc

2000 4728 2067 4783 de
2093 4728 2305 4785 levibus
2338 4731 2578 4800 peccatis
2608 4747 2731 4787 cum
2756 4731 2957 4801 quibus
2984 4730 3249 4784 morimur
3274 4744 3370 4800 per
3403 4729 3583 4799 ignem

306 4820 606 4891 prmsentis
632 4819 686 4873 in
709 4819 937 4889 Joanne,
963 4838 1060 4891 per
1083 4838 1245 4891 quem
1276 4824 1494 4890 clamat,
1527 4824 1813 4894 praesentis
1841 4824 1897 4878 in
1929 4858 1973 4913 D
2002 4825 2400 4901 purgatorium,
2450 4824 2610 4894 quasi
2644 4839 2739 4894 per
2769 4824 3122 4894 baptismum,
3174 4822 3582 4879 mundabimur.

309 4926 473 4972 carne
500 4922 785 4983 assumpta
809 4913 897 4968 cui
920 4912 1198 4970 Johanncs
1229 4917 1601 4970 testimonium
1627 4917 1893 4987 perhibet,

306 5005 461 5074 juxta
504 5006 641 5060 illud
671 5047 683 5060 .
724 5025 741 5057 ι
777 5005 970 5060 Paravi
1010 5007 1289 5062 lucernam
1306 5006 1526 5062 Christo
1569 5024 1692 5063 meo
1722 5007 1895 5079 (Psal.

311 5095 520 5165 cun).
561 5113 579 5144 ι
613 5092 769 5148 Viam
815 5095 1026 5149 Domini
1050 5096 1255 5166 dirigit,
1286 5098 1380 5166 qui
1415 5096 1659 5153 veritatis
1691 5113 1901 5153 sermo-

314 5202 435 5240 nem
462 5186 746 5241 humiliter
757 5187 928 5241 audit.
957 5185 1112 5241 Viam
1132 5186 1546 5258 Dominidirigit
1568 5188 1660 5257 qui
1686 5188 1752 5243 ad
1769 5204 1901 5260 prae-

310 5290 464 5347 cepta
493 5278 617 5347 ejus
641 5278 807 5331 vitam
856 5287 1146 5351 przparat.
1204 5276 1357 5333 Unde
1405 5277 1581 5332 illud:
1620 5296 1638 5328 ι
1684 5276 1740 5332 Si
1773 5278 1897 5348 quis

306 5370 487 5441 diligit
511 5386 599 5424 me
645 5385 951 5425 sermonem
993 5386 1176 5425 meum
1211 5369 1448 5425 servabit
1479 5368 1659 5439 (Joan.
1692 5372 1826 5441 xw).
1873 5390 1892 5422 ι

389 5480 410 5514 ι
438 5461 503 5515 Et
531 5463 626 5532 qui
660 5463 811 5518 missi
850 5462 1067 5519 fuerant
1091 5472 1248 5517 erant
1276 5479 1342 5518 ex
1372 5462 1684 5517 Pharisaeis.
1711 5461 1777 5517 Et
1811 5463 1896 5517 in-

304 5565 732 5625 terrogaverunt
752 5555 982 5610 eum.Et
1001 5556 1257 5610 dixerunt
1276 5555 1323 5609 ei
1352 5574 1363 5609 :
1389 5556 1529 5621 Quid
1554 5571 1685 5626 ergo
1716 5555 1896 5624 bapti-

302 5661 411 5700 zas
439 5647 485 5701 si
516 5656 574 5699 tu
606 5662 712 5699 non
739 5664 798 5701 es
818 5646 1072 5704 Christus
1094 5662 1272 5716 neque
1288 5646 1434 5711 Elias
1458 5662 1633 5717 neque
1663 5647 1897 5716 prophe-

302 5742 645 5812 ta?1(.loan.
674 5743 736 5811 1.)
766 5741 1065 5798 Audierant
1080 5742 1340 5797 Pharisaei
1365 5742 1417 5796 in
1437 5742 1715 5813 prophetis
1733 5741 1896 5796 Chri-

300 5840 464 5893 stum
478 5841 770 5889 venturum
795 5845 848 5889 ct
859 5835 1281 5907 baptizaturum,
1300 5835 1531 5892 scientes
1542 5835 1703 5892 etiam
1715 5833 1902 5891 Jorda—

2002 4916 2159 4972 Unde
2191 4915 2487 4986 Apostolus
2528 4914 2963 4983 uniuscujusque
2994 4928 3135 4983 opus
3165 4912 3325 4984 quale
3350 4914 3422 4969 sit
3445 4913 3588 4983 ignis

2002 5007 2257 5079 probabit
2283 5004 2338 5076 (Ι
2366 5004 2491 5061 Cor.
2518 5004 2658 5076 111).:
2679 5003 3024 5074 Evangelista
3057 5001 3298 5059 Joannes
3322 5003 3542 5073 scripsit
3568 5023 3583 5058 :

2008 5117 2028 5151 ι
2074 5097 2245 5168 Cujus
2269 5114 2379 5153 non
2419 5113 2544 5154 sum
2591 5098 2790 5169 dignus
2819 5107 2879 5153 ut
2904 5097 3113 5153 solvam
3144 5097 3264 5168 ejus
3292 5099 3594 5170 corrigiam

2002 5191 2354 5248 calceamenti
2381 5191 2561 5262 (Joan.
2598 5192 2692 5260 1),:
2724 5191 2871 5262 quod
2900 5192 2965 5245 ad
3002 5190 3321 5262 mysterium
3352 5199 3582 5263 spectat.

2001 5279 2119 5337 Mos
2150 5282 2293 5352 apud
2316 5292 2525 5339 veteres
2554 5283 2657 5338 fuit
2685 5296 2744 5338 ut
2767 5284 2811 5338 si
2840 5284 2964 5355 quis
2985 5299 3108 5339 eam
3136 5300 3258 5354 quae
3293 5283 3397 5338 sibi
3430 5297 3585 5339 cam-

2004 5381 2209 5442 peteret
2232 5374 2477 5443 accipere
2508 5389 2732 5429 uxorem
2756 5376 2944 5441 nollet,
2970 5375 3058 5430 ille
3080 5375 3130 5430 ei
3157 5374 3586 5430 calceamentum

2006 5467 2241 5522 solveret
2272 5468 2369 5537 qui
2394 5467 2519 5537 jure
2545 5469 2970 5539 propinquitatis
2995 5484 3115 5522 eam
3147 5467 3250 5524 sibi
3286 5466 3586 5537 desponsa-

2005 5567 2105 5613 ret.
2149 5557 2403 5615 Christus
2431 5569 2610 5615 autem
2639 5575 2876 5632 sponsus
2902 5559 3156 5614 Ecclesiae
3179 5556 3300 5623 fuit,
3324 5563 3387 5610 ut
3414 5552 3587 5609 Joan-

2003 5667 2101 5706 nes
2127 5652 2203 5705 ait
2240 5668 2252 5703 :
2295 5669 2313 5702 ι
2357 5650 2461 5717 Qui
2514 5652 2677 5705 habet
2722 5666 2979 5721 sponsam
3024 5663 3260 5718 sponsus
3289 5656 3371 5703 est
3398 5645 3583 5718 (Joan.

2006 5744 2111 5807 ιιι).
2148 5762 2164 5795 ι
2206 5742 2361 5799 Unde
2402 5742 2662 5807 Joannes,
2714 5745 2809 5814 qui
2864 5742 3116 5805 Christus
3171 5755 3295 5797 esse
3354 5738 3593 5810 putaba~

2009 5844 2118 5905 tur,
2151 5846 2294 5892 recte
2328 5851 2385 5892 se
2407 5826 2688 5907 indignum
2719 5849 2838 5891 esse
2865 5832 3148 5890 denuntiat
3171 5831 3236 5893 ad
3264 5830 3617 5899 solvendum
