3964 6460
471 339 579 397 759

1612 331 1937 388 \VlillNElll
1973 331 2268 387 ABBATlS
2309 330 2367 386 S.
2407 330 2631 386 BLASII

3598 345 3680 400 769

458 455 754 525 eorrigiam
785 459 903 525 ejus
946 453 1320 510 calceamenti.
1361 452 1530 520 Quasi
1562 452 1712 506 dicat
1743 469 1756 504 :
1787 448 1901 520 Ego
1935 447 2044 502 Re-
2076 456 2121 512 Α
2147 446 2287 501 dixit
2323 463 2337 501 :
2375 465 2394 500 ‹
2430 445 2883 503 Consummatum
2941 461 3026 506 est
3071 451 3255 521 (Joan.
3309 450 3444 523 xu),
3481 473 3498 504 ι
3527 461 3683 516 omnia

459 543 763 615 demptoris
789 544 1011 614 vestigia
1038 545 1316 598 denudare
1357 557 1466 596 non
1499 541 1674 606 valeo,
1702 540 1830 609 quia
1855 539 2044 608 sponsi

437 649 661 699 nomen
703 635 831 688 mihi
871 650 980 688 non
1033 649 1260 704 usurpo.
1298 633 1392 689 Vel
1418 635 1492 688 ita
1525 649 1536 685 :
1565 632 1947 687 Calceamenta
1976 645 2044 686 ex

456 726 692 780 t..ortuis
717 724 1042 779 animalibus
1069 725 1225 780 ﬁunt.
1257 724 1685 802 Dominus'vero
1719 722 1879 793 quasi
1926 721 2043 780 cal-

451 828 644 872 ceatus
673 816 922 886 apparuit
945 825 1237 887 postquam
1270 832 1489 873 carnem
1515 816 1833 885 assumpsit.
1867 811 2044 883 Hujus

450 906 849 962 incarnationis
874 909 1194 979 mysterium
1224 923 1386 964 nemo
1410 907 1794 977 unusquisque
1831 905 1899 960 ad
1926 904 2042 974 ple-

448 1015 582 1053 num
635 1000 964 1071 investigare
1005 1001 1199 1071 potuit.
1253 1001 1499 1072 Corrigia
1552 998 1904 1054 caleeamenti
1960 1003 2044 1052 est

446 1088 681 1158 ligatura
719 1092 857 1144 tanti
902 1092 1168 1163 mysterii.
1215 1090 1334 1147 Non
1361 1093 1504 1146 valet
1527 1105 1659 1161 ergo
1703 1088 1941 1145 Joannes
1973 1088 2041 1144 ad

445 1181 668 1249 plenum
691 1183 984 1254 corrigiam
1007 1183 1248 1249 solvere,
1273 1199 1395 1254 qua:
1423 1182 1817 1241 incarnationis
1848 1191 2042 1252 myste.

441 1271 589 1326 rium
623 1288 731 1327 non
760 1274 959 1330 sufficit
989 1275 1338 1346 investigare.

523 1383 544 1417 ι
585 1364 758 1434 Cujus
791 1367 1157 1422 ventila'brum
1204 1368 1260 1423 in
1309 1384 1474 1423 manu
1517 1387 1638 1426 sua.
1672 1369 1738 1425 Et
1781 1384 2040 1440 permun-

447 1455 603 1510 dabit
644 1470 826 1513 aream
890 1474 1071 1527 suam,
1110 1467 1167 1516 et
1205 1461 1554 1532 congregabit
1593 1461 1834 1517 triticum
1875 1476 2037 1525 suum

445 1549 502 1602 in
531 1548 788 1604 horreum
814 1589 828 1616 ,
856 1549 1041 1620 paleas
1081 1558 1267 1605 autem
1302 1553 1588 1607 comburet
1615 1551 1725 1623 igni
1775 1551 2038 1606 inexstin-

444 1639 637 1710 guibili
657 1639 839 1710 (Joan.
857 1641 917 1711 ι).
933 1659 952 1693 ι
987 1639 1284 1697 Ventilabri
1311 1659 1449 1712 opus
1477 1652 1561 1698 est
1584 1643 1652 1698 ah
1679 1641 2037 1697 infructuosis

445 1740 727 1785 tructuosa
751 1731 1088 1805 discernere.
1115 1731 1270 1799 Quod
1327 1733 1383 1788 in
1421 1749 1586 1788 manu
1618 1733 1834 1788 Domini
1867 1733 2032 1788 situm

2148 536 2330 592 Veteri
2381 536 2719 594 Testamenti
2764 552 3106 597 sacramenta
3138 545 3301 598 ﬁnem
3345 543 3613 613 accepisse.
3639 559 3684 605 et

2145 627 2282 683 Novi
2311 629 2599 684 exordium
2643 639 2856 701 putant.
2898 631 3254 690 Commodius
3304 645 3482 688 autem
3504 636 3685 698 videtur

2146 729 2206 774 ut
2233 720 2482 776 dicamus
2512 721 2848 792 baptismum
2883 725 3036 794 prius
3069 741 3165 795 per
3192 725 3458 780 Joannem
3477 768 3490 792 ,
3519 728 3684 790 deinde

2145 826 2242 891 per
2264 811 2692 880 Christum,sive
2718 831 2816 886 per
2837 815 3134 886 discipulos
3154 817 3383 883 Christi,
3411 818 3683 888 aliquandiu

2145 903 2344 970 solum,
2373 920 2442 959 ne
2464 921 2492 959 a
2509 907 2908 962 consuetudine
2931 909 3318 964 abhorreretin
3337 925 3494 964 usum
3519 915 3685 981 produ-

2143 1001 2322 1059 ctum;
2352 995 2650 1050 novissime
2674 1005 2877 1064 autem,
2905 999 3125 1061 quando
3144 999 3198 1053 in
3222 1001 3531 1055 universum
3555 1019 3684 1060 mun-

2143 1083 2273 1138 dum
2307 1085 2694 1154 praedicatores
2723 1087 3004 1157 baptizare
3036 1089 3189 1144 missi
3220 1098 3371 1155 sunt,
3404 1093 3686 1159 generaliter

2142 1175 2757 1243 institutum.Videntur
2778 1188 2959 1234 autem
2985 1180 3100 1236 haec
3131 1180 3232 1235 tria
3265 1188 3506 1250 tempora
3526 1183 3686 1238 distin-

2142 1267 2387 1337 guenda:
2413 1267 2659 1324 Primum
2688 1271 2835 1325 enim
2867 1281 2992 1326 ante
3015 1273 3349 1343 baptismum
3377 1275 3688 1332 circumcisio

2142 1361 2255 1416 sola
2288 1371 2490 1417 statum
2517 1362 2728 1427 habuit,
2754 1375 2801 1419 et
2831 1365 3238 1435 suscipiebatur
3268 1367 3335 1422 ad
3369 1366 3684 1438 justiﬁeatio-

2141 1470 2265 1509 nem
2297 1455 2414 1510 sine
2455 1455 2748 1526 baptismo.
2805 1455 3116 1513 Novissime
3169 1468 3352 1513 autem
3402 1475 3542 1514 nunc
3587 1469 3686 1529 post

2139 1545 2616 1602 circumcisionem
2649 1548 2797 1605 solus
2836 1548 3142 1619 baptismus
3182 1558 3387 1604 statum
3438 1549 3605 1616 habet,
3642 1560 3687 1606 et

2138 1638 2446 1694 celebratur
2469 1639 2536 1693 ad
2561 1640 2791 1694 salutem
2825 1641 2944 1696 sine
2975 1641 3426 1702 circumcisione.
3467 1639 3577 1695 Fuit
3602 1657 3688 1696 au-

2136 1738 2243 1786 tem
2272 1740 2485 1800 tempus
2537 1732 2775 1786 medium
2813 1732 3117 1801 quoddam,
3149 1733 3372 1802 quando
3402 1741 3458 1788 et
3489 1733 3687 1788 circum.

440 1822 646 1877 indicat
677 1823 966 1878 arbitrium
1011 1826 1296 1893 potestatis
1320 1826 1666 1882 recondentis
1698 1826 2031 1891 triticum,id
2063 1821 2106 1875 B
2135 1822 2274 1879 cisio
2321 1833 2376 1877 et
2429 1823 2734 1892 baptismus
2784 1824 2948 1878 simul
2991 1833 3394 1884 concurrerunt
3428 1843 3442 1878 :
3485 1825 3687 1902 primum

439 1925 526 1968 est
555 1913 826 1985 perfectos
852 1903 1065 1972 fructus
1100 1918 1442 1972 credentium
1481 1919 1536 1973 in
1571 1919 1815 1986 horreis;
1846 1919 2032 1989 paleas

437 2020 588 2072 vero,
609 2006 662 2060 id
688 2018 766 2063 est
793 2007 1193 2064 infructuosam
1229 2009 1514 2064 hominum
1537 2011 1878 2077 inanitatem,
1908 2011 2032 2080 igne

433 2097 626 2167 judieii
654 2097 1079 2164 concremantis.
1105 2097 1208 2152 Per
1225 2099 1588 2160 ventilabrum
1611 2101 1870 2165 discretio
1896 2102 2030 2171 justi

438 2187 729 2254 examinis,
760 2203 856 2258 per
878 2202 1063 2241 aream
1086 2203 1216 2243 vero
1249 2203 1492 2258 praesens
1531 2188 1775 2245 Ecclesia
1824 2191 2029 2262 ﬁgura-

433 2289 547 2334 tur.
582 2279 753 2350 Cujus
780 2297 922 2336 areae
961 2281 1212 2353 purgatio
1242 2283 1406 2338 etiam
1453 2286 1602 2338 nunc
1631 2285 1870 2353 geritur,
1901 2299 2026 2338 cum

432 2373 677 2442 perversi
708 2373 779 2427 ob
802 2373 1090 2431 manifesta
1112 2385 1333 2445 peccata
1361 2375 1428 2430 de
1447 2373 1692 2436 Ecclesia
1709 2375 2024 2445 ejiciuntur,

435 2462 524 2516 vel
577 2471 704 2532 post
754 2473 986 2531 mortem
1046 2465 1231 2528 divina
1280 2466 1624 2522 districtione
1674 2465 2026 2534 damnantur.

431 2552 580 2609 Inter
605 2555 788 2625 paleas
819 2565 872 2611 et
898 2556 1107 2612 zizania
1135 2557 1341 2627 distat,
1383 2559 1515 2630 quia
1557 2559 1726 2630 paleae
1752 2575 1783 2614 a
1815 2561 2026 2614 semine

429 2647 558 2720 puri
590 2647 757 2705 tritici
783 2649 1092 2721 prodeunt;
1133 2651 1345 2722 zizania
1384 2665 1515 2706 vero
1579 2667 1611 2704 a
1661 2649 1874 2706 diversa
1911 2651 2025 2719 ori-

430 2742 562 2813 gine
589 2753 968 2812 procreantur.
1025 2742 1170 2814 Ergo
1205 2743 1373 2812 paleae
1407 2741 1721 2811 significant
1760 2741 1884 2796 illos
1927 2740 2022 2810 qui

428 2831 558 2888 ﬁdei
600 2836 876 2905 mysteriis
907 2834 1251 2900 imbuuntur,
1300 2834 1393 2888 sed
1433 2833 1651 2887 levitate
1681 2832 1920 2903 perﬁdia:
1954 2830 2023 2886 ab

435 2923 628 2979 electis
650 2925 1016 2991 dissentiunt;
1053 2923 1263 2979 zizania
1286 2923 1406 2978 illos
1429 2923 1522 2994 qui
1545 2937 1709 2994 opere
1731 2931 1781 2976 et
1810 2919 2022 2992 profes-

431 3014 587 3072 sione
611 3016 681 3070 ab
705 3017 893 3072 electis
922 3026 1303 3072 secernuntur.
1344 3013 1409 3069 lli
1445 3015 1750 3070 ventilabro
1775 3014 1881 3070 hoc
1909 3029 2018 3068 non

432 3117 806 3174 removentur,
842 3108 937 3177 qui
972 3107 1086 3180 jam
1122 3107 1352 3179 judicati
1403 3116 1561 3172 sunt;
1593 3107 1687 3162 sed
1712 3107 1881 3180 paleae
1901 3115 2020 3160 tan-

427 3207 548 3253 tum
571 3199 922 3254 ventilantur.

509 3311 528 3344 ‹
562 3290 728 3347 Multa
783 3293 1009 3369 quidem
1037 3303 1092 3349 et
1134 3294 1240 3350 alia
1277 3295 1577 3354 exhortans
1612 3292 2023 3364 evangelizabat

429 3384 654 3454 populo.
674 3382 798 3440 Haec
822 3385 874 3439 in
898 3384 1160 3440 Bethania
1191 3384 1334 3442 facta
1366 3395 1498 3442 sunt
1523 3395 1674 3441 trans
1699 3383 2016 3452 Iordanem,

431 3481 526 3534 ubi
541 3479 904 3537 eratJoannes
921 3481 1215 3555 baptizans
1235 3482 1468 3554 (ibid.).t
1495 3481 1759 3536 Bethania
1786 3481 1914 3536 villa
1936 3489 2021 3536 est

430 3573 488 3626 in
509 3574 750 3628 secundo
780 3575 848 3628 ab
867 3573 1016 3629 llelia
1043 3573 1298 3628 milliario
1315 3574 1368 3638 in
1396 3575 1561 3630 latere
1587 3571 2014 3640 montisOliveti,

428 3663 525 3716 ubi
586 3661 836 3717 Salvator
888 3663 1131 3733 Lazarus
1184 3665 1487 3720 suscitavit.
1532 3664 1676 3720 Bene
1709 3680 2018 3735 praeeursor

429 3752 651 3807 Domini
677 3754 850 3808 nostri
880 3754 936 3809 in
959 3755 1233 3810 Bethania
1256 3756 1457 3810 dicitur
1501 3756 1828 3826 baptizasse.
1877 3755 2014 3812 Nam

427 3843 696 3899 Bethania
720 3846 907 3899 domus
933 3847 1243 3902 obedientia:
1277 3848 1684 3916 interpretatur,
1714 3856 1773 3902 ut
1795 3846 2018 3901 demon-

429 3943 569 3990 stret
598 3951 696 4004 per
737 3937 1102 3994 obedientiam
1137 3938 1262 3994 ﬁdei
1288 3955 1479 3994 omnes
1509 3938 1576 3994 ad
1606 3938 1811 4008 Christi
1840 3939 2016 4016 bapti-

429 4043 550 4082 sma
573 4022 771 4085 debere
795 4031 1099 4102 pervenire.

427 4141 507 4197 De
551 4158 610 4198 eo
658 4143 870 4214 quando
911 4146 1160 4216 coeperint
1211 4146 1444 4217 homines
1484 4145 1713 4217 obligari
1756 4155 2014 4216 praecepto

483 4233 485 4236 ‘
902 4217 1224 4286 percipiendi
1248 4216 1529 4286 baptisma.
1601 4216 1604 4217 ⁷
2017 4219 2019 4223 ’

499 4302 777 4368 Quaeritur
797 4307 1018 4377 quando
1033 4307 1344 4364 institutum
1369 4307 1440 4362 sit
1465 4317 1808 4363 sacramenta
1839 4307 2015 4378 bapti-

429 4398 556 4464 smi,
584 4413 650 4453 ex
675 4414 787 4468 quo
813 4398 1070 4469 deinceps
1087 4399 1430 4474 licitumjnon
1445 4399 1547 4454 fuit
1563 4400 1694 4455 illud
1719 4401 2010 4471 negligere,

2135 1913 2514 1980 circumcisio,
2574 1923 2634 1970 ut
2683 1917 2952 1981 ﬁniretur,
2981 1916 3162 1982 aliud,
3193 1917 3247 1972 id
3274 1926 3360 1977 est
3398 1916 3688 1986 baptismus,

2135 2015 2195 2060 ut
2232 2007 2669 2063 continuaretur.
2729 2007 2984 2078 Oportuit
3030 2009 3176 2064 enim
3235 2019 3293 2064 ut
3345 2016 3405 2063 et
3459 2008 3542 2063 illa
3589 2024 3690 2080 qua:

2133 2097 2369 2152 ﬁnienda
2382 2106 2538 2152 erant
2561 2114 2907 2168 nequaquam
2932 2100 3113 2153 subito
3131 2100 3688 2169 velprzecipitarentur,

2132 2192 2225 2246 sed
2258 2191 2541 2261 paulatim,
2575 2201 2628 2246 et
2683 2192 2838 2261 quasi
2877 2207 3002 2246 cum
3038 2192 3274 2262 quadam
3308 2191 3600 2254 reverentia
3621 2191 3690 2244 di-

2131 2283 2497 2347 mitterentur,
2533 2291 2590 2336 ut
2619 2283 3042 2336 ostenderentur
3089 2283 3230 2336 bona
3275 2281 3454 2337 fuisse
3484 2290 3692 2351 tempore

2129 2389 2253 2441 suo,
2288 2384 2341 2428 et
2377 2373 2632 2428 similiter
2663 2389 2785 2442 qua:
2815 2373 3120 2442 incipienda
3168 2384 3326 2428 erant
3375 2389 3489 2427 non
3534 2372 3692 2427 subito

2127 2465 2182 2520 in
2218 2466 2600 2531 auctoritatem
2653 2475 3093 2530 assumerentur,
3146 2465 3240 2520 sed
3283 2481 3413 2519 cum
3476 2479 3613 2518 mora
3647 2473 3693 2530 et

2127 2557 2392 2628 gravitate
2418 2555 2815 2612 inchoarenlvr
2897 2571 2965 2610 ne
2996 2557 3147 2611 velut
3172 2556 3387 2622 aliena,
3421 2566 3476 2609 et
3501 2565 3690 2625 prepter

2124 2663 2240 2703 rem
2283 2648 2503 2704 aliunde
2541 2647 2761 2703 inducta
2810 2648 2994 2704 subito
3030 2657 3375 2718 putarentur.
3417 2645 3506 2702 Illa
3541 2646 3688 2717 igitur

2125 2740 2352 2797 dimissa
2383 2749 2536 2817 sunt,
2559 2756 2667 2795 non
2691 2740 2955 2811 projecta,
2985 2741 3034 2796 id
3065 2751 3149 2803 est
3172 2741 3274 2796 ista
3294 2741 3540 2795 instituta
3561 2749 3692 2801 sunt,

2123 2847 2235 2887 non
2261 2843 2521 2903 usurpata
2557 2852 2569 2888 :
2611 2841 2668 2888 ut
2698 2833 2870 2888 divini
2919 2833 3134 2888 consilii
3175 2833 3481 2888 auctoritas
3516 2831 3694 2901 ubique

2123 2935 2438 2994 servaretur
2461 2968 2481 3002 ,j
2517 2934 2571 2982 et
2601 2927 2839 2981 humana
2892 2927 3178 2996 causatio,
3211 2942 3279 2980 ne
3320 2926 3510 2980 divina
3547 2938 3693 2995 Opera

2121 3017 2518 3088 reprehendere
2566 3019 2822 3085 auderet,
2869 3029 3231 3086 amoveretur.
3280 3018 3554 3086 Quamvis.
3581 3032 3699 3088 ergo

2125 3111 2180 3166 in
2219 3110 2476 3180 passione
2511 3110 2748 3179 Christi,
2801 3128 2898 3184 per
2943 3127 3108 3183 quam
3153 3120 3540 3167 consummata
3584 3120 3698 3165 sunt

2124 3199 2308 3254 omnia
2334 3241 2348 3264 ,
2381 3203 2580 3257 veteris
2607 3202 2794 3273 ﬁgurae
2821 3213 2996 3257 status
3023 3203 3186 3256 tinem
3229 3202 3443 3272 accepit
3466 3244 3482 3269 ,
3505 3210 3558 3256 et
3585 3201 3700 3265 novi

2124 3293 2440 3353 constitutio
2464 3295 2792 3358 sacramenti
2823 3295 3134 3365 exordium,
3177 3303 3289 3348 tum
3329 3302 3383 3355 et
3421 3295 3581 3364 prius
3602 3293 3698 3346 ali-

2123 3394 2330 3456 quanto
2351 3393 2596 3455 tempore
2635 3394 2688 3440 et
2719 3402 2859 3441 nova
2895 3385 3149 3453 inchoata
3193 3395 3322 3441 sunt
3363 3388 3428 3440 ad
3483 3400 3702 3441 consue-

2121 3477 2386 3544 tudinem,
2413 3486 2468 3532 et
2498 3487 2680 3532 vetera
2720 3479 3069 3548 postmodum
3115 3477 3439 3548 aliquandiu
3485 3477 3702 3534 tolerata

2121 3569 2421 3634 secundum
2471 3569 2954 3640 dispensationem.
2989 3570 3251 3625 Similiter
3298 3585 3433 3640 ergo
3492 3569 3702 3624 fuerunt

2121 3669 2350 3731 utraque
2373 3671 2615 3731 tempore
2640 3662 2752 3729 illo,
2782 3663 2892 3717 sive
2917 3671 3052 3717 ante.
3065 3662 3399 3732 passionem,
3422 3663 3543 3718 sive
3565 3669 3699 3731 post,

2119 3755 2188 3808 ab
2203 3771 2268 3808 eo
2290 3754 2510 3826 quando
2540 3755 2792 3824 inchoata
2825 3764 2953 3809 sunt
2980 3754 3703 3825 nova,donecfpostmodum

2118 3854 2301 3901 vetera
2344 3853 2472 3900 sunt
2499 3845 2806 3913 interdicta.
2863 3843 2931 3898 Et
2974 3844 3028 3898 in
3061 3844 3166 3899 isto
3224 3844 3406 3898 medio
3465 3854 3702 3912 tempore

2118 3936 2263 4006 quod
2291 3935 2393 3990 fuit
2423 3937 2725 4005 baptismus
2755 3919 2880 3994 cum
2911 3935 3338 3990 circumcisione
3368 3935 3440 3990 ab
3478 3933 3707 3989 inchoae

2117 4027 2264 4100 tione
2295 4043 2394 4083 sua
2423 4043 2597 4100 usque
2619 4028 2686 4082 ad
2713 4027 3030 4099 passionem
3057 4027 3293 4100 Christi,
3316 4027 3424 4082 hoc
3467 4025 3575 4081 fuit
3600 4025 3702 4080 cir-

2117 4120 2380 4185 cumcisio
2421 4136 2545 4176 eum
2595 4119 2909 4191 baptismo,
2962 4127 3088 4190 post
3136 4118 3454 4196 passionem
3501 4116 3709 4181 Christi

2116 4225 2292 4281 usque
2325 4211 2394 4266 ad
2420 4210 2554 4267 illud
2581 4223 2799 4280 tempus
2828 4224 2943 4280 quo.
2985 4210 3100 4280 ipsa
3155 4209 3512 4264 circumcisio
3544 4206 3706 4275 coepit

2114 4304 2414 4376 prohiberi.
2455 4303 2608 4370 Sicut
2634 4305 2780 4358 enim
2812 4310 2939 4358 ante
2967 4301 3283 4373 passionem
3312 4301 3430 4372 ipsa
3465 4297 3714 4357 circum-_

2115 4395 2253 4452 cisio
2299 4397 2354 4450 in
2389 4404 2534 4475 statu
2571 4409 2674 4450 suo
2717 4393 2785 4449 ad
2837 4395 3140 4449 remedium
3194 4393 3624 4463 suscipiebatur,
3654 4397 3708 4442 et

428 4485 650 4558 quando
681 4489 814 4545 illud
842 4490 1121 4561 suscipere
1138 4491 1380 4546 debitum
1405 4491 1526 4548 fuit.
1552 4491 1618 4546 Et
1640 4502 1768 4549 sunt
1789 4493 2010 4562 quidem
2043 4502 2088 4556 Β
2117 4497 2298 4541 tamen
2329 4495 2460 4549 tunc
2484 4485 2647 4540 ﬁliam
2701 4484 3009 4558 baptismus.
3035 4485 3155 4540 sine
3206 4484 3456 4555 periculo
3511 4481 3709 4538 salutis

429 4597 598 4652 super
619 4583 723 4638 hoc
738 4583 967 4640 diversae
984 4584 1224 4654 plurium
1247 4587 1659 4641 aestimationes.
1689 4585 1794 4640 Alii
1821 4587 2011 4643 dicunt

427 4689 494 4728 ex
525 4689 592 4729 eo
623 4675 934 4730 institutum
965 4677 1298 4746 baptismum
1325 4678 1469 4748 quod
1497 4676 1751 4733 Christus
1780 4677 2013 4734 Nicode—

429 4780 518 4819 mo
558 4779 719 4822 nocte
747 4767 816 4833 ad
839 4782 897 4823 se
926 4767 1163 4823 venienti
1206 4770 1429 4824 modum
1461 4785 1615 4825 novze
1645 4771 2012 4841 regeneratioo

430 4857 515 4910 nis
540 4857 828 4914 insinuans
864 4859 940 4915 ait
970 4878 983 4915 :
1009 4877 1028 4912 ‹
1066 4858 1180 4916 Nisi
1207 4861 1330 4928 quis
1356 4870 1578 4917 renatus
1605 4860 1764 4918 fuerit
1784 4879 1848 4918 ex
1868 4879 2013 4934 aqua

425 4955 483 5000 et
536 4946 742 5016 Spiritu
781 4957 990 5017 sancto,
1044 4966 1154 5005 non
1202 4959 1379 5021 potest
1406 4953 1591 5009 videre
1633 4969 1857 5024 regnum
1912 4953 2006 5010 Dei

426 5036 611 5108 (Joan.
672 5039 837 5119 111).»
883 5041 989 5095 Alii
1053 5042 1244 5098 dicunt
1296 5043 1695 5099 institutionem
1753 5045 2009 5114 baptismi

425 5147 493 5185 ex
541 5146 608 5185 eo
673 5130 965 5203 incmpisse
1028 5149 1139 5203 quo
1197 5133 1450 5189 Christus
1523 5143 1648 5204 post
1727 5150 2010 5191 resurrec-

428 5222 632 5276 tionem
678 5236 832 5276 suam
881 5223 936 5278 in
987 5223 1186 5279 coelum
1223 5239 1554 5280 ascensurus
1607 5224 1911 5296 discipulos
1939 5225 2009 5279 ad

426 5314 831 5385 praedicandum
891 5315 1082 5383 misit,
1120 5326 1129 5386 ε
1144 5316 1374 5372 dicens:
1406 5334 1424 5367 ε
1459 5315 1535 5371 lte
1580 5317 1768 5373 docete
1817 5333 2009 5374 omnes

427 5415 616 5476 gentes
652 5407 1065 5477 baptizantesin
1087 5410 1310 5466 nomine
1335 5409 1536 5476 Patris,
1583 5421 1636 5466 et
1661 5410 1780 5465 Filii
1807 5421 1858 5467 et
1887 5410 2009 5481 Spi-

428 5499 567 5555 ritus
598 5499 773 5555 sancti
808 5497 1025 5570 (Matth.
1055 5500 1271 5569 xxviii).
1303 5520 1322 5553 ι
1350 5499 1584 5567 Quidam
1611 5499 2009 5557 institutionem

427 5590 679 5662 baptismi
700 5607 765 5646 ex
789 5606 855 5647 eo
878 5591 1111 5661 coepisse
1140 5593 1493 5662 putantquod
1515 5591 1754 5648 Joannes
1785 5593 1838 5648 in
1867 5608 2008 5662 aqua

427 5687 708 5760 baptizare
733 5687 917 5756 coepit,
947 5686 1252 5757 praedicans
1286 5686 1690 5767 baptizat'urum
1736 5687 1792 5742 in
1831 5687 2006 5758 Spiri-

428 5791 541 5835 tum
597 5777 814 5851 (Matth.
845 5778 946 5850 In).
978 5781 1083 5835 Alii
1123 5781 1174 5836 in
1217 5780 1471 5851 passione
1507 5773 1730 5850 Christi,
1788 5776 2007 5852 quando

2113 4595 2225 4636 non
2255 4577 2704 4648 contemnebatur
2753 4577 2823 4631 ab
2862 4575 2948 4631 his
3002 4567 3230 4646 quibus.
3262 4575 3712 4646 praedicabatur,

2114 4672 2187 4739 ita
2211 4680 2332 4741 post
2353 4670 2661 4744 passionem
2705 4669 3035 4742 baptismus,
3050 4669 3303 4738 quamvis
3333 4668 3389 4722 in
3419 4674 3577 4722 statu
3612 4679 3712 4719 suo

2113 4763 2512 4833 suscipiebatur
2555 4761 2622 4816 ad
2659 4760 2925 4826 salutem,
2967 4769 3020 4815 et
3061 4768 3245 4814 tamen
3301 4768 3435 4814 tunc
3463 4759 3723 4812 circnma

2111 4858 2250 4924 cisio
2295 4857 2412 4912 sine
2451 4839 2934 4930 periculo'salulis
2979 4868 3085 4908 non
3125 4851 3598 4907 contemnebatur
3648 4848 3717 4902 ab

2111 4950 2199 5009 his
2231 4948 2432 5019 quibus
2462 4946 2587 5001 ﬁnis
2615 4945 2733 5015 ejus
2758 4944 3005 5000 nondum
3028 4942 3521 5017 manifestabatur.
3551 4940 3724 4995 Post-

2111 5057 2276 5114 quam
2298 5049 2482 5095 autem
2506 5026 2714 5093 dictum
2740 5047 2823 5093 est
2849 5056 2862 5092 :
2895 5056 2913 5088 ι
2948 5036 3003 5091 Si
3032 5033 3530 5109 circumcidimini,
3550 5031 3723 5087 Chri-

2111 5141 2230 5188 stus
2259 5130 2416 5186 nobis
2445 5130 2582 5184 nihil
2617 5128 2838 5203 prodest
2873 5125 3077 5201 (Galat.
3112 5126 3189 5197 v),
3236 5145 3256 5178 ι
3286 5126 3402 5196 jam
3433 5124 3727 5193 deinceps

2109 5241 2222 5280 non
2254 5231 2466 5294 poterat
2495 5219 2843 5295 circumcisio
2866 5219 2934 5273 ad
2988 5218 3222 5292 salutem
3256 5215 3465 5287 percipi
3493 5257 3512 5282 ,
3567 5214 3727 5268 sicut

2108 5317 2282 5389 prius,
2344 5324 2629 5386 postquam
2685 5313 2893 5368 dictum
2929 5309 3106 5373 fuerat
3154 5328 3167 5364 :
3218 5308 3572 5387 «Masculus
3628 5323 3734 5361 cu-

2106 5412 2198 5482 jus
2254 5423 2384 5464 caro
2417 5405 2664 5478 praeputii
2718 5404 3040 5475 circumcisa
3089 5390 3204 5472 non
3255 5401 3437 5487 fuerit,
3508 5401 3733 5470 peribit

2111 5501 2295 5558 anima
2327 5500 2419 5556 illa
2451 5499 2519 5554 de
2545 5498 2746 5569 populo
2778 5512 2879 5551 suo
2909 5494 3061 5567 (Gen.
3101 5493 3258 5566 xvii).
3294 5512 3314 5546 ι
3356 5491 3479 5546 Νοη
3535 5493 3741 5562 potuit

2110 5593 2460 5652 circumcisio
2486 5591 2556 5647 ab
2585 5592 2672 5648 his
2706 5591 2972 5646 duntaxat
3005 5587 3202 5659 quibus
3235 5586 3490 5656 injuncta
3529 5586 3738 5639 fuerat

2111 5687 2229 5744 sine
2273 5685 2514 5758 periculo
2558 5685 2752 5740 salutis
2799 5681 3092 5739 contemni.
3130 5677 3370 5734 Rursum
3417 5676 3741 5746 quemad-

2109 5780 2332 5838 modum
2376 5779 2429 5834 in
2465 5777 2734 5850 principio
2765 5775 3066 5846 baptismus
3097 5790 3126 5830 a
3148 5772 3355 5831 Joanne
3383 5768 3751 5840 secundum.
