3964 6444
211 343 290 398 761
1121 336 1697 396 DEFLORATiONES
1736 339 1836 396 SS.
1879 339 2188 397 PATRL'M.
2223 375 2290 383 ——
2331 338 2461 396 LIB.
2501 338 2540 394 Ι.

3349 344 3454 404 763

209 455 363 511 solum
387 464 796 509 sacramentum
823 451 1052 506 dabatur
1078 492 1094 518 ,
1151 460 1209 505 ut
1248 450 1304 505 hi
1333 451 1426 521 qui
1454 450 1765 520 baptizandi
1797 460 1844 515 Α
1872 463 1955 509 est
1980 469 2211 508 numero
2237 454 2422 524 utique
2454 453 2722 508 malorum
2766 453 3011 507 omnium
3045 461 3099 508 et
3131 453 3450 512 inﬁdelium.

211 561 350 602 usum
384 561 495 598 non
531 553 793 602 noverant
816 544 1185 607 erudirentur,
1235 543 1316 598 sic
1369 543 1421 598 in
1474 545 1774 602 novissimo

211 653 237 692 a
275 634 606 708 quibusdam
669 635 918 707 ﬁdelibus
973 634 1322 690 circumcisio
1377 635 1775 705 dispensatorie

213 727 497 786 secundum
543 728 720 782 solum
767 737 1170 782 sacramentum
1221 726 1656 797 suscipiebatur,
1708 743 1777 782 ne

213 822 259 876 hi
298 820 386 891 qui
426 819 747 874 circumcidi
794 828 1192 874 consueverant
1241 820 1770 875 scandalizarentur.

290 914 366 966 De
407 914 636 966 adventu
679 921 729 966 et
773 912 838 966 de
885 913 1144 983 qualitate
1189 895 1427 983 personae
1456 913 1680 983 judicts.

273 1004 453 1058 «Cum
485 1003 696 1058 venerit
740 1002 910 1059 Filius
962 1004 1200 1060 hominis
1245 1006 1301 1060 in
1343 1006 1514 1076 gloria
1567 1023 1688 1071 sua,
1724 1016 1779 1063 et

212 1109 385 1151 omnes
409 1091 588 1164 angeli
615 1109 738 1148 cum
757 1108 843 1160 eo,
861 1102 989 1149 tunc
1006 1096 1480 1166 congregabuntur
1506 1106 1630 1151 ante
1650 1113 1775 1151 eum

211 1201 385 1242 omnes
408 1195 597 1256 gentes
624 1183 843 1255 (Matth.
877 1186 1059 1254 xxv)»
1090 1187 1498 1255 (.Accusrtxus.)
1525 1186 1775 1244 EtJudari

210 1279 395 1350 quippe
414 1277 510 1346 qui
540 1277 592 1331 in
617 1276 823 1332 malitia
851 1289 1284 1346 perseverantes,
1334 1277 1389 1332 in
1438 1279 1531 1332 illo
1567 1279 1776 1347 judicio

209 1370 455 1442 puniendi
497 1378 646 1434 sunt,
689 1368 830 1424 sicut
863 1369 993 1423 alibi
1043 1369 1252 1423 dictum
1279 1377 1362 1424 est
1398 1388 1412 1424 :
1458 1389 1476 1421 ‹
1507 1369 1779 1425 Videbunt

209 1463 256 1518 in
280 1478 442 1533 quem
474 1470 819 1533 pupugerunt
845 1459 1026 1531 (Joan.
1056 1462 1194 1530 xix).
1231 1480 1249 1512 ι
1282 1460 1419 1516 Cum
1461 1462 1606 1516 enim
1644 1462 1774 1516 boni

207 1561 253 1609 et
276 1553 400 1607 mali
434 1553 604 1608 visuri
632 1552 1013 1622 suntjudicem
1048 1552 1294 1606 vivorum
1325 1561 1378 1608 et
1409 1561 1774 1620 mortuorum,

207 1646 385 1718 procul
433 1646 602 1700 dubio
651 1646 796 1700 enim
829 1645 1010 1700 videre
1043 1646 1170 1699 mali
1204 1662 1312 1700 non
1344 1654 1635 1716 poterunt,
1670 1646 1775 1702 nisi

207 1739 368 1793 solam
399 1737 631 1791 formam
661 1753 768 1806 qua
811 1737 955 1791 ﬁlius
990 1737 1228 1793 hominis
1255 1747 1367 1804 est;
1394 1738 1487 1792 sed
1513 1747 1690 1793 tamen
1717 1739 1771 1794 in

1879 545 2031 600 Visio
2058 546 2147 601 illa
2190 545 2309 600 Filii
2357 547 2614 610 hominis,
2647 562 2746 600 nec
2793 545 2997 600 bonum
3019 546 3124 600 erit
3153 546 3334 616 impiis
3358 548 3454 616 qui

1877 641 2162 694 mittentur
2197 639 2250 694 in
2284 640 2463 709 ignem
2487 648 2773 706 azternum,
2807 655 2906 694 nec
2936 655 3214 694 summum
3241 641 3449 694 bonum

1875 733 1981 787 erit
2003 733 2187 802 justis.
2220 731 2416 786 Adhuc
2445 733 2589 785 enim
2622 740 2783 785 vocat
2809 746 2903 786 eos
2950 731 3015 785 ad
3048 747 3274 802 regnum
3303 733 3453 802 quod

1875 826 1958 882 eis
1991 833 2240 896 paratum
2269 833 2354 880 est
2390 825 2459 879 ab
2501 825 2658 878 initio
2707 825 2917 879 mundi.
2972 823 3126 879 Sicut
3153 823 3299 878 enim
3348 823 3456 878 illis

1877 917 2017 973 dicet
2053 935 2065 971 :
2099 935 2116 968 ι
2150 915 2224 970 Ite
2250 916 2302 969 in
2337 915 2514 986 ignem
2542 923 2805 968 internum
2834 913 3054 983 (Matth.
3091 916 3219 983 xxv)
3258 932 3277 965 ι
3324 931 3336 965 :
3375 911 3456 966 sic

1872 1011 2039 1082 justis
2073 1029 2087 1066 :
2127 1029 2146 1063 ‹
2186 1009 2410 1076 Venite,
2441 1008 2706 1062 benedicti
2753 1007 2929 1062 Patris
2983 1006 3128 1072 mei,
3182 1005 3457 1075 possidete

1878 1113 2127 1172 paratum
2156 1102 2312 1156 vobis
2354 1117 2582 1172 regnum
2610 1099 2811 1170 (ibid.).
2856 1118 2875 1151 ι
2905 1097 2970 1152 Ει
3007 1098 3148 1153 sicut
3183 1097 3260 1151 illi
3299 1097 3457 1152 ibunt

1877 1193 1933 1248 in
1965 1192 2403 1248 combustionem
2443 1200 2722 1254 aeternam,
2753 1189 2834 1243 sic
2856 1189 2989 1258 justi
3024 1188 3077 1241 in
3107 1188 3269 1241 vitam
3299 1197 3458 1241 teter-

1878 1300 2027 1340 nam.
2062 1283 2204 1350 Quid
2243 1291 2327 1338 est
2357 1291 2538 1336 autem
2571 1282 2678 1334 vita
2705 1289 2906 1334 aeterna
2952 1278 3060 1333 nisi
3089 1287 3148 1332 ut
3192 1293 3457 1347 recogno-

1879 1386 2035 1432 scant
2081 1385 2174 1439 te,
2215 1375 2412 1444 inquit,
2452 1390 2621 1427 unum
2669 1371 2839 1426 Deum
2890 1371 3073 1424 vivum
3101 1411 3116 1436 ,
3176 1378 3231 1424 et
3291 1385 3456 1438 quem

1879 1467 2078 1523 misisti
2132 1464 2318 1521 Jesum
2372 1465 2653 1518 Christum
2714 1461 2897 1534 (Joau.
2924 1463 3057 1531 xvn)
3095 1481 3108 1516 :
3141 1461 3236 1516 sed
3268 1461 3319 1514 in
3366 1460 3456 1515 illa

1879 1557 2160 1618 claritate,
2193 1555 2260 1610 de
2302 1570 2412 1625 qua
2446 1553 2580 1608 dicit
2606 1552 2752 1607 Patri
2797 1571 2810 1606 :
2849 1572 2868 1604 ι
2905 1552 3081 1619 Quam
3120 1552 3286 1606 habui
3315 1552 3458 1621 apud

1881 1658 1930 1704 te
1958 1647 2277 1718 priusquam
2318 1645 2557 1700 mundus
2597 1644 2750 1699 tieret
2796 1644 3001 1714 (ibid.).
3038 1663 3056 1694 ›
3105 1642 3259 1698 Tunc
3310 1645 3458 1698 enim

1878 1740 2055 1795 tradet
2084 1753 2309 1810 regnum
2339 1736 2450 1792 Deo
2480 1748 2534 1791 et
2574 1735 2758 1804 Patri,
2793 1745 2853 1792 ut
2875 1736 3038 1790 intret
3067 1751 3258 1791 servus
3281 1736 3460 1792 bonus

206 1831 442 1886 claritate
477 1831 531 1884 in
565 1846 670 1900 qua
711 1829 1006 1899 judicabit,
1037 1839 1092 1884 et
1125 1830 1193 1884 -in
1242 1830 1548 1886 humilitate
1577 1831 1631 1885 in
1665 1849 1773 1902 qna
1806 1811 1848 1866 Β
1878 1832 1932 1888 in
1973 1831 2232 1903 gaudium
2279 1828 2498 1884 Domini
2536 1827 2643 1883 sui.

199 1924 466 1995 judicatus
487 1931 588 1977 est.
619 1920 738 1975 Non
762 1922 909 1976 enim
934 1921 1128 1976 iterum
1157 1921 1410 1976 Christus
1434 1923 1485 1977 in
1511 1938 1672 1977 cruce
1695 1923 1775 1977 vi-

203 2014 403 2069 dendus
424 2023 524 2068 est.
554 2013 818 2068 Caeterum
845 2011 990 2066 illam
1019 2012 1110 2068 Dei
1135 2012 1364 2066 formam
1396 2012 1450 2066 in
1473 2029 1776 2083 quamqua-

203 2105 264 2159 lis
295 2115 380 2160 est
413 2104 591 2170 Patri,
623 2105 812 2174 procul
835 2103 1002 2158 dubio
1028 2103 1179 2173 impii
1206 2119 1314 2157 non
1345 2101 1624 2157 videbunt.
1654 2102 1774 2158 Non

203 2197 495 2250 enimsunt
545 2195 932 2251 ntundicordes
983 2195 1077 2265 qui
1134 2194 1310 2259 beati,
1362 2194 1621 2263 quoniam
1668 2194 1774 2264 ipsi

202 2285 1247 2355 Deumvidcbunt?(.!Iatth.v.)jAlioquin
1263 2285 1307 2340 si
1322 2283 1492 2340 Filius
1507 2284 1596 2353 Dei
1609 2285 1775 2354 judex

201 2377 252 2440 in
280 2377 457 2432 forma
491 2376 546 2430 in
577 2393 684 2447 qua
733 2377 960 2448 aequalis
989 2389 1071 2430 est
1101 2375 1281 2443 Patri,
1315 2387 1366 2431 et
1412 2376 1596 2446 impiis
1648 2392 1772 2431 cum

197 2468 536 2540 judicaturus
567 2477 652 2524 est
679 2468 991 2538 apparebit,
1023 2468 1153 2538 quid
1179 2466 1427 2538 estquod
1453 2484 1550 2538 pro
1577 2483 1776 2537 magno

200 2559 443 2615 dilectori
481 2576 582 2616 suo
610 2560 894 2630 pollicetur
919 2559 1108 2614 dicens
1143 2577 1155 2612 :
1188 2579 1206 2610 ι
1242 2558 1354 2631 Ego
1377 2559 1597 2630 diligam
1624 2576 1774 2628 eum,

198 2661 246 2708 et
275 2653 560 2707 cstendam
593 2652 860 2721 meipsum
893 2651 968 2705 illi
1003 2649 1186 2721 (Joun.
1216 2653 1349 2721 xiv).
1385 2671 1402 2704 ι
1439 2650 1778 2724 Quapropter

199 2741 368 2799 Filius
398 2743 638 2798 hominis
669 2744 1015 2812 judicaturus
1056 2752 1160 2808 est,
1215 2758 1314 2801 nec
1365 2752 1546 2798 tamen
1577 2759 1644 2799 ex
1676 2744 1778 2798 hu.

202 2849 358 2888 mana
393 2844 683 2904 potestate,
734 2835 826 2890 sed
859 2851 923 2888 ex
959 2850 1022 2892 ea
1047 2851 1153 2906 qua
1187 2834 1357 2892 Filius
1389 2835 1482 2890 Dei
1515 2843 1617 2890 est.
1667 2835 1774 2893 Ita-

201 2941 302 2994 que
333 2935 625 2995 utrumque
647 2926 753 2980 dici
783 2934 961 2996 potest
993 2945 1006 2980 :
1037 2935 1091 2980 et
1136 2925 1311 2981 Filius
1363 2926 1608 2982 hominis
1635 2926 1777 2997 judi-

204 3018 370 3082 cabit,
419 3026 474 3071 et
527 3034 634 3072 non
682 3017 850 3078 Filius
883 3017 1120 3073 hominis
1145 3019 1433 3089 judicabit,
1484 3029 1543 3074 ut
1589 3035 1776 3074 verum

2400 1933 2600 1974 DIVISIO
2639 1933 2910 1973 SERIIONIS.

1944 2012 2121 2078 Nunc,
2147 2009 2508 2074 dilectissimi,
2539 2009 2682 2064 diem
2715 2008 2906 2064 mortis
2934 2015 3137 2063 nostra:
3167 2016 3221 2062 et
3253 2007 3458 2062 adven-

1876 2113 1991 2160 tum
2028 2103 2244 2158 Domini
2275 2101 2447 2156 nostri
2470 2099 2598 2156 Jcsu
2620 2099 2826 2155 Christi
2874 2108 2930 2154 et
2975 2099 3214 2154 terribile
3246 2113 3310 2154 ac
3341 2115 3460 2154 mc-
3560 2170 3570 2178 .

1875 2197 2136 2254 tuendum
2159 2195 2427 2266 judicium
2457 2194 2578 2264 ejus
2613 2192 2930 2247 studeamus
2959 2191 3164 2262 jugiter
3187 2196 3454 2262 cogitare.

1874 2289 1956 2342 Ad
1993 2288 2237 2342 omnium
2273 2287 2418 2341 enim
2465 2295 2812 2356 peccatorum
2848 2285 3068 2338 vulnera
3101 2284 3250 2338 nulla
3303 2284 3458 2338 inve-

1875 2380 1983 2436 niri
2017 2387 2246 2450 possunt
2279 2379 2494 2432 utiliora
2524 2377 2783 2443 remedia,
2807 2391 2971 2446 quam
3001 2385 3059 2430 ut
3084 2375 3462 2446 unusquisque

1876 2471 2076 2540 cogitet
2125 2469 2318 2524 horam
2370 2469 2538 2533 illam,
2579 2467 2800 2538 quando
2843 2467 2947 2521 erit
2993 2465 3061 2520 de
3109 2466 3212 2520 hoc
3259 2466 3461 2520 saeculo

1876 2563 2230 2632 migraturus.
2263 2559 2550 2627 Quomodo
2595 2559 2740 2614 enim
2791 2567 2970 2629 potest
3007 2557 3124 2612 fieri
3166 2567 3224 2612 ut
3261 2557 3461 2626 aliquis

1877 2654 2060 2725 gravia
2071 2661 2286 2723 peccata
2302 2659 2592 2722 praesumat
2603 2651 2900 2720 suscipere,
2915 2648 3132 2719 quando
3143 2664 3200 2702 se
3215 2664 3466 2702 momen-

1876 2745 1947 2801 tis
1975 2745 2206 2815 singulis
2245 2743 2416 2798 credit
2440 2742 2507 2796 de
2533 2743 2636 2796 hac
2676 2742 2796 2795 luce
2823 2755 2986 2810 posse
3012 2739 3268 2808 migrare.
3310 2737 3466 2793 Sicut

1875 2839 2020 2895 enim
2066 2847 2121 2894 et
2160 2837 2441 2908 Scriptura
2468 2836 2598 2891 dicit
2629 2853 2644 2890 :
2675 2853 2694 2888 ι
2727 2834 3021 2900 Memento,
3053 2832 3150 2897 (ili,
3198 2833 3461 2902 quoniatn

1877 2946 2028 2985 mors
2054 2945 2164 2984 non
2188 2929 2424 2984 tardabit
2455 2927 2626 2996 (Eccl.
2657 2926 2826 2995 ιιγ),»
2857 2933 2912 2980 et
2938 2925 3071 2980 illud
3103 2942 3118 2978 :
3149 2943 3169 2976 ι
3191 2923 3467 2980 Memento

1878 3023 2309 3080 novissimorum
2362 3030 2605 3088 tuorum,
2635 3029 2691 3076 et
2742 3018 2960 3076 desines
3002 3019 3274 3075 inimicari
3311 3017 3461 3090 (Ec-

208 3109 274 3163 sit
335 3108 479 3178 quod
540 3109 614 3163 ait
649 3130 662 3164 :
740 3129 757 3161 ι
795 3110 931 3166 Cum
1011 3111 1216 3166 venerit
1272 3110 1443 3170 Filius
1497 3111 1773 3180 hominis,
1804 3155 1847 3210 c
1879 3117 1968 3175 cli.
2009 3116 2159 3187 Vll),l
2204 3115 2298 3186 qui
2332 3113 2478 3170 enim
2521 3112 2812 3184 diligenter
2839 3111 3088 3176 attendit,
3119 3126 3285 3182 quam
3316 3111 3464 3178 idura

214 3212 334 3259 tunc
395 3206 870 3276 congrcgabunlut‘
920 3216 1046 3264 ante
1105 3221 1232 3274 eum
1281 3222 1476 3268 omnes
1529 3219 1716 3278 gentes
1754 3229 1772 3262 ι

213 3305 262 3348 et
301 3310 404 3349 non
437 3295 608 3351 Filius
646 3298 1198 3368 hominisjudicabit,
1231 3309 1291 3353 ut
1318 3314 1507 3354 verum
1541 3300 1613 3355 sit
1634 3301 1782 3370 quod

217 3387 287 3438 ait
334 3405 348 3441 :
399 3406 417 3437 ι
468 3386 581 3459 Ego
609 3404 716 3442 non
753 3389 940 3458 judico
974 3388 1155 3457 (Joan.
1187 3389 1248 3460 ι),
1285 3410 1303 3442 ι
1337 3399 1390 3445 et
1420 3405 1434 3443 :
1475 3409 1493 3442 ‹
1533 3390 1642 3461 Ego
1673 3408 1782 3446 non

219 3495 389 3546 qumro
436 3480 660 3550 gloriam
712 3497 926 3548 meam,
959 3491 1043 3536 est
1095 3483 1191 3552 qui
1236 3491 1446 3551 quaerat
1485 3491 1539 3537 et
1574 3483 1784 3554 judicet

221 3570 404 3640 (ibid.).
438 3570 573 3628 Nam
621 3573 920 3627 secundum
980 3573 1085 3627 hoc
1130 3572 1274 3643 quod
1327 3572 1382 3639 in
1421 3572 1630 3643 judicio
1673 3590 1783 3629 non

219 3659 379 3717 forma
405 3662 528 3729 Dei,
568 3664 662 3718 sed
711 3663 886 3717 forma
922 3663 1044 3718 Filii
1073 3664 1312 3722 hominis
1355 3665 1656 3735 apparebit,
1687 3681 1784 3721 nec

219 3750 324 3819 ipse
347 3752 498 3808 Pater
516 3754 786 3824 judicabit
804 3773 816 3808 :
836 3754 1134 3809 secundum
1152 3756 1255 3810 hoc
1277 3755 1422 3810 enim
1453 3755 1657 3809 dictum
1669 3764 1782 3820 est:

216 3841 364 3902 Pater
388 3861 490 3899 non
515 3845 784 3915 judicabit
808 3862 1160 3916 quemquam,
1207 3847 1299 3903 sed
1329 3862 1490 3901 omne
1515 3845 1781 3921 judicium

213 3933 354 4000 dedit
391 3934 550 3991 Filio.
619 3935 930 3994 Secundum
988 3947 1170 3991 autem
1230 3937 1374 4005 quod
1403 3937 1606 3991 dictum
1647 3944 1734 3992 est
1767 3953 1784 4000 ε,

219 4047 238 4088 t
277 4028 417 4084 Dedit
451 4029 612 4084 Pater
640 4027 776 4084 Filio
796 4030 958 4083 vitam
991 4029 1191 4084 habere
1214 4029 1266 4082 in
1287 4029 1578 4098 semetipso
1602 4026 1781 4100 (Joau.

214 4121 267 4189 ν)
287 4139 300 4174 :
320 4139 337 4172 ι
370 4137 473 4175 non
503 4122 690 4192 utique
720 4121 920 4176 dicitur
945 4139 957 4174 :
983 4119 1265 4174 Paternon
1293 4119 1563 4189 judicahit
1590 4136 1785 4190 quem-

214 4227 389 4279 quam;
417 4214 506 4269 sed
523 4214 824 4270 secundum
853 4213 952 4268 hoc
973 4212 1116 4282 quod
1138 4213 1404 4282 aequalem
1420 4211 1574 4266 Pater
1600 4211 1784 4283 genuit

216 4302 428 4371 Filium,
453 4307 726 4376 judicabit
756 4321 881 4360 cum
913 4305 1025 4360 illo.
1060 4303 1372 4362 Secundum
1412 4304 1514 4360 hoc
1538 4320 1668 4374 ergo
1699 4303 1784 4358 di-

217 4407 356 4451 ctum
391 4410 490 4465 est,
515 4399 660 4469 quod
686 4400 738 4452 in
765 4398 974 4468 judicio
1005 4413 1113 4450 non
1146 4395 1319 4449 forma
1353 4394 1580 4460 Dci,sed
1611 4395 1788 4453 forma

1882 3209 1987 3266 erit
2027 3205 2360 3263 examinatio
2416 3214 2542 3260 ante
2602 3204 2841 3259 tribunal
2887 3203 3136 3268 Christi,
3205 3202 3294 3258 ubi
3361 3217 3461 3257 re-

1884 3310 2142 3372 cepturus
2153 3308 2236 3356 est
2258 3299 2635 3370 unusquisque
2660 3296 2958 3353 secundum
2977 3311 3142 3366 opera
3157 3311 3278 3359 sua,
3292 3309 3397 3348 non
3409 3292 3464 3349 ei

1884 3407 2142 3468 poterunt
2164 3395 2380 3465 placere
2406 3401 2626 3464 peccata
2655 3392 2738 3447 vel
2785 3391 3018 3447 crimina
3050 3389 3292 3460 propria.
3321 3386 3462 3442 Cum

1885 3487 2028 3542 enim
2047 3495 2172 3542 ante
2199 3485 2349 3540 illum
2379 3481 2719 3540 tremendum
2737 3481 2975 3552 judicem
2989 3490 3328 3550 congregata:
3340 3475 3464 3532 {ue-

1886 3580 1996 3634 rint
2021 3594 2210 3634 omnes
2237 3585 2423 3648 gentes
2447 3574 2664 3646 (Matth.
2691 3575 2866 3643 xxtv),
2911 3573 3041 3642 quid
3084 3581 3215 3626 tunc
3246 3570 3351 3626 erit
3381 3571 3473 3624 in-t

1882 3669 2068 3739 justis,
2105 3678 2158 3724 et
2182 3667 2464 3728 adulteris,
2501 3665 2754 3731 ebriosis,
2777 3673 2942 3735 atque
2965 3661 3310 3732 raptoribus?
3339 3659 3466 3715 Fle-

1889 3770 1977 3816 tus
1999 3761 2281 3818 oculorum
2327 3767 2381 3814 et
2409 3757 2613 3812 stridor
2657 3757 2925 3822 dentium,
2971 3770 3095 3810 cum
3147 3763 3472 3809 sanctorum

1887 3852 2289 3907 multitudinem
2318 3850 2386 3905 ad
2415 3849 2692 3904 dexteram
2729 3849 2893 3917 regis,
2929 3857 2983 3902 et
3014 3846 3083 3902 ad
3125 3846 3353 3916 gloriam
3381 3859 3469 3900 so-

1888 3951 2182 4014 gregatam,
2201 3949 2545 4012 peccatorum
2569 3939 2829 4008 populum
2853 3937 2908 3992 in
2927 3937 3255 4008 profundum
3277 3935 3466 3990 tartari

1889 4034 2008 4089 sine
2063 4033 2172 4087 ulla
2226 4031 2598 4087 miserationis
2627 4045 2691 4084 ac
2714 4029 2886 4082 veniae
2911 4043 3006 4098 spe
3027 4027 3349 4085 dimersum.
3381 4041 3470 4080 re-

1889 4122 2032 4178 cludi
2065 4138 2124 4177 se
2177 4121 2228 4174 in
2273 4118 2516 4174 tenebris
2558 4117 2675 4172 suis
2707 4133 2738 4170 a
2775 4115 2932 4170 beata
2982 4123 3297 4170 sanctorum
3345 4115 3469 4168 luce

1889 4215 2142 4279 viderint,
2187 4221 2242 4268 et
2284 4213 2337 4266 in
2380 4208 2711 4280 profundum
2761 4206 2959 4262 inferni
3007 4205 3358 4269 descendere,
3412 4213 3470 4259 et

1891 4322 2055 4381 super
2077 4321 2135 4360 se
2166 4311 2444 4374 urgentem
2481 4316 2544 4356 os
2570 4316 2730 4355 suum
2763 4307 3007 4370 puteum,
3029 4305 3229 4352 aitet-na
3261 4295 3468 4364 suppli-

1891 4399 1973 4462 cia
2003 4407 2058 4454 et
2085 4406 2397 4469 perpetuam
2429 4404 2662 4450 mortem
2692 4391 2943 4448 morituri
2971 4389 3300 4460 aspexerint.
3328 4386 3470 4441 Fru-

219 4494 310 4547 lilii
344 4493 572 4547 hominis
615 4491 913 4561 apparebit.
952 4487 1066 4542 Non
1090 4488 1498 4557 quiajudicabit
1521 4488 1614 4556 qui
1638 4488 1785 4542 dedit
1819 4487 1861 4541 Ι)
1890 4501 2002 4546 stra
2030 4492 2283 4562 pauperis
2323 4505 2486 4560 quem
2529 4489 2583 4542 in
2616 4488 2721 4542 hac
2755 4486 2868 4540 vita
2907 4483 3152 4554 despexit
3191 4487 3467 4552 peccator,

220 4601 371 4640 omne
391 4584 653 4655 judicium
687 4581 844 4646 Filio,
879 4596 1002 4634 cum
1029 4579 1096 4633 de
1119 4579 1210 4632 illo
1235 4579 1381 4632 dicat
1410 4577 1582 4633 Filius
1609 4618 1622 4632 .
1648 4597 1665 4628 ‹
1693 4577 1788 4634 Est

221 4678 309 4746 qui
337 4687 533 4748 quierat
561 4684 615 4730 et
643 4675 866 4743 judicet:
907 4693 923 4724 ι
961 4673 1056 4728 sed
1087 4673 1159 4728 ita
1192 4672 1395 4736 dictum
1423 4683 1507 4725 est
1539 4690 1595 4725 ε(
1628 4670 1788 4726 Pater

223 4785 327 4823 non
349 4769 548 4839 judicat
594 4781 949 4838 quemquam,
979 4768 1074 4818 sed
1110 4778 1271 4823 omne
1319 4762 1588 4832 judicium
1639 4763 1788 4817 dedit

224 4860 355 4916 Filio
390 4892 408 4915 ι
443 4881 458 4916 :
490 4878 553 4918 ac
579 4861 628 4916 si
649 4860 894 4913 diceret:
935 4855 1154 4911 Patrem
1185 4870 1346 4916 nemo
1375 4855 1579 4910 videbit
1611 4855 1666 4908 in
1692 4855 1786 4924 ju-

223 4951 359 5006 dicio
379 4958 619 5007 vivorum
638 4961 692 5006 ct
707 4959 1070 5013 mortuorum,
1087 4947 1180 5002 sed
1203 4962 1394 5001 omnes
1420 4946 1640 5012 Filium,
1658 4947 1787 5016 quia

220 5052 278 5099 et
299 5046 430 5100 ﬁlius
453 5045 694 5100 hominis
719 5053 825 5106 est,
855 5049 916 5095 ut
949 5040 1124 5110 possit
1147 5047 1201 5093 et
1225 5038 1294 5101 ab
1349 5039 1530 5108 impiis
1592 5040 1786 5108 videri,

219 5149 342 5192 cum
358 5140 493 5195 etilli
521 5135 802 5200 videbunt,
833 5133 887 5187 in
899 5147 1059 5202 quem
1081 5139 1452 5202 pupugerunt.
1468 5129 1640 5188 Omne
1659 5148 1789 5202 ergo

216 5222 362 5284 dedit
383 5229 646 5300 judicium
683 5207 852 5291 Filio,
885 5223 1013 5295 quia
1036 5222 1206 5293 judex
1237 5223 1292 5277 in
1320 5221 1495 5278 forma
1543 5224 1640 5279 lilii
1687 5225 1788 5279 ho.-

209 5321 379 5382 llinis
403 5324 718 5397 apparebit,
754 5336 877 5393 quae
918 5317 1094 5374 forma
1132 5331 1242 5372 non
1289 5325 1372 5371 est
1414 5315 1592 5373 Patris
1616 5359 1636 5384 ,
1691 5319 1787 5374 sed

207 5407 358 5485 Filii,
381 5434 478 5476 nec
495 5434 558 5474 ea
577 5416 702 5473 Filii
725 5417 780 5472 in
799 5429 908 5486 qua
927 5411 1156 5482 aequalis
1186 5417 1270 5464 est
1293 5407 1462 5476 Patri,
1476 5410 1568 5465 sed
1595 5411 1648 5464 in
1679 5427 1787 5482 qua

203 5504 392 5566 minor
412 5521 494 5568 est
523 5511 703 5577 Patre,
723 5517 782 5563 ut
805 5508 877 5562 sit
906 5505 960 5560 in
981 5500 1194 5574 judicio
1220 5499 1381 5555 bonis
1404 5508 1458 5554 ct
1480 5500 1638 5556 malis
1657 5517 1797 5560 con-..

193 5596 451 5690 Sficuus.
483 5603 716 5672 Quando
736 5610 915 5656 autem
942 5597 1179 5669 judicem
1210 5593 1469 5650 videbunt
1498 5595 1647 5661 mali,
1678 5611 1786 5650 non

185 5682 293 5738 eis
339 5694 607 5750 videbitur
634 5691 843 5754 bonus,
872 5687 997 5758 quia
1027 5699 1134 5740 non
1177 5683 1244 5738 ad
1292 5699 1419 5739 eum
1474 5682 1788 5752 gaudebunt

177 5785 408 5864 (οἰόθι
433 5787 532 5844 sed
563 5794 694 5842 tunc
714 5783 969 5870 plangent
992 5793 1048 5834 se
1080 5790 1272 5832 omnes
1303 5775 1478 5834 tribus
1510 5784 1665 5834 terra:
1692 5791 1704 5828 :
1733 5775 1786 5830 id

1889 4582 2317 4637 misericordiam
2356 4579 2670 4651 postulabit,
2701 4576 2904 4632 frustra
2931 4583 3235 4630 extremum
3274 4567 3472 4628 Lazari

1887 4675 2141 4744 digitum,
2169 4691 2279 4744 quo
2316 4673 2516 4728 ardens
2544 4671 2918 4741 refrigeretur,
2950 4665 3276 4722 ardentibus
3308 4661 3471 4716 μιῆς

1889 4767 2101 4837 rogabit
2123 4765 2342 4836 apponi,
2375 4779 2499 4820 cum
2538 4763 2668 4817 velit
2705 4761 2873 4815 miser
2895 4773 3024 4815 cum
3058 4757 3333 4828 justorum
3365 4753 3474 4807 hu-.

1890 4857 2208 4925 miliumque
2235 4868 2533 4924 pauperum
2566 4851 2736 4906 laetari
2759 4849 2954 4920 gloria,
2992 4862 3131 4914 quos
3152 4845 3289 4900 vidit
3313 4841 3481 4907 duris,

1888 4946 2165 5018 quondam
2210 4942 2546 5014 paupertatis
2578 4938 2920 5008 subjacuisse
2968 4935 3269 5000 laboribus,
3299 4942 3354 4988 et
3377 4933 3478 5000 illa.

1889 5041 2065 5095 invita
2089 5053 2198 5108 qua
2223 5052 2348 5092 cum
2378 5035 2495 5092 vita
2516 5033 2827 5088 moriuntur
2853 5029 2995 5084 mala
3019 5037 3291 5098 portasse,
3311 5041 3377 5081 ne
3401 5025 3481 5094 adt

1889 5133 1975 5197 illa
1989 5140 2191 5186 :etcrna
2202 5141 2537 5183 mererentur
2549 5123 2809 5193 supplicia
2819 5121 3119 5192 pervenire.
3137 5118 3176 5173 U
3187 5129 3344 5189 tergo
3357 5119 3482 5173 haec

1887 5233 2000 5280 tam
2037 5223 2195 5287 dura,
2223 5229 2277 5275 et
2305 5228 2416 5274 tam
2444 5215 2706 5272 terribilia
2735 5221 2862 5268 ante
2901 5211 3140 5268 tribunal
3171 5209 3358 5264 aeterni
3380 5208 3480 5276 jur.

1887 5315 2024 5371 dicis
2046 5312 2236 5369 audire
2260 5326 2369 5366 non
2397 5321 2726 5373 mereamur,
2741 5305 2870 5360 dum
2899 5304 3079 5358 adhuc
3109 5301 3254 5365 licet,
3270 5307 3325 5353 et
3341 5311 3472 5357 cum

1891 5407 1984 5462 Dei
2007 5403 2279 5475 adjutorio
2309 5404 2364 5456 in
2394 5407 2659 5470 potestate
2693 5404 2882 5452 nostra
2925 5403 3030 5459 est,
3058 5391 3472 5445 consideremus

1889 5495 2256 5553 conscientias.
2272 5500 2509 5558 nostras,
2527 5497 2581 5544 et
2602 5487 2650 5543 si
2679 5486 2860 5557 aliqua
2889 5482 3117 5538 crimina
3139 5479 3223 5532 vel
3249 5484 3470 5546 peccata

1889 5588 2160 5659 capitalia,
2180 5584 2411 5640 necdum
2425 5576 2787 5649 eleemosynis
2800 5584 2856 5630 et
2883 5569 3222 5628 orationibus
3242 5572 3470 5636 purgata

1890 5683 1942 5736 in
1996 5679 2172 5743 nobis,
2225 5676 2406 5731 adhuc
2457 5667 2732 5728 dominari
2781 5662 3188 5736 cognoscimus,
3244 5664 3470 5743 portum

1893 5741 2244 5844 poenitentiae,
2281 5761 2508 5822 devictis
2552 5763 2901 5834 peccatorum
2947 5749 3220 5814 ﬂuctibus,
3249 5741 3481 5819 Christo
