  <div class='ocr_page' id='page_1' title='image "/cluster/home/n/w/nwhite01/storage/ocr_20150623/157/hvd.32044010248185/387.png"; bbox 0 0 3964 6440; ppageno 0'>
   <div class='ocr_carea' id='block_1_1' title="bbox 516 363 619 420">
    <p class='ocr_par' dir='ltr' id='par_1_1' title="bbox 516 363 619 420">
     <span class='ocr_line' id='line_1_1' title="bbox 516 363 619 420; baseline 0.029 -3"><span class='ocrx_word' id='word_1_1' title='bbox 516 363 619 420; x_wconf 71' lang='lat'><strong>765</strong></span> 
     </span>
    </p>
   </div>
   <div class='ocr_carea' id='block_1_2' title="bbox 1680 347 3752 411">
    <p class='ocr_par' dir='ltr' id='par_1_2' title="bbox 1680 347 3752 411">
     <span class='ocr_line' id='line_1_2' title="bbox 1680 347 3752 411; baseline -0.002 -5"><span class='ocrx_word' id='word_1_2' title='bbox 1680 349 2005 406; x_wconf 74' lang='lat' dir='ltr'><strong>WERNERI</strong></span> <span class='ocrx_word' id='word_1_3' title='bbox 2043 347 2338 406; x_wconf 81' lang='lat' dir='ltr'><strong>ABDATIS</strong></span> <span class='ocrx_word' id='word_1_4' title='bbox 2378 348 2435 405; x_wconf 88' lang='lat' dir='ltr'><strong>S.</strong></span> <span class='ocrx_word' id='word_1_5' title='bbox 2476 348 2699 404; x_wconf 82' lang='lat' dir='ltr'><strong>BLASll</strong></span> <span class='ocrx_word' id='word_1_6' title='bbox 3677 352 3752 411; x_wconf 66' lang='grc' dir='ltr'><strong>ται</strong></span> 
     </span>
    </p>
   </div>
   <div class='ocr_carea' id='block_1_3' title="bbox 513 460 3751 547">
    <p class='ocr_par' dir='ltr' id='par_1_3' title="bbox 513 460 3751 547">
     <span class='ocr_line' id='line_1_3' title="bbox 513 460 3751 547; baseline -0.002 -18"><span class='ocrx_word' id='word_1_7' title='bbox 513 475 845 547; x_wconf 76' lang='lat' dir='ltr'><strong>gubernante</strong></span> <span class='ocrx_word' id='word_1_8' title='bbox 871 472 1189 527; x_wconf 85' lang='lat' dir='ltr'><strong>festinemus</strong></span> <span class='ocrx_word' id='word_1_9' title='bbox 1227 468 1452 521; x_wconf 84' lang='lat' dir='ltr'><strong>intrare.</strong></span> <span class='ocrx_word' id='word_1_10' title='bbox 1497 463 1564 518; x_wconf 82' lang='lat' dir='ltr'><strong>Et</strong></span> <span class='ocrx_word' id='word_1_11' title='bbox 1601 464 1645 518; x_wconf 85' lang='lat' dir='ltr'><strong>si</strong></span> <span class='ocrx_word' id='word_1_12' title='bbox 1686 462 1832 533; x_wconf 88' lang='lat' dir='ltr'><strong>quod</strong></span> <span class='ocrx_word' id='word_1_13' title='bbox 1866 468 1918 516; x_wconf 89' lang='lat' dir='ltr'><strong>lu</strong></span> <span class='ocrx_word' id='word_1_14' title='bbox 1949 462 2099 516; x_wconf 85' lang='lat' dir='ltr'><strong>navi-</strong></span> <span class='ocrx_word' id='word_1_15' title='bbox 2128 467 2173 525; x_wconf 80' lang='grc' dir='ltr'>Α</span> <span class='ocrx_word' id='word_1_16' title='bbox 2204 461 2307 517; x_wconf 81' lang='lat' dir='ltr'><strong>Sed</strong></span> <span class='ocrx_word' id='word_1_17' title='bbox 2337 460 2473 515; x_wconf 89' lang='lat' dir='ltr'><strong>forte</strong></span> <span class='ocrx_word' id='word_1_18' title='bbox 2496 462 2715 531; x_wconf 86' lang='lat' dir='ltr'><strong>quando</strong></span> <span class='ocrx_word' id='word_1_19' title='bbox 2746 466 3067 534; x_wconf 85' lang='lat' dir='ltr'><strong>generaliter</strong></span> <span class='ocrx_word' id='word_1_20' title='bbox 3087 473 3281 519; x_wconf 84' lang='lat' dir='ltr'><strong>omnes</strong></span> <span class='ocrx_word' id='word_1_21' title='bbox 3307 478 3371 517; x_wconf 79' lang='lat' dir='ltr'><strong>ao</strong></span> <span class='ocrx_word' id='word_1_22' title='bbox 3407 460 3751 534; x_wconf 77' lang='lat' dir='ltr'><strong>pcenitentiau</strong></span> 
     </span>
    </p>
   </div>
   <div class='ocr_carea' id='block_1_4' title="bbox 512 554 2094 624">
    <p class='ocr_par' dir='ltr' id='par_1_4' title="bbox 512 554 2094 624">
     <span class='ocr_line' id='line_1_4' title="bbox 512 554 2094 624; baseline -0.011 -2"><span class='ocrx_word' id='word_1_23' title='bbox 512 567 636 622; x_wconf 85' lang='lat' dir='ltr'><strong>cula</strong></span> <span class='ocrx_word' id='word_1_24' title='bbox 678 566 873 620; x_wconf 78' lang='lat' dir='ltr'><strong>animae</strong></span> <span class='ocrx_word' id='word_1_25' title='bbox 920 571 1120 616; x_wconf 72' lang='lat' dir='ltr'><strong>nostrae</strong></span> <span class='ocrx_word' id='word_1_26' title='bbox 1172 558 1360 613; x_wconf 90' lang='lat' dir='ltr'><strong>multis</strong></span> <span class='ocrx_word' id='word_1_27' title='bbox 1402 554 1816 624; x_wconf 83' lang='lat' dir='ltr'><strong>tempestatibus</strong></span> <span class='ocrx_word' id='word_1_28' title='bbox 1851 562 2094 622; x_wconf 89' lang='lat' dir='ltr'><strong>peccato-</strong></span> 
     </span>
    </p>
   </div>
   <div class='ocr_carea' id='block_1_5' title="bbox 513 648 2093 721">
    <p class='ocr_par' dir='ltr' id='par_1_5' title="bbox 513 648 2093 721">
     <span class='ocr_line' id='line_1_5' title="bbox 513 648 2093 721; baseline -0.007 -10"><span class='ocrx_word' id='word_1_29' title='bbox 513 673 658 721; x_wconf 91' lang='lat' dir='ltr'><strong>rum,</strong></span> <span class='ocrx_word' id='word_1_30' title='bbox 688 663 782 709; x_wconf 91' lang='lat' dir='ltr'><strong>aut</strong></span> <span class='ocrx_word' id='word_1_31' title='bbox 806 668 900 721; x_wconf 91' lang='lat' dir='ltr'><strong>per</strong></span> <span class='ocrx_word' id='word_1_32' title='bbox 921 649 1231 720; x_wconf 84' lang='lat' dir='ltr'><strong>superbiam</strong></span> <span class='ocrx_word' id='word_1_33' title='bbox 1280 648 1536 711; x_wconf 85' lang='lat' dir='ltr'><strong>fractum,</strong></span> <span class='ocrx_word' id='word_1_34' title='bbox 1568 655 1663 702; x_wconf 92' lang='lat' dir='ltr'><strong>aut</strong></span> <span class='ocrx_word' id='word_1_35' title='bbox 1685 662 1779 717; x_wconf 91' lang='lat' dir='ltr'><strong>per</strong></span> <span class='ocrx_word' id='word_1_36' title='bbox 1805 648 2093 702; x_wconf 75' lang='lat' dir='ltr'><strong>avaritiam</strong></span> 
     </span>
    </p>
   </div>
   <div class='ocr_carea' id='block_1_6' title="bbox 514 738 2096 815">
    <p class='ocr_par' dir='ltr' id='par_1_6' title="bbox 514 738 2096 815">
     <span class='ocr_line' id='line_1_6' title="bbox 514 738 2096 815; baseline -0.005 -15"><span class='ocrx_word' id='word_1_37' title='bbox 514 755 753 815; x_wconf 90' lang='lat' dir='ltr'><strong>ruptum,</strong></span> <span class='ocrx_word' id='word_1_38' title='bbox 778 751 872 796; x_wconf 90' lang='lat' dir='ltr'><strong>aut</strong></span> <span class='ocrx_word' id='word_1_39' title='bbox 908 757 1003 811; x_wconf 90' lang='lat' dir='ltr'><strong>per</strong></span> <span class='ocrx_word' id='word_1_40' title='bbox 1027 740 1302 794; x_wconf 79' lang='lat' dir='ltr'><strong>luxuriam</strong></span> <span class='ocrx_word' id='word_1_41' title='bbox 1330 738 1631 794; x_wconf 87' lang='lat' dir='ltr'><strong>resolutum</strong></span> <span class='ocrx_word' id='word_1_42' title='bbox 1661 753 1784 794; x_wconf 90' lang='lat' dir='ltr'><strong>esse</strong></span> <span class='ocrx_word' id='word_1_43' title='bbox 1816 738 2096 809; x_wconf 89' lang='lat' dir='ltr'><strong>cognosci-</strong></span> 
     </span>
    </p>
   </div>
   <div class='ocr_carea' id='block_1_7' title="bbox 512 828 2096 903">
    <p class='ocr_par' dir='ltr' id='par_1_7' title="bbox 512 828 2096 903">
     <span class='ocr_line' id='line_1_7' title="bbox 512 828 2096 903; baseline -0.002 -14"><span class='ocrx_word' id='word_1_44' title='bbox 512 852 656 899; x_wconf 87' lang='lat' dir='ltr'><strong>mus,</strong></span> <span class='ocrx_word' id='word_1_45' title='bbox 683 848 992 903; x_wconf 85' lang='lat' dir='ltr'><strong>conponere</strong></span> <span class='ocrx_word' id='word_1_46' title='bbox 1020 832 1104 887; x_wconf 84' lang='lat' dir='ltr'><strong>vel</strong></span> <span class='ocrx_word' id='word_1_47' title='bbox 1127 847 1384 902; x_wconf 88' lang='lat' dir='ltr'><strong>reparare</strong></span> <span class='ocrx_word' id='word_1_48' title='bbox 1407 830 1566 885; x_wconf 91' lang='lat' dir='ltr'><strong>bonis</strong></span> <span class='ocrx_word' id='word_1_49' title='bbox 1587 830 1843 900; x_wconf 85' lang='lat' dir='ltr'><strong>operibus</strong></span> <span class='ocrx_word' id='word_1_50' title='bbox 1873 828 2096 886; x_wconf 77' lang='lat' dir='ltr'><strong>festine-</strong></span> 
     </span>
    </p>
   </div>
   <div class='ocr_carea' id='block_1_8' title="bbox 404 923 2091 995">
    <p class='ocr_par' dir='ltr' id='par_1_8' title="bbox 404 923 2091 995">
     <span class='ocr_line' id='line_1_8' title="bbox 404 923 2091 995; baseline -0.002 -15"><span class='ocrx_word' id='word_1_51' title='bbox 404 931 411 936; x_wconf 87' lang='lat'><strong>&#39;</strong></span> <span class='ocrx_word' id='word_1_52' title='bbox 510 943 653 981; x_wconf 88' lang='lat' dir='ltr'><strong>mus.</strong></span> <span class='ocrx_word' id='word_1_53' title='bbox 674 924 1001 980; x_wconf 86' lang='lat' dir='ltr'><strong>Studeamus</strong></span> <span class='ocrx_word' id='word_1_54' title='bbox 1011 925 1216 995; x_wconf 90' lang='lat' dir='ltr'><strong>jugiter</strong></span> <span class='ocrx_word' id='word_1_55' title='bbox 1225 924 1484 979; x_wconf 89' lang='lat' dir='ltr'><strong>vitiorum</strong></span> <span class='ocrx_word' id='word_1_56' title='bbox 1498 924 1787 979; x_wconf 81' lang='lat' dir='ltr'><strong>exhaurire</strong></span> <span class='ocrx_word' id='word_1_57' title='bbox 1800 923 2091 977; x_wconf 90' lang='lat' dir='ltr'><strong>sentinam.</strong></span> 
     </span>
    </p>
   </div>
   <div class='ocr_carea' id='block_1_9' title="bbox 507 1014 2091 1086">
    <p class='ocr_par' dir='ltr' id='par_1_9' title="bbox 507 1014 2091 1086">
     <span class='ocr_line' id='line_1_9' title="bbox 507 1014 2091 1086; baseline -0.001 -16"><span class='ocrx_word' id='word_1_58' title='bbox 507 1015 626 1071; x_wconf 88' lang='lat' dir='ltr'><strong>Non</strong></span> <span class='ocrx_word' id='word_1_59' title='bbox 649 1017 793 1071; x_wconf 89' lang='lat' dir='ltr'><strong>enim</strong></span> <span class='ocrx_word' id='word_1_60' title='bbox 822 1024 1044 1086; x_wconf 88' lang='lat' dir='ltr'><strong>peccata</strong></span> <span class='ocrx_word' id='word_1_61' title='bbox 1072 1025 1270 1072; x_wconf 86' lang='lat' dir='ltr'><strong>nocent</strong></span> <span class='ocrx_word' id='word_1_62' title='bbox 1308 1015 1603 1086; x_wconf 78' lang='lat' dir='ltr'><strong>praeterita,</strong></span> <span class='ocrx_word' id='word_1_63' title='bbox 1636 1014 1683 1070; x_wconf 88' lang='lat' dir='ltr'><strong>si</strong></span> <span class='ocrx_word' id='word_1_64' title='bbox 1715 1030 1824 1068; x_wconf 89' lang='lat' dir='ltr'><strong>non</strong></span> <span class='ocrx_word' id='word_1_65' title='bbox 1857 1014 2091 1085; x_wconf 88' lang='lat' dir='ltr'><strong>placent.</strong></span> 
     </span>
    </p>
   </div>
   <div class='ocr_carea' id='block_1_10' title="bbox 510 1106 2095 1178">
    <p class='ocr_par' dir='ltr' id='par_1_10' title="bbox 510 1106 2095 1178">
     <span class='ocr_line' id='line_1_10' title="bbox 510 1106 2095 1178; baseline 0.001 -17"><span class='ocrx_word' id='word_1_66' title='bbox 510 1107 832 1162; x_wconf 87' lang='lat' dir='ltr'><strong>Sieuteuim</strong></span> <span class='ocrx_word' id='word_1_67' title='bbox 878 1108 1011 1162; x_wconf 89' lang='lat' dir='ltr'><strong>nulli</strong></span> <span class='ocrx_word' id='word_1_68' title='bbox 1049 1108 1326 1178; x_wconf 87' lang='lat' dir='ltr'><strong>justurum</strong></span> <span class='ocrx_word' id='word_1_69' title='bbox 1374 1107 1573 1163; x_wconf 88' lang='lat' dir='ltr'><strong>sullicit</strong></span> <span class='ocrx_word' id='word_1_70' title='bbox 1614 1106 1862 1177; x_wconf 90' lang='lat' dir='ltr'><strong>justitia,</strong></span> <span class='ocrx_word' id='word_1_71' title='bbox 1910 1106 1957 1161; x_wconf 91' lang='lat' dir='ltr'><strong>si</strong></span> <span class='ocrx_word' id='word_1_72' title='bbox 1985 1122 2095 1162; x_wconf 90' lang='lat' dir='ltr'><strong>non</strong></span> 
     </span>
    </p>
   </div>
   <div class='ocr_carea' id='block_1_11' title="bbox 507 1200 2095 1271">
    <p class='ocr_par' dir='ltr' id='par_1_11' title="bbox 507 1200 2095 1271">
     <span class='ocr_line' id='line_1_11' title="bbox 507 1200 2095 1271; baseline 0.001 -19"><span class='ocrx_word' id='word_1_73' title='bbox 507 1202 934 1268; x_wconf 87' lang='lat' dir='ltr'><strong>perseveraverit</strong></span> <span class='ocrx_word' id='word_1_74' title='bbox 978 1216 1151 1271; x_wconf 90' lang='lat' dir='ltr'><strong>usque</strong></span> <span class='ocrx_word' id='word_1_75' title='bbox 1174 1202 1228 1255; x_wconf 91' lang='lat' dir='ltr'><strong>in</strong></span> <span class='ocrx_word' id='word_1_76' title='bbox 1263 1201 1448 1266; x_wconf 88' lang='lat' dir='ltr'><strong>linem,</strong></span> <span class='ocrx_word' id='word_1_77' title='bbox 1473 1200 1549 1254; x_wconf 91' lang='lat' dir='ltr'><strong>ita</strong></span> <span class='ocrx_word' id='word_1_78' title='bbox 1576 1200 1712 1254; x_wconf 91' lang='lat' dir='ltr'><strong>nulli</strong></span> <span class='ocrx_word' id='word_1_79' title='bbox 1746 1207 2095 1269; x_wconf 87' lang='lat' dir='ltr'><strong>peccatorum</strong></span> 
     </span>
    </p>
   </div>
   <div class='ocr_carea' id='block_1_12' title="bbox 507 1291 2097 1361">
    <p class='ocr_par' dir='ltr' id='par_1_12' title="bbox 507 1291 2097 1361">
     <span class='ocr_line' id='line_1_12' title="bbox 507 1291 2097 1361; baseline 0.002 -19"><span class='ocrx_word' id='word_1_80' title='bbox 507 1303 706 1345; x_wconf 86' lang='lat' dir='ltr'><strong>nocere</strong></span> <span class='ocrx_word' id='word_1_81' title='bbox 732 1291 932 1359; x_wconf 76' lang='lat' dir='ltr'><strong>poterit</strong></span> <span class='ocrx_word' id='word_1_82' title='bbox 955 1292 1218 1361; x_wconf 90' lang='lat' dir='ltr'><strong>iniquitas</strong></span> <span class='ocrx_word' id='word_1_83' title='bbox 1243 1307 1363 1356; x_wconf 90' lang='lat' dir='ltr'><strong>sua,</strong></span> <span class='ocrx_word' id='word_1_84' title='bbox 1389 1291 1435 1346; x_wconf 91' lang='lat' dir='ltr'><strong>si</strong></span> <span class='ocrx_word' id='word_1_85' title='bbox 1459 1300 1750 1361; x_wconf 90' lang='lat' dir='ltr'><strong>antequam</strong></span> <span class='ocrx_word' id='word_1_86' title='bbox 1774 1291 1842 1345; x_wconf 91' lang='lat' dir='ltr'><strong>de</strong></span> <span class='ocrx_word' id='word_1_87' title='bbox 1863 1305 2097 1360; x_wconf 89' lang='lat' dir='ltr'><strong>corpore</strong></span> 
     </span>
    </p>
   </div>
   <div class='ocr_carea' id='block_1_13' title="bbox 509 1380 2098 1453">
    <p class='ocr_par' dir='ltr' id='par_1_13' title="bbox 509 1380 2098 1453">
     <span class='ocr_line' id='line_1_13' title="bbox 509 1380 2098 1453; baseline 0.002 -19"><span class='ocrx_word' id='word_1_88' title='bbox 509 1380 617 1435; x_wconf 88' lang='lat' dir='ltr'><strong>isto</strong></span> <span class='ocrx_word' id='word_1_89' title='bbox 663 1382 907 1437; x_wconf 86' lang='lat' dir='ltr'><strong>discedat</strong></span> <span class='ocrx_word' id='word_1_90' title='bbox 952 1384 1020 1438; x_wconf 92' lang='lat' dir='ltr'><strong>ad</strong></span> <span class='ocrx_word' id='word_1_91' title='bbox 1076 1384 1548 1453; x_wconf 73' lang='lat' dir='ltr'><strong>eleemosynarum</strong></span> <span class='ocrx_word' id='word_1_92' title='bbox 1598 1383 1861 1449; x_wconf 88' lang='lat' dir='ltr'><strong>remedia,</strong></span> <span class='ocrx_word' id='word_1_93' title='bbox 1907 1382 1995 1437; x_wconf 85' lang='lat' dir='ltr'><strong>vel</strong></span> <span class='ocrx_word' id='word_1_94' title='bbox 2028 1382 2098 1437; x_wconf 90' lang='lat' dir='ltr'><strong>ad</strong></span> 
     </span>
    </p>
   </div>
   <div class='ocr_carea' id='block_1_14' title="bbox 506 1474 2098 1546">
    <p class='ocr_par' dir='ltr' id='par_1_14' title="bbox 506 1474 2098 1546">
     <span class='ocr_line' id='line_1_14' title="bbox 506 1474 2098 1546; baseline 0.001 -18"><span class='ocrx_word' id='word_1_95' title='bbox 506 1474 842 1544; x_wconf 76' lang='lat' dir='ltr'><strong>poenitentiae</strong></span> <span class='ocrx_word' id='word_1_96' title='bbox 858 1476 1250 1532; x_wconf 89' lang='lat' dir='ltr'><strong>medicamenta</strong></span> <span class='ocrx_word' id='word_1_97' title='bbox 1266 1474 1591 1546; x_wconf 80' lang='lat' dir='ltr'><strong>confugerit.</strong></span> <span class='ocrx_word' id='word_1_98' title='bbox 1610 1474 1715 1531; x_wconf 87' lang='lat' dir='ltr'><strong>Sed</strong></span> <span class='ocrx_word' id='word_1_99' title='bbox 1734 1476 1863 1545; x_wconf 85' lang='lat' dir='ltr'><strong>quia</strong></span> <span class='ocrx_word' id='word_1_100' title='bbox 1877 1474 2098 1545; x_wconf 85' lang='lat' dir='ltr'><strong>quando</strong></span> 
     </span>
    </p>
   </div>
   <div class='ocr_carea' id='block_1_15' title="bbox 509 1567 2098 1637">
    <p class='ocr_par' dir='ltr' id='par_1_15' title="bbox 509 1567 2098 1637">
     <span class='ocr_line' id='line_1_15' title="bbox 509 1567 2098 1637; baseline 0.001 -18"><span class='ocrx_word' id='word_1_101' title='bbox 509 1567 593 1621; x_wconf 88' lang='lat' dir='ltr'><strong>vel</strong></span> <span class='ocrx_word' id='word_1_102' title='bbox 613 1583 719 1637; x_wconf 87' lang='lat' dir='ltr'><strong>qua</strong></span> <span class='ocrx_word' id='word_1_103' title='bbox 735 1568 865 1621; x_wconf 89' lang='lat' dir='ltr'><strong>hora</strong></span> <span class='ocrx_word' id='word_1_104' title='bbox 883 1568 949 1623; x_wconf 90' lang='lat' dir='ltr'><strong>de</strong></span> <span class='ocrx_word' id='word_1_105' title='bbox 961 1569 1065 1623; x_wconf 92' lang='lat' dir='ltr'><strong>hoc</strong></span> <span class='ocrx_word' id='word_1_106' title='bbox 1080 1569 1279 1623; x_wconf 64' lang='lat' dir='ltr'><strong>suaequ</strong></span> <span class='ocrx_word' id='word_1_107' title='bbox 1292 1568 1590 1637; x_wconf 90' lang='lat' dir='ltr'><strong>rapiamur,</strong></span> <span class='ocrx_word' id='word_1_108' title='bbox 1608 1568 1749 1623; x_wconf 92' lang='lat' dir='ltr'><strong>scire</strong></span> <span class='ocrx_word' id='word_1_109' title='bbox 1772 1583 1879 1621; x_wconf 92' lang='lat' dir='ltr'><strong>non</strong></span> <span class='ocrx_word' id='word_1_110' title='bbox 1898 1582 2098 1637; x_wconf 89' lang='lat' dir='ltr'><strong>possu-</strong></span> 
     </span>
    </p>
   </div>
   <div class='ocr_carea' id='block_1_16' title="bbox 514 1656 2098 1726">
    <p class='ocr_par' dir='ltr' id='par_1_16' title="bbox 514 1656 2098 1726">
     <span class='ocr_line' id='line_1_16' title="bbox 514 1656 2098 1726; baseline 0.001 -16"><span class='ocrx_word' id='word_1_111' title='bbox 514 1671 660 1721; x_wconf 89' lang='lat' dir='ltr'><strong>mus,</strong></span> <span class='ocrx_word' id='word_1_112' title='bbox 698 1657 817 1711; x_wconf 90' lang='lat' dir='ltr'><strong>sine</strong></span> <span class='ocrx_word' id='word_1_113' title='bbox 840 1658 948 1712; x_wconf 91' lang='lat' dir='ltr'><strong>ulla</strong></span> <span class='ocrx_word' id='word_1_114' title='bbox 979 1658 1240 1713; x_wconf 86' lang='lat' dir='ltr'><strong>dilatione</strong></span> <span class='ocrx_word' id='word_1_115' title='bbox 1271 1659 1351 1713; x_wconf 90' lang='lat' dir='ltr'><strong>vel</strong></span> <span class='ocrx_word' id='word_1_116' title='bbox 1376 1672 1528 1712; x_wconf 89' lang='lat' dir='ltr'><strong>mora</strong></span> <span class='ocrx_word' id='word_1_117' title='bbox 1566 1656 1635 1712; x_wconf 91' lang='lat' dir='ltr'><strong>de</strong></span> <span class='ocrx_word' id='word_1_118' title='bbox 1658 1656 1879 1713; x_wconf 89' lang='lat' dir='ltr'><strong>sinistra</strong></span> <span class='ocrx_word' id='word_1_119' title='bbox 1911 1656 2098 1726; x_wconf 81' lang='lat' dir='ltr'><strong>fugere</strong></span> 
     </span>
    </p>
   </div>
   <div class='ocr_carea' id='block_1_17' title="bbox 511 1746 2096 1803">
    <p class='ocr_par' dir='ltr' id='par_1_17' title="bbox 511 1746 2096 1803">
     <span class='ocr_line' id='line_1_17' title="bbox 511 1746 2096 1803; baseline 0.001 -3"><span class='ocrx_word' id='word_1_120' title='bbox 511 1746 837 1803; x_wconf 78' lang='lat' dir='ltr'><strong>festinemus</strong></span> <span class='ocrx_word' id='word_1_121' title='bbox 879 1748 949 1803; x_wconf 89' lang='lat' dir='ltr'><strong>ad</strong></span> <span class='ocrx_word' id='word_1_122' title='bbox 1001 1749 1303 1803; x_wconf 78' lang='lat' dir='ltr'><strong>dexteram.</strong></span> <span class='ocrx_word' id='word_1_123' title='bbox 1351 1747 1465 1803; x_wconf 85' lang='lat' dir='ltr'><strong>Hoc</strong></span> <span class='ocrx_word' id='word_1_124' title='bbox 1516 1748 1737 1803; x_wconf 82' lang='lat' dir='ltr'><strong>sanitati</strong></span> <span class='ocrx_word' id='word_1_125' title='bbox 1766 1748 2096 1803; x_wconf 89' lang='lat' dir='ltr'><strong>credendum</strong></span> 
     </span>
    </p>
   </div>
   <div class='ocr_carea' id='block_1_18' title="bbox 2197 553 3752 631">
    <p class='ocr_par' dir='ltr' id='par_1_18' title="bbox 2197 553 3752 631">
     <span class='ocr_line' id='line_1_18' title="bbox 2197 553 3752 631; baseline 0.005 -24"><span class='ocrx_word' id='word_1_126' title='bbox 2197 568 2581 624; x_wconf 86' lang='lat' dir='ltr'><strong>provocamus.</strong></span> <span class='ocrx_word' id='word_1_127' title='bbox 2629 553 2825 624; x_wconf 86' lang='lat' dir='ltr'><strong>aliquis</strong></span> <span class='ocrx_word' id='word_1_128' title='bbox 2876 554 3015 608; x_wconf 90' lang='lat' dir='ltr'><strong>inter</strong></span> <span class='ocrx_word' id='word_1_129' title='bbox 3069 571 3127 610; x_wconf 91' lang='lat' dir='ltr'><strong>se</strong></span> <span class='ocrx_word' id='word_1_130' title='bbox 3171 555 3376 625; x_wconf 79' lang='lat' dir='ltr'><strong>cogitat</strong></span> <span class='ocrx_word' id='word_1_131' title='bbox 3416 555 3752 631; x_wconf 66' lang='lat' dir='ltr'><strong>dicenszEgo</strong></span> 
     </span>
    </p>
   </div>
   <div class='ocr_carea' id='block_1_19' title="bbox 2194 644 3755 716">
    <p class='ocr_par' dir='ltr' id='par_1_19' title="bbox 2194 644 3755 716">
     <span class='ocr_line' id='line_1_19' title="bbox 2194 644 3755 716; baseline 0.004 -17"><span class='ocrx_word' id='word_1_132' title='bbox 2194 644 2409 715; x_wconf 86' lang='lat' dir='ltr'><strong>juvenis</strong></span> <span class='ocrx_word' id='word_1_133' title='bbox 2463 644 2625 700; x_wconf 91' lang='lat' dir='ltr'><strong>homo</strong></span> <span class='ocrx_word' id='word_1_134' title='bbox 2673 661 2897 700; x_wconf 80' lang='lat' dir='ltr'><strong>uxorem</strong></span> <span class='ocrx_word' id='word_1_135' title='bbox 2952 645 3178 711; x_wconf 86' lang='lat' dir='ltr'><strong>habens,</strong></span> <span class='ocrx_word' id='word_1_136' title='bbox 3232 646 3520 716; x_wconf 90' lang='lat' dir='ltr'><strong>quomodo</strong></span> <span class='ocrx_word' id='word_1_137' title='bbox 3564 662 3755 716; x_wconf 77' lang='lat' dir='ltr'><strong>possunt</strong></span> 
     </span>
    </p>
   </div>
   <div class='ocr_carea' id='block_1_20' title="bbox 2198 737 3757 809">
    <p class='ocr_par' dir='ltr' id='par_1_20' title="bbox 2198 737 3757 809">
     <span class='ocr_line' id='line_1_20' title="bbox 2198 737 3757 809; baseline 0.003 -16"><span class='ocrx_word' id='word_1_138' title='bbox 2198 747 2292 793; x_wconf 91' lang='lat' dir='ltr'><strong>aut</strong></span> <span class='ocrx_word' id='word_1_139' title='bbox 2314 737 2538 807; x_wconf 90' lang='lat' dir='ltr'><strong>capillos</strong></span> <span class='ocrx_word' id='word_1_140' title='bbox 2568 739 2835 804; x_wconf 89' lang='lat' dir='ltr'><strong>minuere,</strong></span> <span class='ocrx_word' id='word_1_141' title='bbox 2876 748 2972 793; x_wconf 89' lang='lat' dir='ltr'><strong>aut</strong></span> <span class='ocrx_word' id='word_1_142' title='bbox 3016 739 3259 794; x_wconf 86' lang='lat' dir='ltr'><strong>habitum</strong></span> <span class='ocrx_word' id='word_1_143' title='bbox 3300 739 3589 809; x_wconf 80' lang='lat' dir='ltr'><strong>religionis</strong></span> <span class='ocrx_word' id='word_1_144' title='bbox 3633 756 3757 797; x_wconf 80' lang='lat' dir='ltr'><strong>assu-</strong></span> 
     </span>
    </p>
   </div>
   <div class='ocr_carea' id='block_1_21' title="bbox 2197 825 3754 899">
    <p class='ocr_par' dir='ltr' id='par_1_21' title="bbox 2197 825 3754 899">
     <span class='ocr_line' id='line_1_21' title="bbox 2197 825 3754 899; baseline 0.003 -16"><span class='ocrx_word' id='word_1_145' title='bbox 2197 828 2395 883; x_wconf 84' lang='lat' dir='ltr'><strong>mere?</strong></span> <span class='ocrx_word' id='word_1_146' title='bbox 2443 825 2555 883; x_wconf 88' lang='lat' dir='ltr'><strong>Nec</strong></span> <span class='ocrx_word' id='word_1_147' title='bbox 2597 843 2700 883; x_wconf 92' lang='lat' dir='ltr'><strong>nos</strong></span> <span class='ocrx_word' id='word_1_148' title='bbox 2741 829 2847 884; x_wconf 89' lang='lat' dir='ltr'><strong>hoc</strong></span> <span class='ocrx_word' id='word_1_149' title='bbox 2900 828 3155 893; x_wconf 88' lang='lat' dir='ltr'><strong>dicimus,</strong></span> <span class='ocrx_word' id='word_1_150' title='bbox 3201 828 3404 885; x_wconf 80' lang='lat' dir='ltr'><strong>fratres</strong></span> <span class='ocrx_word' id='word_1_151' title='bbox 3450 830 3754 899; x_wconf 82' lang='lat' dir='ltr'><strong>charissimi,</strong></span> 
     </span>
    </p>
   </div>
   <div class='ocr_carea' id='block_1_22' title="bbox 2197 921 3757 994">
    <p class='ocr_par' dir='ltr' id='par_1_22' title="bbox 2197 921 3757 994">
     <span class='ocr_line' id='line_1_22' title="bbox 2197 921 3757 994; baseline 0.003 -17"><span class='ocrx_word' id='word_1_152' title='bbox 2197 937 2307 977; x_wconf 90' lang='lat' dir='ltr'><strong>non</strong></span> <span class='ocrx_word' id='word_1_153' title='bbox 2329 921 2435 977; x_wconf 93' lang='lat' dir='ltr'><strong>hoc</strong></span> <span class='ocrx_word' id='word_1_154' title='bbox 2454 922 2833 992; x_wconf 62' lang='lat' dir='ltr'><strong>pradicamus,</strong></span> <span class='ocrx_word' id='word_1_155' title='bbox 2871 934 2930 977; x_wconf 91' lang='lat' dir='ltr'><strong>ut</strong></span> <span class='ocrx_word' id='word_1_156' title='bbox 2970 922 3220 993; x_wconf 80' lang='lat' dir='ltr'><strong>juvenes,</strong></span> <span class='ocrx_word' id='word_1_157' title='bbox 3269 921 3366 993; x_wconf 92' lang='lat' dir='ltr'><strong>qui</strong></span> <span class='ocrx_word' id='word_1_158' title='bbox 3399 922 3664 994; x_wconf 90' lang='lat' dir='ltr'><strong>conjuges</strong></span> <span class='ocrx_word' id='word_1_159' title='bbox 3682 926 3757 982; x_wconf 77' lang='lat' dir='ltr'><strong>ha-</strong></span> 
     </span>
    </p>
   </div>
   <div class='ocr_carea' id='block_1_23' title="bbox 2196 1013 3758 1087">
    <p class='ocr_par' dir='ltr' id='par_1_23' title="bbox 2196 1013 3758 1087">
     <span class='ocr_line' id='line_1_23' title="bbox 2196 1013 3758 1087; baseline 0.003 -18"><span class='ocrx_word' id='word_1_160' title='bbox 2196 1013 2327 1070; x_wconf 88' lang='lat' dir='ltr'><strong>bere</strong></span> <span class='ocrx_word' id='word_1_161' title='bbox 2373 1014 2643 1081; x_wconf 88' lang='lat' dir='ltr'><strong>videntur,</strong></span> <span class='ocrx_word' id='word_1_162' title='bbox 2671 1014 2915 1069; x_wconf 92' lang='lat' dir='ltr'><strong>habitum</strong></span> <span class='ocrx_word' id='word_1_163' title='bbox 2945 1015 3118 1087; x_wconf 87' lang='lat' dir='ltr'><strong>magis</strong></span> <span class='ocrx_word' id='word_1_164' title='bbox 3147 1030 3314 1085; x_wconf 88' lang='lat' dir='ltr'><strong>quam</strong></span> <span class='ocrx_word' id='word_1_165' title='bbox 3349 1031 3537 1070; x_wconf 84' lang='lat' dir='ltr'><strong>mures</strong></span> <span class='ocrx_word' id='word_1_166' title='bbox 3566 1015 3758 1073; x_wconf 80' lang='lat' dir='ltr'><strong>debeant</strong></span> 
     </span>
    </p>
   </div>
   <div class='ocr_carea' id='block_1_24' title="bbox 2199 1106 3757 1174">
    <p class='ocr_par' dir='ltr' id='par_1_24' title="bbox 2199 1106 3757 1174">
     <span class='ocr_line' id='line_1_24' title="bbox 2199 1106 3757 1174; baseline 0.002 -11"><span class='ocrx_word' id='word_1_167' title='bbox 2199 1114 2558 1163; x_wconf 89' lang='lat' dir='ltr'><strong>commutare.</strong></span> <span class='ocrx_word' id='word_1_168' title='bbox 2586 1106 2742 1174; x_wconf 83' lang='lat' dir='ltr'><strong>Quod</strong></span> <span class='ocrx_word' id='word_1_169' title='bbox 2768 1107 2912 1163; x_wconf 89' lang='lat' dir='ltr'><strong>enim</strong></span> <span class='ocrx_word' id='word_1_170' title='bbox 2941 1108 3148 1163; x_wconf 90' lang='lat' dir='ltr'><strong>homini</strong></span> <span class='ocrx_word' id='word_1_171' title='bbox 3181 1122 3409 1162; x_wconf 74' lang='lat' dir='ltr'><strong>uxorem</strong></span> <span class='ocrx_word' id='word_1_172' title='bbox 3447 1107 3664 1162; x_wconf 86' lang='lat' dir='ltr'><strong>habenti</strong></span> <span class='ocrx_word' id='word_1_173' title='bbox 3686 1126 3757 1166; x_wconf 86' lang='lat' dir='ltr'><strong>no-</strong></span> 
     </span>
    </p>
   </div>
   <div class='ocr_carea' id='block_1_25' title="bbox 2199 1196 3756 1268">
    <p class='ocr_par' dir='ltr' id='par_1_25' title="bbox 2199 1196 3756 1268">
     <span class='ocr_line' id='line_1_25' title="bbox 2199 1196 3756 1268; baseline 0.003 -17"><span class='ocrx_word' id='word_1_174' title='bbox 2199 1205 2303 1262; x_wconf 87' lang='lat' dir='ltr'><strong>cet,</strong></span> <span class='ocrx_word' id='word_1_175' title='bbox 2335 1196 2381 1251; x_wconf 90' lang='lat' dir='ltr'><strong>si</strong></span> <span class='ocrx_word' id='word_1_176' title='bbox 2413 1212 2472 1252; x_wconf 92' lang='lat' dir='ltr'><strong>se</strong></span> <span class='ocrx_word' id='word_1_177' title='bbox 2498 1197 2731 1252; x_wconf 90' lang='lat' dir='ltr'><strong>voluerit</strong></span> <span class='ocrx_word' id='word_1_178' title='bbox 2757 1198 2830 1252; x_wconf 86' lang='lat' dir='ltr'><strong>ad</strong></span> <span class='ocrx_word' id='word_1_179' title='bbox 2855 1213 3019 1268; x_wconf 83' lang='lat' dir='ltr'><strong>Opera</strong></span> <span class='ocrx_word' id='word_1_180' title='bbox 3064 1197 3206 1253; x_wconf 88' lang='lat' dir='ltr'><strong>bona</strong></span> <span class='ocrx_word' id='word_1_181' title='bbox 3254 1198 3337 1253; x_wconf 85' lang='lat' dir='ltr'><strong>vel</strong></span> <span class='ocrx_word' id='word_1_182' title='bbox 3394 1199 3629 1254; x_wconf 89' lang='lat' dir='ltr'><strong>honesta</strong></span> <span class='ocrx_word' id='word_1_183' title='bbox 3662 1216 3756 1256; x_wconf 83' lang='lat' dir='ltr'><strong>con-</strong></span> 
     </span>
    </p>
   </div>
   <div class='ocr_carea' id='block_1_26' title="bbox 2198 1287 3755 1361">
    <p class='ocr_par' dir='ltr' id='par_1_26' title="bbox 2198 1287 3755 1361">
     <span class='ocr_line' id='line_1_26' title="bbox 2198 1287 3755 1361; baseline 0.003 -20"><span class='ocrx_word' id='word_1_184' title='bbox 2198 1287 2492 1352; x_wconf 89' lang='lat' dir='ltr'><strong>vertere,si</strong></span> <span class='ocrx_word' id='word_1_185' title='bbox 2521 1296 2869 1358; x_wconf 88' lang='lat' dir='ltr'><strong>peccatorum</strong></span> <span class='ocrx_word' id='word_1_186' title='bbox 2897 1304 3123 1342; x_wconf 90' lang='lat' dir='ltr'><strong>suorum</strong></span> <span class='ocrx_word' id='word_1_187' title='bbox 3146 1288 3375 1343; x_wconf 84' lang='lat' dir='ltr'><strong>vulnera</strong></span> <span class='ocrx_word' id='word_1_188' title='bbox 3405 1289 3755 1361; x_wconf 79' lang='lat' dir='ltr'><strong>eleemosynis,</strong></span> 
     </span>
    </p>
   </div>
   <div class='ocr_carea' id='block_1_27' title="bbox 2195 1380 3757 1452">
    <p class='ocr_par' dir='ltr' id='par_1_27' title="bbox 2195 1380 3757 1452">
     <span class='ocr_line' id='line_1_27' title="bbox 2195 1380 3757 1452; baseline 0.004 -19"><span class='ocrx_word' id='word_1_189' title='bbox 2195 1380 2441 1451; x_wconf 89' lang='lat' dir='ltr'><strong>jejuniis,</strong></span> <span class='ocrx_word' id='word_1_190' title='bbox 2470 1390 2524 1435; x_wconf 89' lang='lat' dir='ltr'><strong>et</strong></span> <span class='ocrx_word' id='word_1_191' title='bbox 2547 1380 2900 1436; x_wconf 85' lang='lat' dir='ltr'><strong>orationibus</strong></span> <span class='ocrx_word' id='word_1_192' title='bbox 2928 1382 2993 1436; x_wconf 85' lang='lat' dir='ltr'><strong>ad</strong></span> <span class='ocrx_word' id='word_1_193' title='bbox 3032 1381 3323 1436; x_wconf 88' lang='lat' dir='ltr'><strong>sanitatem</strong></span> <span class='ocrx_word' id='word_1_194' title='bbox 3357 1381 3647 1452; x_wconf 82' lang='lat' dir='ltr'><strong>pristinam</strong></span> <span class='ocrx_word' id='word_1_195' title='bbox 3669 1393 3757 1440; x_wconf 84' lang='lat' dir='ltr'><strong>stu-</strong></span> 
     </span>
    </p>
   </div>
   <div class='ocr_carea' id='block_1_28' title="bbox 2200 1472 3759 1530">
    <p class='ocr_par' dir='ltr' id='par_1_28' title="bbox 2200 1472 3759 1530">
     <span class='ocr_line' id='line_1_28' title="bbox 2200 1472 3759 1530; baseline 0.001 -2"><span class='ocrx_word' id='word_1_196' title='bbox 2200 1473 2325 1528; x_wconf 90' lang='lat' dir='ltr'><strong>deat</strong></span> <span class='ocrx_word' id='word_1_197' title='bbox 2351 1487 2631 1528; x_wconf 88' lang='lat' dir='ltr'><strong>revocare.</strong></span> <span class='ocrx_word' id='word_1_198' title='bbox 2664 1472 2799 1527; x_wconf 87' lang='lat' dir='ltr'><strong>Vera</strong></span> <span class='ocrx_word' id='word_1_199' title='bbox 2830 1474 2976 1528; x_wconf 90' lang='lat' dir='ltr'><strong>enim</strong></span> <span class='ocrx_word' id='word_1_200' title='bbox 3008 1473 3296 1528; x_wconf 86' lang='lat' dir='ltr'><strong>conversio</strong></span> <span class='ocrx_word' id='word_1_201' title='bbox 3340 1474 3464 1527; x_wconf 85' lang='lat' dir='ltr'><strong>sine</strong></span> <span class='ocrx_word' id='word_1_202' title='bbox 3505 1474 3759 1530; x_wconf 85' lang='lat' dir='ltr'><strong>vestimen—</strong></span> 
     </span>
    </p>
   </div>
   <div class='ocr_carea' id='block_1_29' title="bbox 2204 1562 3759 1620">
    <p class='ocr_par' dir='ltr' id='par_1_29' title="bbox 2204 1562 3759 1620">
     <span class='ocr_line' id='line_1_29' title="bbox 2204 1562 3759 1620; baseline 0.001 -3"><span class='ocrx_word' id='word_1_203' title='bbox 2204 1572 2380 1618; x_wconf 88' lang='lat' dir='ltr'><strong>torum</strong></span> <span class='ocrx_word' id='word_1_204' title='bbox 2429 1564 2856 1619; x_wconf 88' lang='lat' dir='ltr'><strong>commutatione</strong></span> <span class='ocrx_word' id='word_1_205' title='bbox 2897 1563 3093 1620; x_wconf 80' lang='lat' dir='ltr'><strong>sumcit</strong></span> <span class='ocrx_word' id='word_1_206' title='bbox 3125 1564 3251 1619; x_wconf 86' lang='lat' dir='ltr'><strong>sibi.</strong></span> <span class='ocrx_word' id='word_1_207' title='bbox 3302 1562 3637 1620; x_wconf 80' lang='lat' dir='ltr'><strong>Vestimenta</strong></span> <span class='ocrx_word' id='word_1_208' title='bbox 3664 1566 3759 1620; x_wconf 84' lang='lat' dir='ltr'><strong>reli-</strong></span> 
     </span>
    </p>
   </div>
   <div class='ocr_carea' id='block_1_30' title="bbox 2202 1655 3759 1726">
    <p class='ocr_par' dir='ltr' id='par_1_30' title="bbox 2202 1655 3759 1726">
     <span class='ocr_line' id='line_1_30' title="bbox 2202 1655 3759 1726; baseline 0.002 -17"><span class='ocrx_word' id='word_1_209' title='bbox 2202 1656 2351 1726; x_wconf 89' lang='lat' dir='ltr'><strong>giosa</strong></span> <span class='ocrx_word' id='word_1_210' title='bbox 2401 1656 2520 1711; x_wconf 90' lang='lat' dir='ltr'><strong>sine</strong></span> <span class='ocrx_word' id='word_1_211' title='bbox 2571 1655 2731 1711; x_wconf 90' lang='lat' dir='ltr'><strong>bonis</strong></span> <span class='ocrx_word' id='word_1_212' title='bbox 2786 1656 3044 1726; x_wconf 89' lang='lat' dir='ltr'><strong>operibus</strong></span> <span class='ocrx_word' id='word_1_213' title='bbox 3101 1671 3209 1711; x_wconf 89' lang='lat' dir='ltr'><strong>non</strong></span> <span class='ocrx_word' id='word_1_214' title='bbox 3251 1656 3433 1711; x_wconf 91' lang='lat' dir='ltr'><strong>solum</strong></span> <span class='ocrx_word' id='word_1_215' title='bbox 3495 1655 3759 1712; x_wconf 87' lang='lat' dir='ltr'><strong>remedium</strong></span> 
     </span>
    </p>
   </div>
   <div class='ocr_carea' id='block_1_31' title="bbox 2204 1747 3760 1819">
    <p class='ocr_par' dir='ltr' id='par_1_31' title="bbox 2204 1747 3760 1819">
     <span class='ocr_line' id='line_1_31' title="bbox 2204 1747 3760 1819; baseline 0.002 -18"><span class='ocrx_word' id='word_1_216' title='bbox 2204 1748 2406 1803; x_wconf 87' lang='lat' dir='ltr'><strong>habere</strong></span> <span class='ocrx_word' id='word_1_217' title='bbox 2433 1763 2541 1803; x_wconf 90' lang='lat' dir='ltr'><strong>non</strong></span> <span class='ocrx_word' id='word_1_218' title='bbox 2578 1756 2854 1817; x_wconf 89' lang='lat' dir='ltr'><strong>poterunt,</strong></span> <span class='ocrx_word' id='word_1_219' title='bbox 2888 1748 2984 1803; x_wconf 89' lang='lat' dir='ltr'><strong>sed</strong></span> <span class='ocrx_word' id='word_1_220' title='bbox 3032 1748 3196 1803; x_wconf 90' lang='lat' dir='ltr'><strong>etiam</strong></span> <span class='ocrx_word' id='word_1_221' title='bbox 3244 1748 3459 1819; x_wconf 89' lang='lat' dir='ltr'><strong>justum</strong></span> <span class='ocrx_word' id='word_1_222' title='bbox 3514 1747 3603 1803; x_wconf 88' lang='lat' dir='ltr'><strong>Dei</strong></span> <span class='ocrx_word' id='word_1_223' title='bbox 3639 1749 3760 1817; x_wconf 88' lang='lat' dir='ltr'><strong>judi-</strong></span> 
     </span>
    </p>
   </div>
   <div class='ocr_carea' id='block_1_32' title="bbox 509 1818 3759 1910">
    <p class='ocr_par' dir='ltr' id='par_1_32' title="bbox 509 1818 3759 1910">
     <span class='ocr_line' id='line_1_32' title="bbox 509 1818 3759 1910; baseline 0.001 -18"><span class='ocrx_word' id='word_1_224' title='bbox 509 1847 617 1903; x_wconf 89' lang='lat' dir='ltr'><strong>est,</strong></span> <span class='ocrx_word' id='word_1_225' title='bbox 647 1854 752 1892; x_wconf 90' lang='lat' dir='ltr'><strong>non</strong></span> <span class='ocrx_word' id='word_1_226' title='bbox 781 1840 947 1894; x_wconf 67' lang='lat' dir='ltr'><strong>aetati.</strong></span> <span class='ocrx_word' id='word_1_227' title='bbox 973 1839 1030 1894; x_wconf 85' lang='lat' dir='ltr'><strong>In</strong></span> <span class='ocrx_word' id='word_1_228' title='bbox 1059 1841 1357 1895; x_wconf 88' lang='lat' dir='ltr'><strong>remedium</strong></span> <span class='ocrx_word' id='word_1_229' title='bbox 1393 1840 1586 1894; x_wconf 90' lang='lat' dir='ltr'><strong>salutis</strong></span> <span class='ocrx_word' id='word_1_230' title='bbox 1610 1854 1724 1894; x_wconf 65' lang='lat' dir='ltr'><strong>suae</strong></span> <span class='ocrx_word' id='word_1_231' title='bbox 1764 1854 1980 1909; x_wconf 88' lang='lat' dir='ltr'><strong>semper</strong></span> <span class='ocrx_word' id='word_1_232' title='bbox 2002 1854 2097 1909; x_wconf 89' lang='lat' dir='ltr'><strong>pa-</strong></span> <span class='ocrx_word' id='word_1_233' title='bbox 2129 1818 2172 1877; x_wconf 74' lang='grc' dir='ltr'><strong>Β</strong></span> <span class='ocrx_word' id='word_1_234' title='bbox 2201 1840 2343 1894; x_wconf 90' lang='lat' dir='ltr'><strong>cium</strong></span> <span class='ocrx_word' id='word_1_235' title='bbox 2393 1841 2770 1895; x_wconf 91' lang='lat' dir='ltr'><strong>sustinebunt.</strong></span> <span class='ocrx_word' id='word_1_236' title='bbox 2804 1839 3206 1895; x_wconf 88' lang='lat' dir='ltr'><strong>Convertamur</strong></span> <span class='ocrx_word' id='word_1_237' title='bbox 3248 1856 3382 1910; x_wconf 87' lang='lat' dir='ltr'><strong>ergo</strong></span> <span class='ocrx_word' id='word_1_238' title='bbox 3426 1840 3492 1894; x_wconf 88' lang='lat' dir='ltr'><strong>ad</strong></span> <span class='ocrx_word' id='word_1_239' title='bbox 3545 1841 3759 1909; x_wconf 80' lang='lat' dir='ltr'><strong>meliora,</strong></span> 
     </span>
    </p>
   </div>
   <div class='ocr_carea' id='block_1_33' title="bbox 508 1931 2094 2002">
    <p class='ocr_par' dir='ltr' id='par_1_33' title="bbox 508 1931 2094 2002">
     <span class='ocr_line' id='line_1_33' title="bbox 508 1931 2094 2002; baseline 0.001 -18"><span class='ocrx_word' id='word_1_240' title='bbox 508 1941 662 1986; x_wconf 87' lang='lat' dir='ltr'><strong>ratus</strong></span> <span class='ocrx_word' id='word_1_241' title='bbox 708 1931 799 1996; x_wconf 89' lang='lat' dir='ltr'><strong>sit,</strong></span> <span class='ocrx_word' id='word_1_242' title='bbox 850 1933 941 2001; x_wconf 93' lang='lat' dir='ltr'><strong>qui</strong></span> <span class='ocrx_word' id='word_1_243' title='bbox 986 1933 1109 1987; x_wconf 67' lang='lat' dir='ltr'><strong>vita:</strong></span> <span class='ocrx_word' id='word_1_244' title='bbox 1154 1948 1267 1987; x_wconf 74' lang='lat' dir='ltr'><strong>sum</strong></span> <span class='ocrx_word' id='word_1_245' title='bbox 1304 1947 1520 2002; x_wconf 88' lang='lat' dir='ltr'><strong>semper</strong></span> <span class='ocrx_word' id='word_1_246' title='bbox 1556 1932 1799 1989; x_wconf 89' lang='lat' dir='ltr'><strong>incertus</strong></span> <span class='ocrx_word' id='word_1_247' title='bbox 1826 1941 1930 1999; x_wconf 89' lang='lat' dir='ltr'><strong>est,</strong></span> <span class='ocrx_word' id='word_1_248' title='bbox 1964 1931 2094 2002; x_wconf 87' lang='lat' dir='ltr'><strong>quia</strong></span> 
     </span>
    </p>
   </div>
   <div class='ocr_carea' id='block_1_34' title="bbox 507 2023 2099 2094">
    <p class='ocr_par' dir='ltr' id='par_1_34' title="bbox 507 2023 2099 2094">
     <span class='ocr_line' id='line_1_34' title="bbox 507 2023 2099 2094; baseline 0 -18"><span class='ocrx_word' id='word_1_249' title='bbox 507 2024 605 2093; x_wconf 91' lang='lat' dir='ltr'><strong>qui</strong></span> <span class='ocrx_word' id='word_1_250' title='bbox 649 2038 749 2078; x_wconf 87' lang='lat' dir='ltr'><strong>nos</strong></span> <span class='ocrx_word' id='word_1_251' title='bbox 785 2040 1009 2080; x_wconf 91' lang='lat' dir='ltr'><strong>securos</strong></span> <span class='ocrx_word' id='word_1_252' title='bbox 1055 2023 1183 2080; x_wconf 85' lang='lat' dir='ltr'><strong>fecit</strong></span> <span class='ocrx_word' id='word_1_253' title='bbox 1209 2024 1475 2090; x_wconf 90' lang='lat' dir='ltr'><strong>docendo,</strong></span> <span class='ocrx_word' id='word_1_254' title='bbox 1512 2024 1809 2081; x_wconf 71' lang='lat' dir='ltr'><strong>«Peccator</strong></span> <span class='ocrx_word' id='word_1_255' title='bbox 1856 2025 1912 2078; x_wconf 88' lang='lat' dir='ltr'><strong>in</strong></span> <span class='ocrx_word' id='word_1_256' title='bbox 1961 2038 2099 2094; x_wconf 86' lang='lat' dir='ltr'><strong>qua-</strong></span> 
     </span>
    </p>
   </div>
   <div class='ocr_carea' id='block_1_35' title="bbox 509 2113 2099 2184">
    <p class='ocr_par' dir='ltr' id='par_1_35' title="bbox 509 2113 2099 2184">
     <span class='ocr_line' id='line_1_35' title="bbox 509 2113 2099 2184; baseline 0.001 -17"><span class='ocrx_word' id='word_1_257' title='bbox 509 2129 726 2183; x_wconf 91' lang='lat' dir='ltr'><strong>cunque</strong></span> <span class='ocrx_word' id='word_1_258' title='bbox 748 2113 837 2169; x_wconf 90' lang='lat' dir='ltr'><strong>die</strong></span> <span class='ocrx_word' id='word_1_259' title='bbox 861 2130 1157 2170; x_wconf 90' lang='lat' dir='ltr'><strong>conversus</strong></span> <span class='ocrx_word' id='word_1_260' title='bbox 1190 2113 1374 2180; x_wconf 91' lang='lat' dir='ltr'><strong>fuerit,</strong></span> <span class='ocrx_word' id='word_1_261' title='bbox 1407 2130 1601 2171; x_wconf 90' lang='lat' dir='ltr'><strong>omnes</strong></span> <span class='ocrx_word' id='word_1_262' title='bbox 1632 2115 1951 2184; x_wconf 85' lang='lat' dir='ltr'><strong>iniquitates</strong></span> <span class='ocrx_word' id='word_1_263' title='bbox 1978 2113 2099 2183; x_wconf 86' lang='lat' dir='ltr'><strong>ejus</strong></span> 
     </span>
    </p>
   </div>
   <div class='ocr_carea' id='block_1_36' title="bbox 509 2204 2100 2276">
    <p class='ocr_par' dir='ltr' id='par_1_36' title="bbox 509 2204 2100 2276">
     <span class='ocr_line' id='line_1_36' title="bbox 509 2204 2100 2276; baseline 0 -18"><span class='ocrx_word' id='word_1_264' title='bbox 509 2204 770 2260; x_wconf 90' lang='lat' dir='ltr'><strong>oblivioni</strong></span> <span class='ocrx_word' id='word_1_265' title='bbox 791 2205 1301 2275; x_wconf 79' lang='lat' dir='ltr'><strong>tradentur(Ezech.</strong></span> <span class='ocrx_word' id='word_1_266' title='bbox 1332 2206 1543 2276; x_wconf 70' lang='grc' dir='ltr'><strong>ινιιι),›</strong></span> <span class='ocrx_word' id='word_1_267' title='bbox 1576 2206 1691 2276; x_wconf 84' lang='lat' dir='ltr'><strong>ipse</strong></span> <span class='ocrx_word' id='word_1_268' title='bbox 1712 2206 1875 2260; x_wconf 89' lang='lat' dir='ltr'><strong>etiam</strong></span> <span class='ocrx_word' id='word_1_269' title='bbox 1908 2214 2100 2260; x_wconf 90' lang='lat' dir='ltr'><strong>cautos</strong></span> 
     </span>
    </p>
   </div>
   <div class='ocr_carea' id='block_1_37' title="bbox 508 2296 2099 2354">
    <p class='ocr_par' dir='ltr' id='par_1_37' title="bbox 508 2296 2099 2354">
     <span class='ocr_line' id='line_1_37' title="bbox 508 2296 2099 2354; baseline 0.001 -4"><span class='ocrx_word' id='word_1_270' title='bbox 508 2310 633 2351; x_wconf 83' lang='lat' dir='ltr'><strong>esse</strong></span> <span class='ocrx_word' id='word_1_271' title='bbox 662 2296 834 2351; x_wconf 90' lang='lat' dir='ltr'><strong>voluit</strong></span> <span class='ocrx_word' id='word_1_272' title='bbox 857 2297 1047 2352; x_wconf 81' lang='lat' dir='ltr'><strong>dicens</strong></span> <span class='ocrx_word' id='word_1_273' title='bbox 1074 2316 1087 2351; x_wconf 92' lang='lat'><strong>:</strong></span> <span class='ocrx_word' id='word_1_274' title='bbox 1119 2316 1138 2349; x_wconf 72' lang='grc' dir='ltr'><strong><em>ι</em></strong></span> <span class='ocrx_word' id='word_1_275' title='bbox 1167 2296 1344 2354; x_wconf 85' lang='lat' dir='ltr'><strong>Nolite</strong></span> <span class='ocrx_word' id='word_1_276' title='bbox 1372 2300 1587 2354; x_wconf 87' lang='lat' dir='ltr'><strong>tardare</strong></span> <span class='ocrx_word' id='word_1_277' title='bbox 1614 2298 1858 2354; x_wconf 89' lang='lat' dir='ltr'><strong>converti</strong></span> <span class='ocrx_word' id='word_1_278' title='bbox 1889 2298 1954 2352; x_wconf 77' lang='lat' dir='ltr'><strong>ad</strong></span> <span class='ocrx_word' id='word_1_279' title='bbox 1989 2297 2099 2351; x_wconf 92' lang='lat' dir='ltr'><strong>Do-</strong></span> 
     </span>
    </p>
   </div>
   <div class='ocr_carea' id='block_1_38' title="bbox 511 2388 2096 2462">
    <p class='ocr_par' dir='ltr' id='par_1_38' title="bbox 511 2388 2096 2462">
     <span class='ocr_line' id='line_1_38' title="bbox 511 2388 2096 2462; baseline -0.001 -21"><span class='ocrx_word' id='word_1_280' title='bbox 511 2388 744 2456; x_wconf 89' lang='lat' dir='ltr'><strong>minum,</strong></span> <span class='ocrx_word' id='word_1_281' title='bbox 785 2405 886 2446; x_wconf 90' lang='lat' dir='ltr'><strong>nec</strong></span> <span class='ocrx_word' id='word_1_282' title='bbox 928 2388 1192 2446; x_wconf 80' lang='lat' dir='ltr'><strong>dill‘eratis</strong></span> <span class='ocrx_word' id='word_1_283' title='bbox 1225 2390 1293 2446; x_wconf 89' lang='lat' dir='ltr'><strong>de</strong></span> <span class='ocrx_word' id='word_1_284' title='bbox 1332 2391 1420 2447; x_wconf 89' lang='lat' dir='ltr'><strong>die</strong></span> <span class='ocrx_word' id='word_1_285' title='bbox 1463 2392 1517 2446; x_wconf 91' lang='lat' dir='ltr'><strong>in</strong></span> <span class='ocrx_word' id='word_1_286' title='bbox 1559 2391 1702 2447; x_wconf 86' lang='lat' dir='ltr'><strong>diem</strong></span> <span class='ocrx_word' id='word_1_287' title='bbox 1752 2389 1947 2462; x_wconf 87' lang='lat' dir='ltr'><strong>(Eccli.</strong></span> <span class='ocrx_word' id='word_1_288' title='bbox 1975 2389 2051 2460; x_wconf 78' lang='grc' dir='ltr'><strong>ν).</strong></span> <span class='ocrx_word' id='word_1_289' title='bbox 2079 2407 2096 2440; x_wconf 76' lang='grc' dir='ltr'><strong>ι</strong></span> 
     </span>
    </p>
   </div>
   <div class='ocr_carea' id='block_1_39' title="bbox 2204 1930 3760 2003">
    <p class='ocr_par' dir='ltr' id='par_1_39' title="bbox 2204 1930 3760 2003">
     <span class='ocr_line' id='line_1_39' title="bbox 2204 1930 3760 2003; baseline 0.001 -17"><span class='ocrx_word' id='word_1_290' title='bbox 2204 1933 2333 1987; x_wconf 86' lang='lat' dir='ltr'><strong>dum</strong></span> <span class='ocrx_word' id='word_1_291' title='bbox 2361 1933 2416 1987; x_wconf 90' lang='lat' dir='ltr'><strong>in</strong></span> <span class='ocrx_word' id='word_1_292' title='bbox 2442 1942 2624 1988; x_wconf 88' lang='lat' dir='ltr'><strong>nostra</strong></span> <span class='ocrx_word' id='word_1_293' title='bbox 2654 1941 3066 2003; x_wconf 91' lang='lat' dir='ltr'><strong>suntpotestate</strong></span> <span class='ocrx_word' id='word_1_294' title='bbox 3090 1932 3351 1987; x_wconf 89' lang='lat' dir='ltr'><strong>remedia.</strong></span> <span class='ocrx_word' id='word_1_295' title='bbox 3368 1930 3470 1987; x_wconf 78' lang='lat' dir='ltr'><strong>llic</strong></span> <span class='ocrx_word' id='word_1_296' title='bbox 3491 1931 3760 2002; x_wconf 78' lang='lat' dir='ltr'><strong>exstingua-</strong></span> 
     </span>
    </p>
   </div>
   <div class='ocr_carea' id='block_1_40' title="bbox 2205 2024 3761 2096">
    <p class='ocr_par' dir='ltr' id='par_1_40' title="bbox 2205 2024 3761 2096">
     <span class='ocr_line' id='line_1_40' title="bbox 2205 2024 3761 2096; baseline 0.001 -18"><span class='ocrx_word' id='word_1_297' title='bbox 2205 2040 2328 2079; x_wconf 92' lang='lat' dir='ltr'><strong>mus</strong></span> <span class='ocrx_word' id='word_1_298' title='bbox 2373 2034 2601 2079; x_wconf 89' lang='lat' dir='ltr'><strong>mortem</strong></span> <span class='ocrx_word' id='word_1_299' title='bbox 2659 2025 2948 2081; x_wconf 90' lang='lat' dir='ltr'><strong>moriendo</strong></span> <span class='ocrx_word' id='word_1_300' title='bbox 3010 2025 3251 2096; x_wconf 88' lang='lat' dir='ltr'><strong>peccatis</strong></span> <span class='ocrx_word' id='word_1_301' title='bbox 3279 2043 3293 2079; x_wconf 75' lang='grc' dir='ltr'><strong>ε</strong></span> <span class='ocrx_word' id='word_1_302' title='bbox 3320 2024 3411 2078; x_wconf 89' lang='lat' dir='ltr'><strong>hic</strong></span> <span class='ocrx_word' id='word_1_303' title='bbox 3457 2024 3622 2078; x_wconf 83' lang='lat' dir='ltr'><strong>vitam</strong></span> <span class='ocrx_word' id='word_1_304' title='bbox 3664 2025 3761 2080; x_wconf 64' lang='lat' dir='ltr'><strong>vita</strong></span> 
     </span>
    </p>
   </div>
   <div class='ocr_carea' id='block_1_41' title="bbox 2207 2114 3759 2186">
    <p class='ocr_par' dir='ltr' id='par_1_41' title="bbox 2207 2114 3759 2186">
     <span class='ocr_line' id='line_1_41' title="bbox 2207 2114 3759 2186; baseline 0.001 -16"><span class='ocrx_word' id='word_1_305' title='bbox 2207 2115 2418 2171; x_wconf 87' lang='lat' dir='ltr'><strong>meritis</strong></span> <span class='ocrx_word' id='word_1_306' title='bbox 2448 2117 2826 2186; x_wconf 91' lang='lat' dir='ltr'><strong>acquiramus.</strong></span> <span class='ocrx_word' id='word_1_307' title='bbox 2860 2114 2963 2171; x_wconf 84' lang='lat' dir='ltr'><strong>Per</strong></span> <span class='ocrx_word' id='word_1_308' title='bbox 3002 2115 3295 2171; x_wconf 76' lang='lat' dir='ltr'><strong>Dominum</strong></span> <span class='ocrx_word' id='word_1_309' title='bbox 3327 2124 3579 2170; x_wconf 84' lang='lat' dir='ltr'><strong>nostrum</strong></span> <span class='ocrx_word' id='word_1_310' title='bbox 3607 2114 3759 2171; x_wconf 85' lang='lat' dir='ltr'><strong>Jesum</strong></span> 
     </span>
    </p>
   </div>
   <div class='ocr_carea' id='block_1_42' title="bbox 2207 2206 3762 2279">
    <p class='ocr_par' dir='ltr' id='par_1_42' title="bbox 2207 2206 3762 2279">
     <span class='ocr_line' id='line_1_42' title="bbox 2207 2206 3762 2279; baseline 0.001 -17"><span class='ocrx_word' id='word_1_311' title='bbox 2207 2206 2484 2263; x_wconf 83' lang='lat' dir='ltr'><strong>Christum</strong></span> <span class='ocrx_word' id='word_1_312' title='bbox 2524 2208 2720 2262; x_wconf 84' lang='lat' dir='ltr'><strong>Filium</strong></span> <span class='ocrx_word' id='word_1_313' title='bbox 2746 2208 2840 2262; x_wconf 80' lang='lat' dir='ltr'><strong>Dei</strong></span> <span class='ocrx_word' id='word_1_314' title='bbox 2883 2208 3222 2279; x_wconf 81' lang='lat' dir='ltr'><strong>unigenitum</strong></span> <span class='ocrx_word' id='word_1_315' title='bbox 3256 2209 3353 2278; x_wconf 91' lang='lat' dir='ltr'><strong>qui</strong></span> <span class='ocrx_word' id='word_1_316' title='bbox 3389 2224 3516 2264; x_wconf 89' lang='lat' dir='ltr'><strong>cum</strong></span> <span class='ocrx_word' id='word_1_317' title='bbox 3558 2208 3762 2277; x_wconf 76' lang='lat' dir='ltr'><strong>ingenito</strong></span> 
     </span>
    </p>
   </div>
   <div class='ocr_carea' id='block_1_43' title="bbox 2208 2296 3762 2372">
    <p class='ocr_par' dir='ltr' id='par_1_43' title="bbox 2208 2296 3762 2372">
     <span class='ocr_line' id='line_1_43' title="bbox 2208 2296 3762 2372; baseline 0.005 -25"><span class='ocrx_word' id='word_1_318' title='bbox 2208 2296 2369 2353; x_wconf 81' lang='lat' dir='ltr'><strong>Patre</strong></span> <span class='ocrx_word' id='word_1_319' title='bbox 2416 2307 2472 2353; x_wconf 87' lang='lat' dir='ltr'><strong>et</strong></span> <span class='ocrx_word' id='word_1_320' title='bbox 2522 2297 2729 2369; x_wconf 89' lang='lat' dir='ltr'><strong>Spiritu</strong></span> <span class='ocrx_word' id='word_1_321' title='bbox 2784 2308 2976 2354; x_wconf 88' lang='lat' dir='ltr'><strong>sancto</strong></span> <span class='ocrx_word' id='word_1_322' title='bbox 3013 2299 3149 2353; x_wconf 88' lang='lat' dir='ltr'><strong>vivit</strong></span> <span class='ocrx_word' id='word_1_323' title='bbox 3181 2309 3236 2356; x_wconf 92' lang='lat' dir='ltr'><strong>et</strong></span> <span class='ocrx_word' id='word_1_324' title='bbox 3274 2309 3472 2372; x_wconf 86' lang='lat' dir='ltr'><strong>regnat</strong></span> <span class='ocrx_word' id='word_1_325' title='bbox 3520 2298 3655 2357; x_wconf 87' lang='lat' dir='ltr'><strong>Deus</strong></span> <span class='ocrx_word' id='word_1_326' title='bbox 3686 2313 3762 2370; x_wconf 82' lang='lat' dir='ltr'><strong>per</strong></span> 
     </span>
    </p>
   </div>
   <div class='ocr_carea' id='block_1_44' title="bbox 2211 2389 3210 2447">
    <p class='ocr_par' dir='ltr' id='par_1_44' title="bbox 2211 2389 3210 2447">
     <span class='ocr_line' id='line_1_44' title="bbox 2211 2389 3210 2447; baseline 0.001 -3"><span class='ocrx_word' id='word_1_327' title='bbox 2211 2390 2394 2444; x_wconf 88' lang='lat' dir='ltr'><strong>omnia</strong></span> <span class='ocrx_word' id='word_1_328' title='bbox 2420 2390 2619 2447; x_wconf 60' lang='lat' dir='ltr'><strong>sarcula</strong></span> <span class='ocrx_word' id='word_1_329' title='bbox 2644 2389 2991 2445; x_wconf 73' lang='lat' dir='ltr'><strong>saeculorum.</strong></span> <span class='ocrx_word' id='word_1_330' title='bbox 3015 2392 3210 2445; x_wconf 82' lang='lat' dir='ltr'><strong>Amen.</strong></span> 
     </span>
    </p>
   </div>
   <div class='ocr_carea' id='block_1_45' title="bbox 1120 2668 3208 2763">
    <p class='ocr_par' dir='ltr' id='par_1_45' title="bbox 1120 2668 3208 2763">
     <span class='ocr_line' id='line_1_45' title="bbox 1120 2668 3208 2763; baseline -0.001 -4"><span class='ocrx_word' id='word_1_331' title='bbox 1120 2673 1245 2761; x_wconf 89' lang='lat' dir='ltr'><strong>IN</strong></span> <span class='ocrx_word' id='word_1_332' title='bbox 1319 2669 1793 2763; x_wconf 85' lang='lat' dir='ltr'><strong>VIGILIA</strong></span> <span class='ocrx_word' id='word_1_333' title='bbox 1864 2669 2642 2762; x_wconf 82' lang='lat' dir='ltr'><strong>NATIVITATIS</strong></span> <span class='ocrx_word' id='word_1_334' title='bbox 2716 2668 3208 2762; x_wconf 76' lang='lat' dir='ltr'><strong>DOMINI.</strong></span> 
     </span>
    </p>
   </div>
   <div class='ocr_carea' id='block_1_46' title="bbox 1748 2862 2542 2927">
    <p class='ocr_par' dir='ltr' id='par_1_46' title="bbox 1748 2862 2542 2927">
     <span class='ocr_line' id='line_1_46' title="bbox 1748 2862 2542 2927; baseline 0.001 -4"><span class='ocrx_word' id='word_1_335' title='bbox 1748 2862 2111 2924; x_wconf 80' lang='lat' dir='ltr'><strong>Secundum</strong></span> <span class='ocrx_word' id='word_1_336' title='bbox 2146 2864 2542 2927; x_wconf 73' lang='lat' dir='ltr'><strong>Matthmum.</strong></span> 
     </span>
    </p>
   </div>
   <div class='ocr_carea' id='block_1_47' title="bbox 591 3025 3764 3099">
    <p class='ocr_par' dir='ltr' id='par_1_47' title="bbox 591 3025 3764 3099">
     <span class='ocr_line' id='line_1_47' title="bbox 591 3025 3764 3099; baseline 0.002 -19"><span class='ocrx_word' id='word_1_337' title='bbox 591 3047 611 3080; x_wconf 72' lang='grc' dir='ltr'>ι</span> <span class='ocrx_word' id='word_1_338' title='bbox 642 3028 701 3083; x_wconf 87' lang='lat' dir='ltr'><strong>In</strong></span> <span class='ocrx_word' id='word_1_339' title='bbox 737 3028 832 3082; x_wconf 89' lang='lat' dir='ltr'><strong>illo</strong></span> <span class='ocrx_word' id='word_1_340' title='bbox 863 3037 1105 3097; x_wconf 90' lang='lat' dir='ltr'><strong>tempore</strong></span> <span class='ocrx_word' id='word_1_341' title='bbox 1142 3045 1154 3081; x_wconf 95' lang='lat'>:</span> <span class='ocrx_word' id='word_1_342' title='bbox 1187 3026 1326 3081; x_wconf 90' lang='lat' dir='ltr'><strong>Cum</strong></span> <span class='ocrx_word' id='word_1_343' title='bbox 1370 3033 1519 3081; x_wconf 90' lang='lat' dir='ltr'><strong>esset</strong></span> <span class='ocrx_word' id='word_1_344' title='bbox 1552 3025 1880 3095; x_wconf 88' lang='lat' dir='ltr'><strong>desponsata</strong></span> <span class='ocrx_word' id='word_1_345' title='bbox 1933 3037 2106 3081; x_wconf 89' lang='lat' dir='ltr'><strong>mater</strong></span> <span class='ocrx_word' id='word_1_346' title='bbox 2134 3032 2175 3088; x_wconf 88' lang='lat' dir='ltr'><strong><em>C</em></strong></span> <span class='ocrx_word' id='word_1_347' title='bbox 2210 3027 2418 3084; x_wconf 88' lang='lat' dir='ltr'><strong>habens</strong></span> <span class='ocrx_word' id='word_1_348' title='bbox 2443 3029 2510 3083; x_wconf 92' lang='lat' dir='ltr'><strong>de</strong></span> <span class='ocrx_word' id='word_1_349' title='bbox 2542 3027 2744 3098; x_wconf 90' lang='lat' dir='ltr'><strong>Spiritu</strong></span> <span class='ocrx_word' id='word_1_350' title='bbox 2778 3037 2990 3085; x_wconf 87' lang='lat' dir='ltr'><strong>sancto.</strong></span> <span class='ocrx_word' id='word_1_351' title='bbox 3030 3028 3317 3099; x_wconf 85' lang='lat' dir='ltr'><strong>Siquidem</strong></span> <span class='ocrx_word' id='word_1_352' title='bbox 3349 3038 3661 3090; x_wconf 77' lang='lat' dir='ltr'><strong>memorato</strong></span> <span class='ocrx_word' id='word_1_353' title='bbox 3682 3044 3764 3086; x_wconf 82' lang='lat' dir='ltr'><strong>or-</strong></span> 
     </span>
    </p>
   </div>
   <div class='ocr_carea' id='block_1_48' title="bbox 513 3117 2103 3189">
    <p class='ocr_par' dir='ltr' id='par_1_48' title="bbox 513 3117 2103 3189">
     <span class='ocr_line' id='line_1_48' title="bbox 513 3117 2103 3189; baseline -0.001 -14"><span class='ocrx_word' id='word_1_354' title='bbox 513 3118 642 3175; x_wconf 72' lang='lat' dir='ltr'><strong>Jesu</strong></span> <span class='ocrx_word' id='word_1_355' title='bbox 674 3119 842 3173; x_wconf 87' lang='lat' dir='ltr'><strong>Maria</strong></span> <span class='ocrx_word' id='word_1_356' title='bbox 886 3117 1107 3189; x_wconf 72' lang='lat' dir='ltr'><strong>Ioseph,</strong></span> <span class='ocrx_word' id='word_1_357' title='bbox 1137 3127 1428 3188; x_wconf 87' lang='lat' dir='ltr'><strong>antequam</strong></span> <span class='ocrx_word' id='word_1_358' title='bbox 1460 3119 1831 3182; x_wconf 84' lang='lat' dir='ltr'><strong>convenirent,</strong></span> <span class='ocrx_word' id='word_1_359' title='bbox 1885 3119 2103 3174; x_wconf 90' lang='lat' dir='ltr'><strong>inventa</strong></span> 
     </span>
    </p>
   </div>
   <div class='ocr_carea' id='block_1_49' title="bbox 512 3208 2098 3281">
    <p class='ocr_par' dir='ltr' id='par_1_49' title="bbox 512 3208 2098 3281">
     <span class='ocr_line' id='line_1_49' title="bbox 512 3208 2098 3281; baseline -0.001 -15"><span class='ocrx_word' id='word_1_360' title='bbox 512 3221 598 3267; x_wconf 87' lang='lat' dir='ltr'><strong>est</strong></span> <span class='ocrx_word' id='word_1_361' title='bbox 624 3212 678 3265; x_wconf 93' lang='lat' dir='ltr'><strong>in</strong></span> <span class='ocrx_word' id='word_1_362' title='bbox 711 3219 865 3265; x_wconf 90' lang='lat' dir='ltr'><strong>utero</strong></span> <span class='ocrx_word' id='word_1_363' title='bbox 893 3210 1101 3265; x_wconf 89' lang='lat' dir='ltr'><strong>habens</strong></span> <span class='ocrx_word' id='word_1_364' title='bbox 1126 3211 1192 3264; x_wconf 80' lang='lat' dir='ltr'><strong>de.</strong></span> <span class='ocrx_word' id='word_1_365' title='bbox 1237 3208 1446 3279; x_wconf 87' lang='lat' dir='ltr'><strong>Spiritu</strong></span> <span class='ocrx_word' id='word_1_366' title='bbox 1507 3218 1699 3266; x_wconf 89' lang='lat' dir='ltr'><strong>sancto</strong></span> <span class='ocrx_word' id='word_1_367' title='bbox 1739 3210 1955 3281; x_wconf 78' lang='lat' dir='ltr'><strong>(Matth.</strong></span> <span class='ocrx_word' id='word_1_368' title='bbox 1985 3214 2045 3281; x_wconf 87' lang='lat' dir='ltr'><strong>l).</strong></span> <span class='ocrx_word' id='word_1_369' title='bbox 2080 3230 2098 3265; x_wconf 69' lang='grc' dir='ltr'><strong>ι</strong></span> 
     </span>
    </p>
   </div>
   <div class='ocr_carea' id='block_1_50' title="bbox 586 3299 2100 3358">
    <p class='ocr_par' dir='ltr' id='par_1_50' title="bbox 586 3299 2100 3358">
     <span class='ocr_line' id='line_1_50' title="bbox 586 3299 2100 3358; baseline 0.002 -3"><span class='ocrx_word' id='word_1_370' title='bbox 586 3300 725 3355; x_wconf 90' lang='lat' dir='ltr'><strong>Cum</strong></span> <span class='ocrx_word' id='word_1_371' title='bbox 752 3300 1091 3354; x_wconf 88' lang='lat' dir='ltr'><strong>nativitatem</strong></span> <span class='ocrx_word' id='word_1_372' title='bbox 1123 3299 1338 3353; x_wconf 88' lang='lat' dir='ltr'><strong>Domini</strong></span> <span class='ocrx_word' id='word_1_373' title='bbox 1364 3309 1415 3355; x_wconf 84' lang='lat' dir='ltr'><strong>et</strong></span> <span class='ocrx_word' id='word_1_374' title='bbox 1449 3299 1749 3355; x_wconf 88' lang='lat' dir='ltr'><strong>Salvatoris</strong></span> <span class='ocrx_word' id='word_1_375' title='bbox 1772 3303 1947 3356; x_wconf 87' lang='lat' dir='ltr'><strong>nostri</strong></span> <span class='ocrx_word' id='word_1_376' title='bbox 1974 3301 2100 3358; x_wconf 80' lang='lat' dir='ltr'><strong>Jesn</strong></span> 
     </span>
    </p>
   </div>
   <div class='ocr_carea' id='block_1_51' title="bbox 513 3391 2103 3461">
    <p class='ocr_par' dir='ltr' id='par_1_51' title="bbox 513 3391 2103 3461">
     <span class='ocr_line' id='line_1_51' title="bbox 513 3391 2103 3461; baseline 0.001 -14"><span class='ocrx_word' id='word_1_377' title='bbox 513 3391 719 3447; x_wconf 82' lang='lat' dir='ltr'><strong>Christi</strong></span> <span class='ocrx_word' id='word_1_378' title='bbox 747 3407 854 3461; x_wconf 88' lang='lat' dir='ltr'><strong>qua</strong></span> <span class='ocrx_word' id='word_1_379' title='bbox 882 3405 1119 3447; x_wconf 68' lang='lat' dir='ltr'><strong>aeternus</strong></span> <span class='ocrx_word' id='word_1_380' title='bbox 1153 3401 1278 3446; x_wconf 87' lang='lat' dir='ltr'><strong>ante</strong></span> <span class='ocrx_word' id='word_1_381' title='bbox 1303 3392 1500 3446; x_wconf 64' lang='lat' dir='ltr'><strong>saecula</strong></span> <span class='ocrx_word' id='word_1_382' title='bbox 1539 3391 1632 3446; x_wconf 89' lang='lat' dir='ltr'><strong>Dei</strong></span> <span class='ocrx_word' id='word_1_383' title='bbox 1661 3391 1830 3447; x_wconf 81' lang='lat' dir='ltr'><strong>Filius</strong></span> <span class='ocrx_word' id='word_1_384' title='bbox 1867 3392 2103 3449; x_wconf 87' lang='lat' dir='ltr'><strong>hominis</strong></span> 
     </span>
    </p>
   </div>
   <div class='ocr_carea' id='block_1_52' title="bbox 514 3482 2099 3553">
    <p class='ocr_par' dir='ltr' id='par_1_52' title="bbox 514 3482 2099 3553">
     <span class='ocr_line' id='line_1_52' title="bbox 514 3482 2099 3553; baseline 0.001 -15"><span class='ocrx_word' id='word_1_385' title='bbox 514 3499 581 3539; x_wconf 73' lang='lat' dir='ltr'><strong>ex</strong></span> <span class='ocrx_word' id='word_1_386' title='bbox 625 3492 866 3553; x_wconf 88' lang='lat' dir='ltr'><strong>tempore</strong></span> <span class='ocrx_word' id='word_1_387' title='bbox 901 3485 1043 3538; x_wconf 89' lang='lat' dir='ltr'><strong>tilius</strong></span> <span class='ocrx_word' id='word_1_388' title='bbox 1086 3484 1376 3553; x_wconf 80' lang='lat' dir='ltr'><strong>apparuit,</strong></span> <span class='ocrx_word' id='word_1_389' title='bbox 1421 3482 1708 3538; x_wconf 75' lang='lat' dir='ltr'><strong>Matthazus</strong></span> <span class='ocrx_word' id='word_1_390' title='bbox 1748 3485 2099 3552; x_wconf 73' lang='lat' dir='ltr'><strong>evangelista,</strong></span> 
     </span>
    </p>
   </div>
   <div class='ocr_carea' id='block_1_53' title="bbox 513 3574 2099 3647">
    <p class='ocr_par' dir='ltr' id='par_1_53' title="bbox 513 3574 2099 3647">
     <span class='ocr_line' id='line_1_53' title="bbox 513 3574 2099 3647; baseline 0.002 -19"><span class='ocrx_word' id='word_1_391' title='bbox 513 3575 666 3629; x_wconf 89' lang='lat' dir='ltr'><strong>brevi</strong></span> <span class='ocrx_word' id='word_1_392' title='bbox 697 3575 915 3643; x_wconf 87' lang='lat' dir='ltr'><strong>quidem</strong></span> <span class='ocrx_word' id='word_1_393' title='bbox 950 3589 1225 3638; x_wconf 88' lang='lat' dir='ltr'><strong>sermone,</strong></span> <span class='ocrx_word' id='word_1_394' title='bbox 1266 3574 1362 3628; x_wconf 90' lang='lat' dir='ltr'><strong>sed</strong></span> <span class='ocrx_word' id='word_1_395' title='bbox 1406 3574 1476 3629; x_wconf 90' lang='lat' dir='ltr'><strong>ab</strong></span> <span class='ocrx_word' id='word_1_396' title='bbox 1515 3574 1793 3628; x_wconf 86' lang='lat' dir='ltr'><strong>Abraham</strong></span> <span class='ocrx_word' id='word_1_397' title='bbox 1830 3591 2004 3647; x_wconf 91' lang='lat' dir='ltr'><strong>usque</strong></span> <span class='ocrx_word' id='word_1_398' title='bbox 2032 3578 2099 3631; x_wconf 82' lang='lat' dir='ltr'><strong>al</strong></span> 
     </span>
    </p>
   </div>
   <div class='ocr_carea' id='block_1_54' title="bbox 516 3664 2103 3737">
    <p class='ocr_par' dir='ltr' id='par_1_54' title="bbox 516 3664 2103 3737">
     <span class='ocr_line' id='line_1_54' title="bbox 516 3664 2103 3737; baseline 0.002 -18"><span class='ocrx_word' id='word_1_399' title='bbox 516 3665 717 3734; x_wconf 79' lang='lat' dir='ltr'><strong>Joseph</strong></span> <span class='ocrx_word' id='word_1_400' title='bbox 757 3666 937 3718; x_wconf 91' lang='lat' dir='ltr'><strong>virum</strong></span> <span class='ocrx_word' id='word_1_401' title='bbox 986 3665 1168 3720; x_wconf 68' lang='lat' dir='ltr'><strong>Maria:</strong></span> <span class='ocrx_word' id='word_1_402' title='bbox 1221 3664 1584 3735; x_wconf 79' lang='lat' dir='ltr'><strong>perduxisset,</strong></span> <span class='ocrx_word' id='word_1_403' title='bbox 1613 3682 1912 3737; x_wconf 89' lang='lat' dir='ltr'><strong>omnesque</strong></span> <span class='ocrx_word' id='word_1_404' title='bbox 1957 3684 2103 3723; x_wconf 89' lang='lat' dir='ltr'><strong>com-</strong></span> 
     </span>
    </p>
   </div>
   <div class='ocr_carea' id='block_1_55' title="bbox 517 3755 2101 3828">
    <p class='ocr_par' dir='ltr' id='par_1_55' title="bbox 517 3755 2101 3828">
     <span class='ocr_line' id='line_1_55' title="bbox 517 3755 2101 3828; baseline 0.006 -21"><span class='ocrx_word' id='word_1_405' title='bbox 517 3755 669 3808; x_wconf 90' lang='lat' dir='ltr'><strong>muni</strong></span> <span class='ocrx_word' id='word_1_406' title='bbox 703 3756 954 3809; x_wconf 66' lang='lat' dir='ltr'><strong>humanaa</strong></span> <span class='ocrx_word' id='word_1_407' title='bbox 984 3756 1311 3811; x_wconf 89' lang='lat' dir='ltr'><strong>conditionis</strong></span> <span class='ocrx_word' id='word_1_408' title='bbox 1355 3757 1545 3811; x_wconf 89' lang='lat' dir='ltr'><strong>ordine</strong></span> <span class='ocrx_word' id='word_1_409' title='bbox 1585 3758 1796 3828; x_wconf 89' lang='lat' dir='ltr'><strong>genitos</strong></span> <span class='ocrx_word' id='word_1_410' title='bbox 1845 3759 2007 3813; x_wconf 88' lang='lat' dir='ltr'><strong>simul</strong></span> <span class='ocrx_word' id='word_1_411' title='bbox 2048 3770 2101 3816; x_wconf 88' lang='lat' dir='ltr'><strong>et</strong></span> 
     </span>
    </p>
   </div>
   <div class='ocr_carea' id='block_1_56' title="bbox 517 3848 2101 3922">
    <p class='ocr_par' dir='ltr' id='par_1_56' title="bbox 517 3848 2101 3922">
     <span class='ocr_line' id='line_1_56' title="bbox 517 3848 2101 3922; baseline 0.006 -22"><span class='ocrx_word' id='word_1_412' title='bbox 517 3854 839 3915; x_wconf 82' lang='lat' dir='ltr'><strong>generantes</strong></span> <span class='ocrx_word' id='word_1_413' title='bbox 911 3848 1258 3912; x_wconf 88' lang='lat' dir='ltr'><strong>ostendisset,</strong></span> <span class='ocrx_word' id='word_1_414' title='bbox 1306 3865 1430 3904; x_wconf 82' lang='lat' dir='ltr'><strong>mox</strong></span> <span class='ocrx_word' id='word_1_415' title='bbox 1495 3851 1563 3906; x_wconf 91' lang='lat' dir='ltr'><strong>de</strong></span> <span class='ocrx_word' id='word_1_416' title='bbox 1631 3852 1748 3922; x_wconf 91' lang='lat' dir='ltr'><strong>ipsa</strong></span> <span class='ocrx_word' id='word_1_417' title='bbox 1818 3853 2101 3911; x_wconf 90' lang='lat' dir='ltr'><strong>locuturus</strong></span> 
     </span>
    </p>
   </div>
   <div class='ocr_carea' id='block_1_57' title="bbox 517 3936 2097 4014">
    <p class='ocr_par' dir='ltr' id='par_1_57' title="bbox 517 3936 2097 4014">
     <span class='ocr_line' id='line_1_57' title="bbox 517 3936 2097 4014; baseline 0.008 -28"><span class='ocrx_word' id='word_1_418' title='bbox 517 3943 781 4003; x_wconf 91' lang='lat' dir='ltr'><strong>quantum</strong></span> <span class='ocrx_word' id='word_1_419' title='bbox 814 3936 933 4004; x_wconf 85' lang='lat' dir='ltr'><strong>ejus</strong></span> <span class='ocrx_word' id='word_1_420' title='bbox 958 3939 1244 4007; x_wconf 83' lang='lat' dir='ltr'><strong>generatio</strong></span> <span class='ocrx_word' id='word_1_421' title='bbox 1283 3954 1314 3993; x_wconf 90' lang='lat' dir='ltr'><strong>a</strong></span> <span class='ocrx_word' id='word_1_422' title='bbox 1353 3941 1564 3996; x_wconf 64' lang='lat' dir='ltr'><strong>caeteris</strong></span> <span class='ocrx_word' id='word_1_423' title='bbox 1589 3942 1817 3998; x_wconf 81' lang='lat' dir='ltr'><strong>distaret</strong></span> <span class='ocrx_word' id='word_1_424' title='bbox 1864 3947 2097 4014; x_wconf 90' lang='lat' dir='ltr'><strong>aperuit,</strong></span> 
     </span>
    </p>
   </div>
   <div class='ocr_carea' id='block_1_58' title="bbox 518 4027 2101 4102">
    <p class='ocr_par' dir='ltr' id='par_1_58' title="bbox 518 4027 2101 4102">
     <span class='ocr_line' id='line_1_58' title="bbox 518 4027 2101 4102; baseline 0.009 -22"><span class='ocrx_word' id='word_1_425' title='bbox 518 4028 647 4097; x_wconf 86' lang='lat' dir='ltr'><strong>quia</strong></span> <span class='ocrx_word' id='word_1_426' title='bbox 676 4027 926 4083; x_wconf 90' lang='lat' dir='ltr'><strong>videlicet</strong></span> <span class='ocrx_word' id='word_1_427' title='bbox 972 4031 1152 4084; x_wconf 65' lang='lat' dir='ltr'><strong>caeteri</strong></span> <span class='ocrx_word' id='word_1_428' title='bbox 1198 4047 1295 4100; x_wconf 90' lang='lat' dir='ltr'><strong>per</strong></span> <span class='ocrx_word' id='word_1_429' title='bbox 1341 4033 1784 4102; x_wconf 84' lang='lat' dir='ltr'><strong>eonjunetionem</strong></span> <span class='ocrx_word' id='word_1_430' title='bbox 1834 4039 1999 4093; x_wconf 83' lang='lat' dir='ltr'><strong>maris</strong></span> <span class='ocrx_word' id='word_1_431' title='bbox 2046 4047 2101 4093; x_wconf 89' lang='lat' dir='ltr'><strong>et</strong></span> 
     </span>
    </p>
   </div>
   <div class='ocr_carea' id='block_1_59' title="bbox 518 4119 2099 4199">
    <p class='ocr_par' dir='ltr' id='par_1_59' title="bbox 518 4119 2099 4199">
     <span class='ocr_line' id='line_1_59' title="bbox 518 4119 2099 4199; baseline 0.006 -24"><span class='ocrx_word' id='word_1_432' title='bbox 518 4119 735 4175; x_wconf 68' lang='lat' dir='ltr'><strong>femina:</strong></span> <span class='ocrx_word' id='word_1_433' title='bbox 782 4121 1018 4187; x_wconf 88' lang='lat' dir='ltr'><strong>solitam,</strong></span> <span class='ocrx_word' id='word_1_434' title='bbox 1067 4122 1181 4191; x_wconf 91' lang='lat' dir='ltr'><strong>ipse</strong></span> <span class='ocrx_word' id='word_1_435' title='bbox 1229 4132 1411 4178; x_wconf 89' lang='lat' dir='ltr'><strong>autem</strong></span> <span class='ocrx_word' id='word_1_436' title='bbox 1468 4141 1563 4193; x_wconf 90' lang='lat' dir='ltr'><strong>per</strong></span> <span class='ocrx_word' id='word_1_437' title='bbox 1593 4126 1883 4197; x_wconf 83' lang='lat' dir='ltr'><strong>virginem,</strong></span> <span class='ocrx_word' id='word_1_438' title='bbox 1914 4139 2099 4199; x_wconf 82' lang='lat' dir='ltr'><strong>utpote</strong></span> 
     </span>
    </p>
   </div>
   <div class='ocr_carea' id='block_1_60' title="bbox 520 4211 2098 4287">
    <p class='ocr_par' dir='ltr' id='par_1_60' title="bbox 520 4211 2098 4287">
     <span class='ocr_line' id='line_1_60' title="bbox 520 4211 2098 4287; baseline 0.007 -23"><span class='ocrx_word' id='word_1_439' title='bbox 520 4212 611 4266; x_wconf 86' lang='lat' dir='ltr'><strong>Dei</strong></span> <span class='ocrx_word' id='word_1_440' title='bbox 636 4211 807 4267; x_wconf 82' lang='lat' dir='ltr'><strong>Filius</strong></span> <span class='ocrx_word' id='word_1_441' title='bbox 841 4223 1160 4267; x_wconf 87' lang='lat' dir='ltr'><strong>nasceretur</strong></span> <span class='ocrx_word' id='word_1_442' title='bbox 1191 4214 1245 4268; x_wconf 90' lang='lat' dir='ltr'><strong>in</strong></span> <span class='ocrx_word' id='word_1_443' title='bbox 1288 4216 1575 4270; x_wconf 90' lang='lat' dir='ltr'><strong>mundum.</strong></span> <span class='ocrx_word' id='word_1_444' title='bbox 1601 4215 1665 4270; x_wconf 88' lang='lat' dir='ltr'><strong>Et</strong></span> <span class='ocrx_word' id='word_1_445' title='bbox 1690 4218 1910 4287; x_wconf 87' lang='lat' dir='ltr'><strong>quidem</strong></span> <span class='ocrx_word' id='word_1_446' title='bbox 1940 4221 2098 4275; x_wconf 82' lang='lat' dir='ltr'><strong>dece-</strong></span> 
     </span>
    </p>
   </div>
   <div class='ocr_carea' id='block_1_61' title="bbox 516 4305 2097 4380">
    <p class='ocr_par' dir='ltr' id='par_1_61' title="bbox 516 4305 2097 4380">
     <span class='ocr_line' id='line_1_61' title="bbox 516 4305 2097 4380; baseline 0.004 -21"><span class='ocrx_word' id='word_1_447' title='bbox 516 4305 609 4359; x_wconf 85' lang='lat' dir='ltr'><strong>bat</strong></span> <span class='ocrx_word' id='word_1_448' title='bbox 654 4306 1004 4372; x_wconf 72' lang='lat' dir='ltr'><strong>omnimodis,</strong></span> <span class='ocrx_word' id='word_1_449' title='bbox 1063 4314 1123 4360; x_wconf 91' lang='lat' dir='ltr'><strong>ut</strong></span> <span class='ocrx_word' id='word_1_450' title='bbox 1166 4322 1291 4361; x_wconf 90' lang='lat' dir='ltr'><strong>cum</strong></span> <span class='ocrx_word' id='word_1_451' title='bbox 1336 4305 1481 4362; x_wconf 91' lang='lat' dir='ltr'><strong>Deus</strong></span> <span class='ocrx_word' id='word_1_452' title='bbox 1523 4308 1687 4363; x_wconf 90' lang='lat' dir='ltr'><strong>homo</strong></span> <span class='ocrx_word' id='word_1_453' title='bbox 1734 4319 1955 4380; x_wconf 89' lang='lat' dir='ltr'><strong>propter</strong></span> <span class='ocrx_word' id='word_1_454' title='bbox 1998 4312 2097 4365; x_wconf 83' lang='lat' dir='ltr'><strong>ho-</strong></span> 
     </span>
    </p>
   </div>
   <div class='ocr_carea' id='block_1_62' title="bbox 2206 3119 3764 3193">
    <p class='ocr_par' dir='ltr' id='par_1_62' title="bbox 2206 3119 3764 3193">
     <span class='ocr_line' id='line_1_62' title="bbox 2206 3119 3764 3193; baseline 0.003 -21"><span class='ocrx_word' id='word_1_455' title='bbox 2206 3119 2351 3183; x_wconf 89' lang='lat' dir='ltr'><strong>dine,</strong></span> <span class='ocrx_word' id='word_1_456' title='bbox 2394 3128 2582 3189; x_wconf 89' lang='lat' dir='ltr'><strong>postea</strong></span> <span class='ocrx_word' id='word_1_457' title='bbox 2634 3129 3008 3175; x_wconf 87' lang='lat' dir='ltr'><strong>convenerunt</strong></span> <span class='ocrx_word' id='word_1_458' title='bbox 3042 3121 3265 3190; x_wconf 85' lang='lat' dir='ltr'><strong>quando</strong></span> <span class='ocrx_word' id='word_1_459' title='bbox 3316 3119 3515 3192; x_wconf 77' lang='lat' dir='ltr'><strong>Ioseph</strong></span> <span class='ocrx_word' id='word_1_460' title='bbox 3557 3122 3623 3176; x_wconf 91' lang='lat' dir='ltr'><strong>ad</strong></span> <span class='ocrx_word' id='word_1_461' title='bbox 3646 3136 3764 3193; x_wconf 71' lang='lat' dir='ltr'><strong>prae-</strong></span> 
     </span>
    </p>
   </div>
   <div class='ocr_carea' id='block_1_63' title="bbox 2207 3211 3764 3283">
    <p class='ocr_par' dir='ltr' id='par_1_63' title="bbox 2207 3211 3764 3283">
     <span class='ocr_line' id='line_1_63' title="bbox 2207 3211 3764 3283; baseline 0.001 -19"><span class='ocrx_word' id='word_1_462' title='bbox 2207 3218 2423 3279; x_wconf 89' lang='lat' dir='ltr'><strong>ceptum</strong></span> <span class='ocrx_word' id='word_1_463' title='bbox 2476 3212 2652 3281; x_wconf 87' lang='lat' dir='ltr'><strong>angeli</strong></span> <span class='ocrx_word' id='word_1_464' title='bbox 2706 3212 2915 3282; x_wconf 91' lang='lat' dir='ltr'><strong>accepit</strong></span> <span class='ocrx_word' id='word_1_465' title='bbox 2961 3211 3251 3283; x_wconf 87' lang='lat' dir='ltr'><strong>conjugem</strong></span> <span class='ocrx_word' id='word_1_466' title='bbox 3305 3228 3496 3280; x_wconf 87' lang='lat' dir='ltr'><strong>suam;</strong></span> <span class='ocrx_word' id='word_1_467' title='bbox 3538 3213 3628 3269; x_wconf 87' lang='lat' dir='ltr'><strong>sed</strong></span> <span class='ocrx_word' id='word_1_468' title='bbox 3670 3228 3764 3268; x_wconf 88' lang='lat' dir='ltr'><strong>non</strong></span> 
     </span>
    </p>
   </div>
   <div class='ocr_carea' id='block_1_64' title="bbox 2205 3303 3762 3376">
    <p class='ocr_par' dir='ltr' id='par_1_64' title="bbox 2205 3303 3762 3376">
     <span class='ocr_line' id='line_1_64' title="bbox 2205 3303 3762 3376; baseline 0.003 -21"><span class='ocrx_word' id='word_1_469' title='bbox 2205 3303 2604 3369; x_wconf 88' lang='lat' dir='ltr'><strong>concubebant,</strong></span> <span class='ocrx_word' id='word_1_470' title='bbox 2651 3303 2779 3374; x_wconf 85' lang='lat' dir='ltr'><strong>quia</strong></span> <span class='ocrx_word' id='word_1_471' title='bbox 2812 3303 3103 3373; x_wconf 88' lang='lat' dir='ltr'><strong>sequitur:</strong></span> <span class='ocrx_word' id='word_1_472' title='bbox 3139 3322 3158 3356; x_wconf 86' lang='grc'>‹</span> <span class='ocrx_word' id='word_1_473' title='bbox 3191 3303 3256 3358; x_wconf 89' lang='lat' dir='ltr'><strong>Et</strong></span> <span class='ocrx_word' id='word_1_474' title='bbox 3287 3320 3398 3359; x_wconf 91' lang='lat' dir='ltr'><strong>non</strong></span> <span class='ocrx_word' id='word_1_475' title='bbox 3428 3304 3762 3376; x_wconf 78' lang='lat' dir='ltr'><strong>cognoscebat</strong></span> 
     </span>
    </p>
   </div>
   <div class='ocr_carea' id='block_1_65' title="bbox 2203 3410 2388 3448">
    <p class='ocr_par' dir='ltr' id='par_1_65' title="bbox 2203 3410 2388 3448">
     <span class='ocr_line' id='line_1_65' title="bbox 2203 3410 2388 3448; baseline -0.005 -1"><span class='ocrx_word' id='word_1_476' title='bbox 2203 3410 2344 3448; x_wconf 79' lang='lat' dir='ltr'><strong>eain.</strong></span> <span class='ocrx_word' id='word_1_477' title='bbox 2369 3414 2388 3446; x_wconf 74' lang='grc' dir='ltr'><strong><em>ι</em></strong></span> 
     </span>
    </p>
   </div>
   <div class='ocr_carea' id='block_1_66' title="bbox 2280 3486 3765 3545">
    <p class='ocr_par' dir='ltr' id='par_1_66' title="bbox 2280 3486 3765 3545">
     <span class='ocr_line' id='line_1_66' title="bbox 2280 3486 3765 3545; baseline 0.005 -7"><span class='ocrx_word' id='word_1_478' title='bbox 2280 3506 2299 3539; x_wconf 76' lang='grc' dir='ltr'>ι</span> <span class='ocrx_word' id='word_1_479' title='bbox 2334 3486 2555 3542; x_wconf 86' lang='lat' dir='ltr'><strong>Inventa</strong></span> <span class='ocrx_word' id='word_1_480' title='bbox 2604 3496 2689 3543; x_wconf 91' lang='lat' dir='ltr'><strong>est</strong></span> <span class='ocrx_word' id='word_1_481' title='bbox 2722 3497 2907 3544; x_wconf 89' lang='lat' dir='ltr'><strong>autem</strong></span> <span class='ocrx_word' id='word_1_482' title='bbox 2961 3489 3016 3543; x_wconf 87' lang='lat' dir='ltr'><strong>in</strong></span> <span class='ocrx_word' id='word_1_483' title='bbox 3070 3497 3226 3544; x_wconf 86' lang='lat' dir='ltr'><strong>utero</strong></span> <span class='ocrx_word' id='word_1_484' title='bbox 3254 3490 3467 3545; x_wconf 88' lang='lat' dir='ltr'><strong>habens</strong></span> <span class='ocrx_word' id='word_1_485' title='bbox 3490 3510 3517 3542; x_wconf 61' lang='grc' dir='ltr'><em>ν</em></span> <span class='ocrx_word' id='word_1_486' title='bbox 3555 3506 3586 3544; x_wconf 86' lang='lat' dir='ltr'><strong>a</strong></span> <span class='ocrx_word' id='word_1_487' title='bbox 3630 3489 3765 3545; x_wconf 86' lang='lat' dir='ltr'><strong>nullo</strong></span> 
     </span>
    </p>
   </div>
   <div class='ocr_carea' id='block_1_67' title="bbox 2203 3579 3766 3651">
    <p class='ocr_par' dir='ltr' id='par_1_67' title="bbox 2203 3579 3766 3651">
     <span class='ocr_line' id='line_1_67' title="bbox 2203 3579 3766 3651; baseline -0.001 -18"><span class='ocrx_word' id='word_1_488' title='bbox 2203 3579 2485 3649; x_wconf 88' lang='lat' dir='ltr'><strong>alioqnam</strong></span> <span class='ocrx_word' id='word_1_489' title='bbox 2511 3579 2881 3651; x_wconf 85' lang='lat' dir='ltr'><strong>aJoseph,qui</strong></span> <span class='ocrx_word' id='word_1_490' title='bbox 2910 3580 3129 3635; x_wconf 90' lang='lat' dir='ltr'><strong>licentia</strong></span> <span class='ocrx_word' id='word_1_491' title='bbox 3160 3582 3403 3636; x_wconf 89' lang='lat' dir='ltr'><strong>maritali</strong></span> <span class='ocrx_word' id='word_1_492' title='bbox 3434 3580 3620 3636; x_wconf 63' lang='lat' dir='ltr'><strong>futurae</strong></span> <span class='ocrx_word' id='word_1_493' title='bbox 3641 3594 3766 3634; x_wconf 72' lang='lat' dir='ltr'><strong>ure.-</strong></span> 
     </span>
    </p>
   </div>
   <div class='ocr_carea' id='block_1_68' title="bbox 2204 3672 3765 3741">
    <p class='ocr_par' dir='ltr' id='par_1_68' title="bbox 2204 3672 3765 3741">
     <span class='ocr_line' id='line_1_68' title="bbox 2204 3672 3765 3741; baseline -0.001 -16"><span class='ocrx_word' id='word_1_494' title='bbox 2204 3673 2279 3727; x_wconf 87' lang='lat' dir='ltr'><strong>ris</strong></span> <span class='ocrx_word' id='word_1_495' title='bbox 2312 3687 2446 3741; x_wconf 88' lang='lat' dir='ltr'><strong>pene</strong></span> <span class='ocrx_word' id='word_1_496' title='bbox 2471 3672 2655 3726; x_wconf 89' lang='lat' dir='ltr'><strong>omnia</strong></span> <span class='ocrx_word' id='word_1_497' title='bbox 2678 3683 2921 3728; x_wconf 87' lang='lat' dir='ltr'><strong>noverat.</strong></span> <span class='ocrx_word' id='word_1_498' title='bbox 2953 3672 3078 3727; x_wconf 88' lang='lat' dir='ltr'><strong>Ideo</strong></span> <span class='ocrx_word' id='word_1_499' title='bbox 3103 3681 3405 3727; x_wconf 81' lang='lat' dir='ltr'><strong>tumentem</strong></span> <span class='ocrx_word' id='word_1_500' title='bbox 3432 3673 3548 3741; x_wconf 90' lang='lat' dir='ltr'><strong>ejus</strong></span> <span class='ocrx_word' id='word_1_501' title='bbox 3574 3680 3765 3726; x_wconf 86' lang='lat' dir='ltr'><strong>uterum</strong></span> 
     </span>
    </p>
   </div>
   <div class='ocr_carea' id='block_1_69' title="bbox 2203 3764 3553 3835">
    <p class='ocr_par' dir='ltr' id='par_1_69' title="bbox 2203 3764 3553 3835">
     <span class='ocr_line' id='line_1_69' title="bbox 2203 3764 3553 3835; baseline 0.001 -17"><span class='ocrx_word' id='word_1_502' title='bbox 2203 3780 2330 3818; x_wconf 76' lang='lat' dir='ltr'><strong>mox</strong></span> <span class='ocrx_word' id='word_1_503' title='bbox 2362 3765 2582 3819; x_wconf 69' lang='lat' dir='ltr'><strong>curioso</strong></span> <span class='ocrx_word' id='word_1_504' title='bbox 2610 3765 2967 3835; x_wconf 87' lang='lat' dir='ltr'><strong>deprehendit</strong></span> <span class='ocrx_word' id='word_1_505' title='bbox 2989 3765 3211 3819; x_wconf 89' lang='lat' dir='ltr'><strong>intuitu.</strong></span> <span class='ocrx_word' id='word_1_506' title='bbox 3250 3764 3513 3834; x_wconf 90' lang='lat' dir='ltr'><strong>Sequitur</strong></span> <span class='ocrx_word' id='word_1_507' title='bbox 3540 3783 3553 3819; x_wconf 92' lang='lat'><strong>:</strong></span> 
     </span>
    </p>
   </div>
   <div class='ocr_carea' id='block_1_70' title="bbox 2271 3854 3770 3926">
    <p class='ocr_par' dir='ltr' id='par_1_70' title="bbox 2271 3854 3770 3926">
     <span class='ocr_line' id='line_1_70' title="bbox 2271 3854 3770 3926; baseline -0.001 -16"><span class='ocrx_word' id='word_1_508' title='bbox 2271 3854 2473 3923; x_wconf 82' lang='lat' dir='ltr'><strong>Joseph</strong></span> <span class='ocrx_word' id='word_1_509' title='bbox 2506 3865 2687 3911; x_wconf 89' lang='lat' dir='ltr'><strong>autem</strong></span> <span class='ocrx_word' id='word_1_510' title='bbox 2718 3857 2803 3911; x_wconf 85' lang='lat' dir='ltr'><strong>vir</strong></span> <span class='ocrx_word' id='word_1_511' title='bbox 2831 3857 2974 3926; x_wconf 90' lang='lat' dir='ltr'><strong>ejus,</strong></span> <span class='ocrx_word' id='word_1_512' title='bbox 3005 3872 3132 3913; x_wconf 92' lang='lat' dir='ltr'><strong>cum</strong></span> <span class='ocrx_word' id='word_1_513' title='bbox 3155 3865 3304 3912; x_wconf 90' lang='lat' dir='ltr'><strong>esset</strong></span> <span class='ocrx_word' id='word_1_514' title='bbox 3328 3857 3513 3925; x_wconf 89' lang='lat' dir='ltr'><strong>justus</strong></span> <span class='ocrx_word' id='word_1_515' title='bbox 3540 3865 3587 3911; x_wconf 89' lang='lat' dir='ltr'><strong>et</strong></span> <span class='ocrx_word' id='word_1_516' title='bbox 3615 3854 3770 3909; x_wconf 84' lang='lat' dir='ltr'><strong>nollet</strong></span> 
     </span>
    </p>
   </div>
   <div class='ocr_carea' id='block_1_71' title="bbox 2201 3948 3765 4013">
    <p class='ocr_par' dir='ltr' id='par_1_71' title="bbox 2201 3948 3765 4013">
     <span class='ocr_line' id='line_1_71' title="bbox 2201 3948 3765 4013; baseline -0.003 -12"><span class='ocrx_word' id='word_1_517' title='bbox 2201 3963 2321 4001; x_wconf 88' lang='lat' dir='ltr'><strong>eam</strong></span> <span class='ocrx_word' id='word_1_518' title='bbox 2382 3948 2686 4013; x_wconf 88' lang='lat' dir='ltr'><strong>traducere,</strong></span> <span class='ocrx_word' id='word_1_519' title='bbox 2738 3949 2913 4002; x_wconf 86' lang='lat' dir='ltr'><strong>voluit</strong></span> <span class='ocrx_word' id='word_1_520' title='bbox 2968 3949 3183 4003; x_wconf 91' lang='lat' dir='ltr'><strong>occulte</strong></span> <span class='ocrx_word' id='word_1_521' title='bbox 3237 3948 3518 4004; x_wconf 89' lang='lat' dir='ltr'><strong>dimittere</strong></span> <span class='ocrx_word' id='word_1_522' title='bbox 3574 3964 3707 4002; x_wconf 89' lang='lat' dir='ltr'><strong>eam.</strong></span> <span class='ocrx_word' id='word_1_523' title='bbox 3744 3965 3765 3997; x_wconf 70' lang='grc' dir='ltr'>ι</span> 
     </span>
    </p>
   </div>
   <div class='ocr_carea' id='block_1_72' title="bbox 2204 4038 3769 4110">
    <p class='ocr_par' dir='ltr' id='par_1_72' title="bbox 2204 4038 3769 4110">
     <span class='ocr_line' id='line_1_72' title="bbox 2204 4038 3769 4110; baseline -0.001 -18"><span class='ocrx_word' id='word_1_524' title='bbox 2204 4038 2404 4094; x_wconf 79' lang='lat' dir='ltr'><strong>Videris</strong></span> <span class='ocrx_word' id='word_1_525' title='bbox 2424 4038 2623 4109; x_wconf 69' lang='lat' dir='ltr'><strong>Ioseph</strong></span> <span class='ocrx_word' id='word_1_526' title='bbox 2650 4056 2906 4109; x_wconf 90' lang='lat' dir='ltr'><strong>sponsam</strong></span> <span class='ocrx_word' id='word_1_527' title='bbox 2929 4042 3245 4110; x_wconf 85' lang='lat' dir='ltr'><strong>concepisse</strong></span> <span class='ocrx_word' id='word_1_528' title='bbox 3270 4057 3452 4106; x_wconf 88' lang='lat' dir='ltr'><strong>suam,</strong></span> <span class='ocrx_word' id='word_1_529' title='bbox 3465 4056 3618 4110; x_wconf 89' lang='lat' dir='ltr'><strong>quam</strong></span> <span class='ocrx_word' id='word_1_530' title='bbox 3641 4040 3769 4092; x_wconf 88' lang='lat' dir='ltr'><strong>bene</strong></span> 
     </span>
    </p>
   </div>
   <div class='ocr_carea' id='block_1_73' title="bbox 2202 4130 3771 4199">
    <p class='ocr_par' dir='ltr' id='par_1_73' title="bbox 2202 4130 3771 4199">
     <span class='ocr_line' id='line_1_73' title="bbox 2202 4130 3771 4199; baseline -0.001 -14"><span class='ocrx_word' id='word_1_531' title='bbox 2202 4140 2431 4186; x_wconf 82' lang='lat' dir='ltr'><strong>noverat</strong></span> <span class='ocrx_word' id='word_1_532' title='bbox 2461 4146 2489 4184; x_wconf 91' lang='lat' dir='ltr'><strong>a</strong></span> <span class='ocrx_word' id='word_1_533' title='bbox 2522 4132 2673 4186; x_wconf 90' lang='lat' dir='ltr'><strong>nullo</strong></span> <span class='ocrx_word' id='word_1_534' title='bbox 2695 4134 2815 4187; x_wconf 85' lang='lat' dir='ltr'><strong>viro</strong></span> <span class='ocrx_word' id='word_1_535' title='bbox 2847 4132 3019 4186; x_wconf 82' lang='lat' dir='ltr'><strong>fuisse</strong></span> <span class='ocrx_word' id='word_1_536' title='bbox 3046 4140 3331 4197; x_wconf 86' lang='lat' dir='ltr'><strong>attactam,</strong></span> <span class='ocrx_word' id='word_1_537' title='bbox 3353 4148 3478 4187; x_wconf 89' lang='lat' dir='ltr'><strong>cum</strong></span> <span class='ocrx_word' id='word_1_538' title='bbox 3500 4139 3628 4186; x_wconf 84' lang='lat' dir='ltr'><strong>esset</strong></span> <span class='ocrx_word' id='word_1_539' title='bbox 3656 4130 3771 4199; x_wconf 83' lang='lat' dir='ltr'><strong>jus-</strong></span> 
     </span>
    </p>
   </div>
   <div class='ocr_carea' id='block_1_74' title="bbox 2204 4222 3775 4293">
    <p class='ocr_par' dir='ltr' id='par_1_74' title="bbox 2204 4222 3775 4293">
     <span class='ocr_line' id='line_1_74' title="bbox 2204 4222 3775 4293; baseline -0.002 -18"><span class='ocrx_word' id='word_1_540' title='bbox 2204 4230 2311 4287; x_wconf 92' lang='lat' dir='ltr'><strong>tus,</strong></span> <span class='ocrx_word' id='word_1_541' title='bbox 2340 4232 2393 4277; x_wconf 90' lang='lat' dir='ltr'><strong>et</strong></span> <span class='ocrx_word' id='word_1_542' title='bbox 2429 4222 2577 4292; x_wconf 86' lang='lat' dir='ltr'><strong>juste</strong></span> <span class='ocrx_word' id='word_1_543' title='bbox 2609 4225 2794 4278; x_wconf 90' lang='lat' dir='ltr'><strong>omnia</strong></span> <span class='ocrx_word' id='word_1_544' title='bbox 2818 4224 2980 4280; x_wconf 89' lang='lat' dir='ltr'><strong>vellet</strong></span> <span class='ocrx_word' id='word_1_545' title='bbox 3009 4239 3191 4293; x_wconf 81' lang='lat' dir='ltr'><strong>agere,</strong></span> <span class='ocrx_word' id='word_1_546' title='bbox 3218 4223 3490 4293; x_wconf 89' lang='lat' dir='ltr'><strong>optimum</strong></span> <span class='ocrx_word' id='word_1_547' title='bbox 3516 4222 3682 4286; x_wconf 82' lang='lat' dir='ltr'><strong>duxit,</strong></span> <span class='ocrx_word' id='word_1_548' title='bbox 3714 4229 3775 4273; x_wconf 86' lang='lat' dir='ltr'><strong>ut</strong></span> 
     </span>
    </p>
   </div>
   <div class='ocr_carea' id='block_1_75' title="bbox 2200 4309 3779 4384">
    <p class='ocr_par' dir='ltr' id='par_1_75' title="bbox 2200 4309 3779 4384">
     <span class='ocr_line' id='line_1_75' title="bbox 2200 4309 3779 4384; baseline -0.002 -17"><span class='ocrx_word' id='word_1_549' title='bbox 2200 4329 2376 4383; x_wconf 91' lang='lat' dir='ltr'><strong>neque</strong></span> <span class='ocrx_word' id='word_1_550' title='bbox 2435 4315 2538 4369; x_wconf 92' lang='lat' dir='ltr'><strong>hoc</strong></span> <span class='ocrx_word' id='word_1_551' title='bbox 2587 4314 2710 4369; x_wconf 91' lang='lat' dir='ltr'><strong>aliis</strong></span> <span class='ocrx_word' id='word_1_552' title='bbox 2755 4316 3027 4384; x_wconf 87' lang='lat' dir='ltr'><strong>proderet,</strong></span> <span class='ocrx_word' id='word_1_553' title='bbox 3092 4330 3271 4384; x_wconf 90' lang='lat' dir='ltr'><strong>neque</strong></span> <span class='ocrx_word' id='word_1_554' title='bbox 3324 4314 3441 4384; x_wconf 89' lang='lat' dir='ltr'><strong>ipse</strong></span> <span class='ocrx_word' id='word_1_555' title='bbox 3487 4327 3597 4366; x_wconf 88' lang='lat' dir='ltr'><strong>eam</strong></span> <span class='ocrx_word' id='word_1_556' title='bbox 3630 4309 3779 4364; x_wconf 61' lang='grc' dir='ltr'><strong>πάι</strong></span> 
     </span>
    </p>
   </div>
   <div class='ocr_carea' id='block_1_76' title="bbox 515 4394 3776 4475">
    <p class='ocr_par' dir='ltr' id='par_1_76' title="bbox 515 4394 3776 4475">
     <span class='ocr_line' id='line_1_76' title="bbox 515 4394 3776 4475; baseline 0.002 -25"><span class='ocrx_word' id='word_1_557' title='bbox 515 4396 691 4451; x_wconf 88' lang='lat' dir='ltr'><strong>mines</strong></span> <span class='ocrx_word' id='word_1_558' title='bbox 716 4396 832 4451; x_wconf 80' lang='lat' dir='ltr'><strong>ﬁeri</strong></span> <span class='ocrx_word' id='word_1_559' title='bbox 860 4398 1034 4465; x_wconf 86' lang='lat' dir='ltr'><strong>vellet,</strong></span> <span class='ocrx_word' id='word_1_560' title='bbox 1056 4413 1165 4453; x_wconf 93' lang='lat' dir='ltr'><strong>non</strong></span> <span class='ocrx_word' id='word_1_561' title='bbox 1187 4413 1254 4453; x_wconf 80' lang='lat' dir='ltr'><strong>ex</strong></span> <span class='ocrx_word' id='word_1_562' title='bbox 1279 4399 1385 4453; x_wconf 90' lang='lat' dir='ltr'><strong>alia</strong></span> <span class='ocrx_word' id='word_1_563' title='bbox 1413 4415 1577 4469; x_wconf 91' lang='lat' dir='ltr'><strong>quam</strong></span> <span class='ocrx_word' id='word_1_564' title='bbox 1601 4402 1668 4455; x_wconf 89' lang='lat' dir='ltr'><strong>de</strong></span> <span class='ocrx_word' id='word_1_565' title='bbox 1681 4402 1889 4473; x_wconf 88' lang='lat' dir='ltr'><strong>virgine</strong></span> <span class='ocrx_word' id='word_1_566' title='bbox 1912 4420 2103 4459; x_wconf 88' lang='lat' dir='ltr'><strong>nasce-</strong></span> <span class='ocrx_word' id='word_1_567' title='bbox 2132 4394 2176 4449; x_wconf 79' lang='grc' dir='ltr'><strong>Ι)</strong></span> <span class='ocrx_word' id='word_1_568' title='bbox 2208 4414 2357 4475; x_wconf 86' lang='lat' dir='ltr'><strong>peret</strong></span> <span class='ocrx_word' id='word_1_569' title='bbox 2391 4420 2643 4472; x_wconf 76' lang='lat' dir='ltr'><strong>uxorem,</strong></span> <span class='ocrx_word' id='word_1_570' title='bbox 2674 4407 2769 4461; x_wconf 92' lang='lat' dir='ltr'><strong>sed</strong></span> <span class='ocrx_word' id='word_1_571' title='bbox 2816 4415 3026 4461; x_wconf 90' lang='lat' dir='ltr'><strong>mutato</strong></span> <span class='ocrx_word' id='word_1_572' title='bbox 3057 4406 3269 4461; x_wconf 82' lang='lat' dir='ltr'><strong>occulte</strong></span> <span class='ocrx_word' id='word_1_573' title='bbox 3303 4406 3604 4475; x_wconf 86' lang='lat' dir='ltr'><strong>nuptiarum</strong></span> <span class='ocrx_word' id='word_1_574' title='bbox 3648 4414 3776 4471; x_wconf 89' lang='lat' dir='ltr'><strong>pro-</strong></span> 
     </span>
    </p>
   </div>
   <div class='ocr_carea' id='block_1_77' title="bbox 516 4492 2126 4568">
    <p class='ocr_par' dir='ltr' id='par_1_77' title="bbox 516 4492 2126 4568">
     <span class='ocr_line' id='line_1_77' title="bbox 516 4492 2126 4568; baseline 0.008 -27"><span class='ocrx_word' id='word_1_575' title='bbox 516 4496 686 4555; x_wconf 88' lang='lat' dir='ltr'><strong>retur,</strong></span> <span class='ocrx_word' id='word_1_576' title='bbox 733 4500 788 4545; x_wconf 91' lang='lat' dir='ltr'><strong>et</strong></span> <span class='ocrx_word' id='word_1_577' title='bbox 834 4504 958 4545; x_wconf 90' lang='lat' dir='ltr'><strong>cum</strong></span> <span class='ocrx_word' id='word_1_578' title='bbox 984 4492 1251 4561; x_wconf 88' lang='lat' dir='ltr'><strong>virginem</strong></span> <span class='ocrx_word' id='word_1_579' title='bbox 1300 4508 1562 4563; x_wconf 90' lang='lat' dir='ltr'><strong>generare</strong></span> <span class='ocrx_word' id='word_1_580' title='bbox 1596 4497 1957 4568; x_wconf 87' lang='lat' dir='ltr'><strong>contingeret,</strong></span> <span class='ocrx_word' id='word_1_581' title='bbox 1986 4515 2126 4554; x_wconf 91' lang='lat' dir='ltr'><strong>non.</strong></span> 
     </span>
    </p>
   </div>
   <div class='ocr_carea' id='block_1_78' title="bbox 436 4582 1884 4658">
    <p class='ocr_par' dir='ltr' id='par_1_78' title="bbox 436 4582 1884 4658">
     <span class='ocr_line' id='line_1_78' title="bbox 436 4582 1884 4658; baseline 0.008 -24"><span class='ocrx_word' id='word_1_582' title='bbox 436 4612 441 4619; x_wconf 71' lang='grc' dir='ltr'><strong><em>ο</em></strong></span> <span class='ocrx_word' id='word_1_583' title='bbox 516 4582 682 4636; x_wconf 89' lang='lat' dir='ltr'><strong>alium</strong></span> <span class='ocrx_word' id='word_1_584' title='bbox 713 4599 877 4653; x_wconf 90' lang='lat' dir='ltr'><strong>quam</strong></span> <span class='ocrx_word' id='word_1_585' title='bbox 903 4584 995 4657; x_wconf 89' lang='lat' dir='ltr'><strong>qui</strong></span> <span class='ocrx_word' id='word_1_586' title='bbox 1015 4583 1156 4640; x_wconf 92' lang='lat' dir='ltr'><strong>Deus</strong></span> <span class='ocrx_word' id='word_1_587' title='bbox 1181 4595 1327 4641; x_wconf 86' lang='lat' dir='ltr'><strong>esset</strong></span> <span class='ocrx_word' id='word_1_588' title='bbox 1351 4588 1520 4642; x_wconf 87' lang='lat' dir='ltr'><strong>lilium</strong></span> <span class='ocrx_word' id='word_1_589' title='bbox 1546 4604 1884 4658; x_wconf 88' lang='lat' dir='ltr'><strong>procuraret.</strong></span> 
     </span>
    </p>
   </div>
   <div class='ocr_carea' id='block_1_79' title="bbox 595 4675 2097 4748">
    <p class='ocr_par' dir='ltr' id='par_1_79' title="bbox 595 4675 2097 4748">
     <span class='ocr_line' id='line_1_79' title="bbox 595 4675 2097 4748; baseline 0.006 -19"><span class='ocrx_word' id='word_1_590' title='bbox 595 4675 770 4730; x_wconf 69' lang='lat' dir='ltr'><strong>«Cum</strong></span> <span class='ocrx_word' id='word_1_591' title='bbox 792 4685 957 4744; x_wconf 90' lang='lat' dir='ltr'><strong>esset,</strong></span> <span class='ocrx_word' id='word_1_592' title='bbox 982 4679 1178 4748; x_wconf 88' lang='lat' dir='ltr'><strong>inquit,</strong></span> <span class='ocrx_word' id='word_1_593' title='bbox 1203 4680 1529 4748; x_wconf 86' lang='lat' dir='ltr'><strong>desponsata</strong></span> <span class='ocrx_word' id='word_1_594' title='bbox 1562 4692 1737 4738; x_wconf 88' lang='lat' dir='ltr'><strong>mater</strong></span> <span class='ocrx_word' id='word_1_595' title='bbox 1769 4682 1897 4739; x_wconf 84' lang='lat' dir='ltr'><strong>Jesu</strong></span> <span class='ocrx_word' id='word_1_596' title='bbox 1928 4683 2097 4738; x_wconf 84' lang='lat' dir='ltr'><strong>Maria</strong></span> 
     </span>
    </p>
   </div>
   <div class='ocr_carea' id='block_1_80' title="bbox 517 4762 2098 4836">
    <p class='ocr_par' dir='ltr' id='par_1_80' title="bbox 517 4762 2098 4836">
     <span class='ocr_line' id='line_1_80' title="bbox 517 4762 2098 4836; baseline 0.009 -19"><span class='ocrx_word' id='word_1_597' title='bbox 517 4762 739 4835; x_wconf 88' lang='lat' dir='ltr'><strong>Joseph,</strong></span> <span class='ocrx_word' id='word_1_598' title='bbox 765 4775 1056 4836; x_wconf 89' lang='lat' dir='ltr'><strong>antequam</strong></span> <span class='ocrx_word' id='word_1_599' title='bbox 1090 4771 1463 4836; x_wconf 89' lang='lat' dir='ltr'><strong>convenirent,</strong></span> <span class='ocrx_word' id='word_1_600' title='bbox 1494 4773 1709 4829; x_wconf 90' lang='lat' dir='ltr'><strong>inventa</strong></span> <span class='ocrx_word' id='word_1_601' title='bbox 1739 4784 1822 4830; x_wconf 89' lang='lat' dir='ltr'><strong>est</strong></span> <span class='ocrx_word' id='word_1_602' title='bbox 1852 4776 1906 4830; x_wconf 90' lang='lat' dir='ltr'><strong>in</strong></span> <span class='ocrx_word' id='word_1_603' title='bbox 1941 4786 2098 4831; x_wconf 91' lang='lat' dir='ltr'><strong>utero</strong></span> 
     </span>
    </p>
   </div>
   <div class='ocr_carea' id='block_1_81' title="bbox 520 4851 2100 4935">
    <p class='ocr_par' dir='ltr' id='par_1_81' title="bbox 520 4851 2100 4935">
     <span class='ocr_line' id='line_1_81' title="bbox 520 4851 2100 4935; baseline 0.01 -31"><span class='ocrx_word' id='word_1_604' title='bbox 520 4851 726 4909; x_wconf 90' lang='lat' dir='ltr'><strong>habens</strong></span> <span class='ocrx_word' id='word_1_605' title='bbox 767 4855 834 4910; x_wconf 90' lang='lat' dir='ltr'><strong>de</strong></span> <span class='ocrx_word' id='word_1_606' title='bbox 860 4856 1062 4926; x_wconf 89' lang='lat' dir='ltr'><strong>Spiritu</strong></span> <span class='ocrx_word' id='word_1_607' title='bbox 1115 4870 1325 4915; x_wconf 86' lang='lat' dir='ltr'><strong>sancto.</strong></span> <span class='ocrx_word' id='word_1_608' title='bbox 1349 4881 1368 4914; x_wconf 71' lang='grc' dir='ltr'><strong><em>ι</em></strong></span> <span class='ocrx_word' id='word_1_609' title='bbox 1408 4866 1529 4929; x_wconf 85' lang='lat' dir='ltr'><strong>Quo</strong></span> <span class='ocrx_word' id='word_1_610' title='bbox 1575 4864 1765 4919; x_wconf 85' lang='lat' dir='ltr'><strong>ordine</strong></span> <span class='ocrx_word' id='word_1_611' title='bbox 1799 4866 1883 4920; x_wconf 87' lang='lat' dir='ltr'><strong>vel</strong></span> <span class='ocrx_word' id='word_1_612' title='bbox 1911 4867 1965 4920; x_wconf 90' lang='lat' dir='ltr'><strong>in</strong></span> <span class='ocrx_word' id='word_1_613' title='bbox 1991 4881 2100 4935; x_wconf 90' lang='lat' dir='ltr'><strong>qua</strong></span> 
     </span>
    </p>
   </div>
   <div class='ocr_carea' id='block_1_82' title="bbox 518 4946 2100 5028">
    <p class='ocr_par' dir='ltr' id='par_1_82' title="bbox 518 4946 2100 5028">
     <span class='ocr_line' id='line_1_82' title="bbox 518 4946 2100 5028; baseline 0.009 -31"><span class='ocrx_word' id='word_1_614' title='bbox 518 4946 736 5001; x_wconf 78' lang='lat' dir='ltr'><strong>civitate</strong></span> <span class='ocrx_word' id='word_1_615' title='bbox 781 4950 853 5002; x_wconf 91' lang='lat' dir='ltr'><strong>sit</strong></span> <span class='ocrx_word' id='word_1_616' title='bbox 885 4952 1157 5007; x_wconf 89' lang='lat' dir='ltr'><strong>celebrata</strong></span> <span class='ocrx_word' id='word_1_617' title='bbox 1194 4956 1501 5025; x_wconf 91' lang='lat' dir='ltr'><strong>conceptio,</strong></span> <span class='ocrx_word' id='word_1_618' title='bbox 1546 4956 1725 5013; x_wconf 83' lang='lat' dir='ltr'><strong>Lucas</strong></span> <span class='ocrx_word' id='word_1_619' title='bbox 1762 4959 2100 5028; x_wconf 89' lang='lat' dir='ltr'><strong>evangelista</strong></span> 
     </span>
    </p>
   </div>
   <div class='ocr_carea' id='block_1_83' title="bbox 518 5038 2103 5117">
    <p class='ocr_par' dir='ltr' id='par_1_83' title="bbox 518 5038 2103 5117">
     <span class='ocr_line' id='line_1_83' title="bbox 518 5038 2103 5117; baseline 0.009 -26"><span class='ocrx_word' id='word_1_620' title='bbox 518 5038 849 5095; x_wconf 78' lang='lat' dir='ltr'><strong>sufﬁcienter</strong></span> <span class='ocrx_word' id='word_1_621' title='bbox 872 5045 1109 5112; x_wconf 81' lang='lat' dir='ltr'><strong>exponit.</strong></span> <span class='ocrx_word' id='word_1_622' title='bbox 1141 5045 1245 5102; x_wconf 88' lang='lat' dir='ltr'><strong>Sed</strong></span> <span class='ocrx_word' id='word_1_623' title='bbox 1284 5050 1413 5117; x_wconf 90' lang='lat' dir='ltr'><strong>quia</strong></span> <span class='ocrx_word' id='word_1_624' title='bbox 1438 5058 1634 5104; x_wconf 66' lang='lat' dir='ltr'><strong>vestrae</strong></span> <span class='ocrx_word' id='word_1_625' title='bbox 1661 5051 1935 5105; x_wconf 88' lang='lat' dir='ltr'><strong>sanctitati</strong></span> <span class='ocrx_word' id='word_1_626' title='bbox 1971 5066 2103 5105; x_wconf 89' lang='lat' dir='ltr'><strong>con-</strong></span> 
     </span>
    </p>
   </div>
   <div class='ocr_carea' id='block_1_84' title="bbox 518 5136 2103 5211">
    <p class='ocr_par' dir='ltr' id='par_1_84' title="bbox 518 5136 2103 5211">
     <span class='ocr_line' id='line_1_84' title="bbox 518 5136 2103 5211; baseline 0.006 -22"><span class='ocrx_word' id='word_1_627' title='bbox 518 5140 628 5189; x_wconf 83' lang='lat' dir='ltr'><strong>stat</strong></span> <span class='ocrx_word' id='word_1_628' title='bbox 654 5149 777 5188; x_wconf 89' lang='lat' dir='ltr'><strong>esse</strong></span> <span class='ocrx_word' id='word_1_629' title='bbox 818 5136 1184 5205; x_wconf 91' lang='lat' dir='ltr'><strong>notissimum,</strong></span> <span class='ocrx_word' id='word_1_630' title='bbox 1217 5141 1505 5196; x_wconf 89' lang='lat' dir='ltr'><strong>dicendum</strong></span> <span class='ocrx_word' id='word_1_631' title='bbox 1541 5142 1733 5211; x_wconf 91' lang='lat' dir='ltr'><strong>paucis</strong></span> <span class='ocrx_word' id='word_1_632' title='bbox 1766 5142 1835 5196; x_wconf 87' lang='lat' dir='ltr'><strong>de</strong></span> <span class='ocrx_word' id='word_1_633' title='bbox 1880 5143 1968 5198; x_wconf 92' lang='lat' dir='ltr'><strong>his</strong></span> <span class='ocrx_word' id='word_1_634' title='bbox 1998 5144 2103 5198; x_wconf 93' lang='lat' dir='ltr'><strong>erit</strong></span> 
     </span>
    </p>
   </div>
   <div class='ocr_carea' id='block_1_85' title="bbox 518 5224 2100 5303">
    <p class='ocr_par' dir='ltr' id='par_1_85' title="bbox 518 5224 2100 5303">
     <span class='ocr_line' id='line_1_85' title="bbox 518 5224 2100 5303; baseline 0.005 -23"><span class='ocrx_word' id='word_1_635' title='bbox 518 5241 642 5295; x_wconf 70' lang='lat' dir='ltr'><strong>quae</strong></span> <span class='ocrx_word' id='word_1_636' title='bbox 673 5224 958 5282; x_wconf 69' lang='lat' dir='ltr'><strong>Matthaeus</strong></span> <span class='ocrx_word' id='word_1_637' title='bbox 1004 5230 1212 5285; x_wconf 89' lang='lat' dir='ltr'><strong>scribit.</strong></span> <span class='ocrx_word' id='word_1_638' title='bbox 1232 5229 1541 5287; x_wconf 85' lang='lat' dir='ltr'><strong>Notandum</strong></span> <span class='ocrx_word' id='word_1_639' title='bbox 1584 5232 1637 5286; x_wconf 92' lang='lat' dir='ltr'><strong>in</strong></span> <span class='ocrx_word' id='word_1_640' title='bbox 1662 5232 1854 5303; x_wconf 88' lang='lat' dir='ltr'><strong>primis</strong></span> <span class='ocrx_word' id='word_1_641' title='bbox 1876 5234 2005 5302; x_wconf 88' lang='lat' dir='ltr'><strong>quia</strong></span> <span class='ocrx_word' id='word_1_642' title='bbox 2042 5235 2100 5288; x_wconf 91' lang='lat' dir='ltr'><strong>in</strong></span> 
     </span>
    </p>
   </div>
   <div class='ocr_carea' id='block_1_86' title="bbox 517 5316 2101 5387">
    <p class='ocr_par' dir='ltr' id='par_1_86' title="bbox 517 5316 2101 5387">
     <span class='ocr_line' id='line_1_86' title="bbox 517 5316 2101 5387; baseline 0.003 -16"><span class='ocrx_word' id='word_1_643' title='bbox 517 5331 584 5371; x_wconf 92' lang='lat' dir='ltr'><strong>eo</strong></span> <span class='ocrx_word' id='word_1_644' title='bbox 606 5316 753 5386; x_wconf 89' lang='lat' dir='ltr'><strong>quod</strong></span> <span class='ocrx_word' id='word_1_645' title='bbox 784 5316 860 5370; x_wconf 89' lang='lat' dir='ltr'><strong>ait</strong></span> <span class='ocrx_word' id='word_1_646' title='bbox 893 5326 1220 5387; x_wconf 70' lang='lat' dir='ltr'><strong>«antequam</strong></span> <span class='ocrx_word' id='word_1_647' title='bbox 1249 5320 1638 5374; x_wconf 67' lang='lat' dir='ltr'><strong>convenirent»</strong></span> <span class='ocrx_word' id='word_1_648' title='bbox 1679 5322 1846 5376; x_wconf 90' lang='lat' dir='ltr'><strong>verbo</strong></span> <span class='ocrx_word' id='word_1_649' title='bbox 1898 5337 2101 5377; x_wconf 87' lang='lat' dir='ltr'><strong>conve-</strong></span> 
     </span>
    </p>
   </div>
   <div class='ocr_carea' id='block_1_87' title="bbox 518 5408 2102 5482">
    <p class='ocr_par' dir='ltr' id='par_1_87' title="bbox 518 5408 2102 5482">
     <span class='ocr_line' id='line_1_87' title="bbox 518 5408 2102 5482; baseline 0.004 -21"><span class='ocrx_word' id='word_1_650' title='bbox 518 5408 704 5463; x_wconf 88' lang='lat' dir='ltr'><strong>niendi</strong></span> <span class='ocrx_word' id='word_1_651' title='bbox 733 5424 842 5463; x_wconf 93' lang='lat' dir='ltr'><strong>non</strong></span> <span class='ocrx_word' id='word_1_652' title='bbox 875 5409 1054 5478; x_wconf 90' lang='lat' dir='ltr'><strong>ipsum</strong></span> <span class='ocrx_word' id='word_1_653' title='bbox 1082 5410 1457 5475; x_wconf 91' lang='lat' dir='ltr'><strong>concubitum,</strong></span> <span class='ocrx_word' id='word_1_654' title='bbox 1499 5410 1592 5465; x_wconf 82' lang='lat' dir='ltr'><strong>sed</strong></span> <span class='ocrx_word' id='word_1_655' title='bbox 1633 5413 1946 5481; x_wconf 89' lang='lat' dir='ltr'><strong>nuptiarum</strong></span> <span class='ocrx_word' id='word_1_656' title='bbox 1979 5428 2102 5482; x_wconf 67' lang='lat' dir='ltr'><strong>quae</strong></span> 
     </span>
    </p>
   </div>
   <div class='ocr_carea' id='block_1_88' title="bbox 518 5500 2102 5574">
    <p class='ocr_par' dir='ltr' id='par_1_88' title="bbox 518 5500 2102 5574">
     <span class='ocr_line' id='line_1_88' title="bbox 518 5500 2102 5574; baseline 0.003 -19"><span class='ocrx_word' id='word_1_657' title='bbox 518 5500 824 5569; x_wconf 74' lang='lat' dir='ltr'><strong>praecedere</strong></span> <span class='ocrx_word' id='word_1_658' title='bbox 865 5502 1042 5556; x_wconf 86' lang='lat' dir='ltr'><strong>solent</strong></span> <span class='ocrx_word' id='word_1_659' title='bbox 1091 5511 1327 5570; x_wconf 88' lang='lat' dir='ltr'><strong>tempus,</strong></span> <span class='ocrx_word' id='word_1_660' title='bbox 1359 5501 1636 5556; x_wconf 89' lang='lat' dir='ltr'><strong>insinuare</strong></span> <span class='ocrx_word' id='word_1_661' title='bbox 1684 5504 1856 5559; x_wconf 92' lang='lat' dir='ltr'><strong>voluit</strong></span> <span class='ocrx_word' id='word_1_662' title='bbox 1883 5504 2102 5574; x_wconf 87' lang='lat' dir='ltr'><strong>quando</strong></span> 
     </span>
    </p>
   </div>
   <div class='ocr_carea' id='block_1_89' title="bbox 518 5592 2098 5665">
    <p class='ocr_par' dir='ltr' id='par_1_89' title="bbox 518 5592 2098 5665">
     <span class='ocr_line' id='line_1_89' title="bbox 518 5592 2098 5665; baseline 0.003 -19"><span class='ocrx_word' id='word_1_663' title='bbox 518 5607 580 5646; x_wconf 91' lang='lat' dir='ltr'><strong>ea</strong></span> <span class='ocrx_word' id='word_1_664' title='bbox 610 5608 732 5663; x_wconf 69' lang='lat' dir='ltr'><strong>qua:</strong></span> <span class='ocrx_word' id='word_1_665' title='bbox 764 5592 914 5661; x_wconf 91' lang='lat' dir='ltr'><strong>prius</strong></span> <span class='ocrx_word' id='word_1_666' title='bbox 944 5594 1270 5662; x_wconf 88' lang='lat' dir='ltr'><strong>desponsata</strong></span> <span class='ocrx_word' id='word_1_667' title='bbox 1296 5592 1473 5649; x_wconf 89' lang='lat' dir='ltr'><strong>fuerat</strong></span> <span class='ocrx_word' id='word_1_668' title='bbox 1501 5610 1623 5651; x_wconf 91' lang='lat' dir='ltr'><strong>esse</strong></span> <span class='ocrx_word' id='word_1_669' title='bbox 1648 5595 1847 5665; x_wconf 79' lang='lat' dir='ltr'><strong>conjux</strong></span> <span class='ocrx_word' id='word_1_670' title='bbox 1888 5595 2098 5665; x_wconf 87' lang='lat' dir='ltr'><strong>incipit.</strong></span> 
     </span>
    </p>
   </div>
   <div class='ocr_carea' id='block_1_90' title="bbox 518 5682 2103 5758">
    <p class='ocr_par' dir='ltr' id='par_1_90' title="bbox 518 5682 2103 5758">
     <span class='ocr_line' id='line_1_90' title="bbox 518 5682 2103 5758; baseline 0.004 -23"><span class='ocrx_word' id='word_1_671' title='bbox 518 5682 662 5755; x_wconf 81' lang='lat' dir='ltr'><strong>Ergo</strong></span> <span class='ocrx_word' id='word_1_672' title='bbox 689 5693 979 5753; x_wconf 88' lang='lat' dir='ltr'><strong>antequam</strong></span> <span class='ocrx_word' id='word_1_673' title='bbox 1007 5683 1363 5740; x_wconf 81' lang='lat' dir='ltr'><strong>convenirent</strong></span> <span class='ocrx_word' id='word_1_674' title='bbox 1403 5685 1532 5741; x_wconf 84' lang='lat' dir='ltr'><strong>dicit</strong></span> <span class='ocrx_word' id='word_1_675' title='bbox 1561 5696 1852 5758; x_wconf 85' lang='lat' dir='ltr'><strong>antequam</strong></span> <span class='ocrx_word' id='word_1_676' title='bbox 1885 5687 2103 5757; x_wconf 85' lang='lat' dir='ltr'><strong>nuptia-</strong></span> 
     </span>
    </p>
   </div>
   <div class='ocr_carea' id='block_1_91' title="bbox 523 5773 2102 5843">
    <p class='ocr_par' dir='ltr' id='par_1_91' title="bbox 523 5773 2102 5843">
     <span class='ocr_line' id='line_1_91' title="bbox 523 5773 2102 5843; baseline 0.005 -17"><span class='ocrx_word' id='word_1_677' title='bbox 523 5788 645 5827; x_wconf 77' lang='lat' dir='ltr'><strong>rum</strong></span> <span class='ocrx_word' id='word_1_678' title='bbox 679 5773 939 5829; x_wconf 85' lang='lat' dir='ltr'><strong>solemnia</strong></span> <span class='ocrx_word' id='word_1_679' title='bbox 968 5775 1068 5829; x_wconf 82' lang='lat' dir='ltr'><strong>rite</strong></span> <span class='ocrx_word' id='word_1_680' title='bbox 1098 5774 1452 5832; x_wconf 88' lang='lat' dir='ltr'><strong>celebrarent.</strong></span> <span class='ocrx_word' id='word_1_681' title='bbox 1486 5776 1703 5842; x_wconf 79' lang='lat' dir='ltr'><strong>inventa</strong></span> <span class='ocrx_word' id='word_1_682' title='bbox 1737 5787 1819 5843; x_wconf 80' lang='lat' dir='ltr'><strong>est</strong></span> <span class='ocrx_word' id='word_1_683' title='bbox 1848 5778 1902 5840; x_wconf 90' lang='lat' dir='ltr'><strong>in</strong></span> <span class='ocrx_word' id='word_1_684' title='bbox 1943 5787 2102 5839; x_wconf 70' lang='lat' dir='ltr'><strong>mero</strong></span> 
     </span>
    </p>
   </div>
   <div class='ocr_carea' id='block_1_92' title="bbox 2206 4498 3777 4568">
    <p class='ocr_par' dir='ltr' id='par_1_92' title="bbox 2206 4498 3777 4568">
     <span class='ocr_line' id='line_1_92' title="bbox 2206 4498 3777 4568; baseline -0.003 -17"><span class='ocrx_word' id='word_1_685' title='bbox 2206 4498 2385 4568; x_wconf 87' lang='lat' dir='ltr'><strong>posito</strong></span> <span class='ocrx_word' id='word_1_686' title='bbox 2410 4498 2463 4551; x_wconf 92' lang='lat' dir='ltr'><strong>in</strong></span> <span class='ocrx_word' id='word_1_687' title='bbox 2490 4498 2801 4554; x_wconf 89' lang='lat' dir='ltr'><strong>conditione</strong></span> <span class='ocrx_word' id='word_1_688' title='bbox 2814 4515 2933 4553; x_wconf 91' lang='lat' dir='ltr'><strong>eam</strong></span> <span class='ocrx_word' id='word_1_689' title='bbox 2960 4514 3218 4568; x_wconf 87' lang='lat' dir='ltr'><strong>sponsam</strong></span> <span class='ocrx_word' id='word_1_690' title='bbox 3249 4514 3473 4553; x_wconf 91' lang='lat' dir='ltr'><strong>manere</strong></span> <span class='ocrx_word' id='word_1_691' title='bbox 3493 4503 3777 4567; x_wconf 84' lang='lat' dir='ltr'><strong>pateretur,</strong></span> 
     </span>
    </p>
   </div>
   <div class='ocr_carea' id='block_1_93' title="bbox 2205 4587 3779 4661">
    <p class='ocr_par' dir='ltr' id='par_1_93' title="bbox 2205 4587 3779 4661">
     <span class='ocr_line' id='line_1_93' title="bbox 2205 4587 3779 4661; baseline -0.004 -16"><span class='ocrx_word' id='word_1_692' title='bbox 2205 4600 2265 4645; x_wconf 92' lang='lat' dir='ltr'><strong>ut</strong></span> <span class='ocrx_word' id='word_1_693' title='bbox 2295 4600 2430 4645; x_wconf 92' lang='lat' dir='ltr'><strong>erat.</strong></span> <span class='ocrx_word' id='word_1_694' title='bbox 2490 4589 2628 4645; x_wconf 87' lang='lat' dir='ltr'><strong>Nam</strong></span> <span class='ocrx_word' id='word_1_695' title='bbox 2666 4599 2721 4646; x_wconf 85' lang='lat' dir='ltr'><strong>et</strong></span> <span class='ocrx_word' id='word_1_696' title='bbox 2764 4591 2818 4645; x_wconf 90' lang='lat' dir='ltr'><strong>in</strong></span> <span class='ocrx_word' id='word_1_697' title='bbox 2849 4590 2991 4646; x_wconf 85' lang='lat' dir='ltr'><strong>Isaia</strong></span> <span class='ocrx_word' id='word_1_698' title='bbox 3019 4591 3224 4661; x_wconf 88' lang='lat' dir='ltr'><strong>legerat</strong></span> <span class='ocrx_word' id='word_1_699' title='bbox 3252 4590 3514 4660; x_wconf 79' lang='lat' dir='ltr'><strong>virginem</strong></span> <span class='ocrx_word' id='word_1_700' title='bbox 3535 4588 3595 4642; x_wconf 91' lang='lat' dir='ltr'><strong>de</strong></span> <span class='ocrx_word' id='word_1_701' title='bbox 3611 4587 3779 4640; x_wconf 88' lang='lat' dir='ltr'><strong>domo</strong></span> 
     </span>
    </p>
   </div>
   <div class='ocr_carea' id='block_1_94' title="bbox 2206 4676 3785 4751">
    <p class='ocr_par' dir='ltr' id='par_1_94' title="bbox 2206 4676 3785 4751">
     <span class='ocr_line' id='line_1_94' title="bbox 2206 4676 3785 4751; baseline -0.004 -17"><span class='ocrx_word' id='word_1_702' title='bbox 2206 4679 2374 4736; x_wconf 87' lang='lat' dir='ltr'><strong>David</strong></span> <span class='ocrx_word' id='word_1_703' title='bbox 2402 4696 2525 4736; x_wconf 91' lang='lat' dir='ltr'><strong>esse</strong></span> <span class='ocrx_word' id='word_1_704' title='bbox 2548 4690 2935 4750; x_wconf 88' lang='lat' dir='ltr'><strong>concepturam</strong></span> <span class='ocrx_word' id='word_1_705' title='bbox 2970 4689 3025 4736; x_wconf 92' lang='lat' dir='ltr'><strong>et</strong></span> <span class='ocrx_word' id='word_1_706' title='bbox 3054 4681 3359 4751; x_wconf 90' lang='lat' dir='ltr'><strong>parituram</strong></span> <span class='ocrx_word' id='word_1_707' title='bbox 3386 4677 3692 4742; x_wconf 87' lang='lat' dir='ltr'><strong>Dominum,</strong></span> <span class='ocrx_word' id='word_1_708' title='bbox 3714 4676 3785 4729; x_wconf 83' lang='lat' dir='ltr'><strong>de</strong></span> 
     </span>
    </p>
   </div>
   <div class='ocr_carea' id='block_1_95' title="bbox 2203 4768 3785 4842">
    <p class='ocr_par' dir='ltr' id='par_1_95' title="bbox 2203 4768 3785 4842">
     <span class='ocr_line' id='line_1_95' title="bbox 2203 4768 3785 4842; baseline -0.006 -14"><span class='ocrx_word' id='word_1_709' title='bbox 2203 4789 2311 4842; x_wconf 89' lang='lat' dir='ltr'><strong>qua</strong></span> <span class='ocrx_word' id='word_1_710' title='bbox 2364 4774 2530 4827; x_wconf 90' lang='lat' dir='ltr'><strong>etiam</strong></span> <span class='ocrx_word' id='word_1_711' title='bbox 2580 4773 2743 4828; x_wconf 90' lang='lat' dir='ltr'><strong>domo</strong></span> <span class='ocrx_word' id='word_1_712' title='bbox 2790 4782 3017 4827; x_wconf 89' lang='lat' dir='ltr'><strong>noverat</strong></span> <span class='ocrx_word' id='word_1_713' title='bbox 3066 4788 3239 4841; x_wconf 85' lang='lat' dir='ltr'><strong>genus</strong></span> <span class='ocrx_word' id='word_1_714' title='bbox 3269 4773 3493 4827; x_wconf 76' lang='lat' dir='ltr'><strong>duxisse</strong></span> <span class='ocrx_word' id='word_1_715' title='bbox 3535 4768 3785 4832; x_wconf 81' lang='lat' dir='ltr'><strong>Mariam,</strong></span> 
     </span>
    </p>
   </div>
   <div class='ocr_carea' id='block_1_96' title="bbox 2203 4860 3791 4933">
    <p class='ocr_par' dir='ltr' id='par_1_96' title="bbox 2203 4860 3791 4933">
     <span class='ocr_line' id='line_1_96' title="bbox 2203 4860 3791 4933; baseline -0.003 -17"><span class='ocrx_word' id='word_1_716' title='bbox 2203 4873 2367 4932; x_wconf 89' lang='lat' dir='ltr'><strong>atque</strong></span> <span class='ocrx_word' id='word_1_717' title='bbox 2407 4863 2528 4917; x_wconf 87' lang='lat' dir='ltr'><strong>ideo</strong></span> <span class='ocrx_word' id='word_1_718' title='bbox 2575 4880 2684 4917; x_wconf 90' lang='lat' dir='ltr'><strong>non</strong></span> <span class='ocrx_word' id='word_1_719' title='bbox 2730 4864 3077 4919; x_wconf 88' lang='lat' dir='ltr'><strong>discredebat</strong></span> <span class='ocrx_word' id='word_1_720' title='bbox 3126 4863 3180 4917; x_wconf 89' lang='lat' dir='ltr'><strong>in</strong></span> <span class='ocrx_word' id='word_1_721' title='bbox 3224 4879 3289 4917; x_wconf 90' lang='lat' dir='ltr'><strong>ea</strong></span> <span class='ocrx_word' id='word_1_722' title='bbox 3333 4860 3603 4933; x_wconf 89' lang='lat' dir='ltr'><strong>prophetia</strong></span> <span class='ocrx_word' id='word_1_723' title='bbox 3640 4860 3791 4912; x_wconf 82' lang='lat' dir='ltr'><strong>hanc</strong></span> 
     </span>
    </p>
   </div>
   <div class='ocr_carea' id='block_1_97' title="bbox 2205 4949 3791 5023">
    <p class='ocr_par' dir='ltr' id='par_1_97' title="bbox 2205 4949 3791 5023">
     <span class='ocr_line' id='line_1_97' title="bbox 2205 4949 3791 5023; baseline -0.003 -17"><span class='ocrx_word' id='word_1_724' title='bbox 2205 4952 2376 5008; x_wconf 80' lang='lat' dir='ltr'><strong>fuisse</strong></span> <span class='ocrx_word' id='word_1_725' title='bbox 2398 4954 2745 5023; x_wconf 86' lang='lat' dir='ltr'><strong>completam.</strong></span> <span class='ocrx_word' id='word_1_726' title='bbox 2772 4954 2878 5008; x_wconf 87' lang='lat' dir='ltr'><strong>Sed</strong></span> <span class='ocrx_word' id='word_1_727' title='bbox 2912 4954 2992 5010; x_wconf 86' lang='lat' dir='ltr'><strong>sic</strong></span> <span class='ocrx_word' id='word_1_728' title='bbox 3022 4970 3142 5008; x_wconf 89' lang='lat' dir='ltr'><strong>eam</strong></span> <span class='ocrx_word' id='word_1_729' title='bbox 3174 4954 3350 5008; x_wconf 84' lang='lat' dir='ltr'><strong>voluit</strong></span> <span class='ocrx_word' id='word_1_730' title='bbox 3375 4953 3575 5008; x_wconf 86' lang='lat' dir='ltr'><strong>occulte</strong></span> <span class='ocrx_word' id='word_1_731' title='bbox 3594 4949 3791 5003; x_wconf 85' lang='lat' dir='ltr'><strong>dimit-</strong></span> 
     </span>
    </p>
   </div>
   <div class='ocr_carea' id='block_1_98' title="bbox 2205 5045 3803 5117">
    <p class='ocr_par' dir='ltr' id='par_1_98' title="bbox 2205 5045 3803 5117">
     <span class='ocr_line' id='line_1_98' title="bbox 2205 5045 3803 5117; baseline -0.003 -19"><span class='ocrx_word' id='word_1_732' title='bbox 2205 5051 2339 5110; x_wconf 89' lang='lat' dir='ltr'><strong>tere,</strong></span> <span class='ocrx_word' id='word_1_733' title='bbox 2382 5052 2441 5099; x_wconf 85' lang='grc' dir='ltr'><strong>ιιι</strong></span> <span class='ocrx_word' id='word_1_734' title='bbox 2487 5060 2666 5115; x_wconf 90' lang='lat' dir='ltr'><strong>neque</strong></span> <span class='ocrx_word' id='word_1_735' title='bbox 2710 5046 2981 5115; x_wconf 86' lang='lat' dir='ltr'><strong>acciperet</strong></span> <span class='ocrx_word' id='word_1_736' title='bbox 3012 5047 3325 5117; x_wconf 89' lang='lat' dir='ltr'><strong>conjugcm,</strong></span> <span class='ocrx_word' id='word_1_737' title='bbox 3364 5054 3421 5099; x_wconf 86' lang='lat' dir='ltr'><strong>et</strong></span> <span class='ocrx_word' id='word_1_738' title='bbox 3462 5045 3546 5099; x_wconf 88' lang='lat' dir='ltr'><strong>illa</strong></span> <span class='ocrx_word' id='word_1_739' title='bbox 3577 5052 3803 5110; x_wconf 74' lang='lat' dir='ltr'><strong>sponsa.</strong></span> 
     </span>
    </p>
   </div>
   <div class='ocr_carea' id='block_1_99' title="bbox 2205 5135 3796 5209">
    <p class='ocr_par' dir='ltr' id='par_1_99' title="bbox 2205 5135 3796 5209">
     <span class='ocr_line' id='line_1_99' title="bbox 2205 5135 3796 5209; baseline -0.004 -18"><span class='ocrx_word' id='word_1_740' title='bbox 2205 5146 2436 5206; x_wconf 90' lang='lat' dir='ltr'><strong>pareret.</strong></span> <span class='ocrx_word' id='word_1_741' title='bbox 2466 5136 2735 5192; x_wconf 87' lang='lat' dir='ltr'><strong>Nimirum</strong></span> <span class='ocrx_word' id='word_1_742' title='bbox 2774 5139 2931 5207; x_wconf 89' lang='lat' dir='ltr'><strong>pauci</strong></span> <span class='ocrx_word' id='word_1_743' title='bbox 2962 5145 3147 5193; x_wconf 89' lang='lat' dir='ltr'><strong>essent</strong></span> <span class='ocrx_word' id='word_1_744' title='bbox 3177 5139 3273 5209; x_wconf 91' lang='lat' dir='ltr'><strong>qui</strong></span> <span class='ocrx_word' id='word_1_745' title='bbox 3296 5154 3417 5194; x_wconf 90' lang='lat' dir='ltr'><strong>eam</strong></span> <span class='ocrx_word' id='word_1_746' title='bbox 3443 5135 3708 5206; x_wconf 79' lang='lat' dir='ltr'><strong>virginem</strong></span> <span class='ocrx_word' id='word_1_747' title='bbox 3737 5138 3796 5186; x_wconf 83' lang='lat' dir='ltr'><strong>et</strong></span> 
     </span>
    </p>
   </div>
   <div class='ocr_carea' id='block_1_100' title="bbox 2204 5223 3794 5296">
    <p class='ocr_par' dir='ltr' id='par_1_100' title="bbox 2204 5223 3794 5296">
     <span class='ocr_line' id='line_1_100' title="bbox 2204 5223 3794 5296; baseline -0.004 -15"><span class='ocrx_word' id='word_1_748' title='bbox 2204 5241 2315 5281; x_wconf 90' lang='lat' dir='ltr'><strong>non</strong></span> <span class='ocrx_word' id='word_1_749' title='bbox 2352 5227 2536 5296; x_wconf 90' lang='lat' dir='ltr'><strong>potius</strong></span> <span class='ocrx_word' id='word_1_750' title='bbox 2588 5234 2939 5281; x_wconf 88' lang='lat' dir='ltr'><strong>autumarent</strong></span> <span class='ocrx_word' id='word_1_751' title='bbox 2975 5242 3098 5282; x_wconf 86' lang='lat' dir='ltr'><strong>esse</strong></span> <span class='ocrx_word' id='word_1_752' title='bbox 3125 5228 3492 5281; x_wconf 88' lang='lat' dir='ltr'><strong>meretricem.</strong></span> <span class='ocrx_word' id='word_1_753' title='bbox 3518 5223 3667 5279; x_wconf 85' lang='lat' dir='ltr'><strong>Unde</strong></span> <span class='ocrx_word' id='word_1_754' title='bbox 3696 5235 3794 5275; x_wconf 86' lang='lat' dir='ltr'><strong>re-</strong></span> 
     </span>
    </p>
   </div>
   <div class='ocr_carea' id='block_1_101' title="bbox 2203 5317 3797 5389">
    <p class='ocr_par' dir='ltr' id='par_1_101' title="bbox 2203 5317 3797 5389">
     <span class='ocr_line' id='line_1_101' title="bbox 2203 5317 3797 5389; baseline -0.006 -16"><span class='ocrx_word' id='word_1_755' title='bbox 2203 5326 2365 5388; x_wconf 87' lang='lat' dir='ltr'><strong>pente</strong></span> <span class='ocrx_word' id='word_1_756' title='bbox 2408 5318 2698 5373; x_wconf 88' lang='lat' dir='ltr'><strong>consilium</strong></span> <span class='ocrx_word' id='word_1_757' title='bbox 2750 5317 2953 5389; x_wconf 78' lang='lat' dir='ltr'><strong>Joseph</strong></span> <span class='ocrx_word' id='word_1_758' title='bbox 3003 5318 3235 5374; x_wconf 88' lang='lat' dir='ltr'><strong>consilio</strong></span> <span class='ocrx_word' id='word_1_759' title='bbox 3268 5318 3493 5372; x_wconf 88' lang='lat' dir='ltr'><strong>meliore</strong></span> <span class='ocrx_word' id='word_1_760' title='bbox 3520 5320 3797 5375; x_wconf 81' lang='lat' dir='ltr'><strong>mutatur,</strong></span> 
     </span>
    </p>
   </div>
   <div class='ocr_carea' id='block_1_102' title="bbox 2205 5409 3803 5478">
    <p class='ocr_par' dir='ltr' id='par_1_102' title="bbox 2205 5409 3803 5478">
     <span class='ocr_line' id='line_1_102' title="bbox 2205 5409 3803 5478; baseline -0.006 -13"><span class='ocrx_word' id='word_1_761' title='bbox 2205 5419 2267 5466; x_wconf 90' lang='lat' dir='ltr'><strong>ut</strong></span> <span class='ocrx_word' id='word_1_762' title='bbox 2291 5410 2541 5465; x_wconf 90' lang='lat' dir='ltr'><strong>videlicet</strong></span> <span class='ocrx_word' id='word_1_763' title='bbox 2562 5410 2629 5465; x_wconf 87' lang='lat' dir='ltr'><strong>ad</strong></span> <span class='ocrx_word' id='word_1_764' title='bbox 2648 5410 3078 5466; x_wconf 86' lang='lat' dir='ltr'><strong>conservandam</strong></span> <span class='ocrx_word' id='word_1_765' title='bbox 3092 5409 3275 5465; x_wconf 79' lang='lat' dir='ltr'><strong>Mariae</strong></span> <span class='ocrx_word' id='word_1_766' title='bbox 3288 5410 3511 5474; x_wconf 89' lang='lat' dir='ltr'><strong>famam,</strong></span> <span class='ocrx_word' id='word_1_767' title='bbox 3526 5409 3633 5478; x_wconf 82' lang='lat' dir='ltr'><strong>ipse</strong></span> <span class='ocrx_word' id='word_1_768' title='bbox 3660 5417 3803 5457; x_wconf 82' lang='lat' dir='ltr'><strong>eam</strong></span> 
     </span>
    </p>
   </div>
   <div class='ocr_carea' id='block_1_103' title="bbox 2205 5498 3801 5573">
    <p class='ocr_par' dir='ltr' id='par_1_103' title="bbox 2205 5498 3801 5573">
     <span class='ocr_line' id='line_1_103' title="bbox 2205 5498 3801 5573; baseline -0.001 -15"><span class='ocrx_word' id='word_1_769' title='bbox 2205 5501 2477 5558; x_wconf 82' lang='lat' dir='ltr'><strong>celebrato</strong></span> <span class='ocrx_word' id='word_1_770' title='bbox 2518 5502 2833 5572; x_wconf 85' lang='lat' dir='ltr'><strong>nuptiarum</strong></span> <span class='ocrx_word' id='word_1_771' title='bbox 2859 5503 3115 5558; x_wconf 84' lang='lat' dir='ltr'><strong>convivio</strong></span> <span class='ocrx_word' id='word_1_772' title='bbox 3156 5504 3447 5573; x_wconf 87' lang='lat' dir='ltr'><strong>eonjugem</strong></span> <span class='ocrx_word' id='word_1_773' title='bbox 3494 5498 3801 5565; x_wconf 55' lang='lat' dir='ltr'><strong>acciperﬂ,</strong></span> 
     </span>
    </p>
   </div>
   <div class='ocr_carea' id='block_1_104' title="bbox 2205 5591 3808 5662">
    <p class='ocr_par' dir='ltr' id='par_1_104' title="bbox 2205 5591 3808 5662">
     <span class='ocr_line' id='line_1_104' title="bbox 2205 5591 3808 5662; baseline -0.008 -14"><span class='ocrx_word' id='word_1_774' title='bbox 2205 5592 2299 5648; x_wconf 88' lang='lat' dir='ltr'><strong>sed</strong></span> <span class='ocrx_word' id='word_1_775' title='bbox 2357 5601 2565 5647; x_wconf 89' lang='lat' dir='ltr'><strong>castam</strong></span> <span class='ocrx_word' id='word_1_776' title='bbox 2629 5604 2891 5662; x_wconf 83' lang='lat' dir='ltr'><strong>perpetuo</strong></span> <span class='ocrx_word' id='word_1_777' title='bbox 2949 5592 3269 5648; x_wconf 85' lang='lat' dir='ltr'><strong>custodiret.</strong></span> <span class='ocrx_word' id='word_1_778' title='bbox 3324 5591 3511 5646; x_wconf 81' lang='lat' dir='ltr'><strong>Maluit</strong></span> <span class='ocrx_word' id='word_1_779' title='bbox 3545 5596 3808 5652; x_wconf 76' lang='lat' dir='ltr'><strong>namque</strong></span> 
     </span>
    </p>
   </div>
   <div class='ocr_carea' id='block_1_105' title="bbox 2206 5681 3813 5754">
    <p class='ocr_par' dir='ltr' id='par_1_105' title="bbox 2206 5681 3813 5754">
     <span class='ocr_line' id='line_1_105' title="bbox 2206 5681 3813 5754; baseline 0.001 -18"><span class='ocrx_word' id='word_1_780' title='bbox 2206 5681 2474 5738; x_wconf 81' lang='lat' dir='ltr'><strong>Dominus</strong></span> <span class='ocrx_word' id='word_1_781' title='bbox 2501 5684 2714 5754; x_wconf 89' lang='lat' dir='ltr'><strong>aliquos</strong></span> <span class='ocrx_word' id='word_1_782' title='bbox 2745 5684 2963 5738; x_wconf 89' lang='lat' dir='ltr'><strong>modum</strong></span> <span class='ocrx_word' id='word_1_783' title='bbox 3000 5700 3113 5739; x_wconf 60' lang='lat' dir='ltr'><strong>suae</strong></span> <span class='ocrx_word' id='word_1_784' title='bbox 3138 5685 3500 5754; x_wconf 85' lang='lat' dir='ltr'><strong>generationis</strong></span> <span class='ocrx_word' id='word_1_785' title='bbox 3528 5682 3813 5748; x_wconf 75' lang='lat' dir='ltr'><strong>ignorare</strong></span> 
     </span>
    </p>
   </div>
   <div class='ocr_carea' id='block_1_106' title="bbox 2205 5769 3813 5843">
    <p class='ocr_par' dir='ltr' id='par_1_106' title="bbox 2205 5769 3813 5843">
     <span class='ocr_line' id='line_1_106' title="bbox 2205 5769 3813 5843; baseline -0.009 -11"><span class='ocrx_word' id='word_1_786' title='bbox 2205 5788 2372 5843; x_wconf 88' lang='lat' dir='ltr'><strong>quam</strong></span> <span class='ocrx_word' id='word_1_787' title='bbox 2401 5775 2704 5835; x_wconf 87' lang='lat' dir='ltr'><strong>castitatem</strong></span> <span class='ocrx_word' id='word_1_788' title='bbox 2736 5776 3000 5832; x_wconf 81' lang='lat' dir='ltr'><strong>infamare</strong></span> <span class='ocrx_word' id='word_1_789' title='bbox 3027 5773 3336 5833; x_wconf 84' lang='lat' dir='ltr'><strong>Gcnitrieis.</strong></span> <span class='ocrx_word' id='word_1_790' title='bbox 3359 5774 3485 5828; x_wconf 78' lang='lat' dir='ltr'><strong>Nam</strong></span> <span class='ocrx_word' id='word_1_791' title='bbox 3502 5769 3776 5838; x_wconf 84' lang='lat' dir='ltr'><strong>sequitur</strong></span> <span class='ocrx_word' id='word_1_792' title='bbox 3793 5782 3813 5818; x_wconf 84' lang='lat'><strong>:</strong></span> 
     </span>
    </p>
   </div>
  </div>
