3964 6498
228 398 339 474 tsi

1190 416 1763 477 onuonaraomas
1802 418 1905 478 ss.
1946 373 2258 474 PATRUll.
2289 445 2362 468 -.
2392 415 2521 475 un.
2556 414 2596 471 ι.

3439 418 3542 476 766

313 553 332 586 ι
372 531 512 590 Haec
540 546 737 593 autem
766 553 843 595 eo
871 535 1157 608 cogitante,
1187 550 1314 591 ecce
1342 535 1593 606 angelum
1629 536 1843 590 Domini
1878 544 1918 599 Α
1950 535 2201 599 voluerit,
2225 534 2446 589 beatam
2469 532 2565 589 Dei
2589 531 2941 602 Gcnitrlcem,
2964 547 3249 604 nunquam
3273 548 3304 587 ι
3334 530 3536 603 Ioseph

242 625 505 696 apparuit
534 628 589 682 ei
622 628 815 686 dicens
850 628 1112 698 :Joseph,
1140 627 1214 682 lili
1262 627 1454 695 David,
1499 628 1612 682 noli
1657 629 1850 685 timere

249 717 501 787 accipere
532 716 773 775 Mariam
803 719 1089 789 conjugem
1123 730 1295 773 tuam.
1327 718 1485 785 Quod
1521 720 1667 773 enim
1700 720 1757 774 in
1782 734 1847 775 ea

254 816 441 860 natum
467 815 555 862 est
587 808 658 863 de
672 807 876 879 Spiritu
910 816 1101 863 sancto
1135 816 1237 864 est.
1266 807 1447 865 Pariet
1468 817 1647 864 autem
1673 809 1845 863 ﬁlium

256 903 308 949 et
328 896 551 952 vocabis
581 913 785 953 nomen
814 898 934 968 ejus
956 896 1178 966 Iesum;
1211 898 1327 969 ipse
1355 898 1499 953 enim
1527 898 1737 953 salvum
1765 899 1846 952 fa-

256 987 359 1040 ciet
388 988 657 1057 populum
687 1005 847 1045 suum
878 1005 908 1044 a
940 990 1176 1059 peccatis
1199 1005 1411 1045 eorum.
1435 1009 1454 1042 ι
1483 989 1694 1057 Quibus
1722 1005 1848 1061 pro-

255 1074 397 1131 lecto
428 1077 613 1132 verbis
658 1080 857 1135 modus
899 1079 1275 1149 conceptionis
1310 1080 1451 1149 ejus,
1481 1081 1643 1135 simul
1672 1089 1727 1135 et
1759 1080 1845 1135 di-

256 1168 482 1238 gnitatis
522 1179 718 1239 partus
748 1170 1025 1237 educetur,
1058 1171 1188 1241 quia
1224 1170 1475 1226 videlicet
1517 1173 1585 1226 de
1634 1170 1840 1241 Spiritu

255 1269 448 1314 sancto
475 1262 747 1331 concepit,
770 1272 823 1316 et
844 1263 1086 1332 paritura
1109 1261 1496 1317 sitChristum.
1511 1263 1684 1330 Quem
1707 1276 1761 1319 et
1791 1264 1839 1320 si

252 1360 440 1420 aperta
466 1367 600 1407 voce
625 1354 852 1424 angelus
871 1352 1151 1409 Christum
1178 1368 1286 1407 non
1321 1354 1571 1424 appellet,
1600 1354 1653 1408 in
1670 1370 1736 1409 eo
1759 1368 1842 1410 ta-

253 1444 535 1513 menquod
556 1446 916 1516 etymologias
938 1445 1174 1500 nominis
1194 1444 1323 1500 Jesu
1338 1460 1636 1515 exponens,
1658 1446 1836 1516 ipsum

253 1534 446 1590 salutis
473 1537 712 1590 ostendit
739 1546 1042 1603 auctorem,
1059 1538 1494 1607 populorumque
1512 1538 1837 1591 salvatorem

252 1638 313 1677 ac
334 1625 599 1694 populum
643 1625 763 1694 ejus
811 1636 1089 1695 nuncupat
1125 1625 1415 1680 manifesta
1448 1627 1677 1693 ratione,
1707 1628 1834 1696 quia

250 1715 329 1769 sic
357 1713 643 1769 Christum
669 1715 942 1785 signiﬁcat
970 1724 1030 1769 ut
1055 1732 1151 1786 per
1176 1717 1293 1771 haec
1333 1725 1387 1771 et
1412 1732 1535 1787 qua:
1567 1717 1837 1772 nescierat

248 1806 393 1859 dicat
413 1804 641 1877 Joseph,
671 1816 723 1860 et
750 1821 781 1859 a
814 1813 1068 1861 contactu
1111 1804 1205 1860 Dei
1246 1805 1539 1861 Genitricis
1588 1804 1834 1862 funditus

1950 625 2238 682 celebratis
2274 625 2502 694 nuptiis,
2546 624 2601 678 in
2644 639 2843 678 nomen
2891 625 3143 696 conjugis
3177 634 3538 694 assumptum,

1948 724 2184 786 exponat
2217 716 2329 785 ipse
2362 715 2560 769 melius
2607 715 2755 769 hunc
2793 714 2968 771 sancti
3000 714 3278 785 Evangelii
3309 714 3489 768 locum
3521 731 3536 767 :

1947 808 2256 878 pariterque
2298 806 2552 861 ostendat
2580 805 2790 861 licitum
2828 804 3000 862 fuisse
3036 806 3179 877 apud
3207 805 3447 869 Judacos,
3478 814 3540 860 ut

1946 914 2162 970 sponsa:
2211 914 2327 954 sua:
2374 898 2611 968 quisque
2671 898 2880 958 carnali
2931 899 3126 968 cepnla
3188 898 3534 963 misceretur,

1945 1009 2080 1049 sano
2118 993 2238 1063 ejus
2278 992 2555 1047 intellectu
2597 989 2830 1046 libenter
2883 992 3151 1060 cedimus,
3202 1000 3412 1046 tantum
3466 1006 3536 1046 ne

1943 1100 2069 1155 erga
2093 1085 2316 1139 Matrem
2345 1083 2557 1139 Domini
2581 1084 2879 1154 quidquam
2905 1095 3116 1155 gestum
3139 1085 3284 1154 quod
3315 1084 3532 1155 publica

1942 1177 2204 1246 opinione
2239 1184 2427 1246 posset
2472 1174 2727 1229 infamari
2755 1176 3066 1232 credamus.
3098 1175 3253 1242 Quod
3281 1191 3411 1231 vero
3435 1176 3533 1232 ad-

1940 1266 2089 1321 ditur
2128 1284 2146 1316 ι
2181 1265 2355 1321 donec
2398 1264 2609 1335 peperit
2640 1264 2810 1320 ﬁlium
2843 1280 3005 1321 suum
3044 1265 3463 1335 primogenitum
3502 1284 3524 1318 ι

1940 1370 2103 1410 nemo
2158 1356 2230 1410 ita
2281 1356 2690 1425 intelligendum
2754 1363 2907 1425 putet
2955 1355 3117 1425 quasi
3175 1365 3297 1426 post
3340 1367 3528 1413 natum

1938 1447 2112 1502 ﬁlium
2150 1463 2272 1502 eam
2303 1447 2643 1519 cognoverit,
2668 1455 2729 1501 ut
2750 1447 2974 1517 quidam
3020 1462 3274 1518 perverse
3300 1450 3532 1519 opinan-

1938 1549 2047 1596 tur.
2073 1539 2226 1596 Scire
2243 1542 2390 1596 enim
2416 1540 2575 1595 debet
2602 1548 2782 1595 vestra
2811 1537 3127 1595 fraternitas
3154 1538 3283 1609 quia
3309 1538 3533 1596 fuerunt

1937 1632 2176 1688 haeretici
2207 1633 2327 1704 qui,
2353 1642 2574 1703 propter
2602 1632 2709 1690 hoc
2740 1633 2885 1702 quod
2915 1632 3121 1688 dictum
3142 1640 3271 1703 esti
3300 1647 3406 1687 non
3433 1648 3531 1688 co-

1936 1726 2230 1795 gnoscebat
2271 1740 2392 1780 eam
2434 1725 2610 1779 donec
2655 1725 2864 1794 peperit
2907 1725 3078 1779 ﬁlium
3107 1767 3122 1791 ,
3175 1744 3194 1776 ι
3246 1724 3533 1780 crederent

1936 1815 2161 1871 Mariam
2193 1825 2316 1887 post
2359 1824 2544 1870 natum
2571 1813 2866 1871 Dominum
2900 1816 3176 1887 cOgnitam
3215 1832 3337 1872 esse
3374 1833 3403 1871 a
3430 1814 3528 1869 Jo-

246 1906 487 1952 mentem
538 1905 812 1955 amoveat.
852 1896 1064 1968 (ΒεοΑ.)
1097 1895 1271 1963 Quam
1322 1906 1505 1952 tamen
1549 1898 1824 1967 dispensa-

1936 1909 2090 1978 seph,
2122 1881 2350 1963 et_inde
2393 1916 2547 1963 ortos
2575 1922 2673 1963 eos
2722 1924 2865 1979 quos
2905 1881 3102 1964 fratres
3131 1908 3345 1963 Domini
3378 1908 3530 1964 Suri-

245 1988 395 2044 tione
440 1989 609 2060 justa:
654 1990 997 2045 necessitatis
1038 1990 1285 2059 accipere
1323 1990 1549 2059 jubctur
1598 1990 1718 2045 solo
1765 1989 1833 2045 de

240 2080 470 2135 nomine
499 2082 811 2154 conjugem,
844 2097 911 2136 ne
933 2081 1186 2137 videlicet
1224 2081 1384 2151 quasi
1419 2081 1663 2137 adultera
1704 2082 1834 2149 lapi-

236 2170 468 2226 daretur
491 2188 523 2227 a
542 2171 767 2240 Judazis,
798 2182 852 2229 et
880 2182 940 2228 ut
969 2174 1024 2227 in
1042 2173 1337 2245 IEgyptum
1361 2172 1578 2244 fugiens
1607 2174 1831 2230 haberet

234 2260 503 2316 solatium
552 2264 806 2329 masculi,
843 2264 936 2334 qui
987 2262 1248 2318 familiari
1291 2279 1425 2319 cura
1472 2272 1527 2319 et
1572 2272 1721 2319 tutor
1752 2264 1831 2319 fe-

233 2351 441 2407 mineaa
468 2351 801 2425 fragilitatis,
832 2364 887 2409 et
912 2355 1065 2409 testis
1090 2354 1211 2424 ejus
1231 2364 1509 2425 perpetuae
1540 2354 1827 2425 virginita-

230 2449 304 2506 tis
330 2453 616 2507 existeret.
649 2452 897 2509 Produnt
923 2452 1190 2508 Catholici
1220 2454 1564 2523 expositores
1590 2461 1646 2508 et
1689 2453 1827 2509 alias

229 2558 441 2598 causas
470 2559 643 2613 quare
683 2542 779 2598 Dei
821 2542 1150 2599 Genitricem
1181 2541 1382 2613 Joseph
1429 2544 1677 2614 accipere
1725 2543 1825 2598 de-

226 2630 418 2687 buerit
469 2634 781 2704 conjugem.
808 2632 956 2700 Quas
991 2635 1047 2689 in
1088 2634 1226 2699 suis,
1263 2634 1358 2704 qui
1406 2635 1544 2702 vult,
1590 2634 1828 2689 inveniet

222 2724 390 2779 locis.
448 2725 685 2781 Adhibet
733 2735 915 2781 autem
963 2725 1295 2796 evangelista
1338 2725 1515 2794 partui
1573 2724 1825 2794 virginali

222 2815 402 2870 etiam
434 2817 738 2887 prophetici
773 2816 1044 2872 sermonis
1069 2816 1399 2885 exemplum,
1429 2824 1490 2870 ut
1518 2824 1682 2870 tantae
1722 2816 1827 2870 mi-

221 2908 492 2963 raculum
512 2909 813 2978 majestatis
829 2924 896 2964 eo
908 2909 1109 2965 certius
1122 2907 1417 2973 videretur,
1434 2906 1578 2977 quod
1596 2907 1702 2962 hoc
1715 2922 1825 2962 non

219 3002 416 3055 solum
457 3000 577 3069 ipse
619 3002 805 3055 ﬁctum
848 3000 1112 3063 crederet,
1144 2998 1240 3054 sed
1278 3000 1442 3053 etiam
1482 3014 1514 3053 a
1564 2999 1824 3069 propheta

215 3093 559 3164 praedictum
605 3092 890 3147 recoleret.
923 3090 1058 3146 Nam
1094 3105 1147 3146 et
1184 3091 1313 3147 huic
1352 3091 1719 3159 evangelista,
1768 3091 1823 3146 id

1933 2006 2092 2068 plura
2138 1996 2394 2067 appellat,
2441 2005 2787 2052 assumentes
2826 2006 2882 2052 et
2928 1998 3035 2052 hoc
3080 1997 3134 2052 in
3191 1997 3525 2066 adjutorium

1933 2090 2020 2146 sui
2044 2089 2246 2144 erroris
2266 2088 2411 2159 quod
2437 2088 2833 2158 primogenitus
2852 2096 3218 2158 nuncupatur.
3252 2087 3523 2144 Dominus

1931 2180 2076 2237 Deus
2128 2188 2337 2236 avertat
2398 2180 2541 2235 hanc
2590 2180 2987 2250 blasphemiam
3036 2196 3067 2234 a
3122 2180 3226 2235 lide
3276 2182 3523 2236 omnium

1929 2282 2198 2340 nostrum,
2245 2272 2518 2342 donetque
2568 2271 2724 2326 nobis
2763 2271 3044 2326 Catholica
3074 2279 3272 2341 pietate
3320 2271 3523 2326 intelli-

1928 2380 2055 2437 gere
2098 2372 2351 2435 parentes
2402 2362 2576 2418 nostri
2629 2362 2936 2420 Salvatoris
2976 2362 3298 2416 intemerata
3345 2361 3518 2418 fuisse

1928 2469 2141 2524 semper
2164 2453 2473 2525 virginitate
2505 2452 2817 2523 praeclaros,
2850 2461 2906 2508 et
2948 2466 3056 2506 non
3092 2450 3254 2517 ﬁlios,
3283 2452 3375 2507 sed
3418 2467 3518 2506 co-

1928 2554 2121 2616 gnatos
2166 2559 2357 2600 eorum
2387 2542 2586 2600 fratres
2624 2543 2839 2599 Domini
2893 2542 3303 2612 Scripturarum
3370 2557 3523 2596 ntere

1926 2636 2250 2706 nuncupari.
2281 2634 2387 2690 Sed
2421 2636 2492 2690 ob
2537 2635 2589 2690 id
2621 2635 3013 2705 evangelistam
3052 2650 3120 2688 an
3172 2643 3295 2704 post
3329 2642 3521 2687 natum

1924 2723 2125 2779 Filium
2149 2724 2245 2780 Dei
2274 2739 2395 2779 eam
2428 2724 2737 2795 cognoverit
2769 2723 2951 2778 dicere
2977 2738 3084 2777 non
3112 2737 3357 2789 curasse,
3391 2723 3522 2792 quia

1924 2815 2059 2869 nulli
2102 2815 2170 2870 de
2217 2815 2323 2870 hoc
2371 2814 2755 2884 ambigendum
2799 2814 3152 2884 putaverint,
3196 2812 3343 2883 quod
3388 2828 3523 2869 con-

1918 2907 2099 2977 juges,
2146 2906 2346 2977 quibus
2411 2905 2467 2959 in
2525 2904 2855 2976 virginitatis
2910 2905 3240 2963 castimonia
3297 2919 3517 2975 perma-

1924 2999 2204 3066 nentibus,
2267 2997 2362 3053 Dei
2397 2996 2597 3052 Filium
2640 2998 2794 3053 nasci
2819 2997 3081 3068 singulari
3113 2998 3290 3068 gratia
3331 2997 3518 3053 datum

1922 3099 2025 3157 est,
2072 3090 2382 3146 nullatenus
2411 3106 2479 3146 ex
2503 3105 2571 3147 eo
2623 3089 2889 3146 castitatis
2913 3089 3042 3160 jura
3094 3098 3363 3149 temerare
3414 3104 3519 3160 po-

213 3192 302 3237 est
346 3181 614 3238 Matthaao
649 3183 821 3237 moris
849 3192 933 3238 est
971 3182 1155 3238 omnia
1197 3191 1539 3253 qum'narrat
1582 3184 1820 3254 prophe-
1849 3224 1892 3281 ο
1927 3181 2149 3236 tuerint.

213 3277 348 3330 ticis
378 3275 655 3330 afﬁrmare
680 3275 1029 3330 testimoniis.
1060 3274 1291 3344 Scripsit
1319 3290 1556 3346 namque
1578 3274 1820 3347 Evange-

213 3367 362 3425 lium
399 3382 569 3422 suum
596 3367 664 3422 ob
702 3382 897 3422 eorum
940 3368 1180 3422 maxime
1205 3383 1453 3434 causam,
1487 3368 1583 3439 qui
1620 3383 1688 3424 ex
1724 3367 1823 3422 Ju-

214 3458 358 3514 daeis
382 3457 704 3524 credebant,
748 3474 851 3513 nec
874 3467 1054 3514 tamen
1078 3459 1214 3531 legis
1236 3459 1595 3526 caeremoniis,
1633 3473 1821 3529 quam-

217 3549 299 3603 vis
333 3550 525 3604 renati
554 3548 609 3602 in
637 3547 878 3615 Christo,
932 3550 1185 3605 valebant
1212 3551 1390 3617 evelli,
1435 3559 1490 3605 et
1528 3559 1816 3621 propterea

219 3639 522 3709 satagebat
543 3653 638 3693 eos
664 3653 692 3691 a
723 3639 931 3696 carnali
976 3640 1113 3712 legis
1140 3649 1196 3696 et
1222 3642 1613 3711 prophetarum
1647 3656 1817 3696 sensu

221 3731 283 3786 ad
333 3730 685 3800 spiritualem
711 3730 806 3800 qui
836 3730 903 3785 de
927 3729 1149 3787 Christo
1169 3731 1395 3803 erigere,
1432 3740 1703 3802 quatenus
1728 3748 1818 3787 sa-

223 3829 517 3875 cramenta
534 3820 991 3883 ﬁdeiChristianaa
1008 3830 1160 3877 tanto
1185 3824 1432 3878 securius
1456 3824 1814 3893 perciperent,

225 3920 439 3983 quanto
487 3913 605 3967 haec
639 3927 748 3967 non
784 3913 930 3968 aliud
962 3930 1083 3970 esse
1128 3914 1469 3985 perciperent
1502 3930 1667 3985 quam
1693 3931 1816 3985 quae

226 4003 523 4073 propheta:
546 4002 929 4072 praedixerant.

331 4093 500 4157 Ecce,
524 4114 541 4144 ι
572 4094 766 4164 inquit,
794 4113 811 4144 ι
840 4092 1000 4165 Virgo
1024 4094 1081 4149 in
1108 4103 1265 4151 utero
1290 4096 1532 4165 habebit,
1558 4108 1612 4154 et
1642 4099 1816 4169 pariet

228 4185 788 4251 ﬁhum,etvocabunt
818 4201 1015 4242 nomen
1037 4186 1158 4257 ejus
1185 4185 1528 4255 Emmanuel,
1556 4191 1701 4260 quod
1731 4198 1816 4245 est

228 4277 645 4347 interpretatum
687 4277 960 4331 nobiscum
1002 4277 1207 4333 Deus.»
1262 4277 1470 4334 Nomen
1500 4280 1808 4345 salvatoris,

227 4370 376 4439 quod
406 4369 694 4424 nobiscum
718 4368 862 4425 Deus
893 4385 923 4424 a
945 4370 1209 4440 propheta
1239 4379 1485 4437 vocatur,
1517 4381 1808 4439 utramque

226 4471 482 4515 naturam
502 4461 932 4530 uniuspersonre
956 4461 1133 4530 ipsius
1160 4462 1359 4532 signat.
1387 4461 1491 4528 Qui
1515 4462 1659 4516 enim
1687 4470 1812 4517 ante

1993 3272 2301 3328 Notandum
2359 3288 2581 3345 quoque
2637 3282 2719 3329 est
2773 3272 2921 3344 quod
2970 3271 3316 3343 primogeniti
3375 3286 3514 3339 non,

1916 3365 2072 3437 juxta
2097 3366 2477 3422 haereticorum
2500 3365 2844 3437 opinionem,
2867 3365 2971 3420 soli
2999 3372 3129 3420 sunt
3150 3379 3290 3434 quos
3313 3361 3515 3423 fratres

1921 3467 2247 3529 sequuntur,
2325 3469 2453 3515 sunt
2528 3458 2640 3514 alii.
2689 3456 2825 3521 {Sed
2890 3456 3047 3527 juxta
3128 3455 3512 3511 auctoritatem

1922 3549 2332 3621 Scripturarum
2358 3566 2549 3607 omnes
2569 3551 2663 3621 qui
2686 3549 2850 3620 primi
2870 3549 3090 3604 vulvam
3114 3549 3367 3618 aperiunt
3393 3546 3514 3603 sive

1920 3639 2117 3705 fratres
2153 3658 2249 3699 eos
2284 3643 2451 3714 aliqui
2482 3658 2578 3699 seu
2620 3643 2755 3697 nulli
2805 3649 3125 3711 sequantur,
3156 3636 3511 3709 primogeniti

1919 3744 2199 3791 vocantur.
2250 3735 2506 3791 Attamen
2557 3751 2681 3791 cum
2732 3733 3001 3789 Dominus
3031 3730 3253 3803 speciali
3292 3730 3511 3784 ratione

1917 3828 2090 3897 possit
2157 3826 2553 3898 primogenitus
2622 3826 2800 3882 dictus
2879 3824 3136 3895 intelligi,
3183 3822 3337 3893 juxta
3401 3820 3510 3876 hoc

1917 3918 2063 3986 quod
2096 3919 2150 3972 in
2180 3918 2505 3990 Apocalypsi
2535 3917 2669 3972 dicit
2699 3918 2766 3973 de
2795 3932 2859 3973 eo
2906 3915 3145 3971 Joannes
3181 3933 3194 3969 :
3230 3932 3249 3965 ι
3288 3912 3399 3980 Qui,
3422 3920 3511 3968 est

1919 4007 2074 4069 testis
2126 4008 2301 4062 ﬁdelis
2352 4008 2744 4077 primogenitus
2774 4021 3142 4071 mortuorum,
3171 4013 3225 4060 et
3255 4003 3512 4073 princeps

1915 4113 2105 4168 regum
2150 4108 2309 4153 terra).
2363 4098 2549 4168 (Apoc.
2609 4097 2671 4154 ι).
2727 4117 2745 4149 ι
2802 4096 2869 4151 Et
2919 4096 3200 4165 apostolus
3255 4094 3509 4151 Paulus:

1921 4208 1942 4243 ‹
1983 4188 2118 4244 Nam
2153 4205 2293 4260 quos
2339 4190 2598 4261 prescivit
2643 4198 2698 4245 et
2741 4188 3145 4260 praedestinavit
3197 4185 3512 4242 conformes

1915 4282 2031 4338 ﬁeri
2077 4283 2345 4353 imagines
2379 4282 2502 4337 Filii
2543 4282 2650 4349 sui,
2679 4292 2738 4337 ut
2773 4282 2844 4337 sit
2891 4282 3008 4351 ipse
3031 4279 3427 4351 primogenitus
3450 4278 3508 4332 in

1918 4374 2102 4429 multis
2151 4373 2411 4430 fratribus
2456 4374 2631 4444 (Rom.
2656 4373 2800 4443 vm).
2838 4393 2856 4425 ι
2883 4371 3287 4442 Primogenitus
3314 4380 3397 4425 est
3445 4369 3505 4424 in

1913 4466 2098 4521 multis
2127 4464 2408 4532 fratribus,
2451 4466 2581 4536 quia
2632 4485 2649 4516 ι
2682 4472 2952 4535 quotquot
2995 4472 3317 4533 receperunt
3358 4477 3508 4530 eum,

223 4555 475 4621 tempora
512 4560 673 4607 natus
696 4567 763 4606 ex
799 4550 960 4605 Patre
1001 4549 1144 4606 Deus
1189 4562 1308 4620 est,
1338 4553 1454 4622 ipse
1487 4551 1544 4605 in
1575 4552 1809 4621 plenitu-
1838 4565 1883 4620 1)
1912 4556 2060 4613 dedit
2080 4557 2161 4612 eis
2177 4565 2498 4627 potestatem
2524 4557 2665 4611 ﬁlios
2688 4555 2783 4611 Dei
2803 4556 2919 4611 ﬁeri
2944 4554 3124 4625 (Joan.
3146 4555 3240 4624 1).»
3261 4553 3509 4621 Quorum

222 4641 357 4697 dine
373 4652 677 4713 temporum
706 4641 1047 4711 Emmanuel,
1073 4644 1127 4698 id
1150 4654 1235 4700 est
1257 4645 1541 4699 nobiscum
1564 4642 1729 4712 Deus,
1754 4645 1811 4700 in

223 4743 411 4802 utero,
445 4735 639 4789 matris
685 4734 865 4790 factus
903 4743 988 4790 est
1047 4737 1177 4805 quia
1236 4747 1434 4791 nostrae
1467 4735 1816 4808 fragilitatem

220 4835 460 4891 naturae,
476 4828 532 4881 in
557 4828 821 4883 unitatem
846 4843 961 4883 suae
986 4843 1233 4897 personae
1256 4828 1534 4898 suscipere
1552 4830 1809 4901 dignatus

218 4926 341 4985 est,
368 4920 587 4990 quando
613 4919 881 4976 «Verbum
896 4937 1027 4976 caro
1056 4920 1261 4978 factum
1283 4931 1367 4978 est
1392 4924 1728 4979 ethabilavit
1759 4926 1815 4979 in

213 5011 393 5067 nobis
411 5011 672 5083 (10mm),
697 5032 716 5066 ι
746 5015 950 5069 mirum
967 5014 1216 5070 videlicet
1238 5015 1293 5068 in
1308 5016 1531 5070 modum
1551 5018 1816 5087 incipiens

208 5118 357 5161 esse
400 5105 544 5175 quod
601 5120 705 5162 nos
746 5121 959 5168 sumus,
987 5116 1041 5161 et
1063 5121 1172 5160 non
1201 5106 1457 5161 desinens
1502 5122 1625 5163 esse
1670 5109 1817 5178 quod

212 5202 357 5248 erat
379 5194 490 5249 :sic
516 5210 808 5251 assumens
836 5205 1089 5251 naturam
1130 5177 1399 5263 nostram,
1440 5205 1502 5251 ut
1533 5177 1818 5268 quoderat

208 5284 352 5355 ipse
374 5301 479 5342 non
512 5286 779 5357 perderet.

309 5376 647 5450 «Exsurgens
663 5387 843 5433 autem
873 5378 1073 5450 Joseph
1095 5394 1126 5434 a
1150 5394 1346 5435 somno
1373 5380 1497 5436 fecit
1520 5381 1811 5452 sicutpraa—

205 5478 445 5540 ceperat
460 5472 509 5527 ei
532 5472 760 5542 angelus
773 5470 1010 5539 Domini,
1027 5481 1082 5527 et
1103 5473 1313 5543 accepit
1325 5474 1610 5545 conjugem
1625 5490 1782 5530 suam
1793 5518 1808 5544 ,

199 5568 275 5613 et
298 5574 404 5614 non
425 5562 789 5631 cognoscebat
808 5576 949 5616 eam.
964 5581 982 5613 ι
1001 5563 1222 5633 Accepit
1239 5579 1359 5619 eam
1378 5564 1445 5619 ad
1467 5579 1665 5620 nomen
1682 5582 1814 5621 con-

193 5651 370 5721 iugis
382 5653 450 5708 ob
466 5667 665 5709 causas
685 5668 825 5723 quas
846 5654 1220 5723 praediximus,
1247 5665 1301 5711 et
1324 5671 1432 5712 non
1455 5658 1813 5728 cognoscebat

193 5756 352 5797 eam
372 5738 432 5799 ad
451 5760 590 5815 opus
609 5744 896 5816 coniugale
918 5746 989 5801 ob
1005 5761 1203 5803 arcana
1218 5763 1341 5819 qua:
1359 5747 1806 5814 didicerat.Qnod

194 5833 255 5915 si
279 5833 410 5927 quis
427 5834 553 5893 huic
572 5852 669 5895 nos
677 5844 774 5909 t‘rae
784 5838 1111 5908 expositioni
1127 5840 1394 5897 obsistere
1408 5849 1461 5897 et
1477 5841 1804 5898 contendere

1917 4659 2063 4705 recte
2089 4650 2489 4720 primogenitus
2523 4649 2846 4719 appellatur,
2869 4648 3015 4718 quod
3048 4662 3239 4702 omnes
3264 4645 3512 4716 adoptio—

1918 4741 2006 4799 nis
2032 4741 2194 4807 ﬁlios,
2214 4741 2378 4795 etiam
2413 4741 2539 4795 illos
2565 4741 2660 4811 qui
2686 4739 3083 4795 incarnationis
3107 4738 3228 4809 ejus
3264 4747 3505 4809 tempora

1917 4832 2193 4890 nascendo
2241 4839 2642 4900 praecesserunt
2694 4830 2955 4899 dignitate
3002 4828 3368 4899 progreditur.
3410 4824 3501 4882 Si-

1918 4924 2135 4994 quidem
2167 4931 2399 4992 possunt
2425 4922 2501 4975 illi
2526 4937 2651 4977 cum
2680 4921 2889 4977 Joanne
2914 4920 3266 4976 veracissime
3292 4919 3502 4975 testari.

1918 5014 2021 5081 Qui
2055 5014 2209 5084 prius
2256 5028 2358 5069 nos
2384 5012 2534 5067 venit
2570 5022 2695 5068 ante
2732 5028 2833 5067 nos
2860 5010 3038 5067 factus
3058 5018 3163 5076 est,
3196 5010 3250 5065 id
3276 5018 3360 5066 est
3384 5018 3510 5080 post

1917 5121 2019 5161 nos
2046 5106 2265 5176 quidem
2299 5105 2353 5171 in
2383 5105 2595 5159 mundo
2637 5103 2871 5174 genitus.
2924 5101 3030 5158 Sed
3060 5103 3257 5158 merito
3283 5101 3507 5157 virtutis

1916 5197 2312 5269 primogenitus
2335 5197 2582 5259 omnium
2613 5195 2738 5265 jure
2773 5202 2857 5251 est
2886 5203 3112 5250 vocatus
3131 5235 3147 5261 ,
3177 5208 3498 5265 quanquam

1917 5297 1974 5344 et
1996 5288 2050 5342 in
2080 5289 2197 5357 ipsa
2218 5287 2402 5342 divina
2427 5288 2710 5351 nativitate
2731 5302 2841 5341 non
2863 5286 3309 5341 inconvenienter
3331 5283 3507 5354 possit

1918 5380 2313 5450 primogenitus
2358 5379 2486 5446 dici,
2531 5379 2658 5450 quia
2710 5379 3030 5449 priusquam
3082 5386 3387 5433 creaturam
3417 5372 3501 5429 fa-

1916 5470 2109 5526 ciendo
2130 5469 2371 5541 gigneret
2410 5470 2666 5540 aliquem,
2699 5478 3030 5527 coaeternum
3066 5467 3171 5524 sibi
3215 5465 3375 5520 Pater
3407 5479 3503 5535 ge-

1915 5562 2034 5617 nuit
2080 5561 2300 5615 Filinm.
2347 5560 2509 5616 Prius
2558 5561 2705 5615 enim
2762 5574 2927 5629 quam
2975 5556 3202 5612 verbum
3252 5553 3499 5609 veritatis

1914 5653 2222 5723 adoptionis
2250 5653 2391 5708 ﬁlios
2443 5652 2547 5707 sibi
2590 5650 2908 5707 redimendo
2957 5649 3203 5718 gigneret
3262 5645 3504 5721 aliquos,

1914 5755 2249 5802 coaeternum
2287 5745 2390 5800 sibi
2433 5743 2593 5799 Pater
2624 5742 2810 5813 genuit
2838 5739 3096 5795 Verbum.
3123 5736 3277 5792 Unde
3305 5736 3485 5805 ipsum

1914 5837 2150 5895 Verbum
2182 5837 2296 5908 ipse
2337 5836 2505 5891 Filius
2546 5833 2661 5903 Dei,
2686 5832 2806 5902 ejus
2836 5828 3087 5886 videlicet
3110 5830 3295 5886 virtus
3325 5835 3371 5884 et
3390 5839 3498 5901 ,ςι-

3594 506 3605 533 ι
