4032 6396
471 335 578 390 ⁸167

1611 325 1936 382 WERNERI
1975 325 2269 382 ABBATIS
2311 326 2369 382 S.
2413 325 2638 383 BLASII

3645 316 3770 383 ’768

473 449 678 520 pientia
713 448 991 517 loquitur:
1025 446 1136 517 Ego
1169 463 1231 501 ex
1269 461 1363 499 ore
1387 441 1651 498 Altissimi
1677 441 1906 512 prodivi,
1937 443 2049 511 pri—
2077 449 2122 504 Α
2153 457 2221 498 ne
2269 457 2366 505 per
2416 440 2674 496 feminam
2703 480 2720 508 ,
2776 442 2870 495 sed
2918 455 3012 509 per
3061 440 3238 494 virum
3260 481 3275 504 ,
3329 441 3487 510 juxta
3540 456 3766 497 morem

473 541 750 612 mogenita
815 539 870 592 in
939 553 1154 594 omnem
1219 544 1546 593 creaturam.
1598 533 1742 588 Deus
1801 534 1868 588 de
1947 532 2058 587 Deo

474 641 638 688 natus
666 641 801 695 erat,
851 639 905 684 et
953 630 1009 683 in
1057 645 1121 684 ea
1166 643 1274 699 qua
1321 635 1540 683 creatus
1587 635 1672 681 est
1720 624 2058 680 humanitate

475 738 690 780 omnem
716 730 1020 778 creaturam
1053 721 1300 791 praeibat.

547 833 569 868 ι
604 814 668 868 Et
699 814 940 879 vocabis,
973 806 1170 883 inquit,
1223 826 1420 866 nomen
1451 809 1570 879 ejus
1609 808 1815 864 Jesum.
1851 827 1868 860 ι
1897 805 2054 863 Jesus

473 905 749 961 Hzebraice
811 905 1004 959 Latine
1063 902 1321 960 salutaris
1372 902 1488 957 sive
1537 901 1776 956 salvator
1830 899 2050 954 dicitur.

469 997 642 1065 Cujus
685 995 1026 1050 vocationem
1080 995 1317 1049 nominis
1375 991 1654 1062 prophetis
1713 991 1881 1060 liquet
1932 1005 2054 1045 esse

471 1088 856 1144 certissimam.
892 1085 1046 1141 Unde
1099 1094 1228 1141 sunt
1279 1085 1369 1138 illa
1421 1098 1620 1152 magno
1665 1081 1893 1135 visionis
1933 1081 2053 1148 ejus

469 1179 741 1234 desiderio
770 1186 986 1232 cantata
1023 1193 1037 1230 :
1093 1194 1112 1227 ‹
1163 1175 1360 1228 Anima
1387 1184 1569 1228 autem
1607 1187 1726 1226 mea
1760 1170 2054 1225 exsultabit

471 1274 526 1326 lu
555 1271 809 1334 Domino,
833 1280 886 1323 et
910 1268 1266 1322 delectabitur
1306 1282 1468 1334 super
1491 1264 1715 1318 salutari
1749 1278 1848 1317 suo
1875 1262 2048 1329 (Psal.

471 1362 680 1428 xxxrv).
715 1379 734 1412 ι
764 1359 830 1414 Ει
862 1359 1056 1413 iterum
1085 1375 1097 1409 :
1135 1377 1153 1408 ί
1193 1357 1398 1412 Defecit
1427 1357 1478 1410 in
1506 1355 1729 1410 salutari
1756 1363 1848 1408 tuo
1870 1354 2051 1408 anima

468 1468 590 1506 mea
620 1451 794 1521 (Psal.
829 1455 1042 1518 cxvm),
1087 1467 1105 1500 ι
1140 1448 1205 1502 Et
1237 1447 1366 1502 alibi
1401 1467 1412 1500 :
1452 1465 1470 1498 ι
1505 1446 1618 1516 Ego
1649 1455 1828 1499 autem
1864 1444 1916 1497 in
1946 1443 2052 1495 Do-

470 1543 622 1596 mino
671 1541 966 1611 gloriabor,
1007 1537 1257 1610 gaudebo
1308 1538 1363 1591 in
1413 1535 1525 1591 Deo
1574 1535 1704 1590 Jesu
1755 1550 1876 1588 meo
1907 1533 2051 1601 (Ila-

468 1633 586 1687 bac.
618 1634 724 1700 ιιι).
758 1651 776 1682 ι
808 1630 871 1685 Et
900 1631 1135 1685 maxime
1161 1630 1292 1684 illud
1323 1645 1335 1682 :
1376 1647 1394 1680 ι
1432 1627 1596 1692 Deus,
1629 1629 1682 1681 in
1711 1627 1930 1680 nomine
1959 1638 2052 1680 tuo

469 1720 679 1776 salvum
711 1735 797 1773 me
822 1719 907 1774 i'ac
939 1718 1114 1790 (Psal.
1145 1718 1318 1780 ιιιι).›
1353 1717 1431 1772 Ac
1458 1715 1505 1770 si
1535 1717 1736 1770 diceret
1766 1735 1778 1770 :
1805 1713 2050 1769 Nominis

2162 536 2458 607 Scriptura:
2502 534 2817 607 genealogis
2863 543 3162 600 laxaretur,
3209 550 3278 589 ne
3334 533 3679 603 lapideretur
3728 553 3765 590 ι

2161 627 2367 682 Judaais
2393 636 2452 682 ut
2476 626 2744 691 adultera,
2772 635 2832 680 ut
2875 625 2928 680 in
2959 623 3252 696 Egyptum
3286 625 3500 695 fugiens
3527 625 3768 682 haberet

2155 719 2260 773 viri
2291 719 2567 783 solatium,
2596 727 2656 772 ut
2683 727 2874 788 partus
2902 717 3176 772 celarctur
3208 716 3450 784 diabolo,
3489 718 3624 773 dum
3656 735 3764 790 pu-

2159 817 2236 864 tat
2263 824 2374 863 non
2400 809 2467 864 de
2503 809 2734 880 virgine,
2766 809 2859 864 sed
2900 808 2966 863 de
3005 824 3176 864 uxore
3204 809 3471 879 genitum,
3507 826 3577 865 ne
3605 811 3759 866 inte-

2160 910 2380 956 meratae
2408 898 2649 971 Virginis
2682 901 3056 955 adverteretur
3099 901 3344 957 infamia.
3389 901 3581 958 Maluit
3602 903 3760 960 enim

2155 991 2418 1048 Dominus
2449 993 2662 1062 aliquos
2686 992 2753 1048 de
2779 1007 2882 1047 suo
2909 993 3092 1064 potius
3117 1003 3261 1059 ortu,
3289 1011 3453 1065 quam
3496 997 3762 1053 dubitare

2156 1083 2224 1137 de
2249 1083 2440 1138 matris
2461 1083 2689 1153 pudore,
2724 1098 2794 1138 ne
2817 1083 3124 1154 virginibus
3149 1085 3396 1140 velamen
3437 1089 3762 1142 excusatio-

2155 1176 2241 1230 nis
2276 1176 2446 1240 lieret,
2473 1191 2584 1244 quo
2608 1175 2872 1230 infamata
2901 1177 3159 1232 sitmater
3187 1176 3424 1242 Domini,
3455 1194 3524 1232 ne
3547 1180 3762 1235 dicenti

2157 1265 2388 1320 Domino
2423 1285 2436 1320 :
2473 1285 2491 1318 ‹
2530 1265 2651 1320 Non
2689 1267 2812 1321 veni
2839 1267 3050 1322 solvere
3077 1269 3272 1338 legem,
3305 1270 3398 1323 sed
3443 1270 3760 1339 adimplere

2155 1357 2377 1424 (Matth.
2415 1358 2489 1425 v),
2535 1377 2552 1410 ι
2583 1357 2728 1412 ullus
2779 1359 3041 1427 ohjecerit
3068 1379 3080 1414 :
3110 1358 3264 1425 Quod
3317 1377 3440 1416 cum
3490 1363 3630 1432 legis
3672 1365 3762 1419 in-

2153 1449 2297 1518 juria
2329 1458 2490 1503 natus
2520 1450 2610 1513 sit,
2650 1459 2710 1503 ut
2737 1451 2888 1504 testis
2929 1451 3154 1520 pudoris
3185 1453 3417 1507 maritus
3459 1453 3763 1508 adhibere-

2154 1547 2262 1603 tur,
2310 1539 2402 1608 qui
2442 1538 2615 1608 possit
2658 1539 2839 1594 dolere
2869 1548 2923 1593 et
2967 1539 3246 1595 vindicare
3288 1540 3674 1610 opprobrium,
3709 1543 3760 1598 si

2152 1647 2259 1685 non
2312 1641 2635 1702 agnosceret
2668 1639 3094 1697 sacramentum,
3125 1648 3194 1688 ne
3243 1633 3524 1688 videretur
3575 1632 3758 1689 Maria

2153 1721 2369 1790 culpam
2411 1721 2745 1775 obumbrare
2789 1721 3096 1776 mendacio.
3134 1721 3372 1778 Causam
3413 1724 3559 1778 enim
3594 1740 3761 1778 men-

465 1812 546 1866 tui
575 1811 822 1884 gloriam,
855 1811 948 1880 qui
999 1811 1215 1864 vocaris
1251 1809 1518 1873 Salvator,
1551 1808 1606 1862 in
1654 1823 1740 1862 me
1787 1807 2046 1862 salvaudo
2079 1813 2120 1866 Β
2151 1813 2658 1882 tiendidesponsata
2683 1827 2789 1868 non
2814 1812 3023 1880 habuit,
3053 1830 3177 1870 eum
3201 1816 3440 1887 eonjugii
3462 1819 3755 1886 praemium

466 1903 726 1957 clariﬁca.
751 1900 910 1956 Jesus
939 1915 1070 1971 ergo
1102 1915 1298 1955 nomen
1330 1908 1414 1955 est
1443 1899 1566 1953 Filii
1602 1899 1696 1969 qui
1733 1915 1799 1953 ex
1831 1898 2051 1968 Virgine

466 2001 630 2048 natus
671 2004 773 2058 est,
810 1992 1002 2064 angelo
1050 2000 1372 2061 exponente,
1401 1990 1714 2061 significans
1764 1990 1909 2059 quod
1938 1990 2052 2058 ipse

465 2087 680 2143 salvum
733 2083 896 2140 faciet
946 2083 1211 2158 populum
1261 2098 1424 2138 suum
1481 2099 1515 2139 a
1564 2082 1802 2154 peccatis
1835 2097 2047 2136 eorum.

463 2177 570 2248 Qui
601 2187 780 2235 autem
823 2180 996 2235 salvat
1032 2194 1062 2232 a
1091 2179 1351 2247 peccatis,
1380 2176 1524 2233 idem
1565 2177 1753 2247 utique
1786 2191 1818 2230 a
1856 2190 2050 2230 corru-

463 2275 742 2344 ptionibus
768 2273 967 2327 mentis
1008 2282 1060 2327 et
1111 2272 1359 2342 corporis
1389 2286 1512 2342 quae
1537 2270 1606 2324 ob
1628 2277 1844 2339 peccata
1872 2268 2046 2324 conti-

464 2374 660 2435 gerunt
690 2365 938 2419 salvabit.
975 2363 1225 2419 Christus
1253 2378 1383 2418 vero
1409 2361 1735 2418 vocabulum
1757 2371 1844 2416 est
1868 2375 2050 2414 sacer-

463 2457 607 2512 dotis
656 2456 737 2511 vel
795 2456 955 2526 l't‘giiB
1003 2455 1304 2524 dignitatis.
1356 2453 1492 2510 Nam
1543 2463 1598 2510 et
1646 2453 1956 2510 sacerdotes
1987 2469 2052 2509 ac

463 2565 620 2619 reges
650 2549 703 2602 in
730 2549 845 2619 lege
882 2564 913 2602 a
943 2547 1259 2613 chrismate,
1292 2549 1342 2602 id
1387 2557 1470 2603 est
1497 2547 1756 2602 unctione
1784 2546 1888 2602 olei
1924 2563 2051 2602 san-

463 2641 558 2706 cti,
582 2641 988 2710 appellabantur
1009 2640 1222 2704 chi-isti,
1250 2640 1758 2710 significanteseum
1783 2639 2050 2710 quiverus

465 2747 557 2787 rex
588 2743 640 2785 et
665 2730 902 2800 pontifex
942 2732 995 2784 in
1030 2731 1234 2784 mundo
1279 2747 1547 2808 apparens
1577 2741 1776 2789 unctus
1811 2741 1896 2788 est
1927 2732 2050 2785 oleo

462 2821 662 2876 latitia:
683 2837 792 2892 pra:
821 2821 1178 2893 participibus
1217 2821 1352 2876 suis.
1378 2821 1424 2874 Α
1452 2838 1558 2891 qua
1585 2823 1844 2878 unctione
1871 2823 1925 2876 id
1967 2833 2045 2877 est

461 2912 755 2966 chrismate
799 2911 914 2980 ipse
934 2910 1198 2965 Christus
1220 2920 1274 2964 et
1315 2910 1559 2979 ejusdem
1587 2913 1862 2968 unctionis
1893 2913 1944 2968 id
1967 2923 2050 2968 est

461 3004 646 3073 gratia:
674 3003 972 3073 Spiritualis
1017 3002 1310 3072 participes
1349 3011 1480 3058 sunt
1518 3003 1802 3060 christiani
1845 3007 2048 3072 vocati,

460 3095 556 3164 qui
590 3111 679 3164 per
706 3096 760 3151 id
798 3098 943 3166 quod
969 3096 1219 3152 Salvator
1241 3106 1326 3153 est
1353 3115 1452 3154 nos
1490 3100 1702 3155 salvare
1732 3116 1761 3154 a
1787 3103 2047 3170 peccatis,

460 3203 559 3257 per
585 3187 641 3243 id
674 3189 817 3258 quod
855 3188 1096 3258 pontifex
1124 3199 1208 3244 est
1265 3206 1364 3245 nos
1413 3191 1768 3245 reconciliare
1796 3191 1906 3245 Deo
1936 3191 2043 3246 Pa-

458 3279 551 3346 tri,
577 3295 670 3350 per
698 3279 752 3334 id
783 3281 930 3350 quod
956 3279 1066 3335 Rex
1093 3291 1176 3336 est
1198 3297 1423 3352 regnum
1439 3282 1597 3337 nobis
1612 3281 1788 3338 Patris
1805 3282 1890 3338 sui
1912 3283 2044 3340 dare

459 3373 716 3448 dignewr
745 3375 797 3428 in
837 3384 1122 3430 aeternum.

775 3465 906 3520 I‘EM
957 3467 1320 3523 EXPOSITIO
1368 3469 1455 3522 DE
1502 3467 1756 3526 EODEM.

536 3575 554 3606 ι
589 3552 792 3612 Christi
825 3559 1098 3627 generatio
1125 3561 1206 3614 sic
1229 3569 1346 3614 erat
1372 3561 1590 3630 (Matth.
1621 3560 1682 3631 ι).
1719 3582 1738 3613 ι
1769 3561 2043 3629 Quteritur

460 3661 560 3698 cur
591 3660 698 3698 non
749 3647 826 3700 ait
870 3647 996 3703 Jesu
1031 3649 1258 3716 Christi,
1303 3652 1395 3706 sed
1443 3653 1784 3707 solummodo
1810 3654 2038 3720 Christi,

460 3737 607 3805 quod
639 3737 829 3806 angelo
857 3754 981 3792 mox
1011 3739 1222 3795 dicturo
1255 3743 1509 3796 servavit.
1529 3742 1838 3810 Generatio,
1879 3745 1931 3800 id
1959 3756 2042 3802 est

457 3828 578 3899 ipse
611 3827 862 3885 Christus
908 3833 962 3885 in
1009 3849 1173 3887 carne
1220 3845 1533 3904 generatus.
1581 3837 1661 3892 Ac
1708 3840 1752 3892 si
1784 3839 2036 3895 diceret;

460 3917 770 3984 Generatio,
805 3937 927 3990 qua:
955 3932 1038 3976 est
1065 3923 1336 3990 Christus,
1371 3925 1450 3979 sic
1486 3935 1604 3980 erat
1645 3925 1838 3981 bifarie
1862 3929 2042 3997 expla-

459 4009 660 4075 nanda,
687 4011 836 4066 velut
879 4028 910 4066 a
958 4013 1202 4069 decursa:
1246 4016 1573 4086 genealogiae
1623 4018 1763 4083 loco,
1799 4019 1888 4073 ubi
1915 4019 2035 4076 ait:

465 4121 484 4153 ι
513 4101 682 4158 Jacob
708 4107 893 4176 genuit
920 4105 1118 4178 Joseph
1162 4109 1341 4164 virum
1388 4109 1590 4178 Marire,
1629 4113 1696 4166 de
1727 4128 1834 4182 qua
1879 4122 2039 4168 natus

457 4203 541 4248 est
567 4192 726 4250 Jesus
745 4197 838 4265 qui
865 4209 1092 4254 vocatur
1121 4198 1395 4256 Christus.
1427 4201 1629 4258 Omnes
1653 4219 1782 4272 ergo
1813 4219 2039 4274 genera-

457 4286 634 4341 tiones
650 4288 718 4341 ab
740 4288 1013 4344 Abraham
1037 4307 1210 4360 usque
1240 4293 1307 4346 ad
1336 4291 1500 4346 David
1526 4295 1903 4364 generationes
1926 4313 2034 4364 xw,

455 4385 512 4433 et
553 4392 584 4432 a
623 4377 791 4434 David
837 4397 1011 4452 usque
1063 4383 1130 4437 ad
1183 4384 1714 4455 transmigrationem
1751 4386 2036 4458 Babylonis

455 4472 832 4539 generationes
880 4489 992 4538 xxv,
1039 4482 1094 4528 et
1143 4490 1174 4528 a
1212 4477 1687 4544 transmigratione
1744 4477 2036 4548 Babylonis
2069 4495 2110 4549 ι)

455 4575 632 4630 usque
661 4562 728 4616 ad
758 4561 1039 4616 Christum
1069 4565 1446 4634 generationes
1485 4583 1593 4621 xrv.
1620 4569 1911 4622 Generatio
1940 4586 2038 4623 au-

456 4661 564 4706 tem
587 4650 789 4707 Christi
814 4653 893 4707 sic
915 4662 1031 4708 erat
1063 4655 1298 4723 (ibid.).i
1330 4655 1510 4712 Prima
1541 4659 1774 4714 hominis
1796 4660 2037 4715 conditio

457 4750 559 4808 est,
585 4744 727 4812 quod
751 4743 923 4799 Adam
959 4747 1024 4802 de
1049 4755 1192 4802 terra
1224 4747 1524 4818 plasmatus
1547 4760 1660 4818 est;
1695 4753 1929 4806 secunda
1955 4761 2038 4808 cst

454 4834 581 4903 quia
613 4835 816 4893 femina
847 4839 913 4894 de
953 4840 1121 4896 latere
1168 4842 1267 4896 viri
1300 4854 1480 4898 creata
1533 4855 1648 4910 est;
1707 4847 1863 4900 tertia
1907 4862 2036 4901 vero

454 4925 600 4996 quod
629 4936 790 4983 natus
818 4938 903 4985 est
931 4931 1116 4999 homo,
1134 4950 1199 4988 ex
1227 4934 1346 4989 viro
1370 4943 1423 4990 et
1454 4934 1676 4991 femina.
1707 4935 1908 4991 Christi
1937 4954 2038 4991 au-

452 5025 564 5068 tem
605 5018 884 5084 generatio
933 5021 1011 5076 sic
1038 5031 1175 5090 erat,
1208 5033 1268 5078 ut
1317 5025 1436 5080 sine
1463 5025 1581 5080 viro
1625 5036 1942 5082 nasceretur
1969 5027 2036 5082 de

452 5101 677 5166 femina,
729 5118 1024 5176 conceptus
1063 5126 1158 5180 per
1208 5113 1388 5182 ipsum
1443 5122 1716 5168 sanctum.
1755 5113 1937 5170 Prima
1962 5116 2036 5170 'et

452 5195 690 5250 secunda
715 5199 993 5266 generatio
1025 5212 1271 5257 ruerunt.
1307 5203 1488 5258 Tertia
1519 5204 1585 5259 de
1616 5205 1778 5268 ruina
1811 5221 2034 5278 genera-w

452 5293 673 5340 verunt.
706 5284 762 5340 In
796 5296 991 5356 quarta
1025 5290 1253 5344 salutem
1301 5293 1648 5356 invenerunt.

527 5395 546 5428 ι
603 5376 740 5432 Cum
795 5388 942 5434 esset
991 5380 1316 5449 desponsata
1357 5395 1532 5438 mater
1568 5383 1695 5440 Jesu
1731 5386 1900 5442 Maria
1942 5387 2034 5443 Jo-

451 5469 604 5540 scph,
643 5489 662 5522 ι
698 5479 752 5526 et
783 5470 1012 5542 reliqua.
1059 5472 1150 5528 Sic
1179 5483 1359 5530 autem
1404 5484 1522 5531 erat
1568 5475 1773 5534 Christi
1809 5493 2011 5551 genera

448 5563 550 5630 tio,
583 5563 751 5620 idest
772 5565 854 5620 sic
877 5565 947 5620 ad
974 5565 1253 5622 Christum
1298 5568 1533 5638 pertinet
1575 5569 1692 5628 haec
1721 5570 2038 5643 genealogia

459 5669 478 5705 ι
507 5649 645 5706 Cum
675 5663 820 5708 esset
856 5655 1202 5726 desponsata.
1239 5675 1256 5709 ι
1309 5655 1404 5714 His
1439 5658 1622 5716 causis
1653 5674 1762 5715 non
1789 5660 1856 5716 de
1896 5659 2033 5715 sim-

449 5741 579 5811 plici
607 5743 834 5815 virgine,
863 5747 952 5803 seJ
989 5747 1054 5804 de
1092 5747 1417 5822 desponsata
1456 5758 1618 5808 natus
1646 5759 1730 5808 est
1754 5751 2004 5810 Christus

2152 1915 2340 1975 partus
2388 1905 2460 1961 sit
2507 1905 2860 1972 feminarum,
2905 1920 2974 1960 ne
3004 1905 3203 1962 Herodi
3227 1917 3286 1963 et
3337 1906 3540 1964 Judaeis
3572 1925 3755 1964 excu-

2153 1998 2307 2052 sandi
2332 1997 2666 2067 praeberetur
2694 1997 2934 2064 occasio,
2961 1998 3106 2067 quod
3144 2009 3332 2054 natum
3373 2014 3440 2054 ex
3473 2000 3754 2056 adulterio

2152 2100 2632 2160 persequerentur,
2660 2099 2721 2145 ut
2751 2089 3004 2145 ﬁdelibus
3045 2091 3351 2162 conjugatis
3369 2108 3434 2146 cx
3459 2092 3579 2162 pari
3607 2109 3752 2147 con-

2152 2194 2316 2235 sensu
2346 2179 2677 2236 continentia
2726 2179 3121 2246 insinuaretur,
3171 2190 3231 2235 ut
3280 2182 3386 2236 nisi
3416 2183 3753 2252 praevarica-

2152 2269 2287 2324 tioni
2341 2280 2489 2326 esset
2553 2272 2826 2338 obnoxia,
2877 2273 3112 2341 qualiter
3162 2273 3404 2328 humana
3455 2277 3754 2345 progenies

2152 2363 2499 2431 multiplicari
2515 2364 2635 2418 siue
2662 2363 2987 2434 virginitatis
3015 2364 3344 2420 detrimento
3368 2367 3637 2436 potuisset
3651 2368 3752 2420 de-

2151 2463 2570 2510 monstraretur.
2611 2453 3042 2525 tDespousata,i
3077 2456 3241 2524 idfest
3270 2458 3514 2512 nondum
3549 2469 3748 2528 nupta.

2157 2563 2175 2596 ι
2215 2545 2384 2601 Mater
2411 2547 2548 2615 ejus.
2588 2565 2607 2598 ι
2652 2545 2824 2601 Mater
2852 2546 2993 2616 ejus,
3043 2547 3244 2618 inquit,
3289 2563 3404 2602 non
3464 2564 3606 2603 uxor
3650 2547 3753 2603 Jo-

2152 2637 2305 2707 seph.
2337 2657 2356 2690 ‹
2408 2638 2577 2694 Maria
2625 2638 2848 2709 Joseph.
2890 2659 2909 2692 ι
2964 2639 3022 2694 In
3083 2640 3200 2710 ipsa
3234 2639 3403 2710 jauua
3451 2640 3748 2695 amborum

2151 2738 2430 2797 ponuntur
2457 2733 2702 2797 nomina,
2724 2747 2848 2801 qua:
2871 2730 2999 2787 facti
3030 2741 3362 2804 congruunt.
3384 2752 3404 2783 ε
3432 2734 3748 2803 Antequam

2151 2822 2522 2878 convenirent.
2561 2847 2580 2875 ι
2612 2823 2932 2878 Proximum
2959 2826 3275 2895 nuptiarum
3299 2833 3514 2895 tempus
3551 2836 3746 2881 osten-

2150 2911 2250 2976 dit,
2299 2929 2408 2966 non
2446 2915 2589 2982 quod
2645 2925 2966 2985 sequeretur
3011 2925 3070 2970 ut
3125 2925 3310 2986 postea
3362 2916 3744 2982 convenirent,

2151 3001 2293 3056 sicut
2322 3001 2452 3055 dicit
2485 3002 2753 3058 Elvidius.
2794 3024 2812 3056 ι
2850 3004 3071 3059 Inventa
3120 3015 3204 3060 est
3254 3023 3273 3056 ι
3321 3020 3351 3058 a
3402 3005 3556 3058 nullo
3605 3007 3742 3072 alio,

2155 3091 2258 3146 nisi
2305 3108 2336 3145 a
2379 3091 2598 3162 Joseph,
2633 3095 2725 3163 qui
2762 3095 3000 3150 maritali
3053 3096 3270 3151 licentia
3324 3095 3520 3151 futura:
3549 3099 3745 3152 uxoris

2153 3183 2335 3238 omnia
2394 3193 2638 3240 noverat.
2695 3187 2785 3240 Sic
2837 3186 3108 3244 Mattheus
3155 3189 3503 3258 przctermisit
3539 3191 3738 3254 multa,

2144 3291 2268 3348 quae
2318 3275 2493 3332 Lucas
2538 3279 2800 3346 narravit,
2831 3279 3020 3334 dicens
3061 3299 3073 3334 :
3111 3298 3129 3331 ‹
3184 3281 3242 3332 ln
3291 3295 3500 3345 mense,
3533 3281 3738 3351 inquit,

2145 3375 2302 3422 sexto
2331 3367 2533 3422 missus
2568 3377 2653 3423 est
2693 3371 2919 3440 angelus
2948 3370 3164 3424 Gabriel
3213 3386 3243 3424 a
3305 3369 3416 3424 Deo
3451 3373 3506 3426 iu
3538 3373 3736 3427 civita-

2145 3470 2251 3512 tem
2284 3456 2520 3514 Galilazie
2553 3459 2641 3513 cui
2670 3475 2866 3514 nomen
2909 3458 3202 3525 Nazareth,
3245 3459 3311 3514 ad
3340 3461 3608 3532 virginem
3639 3463 3736 3517 de-

2143 3561 2458 3619 sponsatam
2488 3551 2627 3618 viro,
2653 3552 2742 3607 cui
2792 3566 2990 3605 nomen
3034 3561 3154 3606 erat
3202 3551 3430 3623 Joseph,
3457 3555 3529 3608 de
3568 3555 3737 3612 domo

2143 3639 2332 3697 David.
2368 3642 2434 3697 Et
2465 3657 2664 3698 nomen
2711 3641 2940 3712 virginis
2975 3641 3165 3698 Maria.
3197 3641 3263 3698 Et
3305 3644 3591 3710 ingressus
3633 3662 3737 3700 au-

2141 3733 2293 3804 gelus
2333 3734 2402 3789 ad
2449 3749 2572 3790 eam
2623 3733 2762 3787 dixit
2804 3752 2817 3787 :
2867 3733 3003 3800 Ave,
3042 3735 3216 3804 gratia
3251 3735 3431 3804 plena,
3467 3735 3736 3794 Dominus

2143 3835 2344 3892 tecum,
2374 3846 2392 3878 ›
2436 3836 2542 3882 etc.
2576 3824 2730 3898 (Luc.
2773 3825 2839 3896 ιε)
2866 3824 3136 3881 Nimirum
3167 3828 3312 3881 enim
3348 3844 3524 3898 usque
3569 3832 3635 3884 ad
3677 3833 3734 3887 id

2139 3915 2507 3987 genealogiam
2556 3917 2782 3973 deduxit
2830 3923 2889 3969 ut
2935 3917 3139 3971 diceret
3166 3915 3365 3987 Joseph
3406 3919 3586 3975 virum
3615 3921 3733 3975 Ma-

2138 4007 2252 4072 riae,
2295 4009 2362 4062 de
2403 4025 2512 4078 qua
2542 4020 2701 4065 natus
2727 4014 2812 4066 est
2841 4005 3026 4075 Jesus,
3061 4009 3156 4078 qui
3198 4019 3428 4064 vocatur
3453 4009 3728 4068 Christus.

2139 4099 2206 4155 Et
2248 4102 2368 4156 ideo
2409 4109 2728 4172 conceptum
2757 4101 2876 4172 ejus
2911 4115 3075 4172 quem
3121 4103 3733 4171 transcenderagLuem

2139 4194 2469 4248 narrandum
2520 4195 2758 4263 reliquit.
2792 4213 2811 4245 ι
2849 4192 2908 4248 1η
2956 4204 3136 4249 utero.
3180 4209 3198 4242 ι
3233 4189 3352 4246 Non
3401 4193 3456 4246 in
3513 4204 3728 4248 uterum

2137 4282 2431 4351 accipiens,
2461 4283 2513 4336 id
2542 4291 2627 4338 est
2652 4299 2762 4336 non
2791 4282 3012 4338 aliunde
3035 4288 3345 4353 meatum),
3377 4281 3471 4337 sed
3499 4282 3729 4338 interius

2139 4373 2384 4429 veniente
2408 4373 2612 4444 Spiritu
2645 4382 2835 4428 sancto
2863 4375 3130 4442 habitum,
3157 4372 3376 4439 utiitud
3410 4392 3424 4429 :
3453 4393 3472 4426 ι
3501 4373 3728 4432 Femina

2139 4465 2684 4520 circumdabitvirum
2701 4464 2834 4535 (Jer.
2857 4468 2961 4537 In).
2976 4485 2994 4518 ι
3013 4497 3082 4509 -—-
3097 4487 3115 4519 (
3147 4466 3224 4523 De
3252 4467 3462 4541 Spiritu
3477 4481 3687 4523 sancto.
3703 4489 3723 4519 ι

2138 4556 2412 4623 Quaeritur
2437 4558 2482 4613 si
2507 4558 2724 4612 inventa
2751 4575 2782 4613 a
2811 4556 3011 4627 Joseph
3042 4558 3249 4616 habens
3286 4561 3353 4616 de
3379 4561 3576 4631 spiritu
3599 4574 3730 4612 san.

2137 4660 2247 4713 cto,
2273 4667 2372 4706 cur
2396 4651 2669 4705 dimittere
2698 4666 2817 4706 eam
2849 4650 3038 4705 voluit.
3066 4651 3215 4718 ideo,
3243 4653 3372 4722 quia
3414 4669 3515 4710 nec
3550 4661 3728 4712 totum

2138 4743 2316 4808 scivit,
2370 4759 2470 4798 nec
2512 4752 2688 4798 totum
2733 4743 3021 4815 ignoravit.
3055 4741 3294 4800 Noverat
3333 4745 3388 4800 in
3428 4754 3584 4801 utero
3619 4747 3722 4800 ha-

2136 4833 2372 4899 bentem,
2403 4849 2510 4888 non
2542 4834 2608 4890 de
2650 4835 2850 4889 carnali
2883 4833 3198 4900 concubitu,
3228 4836 3324 4891 sed
3353 4837 3421 4892 de
3451 4837 3724 4907 spirituall

2136 4925 2354 4979 virtute.
2382 4924 2457 4978 Dc
2479 4941 2590 4996 quo
2629 4941 2756 4981 vero
2784 4925 3094 4995 conceperit
3120 4925 3409 4997 ignorabat
3443 4928 3627 5000 :quod
3666 4929 3724 4984 ei

2137 5018 2381 5086 aperitur
2413 5018 2572 5088 quasi
2615 5017 2900 5086 nescienti,
2927 5017 3058 5070 dum
3089 5015 3370 5074 inducitur
3399 5019 3468 5075 de
3504 5028 3716 5076 sancto.

2136 5106 2202 5162 Et
2227 5108 2457 5178 reliqua.

2207 5199 2335 5254 item
2383 5199 2646 5269 quaeritur
2694 5217 2792 5255 cur
2847 5201 3134 5258 Matthzeus
3179 5203 3518 5274 anticipavit,
3571 5204 3720 5273 quod

2135 5304 2264 5350 mox
2311 5291 2542 5360 angelus.
2566 5301 2684 5345 erat
2711 5291 2981 5348 dicturus.
3016 5291 3131 5348 Hoc
3173 5295 3432 5349 nimirum
3468 5293 3595 5349 fecit
3618 5309 3718 5364 pro

2135 5381 2400 5451 spirituali
2425 5381 2656 5449 fervore,
2684 5391 2739 5437 et
2773 5399 2842 5438 ne
2872 5383 3092 5442 lectoris
3121 5385 3339 5442 animus
3365 5385 3720 5456 paucissimis

2133 5471 2260 5528 licet
2284 5473 2441 5529 lineis
2462 5473 2749 5539 dubitaret,
2781 5481 2836 5528 et
2863 5487 2921 5530 ut
2953 5476 3006 5530 in
3039 5491 3136 5530 ore
3175 5477 3408 5532 duorum
3437 5477 3520 5532 vel
3550 5477 3714 5532 trium

2137 5565 2352 5621 testium
2379 5574 2484 5622 stet
2512 5581 2673 5621 omne
2697 5566 2921 5622 verbum
2955 5567 3134 5637 (Deut.
3163 5569 3374 5639 xvnt).¢
3407 5567 3608 5641 Ioseph
3632 5568 3716 5624 vir

2134 5656 2273 5727 ejus.
2314 5675 2332 5708 θ
2368 5657 2424 5712 ln
2469 5656 2750 5728 Scriptura
2800 5673 3014 5727 sponsa:
3046 5676 3267 5724 uxores,
3299 5671 3351 5716 et
3397 5659 3584 5730 sponsi
3611 5657 3715 5714 vin

2137 5751 2220 5808 vel
2270 5751 2450 5807 mariti
2502 5752 2776 5814 dicuntur.
2836 5771 2860 5806 ι
2891 5752 3026 5809 Cum
3079 5764 3222 5810 esset
3259 5755 3472 5830 justus.
3517 5773 3536 5808 ι
3575 5751 3718 5812 Cum
