  <div class='ocr_page' id='page_1' title='image "/cluster/home/n/w/nwhite01/storage/ocr_20150623/157/hvd.32044010248185/390.png"; bbox 0 0 4032 6396; ppageno 0'>
   <div class='ocr_carea' id='block_1_1' title="bbox 263 337 370 396">
    <p class='ocr_par' dir='ltr' id='par_1_1' title="bbox 263 337 370 396">
     <span class='ocr_line' id='line_1_1' title="bbox 263 337 370 396; baseline 0.019 -2"><span class='ocrx_word' id='word_1_1' title='bbox 263 337 370 396; x_wconf 64' lang='grc' dir='ltr'><strong>τις</strong></span> 
     </span>
    </p>
   </div>
   <div class='ocr_carea' id='block_1_2' title="bbox 1245 340 2619 404">
    <p class='ocr_par' dir='ltr' id='par_1_2' title="bbox 1245 340 2619 404">
     <span class='ocr_line' id='line_1_2' title="bbox 1245 340 2619 404; baseline 0.004 -8"><span class='ocrx_word' id='word_1_2' title='bbox 1245 340 1818 401; x_wconf 61' lang='grc' dir='ltr'><strong>οεηοιιΑτιοκΕε</strong></span> <span class='ocrx_word' id='word_1_3' title='bbox 1854 343 1954 400; x_wconf 89' lang='lat' dir='ltr'>SS.</span> <span class='ocrx_word' id='word_1_4' title='bbox 1995 343 2382 402; x_wconf 74' lang='lat' dir='ltr'><strong>PATRUM.—</strong></span> <span class='ocrx_word' id='word_1_5' title='bbox 2417 344 2543 404; x_wconf 83' lang='lat' dir='ltr'><strong>LIB.</strong></span> <span class='ocrx_word' id='word_1_6' title='bbox 2578 345 2619 402; x_wconf 88' lang='grc' dir='ltr'><strong>Ι.</strong></span> 
     </span>
    </p>
   </div>
   <div class='ocr_carea' id='block_1_3' title="bbox 3447 355 3548 412">
    <p class='ocr_par' dir='ltr' id='par_1_3' title="bbox 3447 355 3548 412">
     <span class='ocr_line' id='line_1_3' title="bbox 3447 355 3548 412; baseline 0.05 -5"><span class='ocrx_word' id='word_1_7' title='bbox 3447 355 3548 412; x_wconf 75' lang='grc' dir='ltr'><strong><em>ΤΝ</em></strong></span> 
     </span>
    </p>
   </div>
   <div class='ocr_carea' id='block_1_4' title="bbox 257 455 3553 540">
    <p class='ocr_par' dir='ltr' id='par_1_4' title="bbox 257 455 3553 540">
     <span class='ocr_line' id='line_1_4' title="bbox 257 455 3553 540; baseline 0.005 -27"><span class='ocrx_word' id='word_1_8' title='bbox 257 455 470 516; x_wconf 82' lang='lat' dir='ltr'><strong>conscii</strong></span> <span class='ocrx_word' id='word_1_9' title='bbox 507 457 802 512; x_wconf 83' lang='lat' dir='ltr'><strong>criminum</strong></span> <span class='ocrx_word' id='word_1_10' title='bbox 853 457 1080 514; x_wconf 76' lang='lat' dir='ltr'><strong>obnoxii</strong></span> <span class='ocrx_word' id='word_1_11' title='bbox 1130 457 1241 515; x_wconf 87' lang='lat' dir='ltr'><strong>sint</strong></span> <span class='ocrx_word' id='word_1_12' title='bbox 1293 469 1520 530; x_wconf 90' lang='lat' dir='ltr'><strong>peccato</strong></span> <span class='ocrx_word' id='word_1_13' title='bbox 1576 460 1751 532; x_wconf 80' lang='lat' dir='ltr'><strong>(Rom.</strong></span> <span class='ocrx_word' id='word_1_14' title='bbox 1792 462 1855 528; x_wconf 84' lang='grc' dir='ltr'>ι),</span> <span class='ocrx_word' id='word_1_15' title='bbox 1886 466 1932 522; x_wconf 77' lang='grc' dir='ltr'>Α</span> <span class='ocrx_word' id='word_1_16' title='bbox 1960 477 2263 518; x_wconf 77' lang='lat' dir='ltr'><strong>cessuram.</strong></span> <span class='ocrx_word' id='word_1_17' title='bbox 2289 463 2598 535; x_wconf 83' lang='lat' dir='ltr'><strong>Aliquando</strong></span> <span class='ocrx_word' id='word_1_18' title='bbox 2625 465 2954 540; x_wconf 87' lang='lat' dir='ltr'><strong>imaginibus</strong></span> <span class='ocrx_word' id='word_1_19' title='bbox 2976 469 3156 525; x_wconf 83' lang='lat' dir='ltr'><strong>cordis</strong></span> <span class='ocrx_word' id='word_1_20' title='bbox 3177 470 3352 527; x_wconf 88' lang='lat' dir='ltr'><strong>oculis</strong></span> <span class='ocrx_word' id='word_1_21' title='bbox 3371 481 3553 530; x_wconf 86' lang='lat' dir='ltr'><strong>osten-</strong></span> 
     </span>
    </p>
   </div>
   <div class='ocr_carea' id='block_1_5' title="bbox 258 547 3546 634">
    <p class='ocr_par' dir='ltr' id='par_1_5' title="bbox 258 547 3546 634">
     <span class='ocr_line' id='line_1_5' title="bbox 258 547 3546 634; baseline 0.004 -27"><span class='ocrx_word' id='word_1_22' title='bbox 258 567 360 607; x_wconf 84' lang='lat' dir='ltr'><strong>cur</strong></span> <span class='ocrx_word' id='word_1_23' title='bbox 408 547 633 618; x_wconf 70' lang='lat' dir='ltr'><strong>Ioseph,</strong></span> <span class='ocrx_word' id='word_1_24' title='bbox 685 563 810 604; x_wconf 91' lang='lat' dir='ltr'><strong>cum</strong></span> <span class='ocrx_word' id='word_1_25' title='bbox 856 550 1088 606; x_wconf 83' lang='lat' dir='ltr'><strong>crimine</strong></span> <span class='ocrx_word' id='word_1_26' title='bbox 1143 551 1302 618; x_wconf 85' lang='lat' dir='ltr'><strong>zelet,</strong></span> <span class='ocrx_word' id='word_1_27' title='bbox 1355 552 1542 623; x_wconf 91' lang='lat' dir='ltr'><strong>justus</strong></span> <span class='ocrx_word' id='word_1_28' title='bbox 1593 553 1856 608; x_wconf 82' lang='lat' dir='ltr'><strong>vocatur?</strong></span> <span class='ocrx_word' id='word_1_29' title='bbox 1931 552 2059 616; x_wconf 70' lang='lat' dir='ltr'><strong>.sis,</strong></span> <span class='ocrx_word' id='word_1_30' title='bbox 2117 553 2262 609; x_wconf 90' lang='lat' dir='ltr'><strong>sicut</strong></span> <span class='ocrx_word' id='word_1_31' title='bbox 2317 553 2488 610; x_wconf 86' lang='lat' dir='ltr'><strong>Jacob</strong></span> <span class='ocrx_word' id='word_1_32' title='bbox 2541 555 2838 614; x_wconf 85' lang='lat' dir='ltr'><strong>demissam</strong></span> <span class='ocrx_word' id='word_1_33' title='bbox 2889 573 2921 613; x_wconf 91' lang='lat' dir='ltr'><strong>e</strong></span> <span class='ocrx_word' id='word_1_34' title='bbox 2963 560 3103 615; x_wconf 76' lang='lat' dir='ltr'><strong>coelo</strong></span> <span class='ocrx_word' id='word_1_35' title='bbox 3146 563 3348 618; x_wconf 88' lang='lat' dir='ltr'><strong>scalam</strong></span> <span class='ocrx_word' id='word_1_36' title='bbox 3393 564 3546 634; x_wconf 80' lang='lat' dir='ltr'><strong>(Cen.</strong></span> 
     </span>
    </p>
   </div>
   <div class='ocr_carea' id='block_1_6' title="bbox 258 640 1852 712">
    <p class='ocr_par' dir='ltr' id='par_1_6' title="bbox 258 640 1852 712">
     <span class='ocr_line' id='line_1_6' title="bbox 258 640 1852 712; baseline 0.003 -16"><span class='ocrx_word' id='word_1_37' title='bbox 258 641 424 708; x_wconf 83' lang='lat' dir='ltr'><strong>ideo,</strong></span> <span class='ocrx_word' id='word_1_38' title='bbox 478 649 540 696; x_wconf 91' lang='lat' dir='ltr'><strong>ut</strong></span> <span class='ocrx_word' id='word_1_39' title='bbox 591 640 843 696; x_wconf 86' lang='lat' dir='ltr'><strong>idoneum</strong></span> <span class='ocrx_word' id='word_1_40' title='bbox 897 641 1020 712; x_wconf 90' lang='lat' dir='ltr'><strong>ejus</strong></span> <span class='ocrx_word' id='word_1_41' title='bbox 1075 643 1452 698; x_wconf 87' lang='lat' dir='ltr'><strong>testimonium</strong></span> <span class='ocrx_word' id='word_1_42' title='bbox 1488 645 1852 700; x_wconf 89' lang='lat' dir='ltr'><strong>commendet.</strong></span> 
     </span>
    </p>
   </div>
   <div class='ocr_carea' id='block_1_7' title="bbox 259 732 1855 804">
    <p class='ocr_par' dir='ltr' id='par_1_7' title="bbox 259 732 1855 804">
     <span class='ocr_line' id='line_1_7' title="bbox 259 732 1855 804; baseline 0.003 -17"><span class='ocrx_word' id='word_1_43' title='bbox 259 733 392 789; x_wconf 88' lang='lat' dir='ltr'><strong>lude</strong></span> <span class='ocrx_word' id='word_1_44' title='bbox 445 732 720 804; x_wconf 80' lang='lat' dir='ltr'><strong>plerisque</strong></span> <span class='ocrx_word' id='word_1_45' title='bbox 762 734 1112 804; x_wconf 75' lang='lat' dir='ltr'><strong>exemplariis</strong></span> <span class='ocrx_word' id='word_1_46' title='bbox 1145 735 1366 790; x_wconf 78' lang='lat' dir='ltr'><strong>additur</strong></span> <span class='ocrx_word' id='word_1_47' title='bbox 1404 754 1417 790; x_wconf 91' lang='lat'>:</span> <span class='ocrx_word' id='word_1_48' title='bbox 1456 754 1476 786; x_wconf 80' lang='grc' dir='ltr'><strong>ι</strong></span> <span class='ocrx_word' id='word_1_49' title='bbox 1505 735 1644 789; x_wconf 82' lang='lat' dir='ltr'><strong>Cum</strong></span> <span class='ocrx_word' id='word_1_50' title='bbox 1690 736 1855 792; x_wconf 91' lang='lat' dir='ltr'><strong>homo</strong></span> 
     </span>
    </p>
   </div>
   <div class='ocr_carea' id='block_1_8' title="bbox 256 823 1852 894">
    <p class='ocr_par' dir='ltr' id='par_1_8' title="bbox 256 823 1852 894">
     <span class='ocr_line' id='line_1_8' title="bbox 256 823 1852 894; baseline 0.001 -14"><span class='ocrx_word' id='word_1_51' title='bbox 256 833 405 880; x_wconf 87' lang='lat' dir='ltr'><strong>esset</strong></span> <span class='ocrx_word' id='word_1_52' title='bbox 447 823 656 894; x_wconf 88' lang='lat' dir='ltr'><strong>justus,</strong></span> <span class='ocrx_word' id='word_1_53' title='bbox 711 842 730 875; x_wconf 78' lang='grc' dir='ltr'><strong>ι</strong></span> <span class='ocrx_word' id='word_1_54' title='bbox 787 832 847 878; x_wconf 91' lang='lat' dir='ltr'><strong>ut</strong></span> <span class='ocrx_word' id='word_1_55' title='bbox 901 823 1155 879; x_wconf 90' lang='lat' dir='ltr'><strong>ostendat</strong></span> <span class='ocrx_word' id='word_1_56' title='bbox 1203 825 1506 882; x_wconf 91' lang='lat' dir='ltr'><strong>secundum</strong></span> <span class='ocrx_word' id='word_1_57' title='bbox 1554 826 1852 882; x_wconf 86' lang='lat' dir='ltr'><strong>humanam</strong></span> 
     </span>
    </p>
   </div>
   <div class='ocr_carea' id='block_1_9' title="bbox 255 911 1856 986">
    <p class='ocr_par' dir='ltr' id='par_1_9' title="bbox 255 911 1856 986">
     <span class='ocr_line' id='line_1_9' title="bbox 255 911 1856 986; baseline 0.004 -20"><span class='ocrx_word' id='word_1_58' title='bbox 255 913 529 982; x_wconf 83' lang='lat' dir='ltr'><strong>justitiam</strong></span> <span class='ocrx_word' id='word_1_59' title='bbox 565 911 765 982; x_wconf 81' lang='lat' dir='ltr'><strong>Joscph</strong></span> <span class='ocrx_word' id='word_1_60' title='bbox 808 913 1020 983; x_wconf 89' lang='lat' dir='ltr'><strong>justum</strong></span> <span class='ocrx_word' id='word_1_61' title='bbox 1059 912 1254 982; x_wconf 83' lang='lat' dir='ltr'><strong>fuisse,</strong></span> <span class='ocrx_word' id='word_1_62' title='bbox 1281 915 1411 986; x_wconf 85' lang='lat' dir='ltr'><strong>quia</strong></span> <span class='ocrx_word' id='word_1_63' title='bbox 1443 917 1856 986; x_wconf 89' lang='lat' dir='ltr'><strong>comparatione</strong></span> 
     </span>
    </p>
   </div>
   <div class='ocr_carea' id='block_1_10' title="bbox 254 1003 1856 1074">
    <p class='ocr_par' dir='ltr' id='par_1_10' title="bbox 254 1003 1856 1074">
     <span class='ocr_line' id='line_1_10' title="bbox 254 1003 1856 1074; baseline 0.002 -15"><span class='ocrx_word' id='word_1_64' title='bbox 254 1004 482 1073; x_wconf 64' lang='lat' dir='ltr'><strong>iustitia:</strong></span> <span class='ocrx_word' id='word_1_65' title='bbox 517 1003 611 1058; x_wconf 91' lang='lat' dir='ltr'><strong>Dei</strong></span> <span class='ocrx_word' id='word_1_66' title='bbox 659 1019 757 1074; x_wconf 91' lang='lat' dir='ltr'><strong>pro</strong></span> <span class='ocrx_word' id='word_1_67' title='bbox 811 1005 984 1060; x_wconf 90' lang='lat' dir='ltr'><strong>nihilo</strong></span> <span class='ocrx_word' id='word_1_68' title='bbox 1025 1005 1262 1061; x_wconf 89' lang='lat' dir='ltr'><strong>ducitur.</strong></span> <span class='ocrx_word' id='word_1_69' title='bbox 1310 1005 1377 1060; x_wconf 77' lang='lat' dir='ltr'><strong>Et</strong></span> <span class='ocrx_word' id='word_1_70' title='bbox 1405 1005 1528 1062; x_wconf 92' lang='lat' dir='ltr'><strong>ideo</strong></span> <span class='ocrx_word' id='word_1_71' title='bbox 1573 1017 1721 1063; x_wconf 86' lang='lat' dir='ltr'><strong>recte</strong></span> <span class='ocrx_word' id='word_1_72' title='bbox 1767 1023 1856 1064; x_wconf 92' lang='lat' dir='ltr'><strong>se-</strong></span> 
     </span>
    </p>
   </div>
   <div class='ocr_carea' id='block_1_11' title="bbox 258 1092 1854 1166">
    <p class='ocr_par' dir='ltr' id='par_1_11' title="bbox 258 1092 1854 1166">
     <span class='ocr_line' id='line_1_11' title="bbox 258 1092 1854 1166; baseline 0.004 -18"><span class='ocrx_word' id='word_1_73' title='bbox 258 1095 449 1166; x_wconf 85' lang='lat' dir='ltr'><strong>quitur</strong></span> <span class='ocrx_word' id='word_1_74' title='bbox 479 1113 492 1148; x_wconf 89' lang='lat'><strong>:</strong></span> <span class='ocrx_word' id='word_1_75' title='bbox 525 1112 545 1145; x_wconf 74' lang='grc' dir='ltr'><strong>ι</strong></span> <span class='ocrx_word' id='word_1_76' title='bbox 583 1092 762 1149; x_wconf 91' lang='lat' dir='ltr'><strong>Nollet</strong></span> <span class='ocrx_word' id='word_1_77' title='bbox 807 1111 951 1150; x_wconf 90' lang='lat' dir='ltr'><strong>eam.</strong></span> <span class='ocrx_word' id='word_1_78' title='bbox 990 1114 1010 1148; x_wconf 77' lang='grc' dir='ltr'><strong>ι</strong></span> <span class='ocrx_word' id='word_1_79' title='bbox 1037 1093 1155 1150; x_wconf 89' lang='lat' dir='ltr'><strong>Non</strong></span> <span class='ocrx_word' id='word_1_80' title='bbox 1192 1097 1370 1150; x_wconf 92' lang='lat' dir='ltr'><strong>solum</strong></span> <span class='ocrx_word' id='word_1_81' title='bbox 1406 1097 1565 1164; x_wconf 88' lang='lat' dir='ltr'><strong>celat,</strong></span> <span class='ocrx_word' id='word_1_82' title='bbox 1616 1099 1708 1154; x_wconf 91' lang='lat' dir='ltr'><strong>sed</strong></span> <span class='ocrx_word' id='word_1_83' title='bbox 1753 1115 1854 1155; x_wconf 89' lang='lat' dir='ltr'><strong>nec</strong></span> 
     </span>
    </p>
   </div>
   <div class='ocr_carea' id='block_1_12' title="bbox 259 1184 1852 1257">
    <p class='ocr_par' dir='ltr' id='par_1_12' title="bbox 259 1184 1852 1257">
     <span class='ocr_line' id='line_1_12' title="bbox 259 1184 1852 1257; baseline 0.004 -18"><span class='ocrx_word' id='word_1_84' title='bbox 259 1184 426 1240; x_wconf 84' lang='lat' dir='ltr'><strong>audet</strong></span> <span class='ocrx_word' id='word_1_85' title='bbox 451 1185 770 1256; x_wconf 90' lang='lat' dir='ltr'><strong>contingere</strong></span> <span class='ocrx_word' id='word_1_86' title='bbox 799 1185 1058 1255; x_wconf 83' lang='lat' dir='ltr'><strong>templum</strong></span> <span class='ocrx_word' id='word_1_87' title='bbox 1088 1184 1361 1242; x_wconf 89' lang='lat' dir='ltr'><strong>Dominici</strong></span> <span class='ocrx_word' id='word_1_88' title='bbox 1389 1188 1656 1257; x_wconf 63' lang='lat' dir='ltr'><strong>corporis.</strong></span> <span class='ocrx_word' id='word_1_89' title='bbox 1686 1187 1852 1245; x_wconf 83' lang='lat' dir='ltr'><strong>Recte</strong></span> 
     </span>
    </p>
   </div>
   <div class='ocr_carea' id='block_1_13' title="bbox 253 1276 1851 1350">
    <p class='ocr_par' dir='ltr' id='par_1_13' title="bbox 253 1276 1851 1350">
     <span class='ocr_line' id='line_1_13' title="bbox 253 1276 1851 1350; baseline 0.003 -18"><span class='ocrx_word' id='word_1_90' title='bbox 253 1276 459 1346; x_wconf 84' lang='lat' dir='ltr'><strong>justus,</strong></span> <span class='ocrx_word' id='word_1_91' title='bbox 499 1276 726 1346; x_wconf 64' lang='lat' dir='ltr'><strong>justitite</strong></span> <span class='ocrx_word' id='word_1_92' title='bbox 759 1278 1020 1348; x_wconf 89' lang='lat' dir='ltr'><strong>templum</strong></span> <span class='ocrx_word' id='word_1_93' title='bbox 1057 1294 1166 1332; x_wconf 92' lang='lat' dir='ltr'><strong>non</strong></span> <span class='ocrx_word' id='word_1_94' title='bbox 1219 1279 1544 1350; x_wconf 86' lang='lat' dir='ltr'><strong>corrumpit.</strong></span> <span class='ocrx_word' id='word_1_95' title='bbox 1579 1299 1598 1332; x_wconf 79' lang='grc' dir='ltr'><strong>ι</strong></span> <span class='ocrx_word' id='word_1_96' title='bbox 1631 1278 1851 1337; x_wconf 86' lang='lat' dir='ltr'><strong>Tradu-</strong></span> 
     </span>
    </p>
   </div>
   <div class='ocr_carea' id='block_1_14' title="bbox 257 1367 1847 1444">
    <p class='ocr_par' dir='ltr' id='par_1_14' title="bbox 257 1367 1847 1444">
     <span class='ocr_line' id='line_1_14' title="bbox 257 1367 1847 1444; baseline 0.003 -20"><span class='ocrx_word' id='word_1_97' title='bbox 257 1384 402 1425; x_wconf 89' lang='lat' dir='ltr'><strong>ccre.</strong></span> <span class='ocrx_word' id='word_1_98' title='bbox 441 1386 462 1421; x_wconf 75' lang='grc' dir='ltr'><strong>ι</strong></span> <span class='ocrx_word' id='word_1_99' title='bbox 491 1367 572 1422; x_wconf 84' lang='lat' dir='ltr'><strong>Ac</strong></span> <span class='ocrx_word' id='word_1_100' title='bbox 597 1368 643 1424; x_wconf 91' lang='lat' dir='ltr'><strong>si</strong></span> <span class='ocrx_word' id='word_1_101' title='bbox 669 1369 875 1424; x_wconf 87' lang='lat' dir='ltr'><strong>diceret</strong></span> <span class='ocrx_word' id='word_1_102' title='bbox 899 1389 911 1423; x_wconf 88' lang='lat'><strong>:</strong></span> <span class='ocrx_word' id='word_1_103' title='bbox 938 1368 1115 1426; x_wconf 91' lang='lat' dir='ltr'><strong>Nollet</strong></span> <span class='ocrx_word' id='word_1_104' title='bbox 1135 1370 1339 1427; x_wconf 91' lang='lat' dir='ltr'><strong>ducere</strong></span> <span class='ocrx_word' id='word_1_105' title='bbox 1367 1387 1652 1442; x_wconf 88' lang='lat' dir='ltr'><strong>sponsam,</strong></span> <span class='ocrx_word' id='word_1_106' title='bbox 1681 1389 1847 1444; x_wconf 90' lang='lat' dir='ltr'><strong>quam</strong></span> 
     </span>
    </p>
   </div>
   <div class='ocr_carea' id='block_1_15' title="bbox 257 1460 1850 1531">
    <p class='ocr_par' dir='ltr' id='par_1_15' title="bbox 257 1460 1850 1531">
     <span class='ocr_line' id='line_1_15' title="bbox 257 1460 1850 1531; baseline 0.002 -15"><span class='ocrx_word' id='word_1_107' title='bbox 257 1460 570 1531; x_wconf 77' lang='lat' dir='ltr'><strong>suspicatus</strong></span> <span class='ocrx_word' id='word_1_108' title='bbox 612 1468 698 1515; x_wconf 89' lang='lat' dir='ltr'><strong>est</strong></span> <span class='ocrx_word' id='word_1_109' title='bbox 739 1475 861 1516; x_wconf 89' lang='lat' dir='ltr'><strong>esse</strong></span> <span class='ocrx_word' id='word_1_110' title='bbox 893 1461 1221 1528; x_wconf 86' lang='lat' dir='ltr'><strong>adulteram,</strong></span> <span class='ocrx_word' id='word_1_111' title='bbox 1267 1474 1330 1518; x_wconf 85' lang='lat' dir='ltr'><strong>ut</strong></span> <span class='ocrx_word' id='word_1_112' title='bbox 1363 1463 1478 1527; x_wconf 90' lang='lat' dir='ltr'><strong>alii,</strong></span> <span class='ocrx_word' id='word_1_113' title='bbox 1513 1463 1627 1518; x_wconf 88' lang='lat' dir='ltr'><strong>sive</strong></span> <span class='ocrx_word' id='word_1_114' title='bbox 1661 1465 1850 1519; x_wconf 89' lang='lat' dir='ltr'><strong>tradu-</strong></span> 
     </span>
    </p>
   </div>
   <div class='ocr_carea' id='block_1_16' title="bbox 257 1549 1850 1621">
    <p class='ocr_par' dir='ltr' id='par_1_16' title="bbox 257 1549 1850 1621">
     <span class='ocr_line' id='line_1_16' title="bbox 257 1549 1850 1621; baseline 0.004 -17"><span class='ocrx_word' id='word_1_115' title='bbox 257 1563 381 1604; x_wconf 90' lang='lat' dir='ltr'><strong>cere</strong></span> <span class='ocrx_word' id='word_1_116' title='bbox 427 1549 495 1604; x_wconf 88' lang='lat' dir='ltr'><strong>ad</strong></span> <span class='ocrx_word' id='word_1_117' title='bbox 528 1565 747 1620; x_wconf 74' lang='lat' dir='ltr'><strong>pmnam</strong></span> <span class='ocrx_word' id='word_1_118' title='bbox 789 1567 954 1621; x_wconf 88' lang='lat' dir='ltr'><strong>quam</strong></span> <span class='ocrx_word' id='word_1_119' title='bbox 991 1553 1202 1608; x_wconf 85' lang='lat' dir='ltr'><strong>sciebat</strong></span> <span class='ocrx_word' id='word_1_120' title='bbox 1225 1568 1334 1608; x_wconf 92' lang='lat' dir='ltr'><strong>non</strong></span> <span class='ocrx_word' id='word_1_121' title='bbox 1366 1553 1434 1608; x_wconf 91' lang='lat' dir='ltr'><strong>ab</strong></span> <span class='ocrx_word' id='word_1_122' title='bbox 1463 1553 1688 1610; x_wconf 85' lang='lat' dir='ltr'><strong>homine</strong></span> <span class='ocrx_word' id='word_1_123' title='bbox 1715 1571 1850 1610; x_wconf 84' lang='lat' dir='ltr'><strong>con-</strong></span> 
     </span>
    </p>
   </div>
   <div class='ocr_carea' id='block_1_17' title="bbox 255 1640 1843 1714">
    <p class='ocr_par' dir='ltr' id='par_1_17' title="bbox 255 1640 1843 1714">
     <span class='ocr_line' id='line_1_17' title="bbox 255 1640 1843 1714; baseline 0.004 -17"><span class='ocrx_word' id='word_1_124' title='bbox 255 1641 490 1712; x_wconf 84' lang='lat' dir='ltr'><strong>cepisse.</strong></span> <span class='ocrx_word' id='word_1_125' title='bbox 523 1640 910 1698; x_wconf 85' lang='lat' dir='ltr'><strong>Traductionis</strong></span> <span class='ocrx_word' id='word_1_126' title='bbox 943 1644 1086 1698; x_wconf 90' lang='lat' dir='ltr'><strong>enim</strong></span> <span class='ocrx_word' id='word_1_127' title='bbox 1114 1645 1342 1700; x_wconf 78' lang='lat' dir='ltr'><strong>verbum</strong></span> <span class='ocrx_word' id='word_1_128' title='bbox 1385 1646 1587 1714; x_wconf 61' lang='lat' dir='ltr'><strong>sapius</strong></span> <span class='ocrx_word' id='word_1_129' title='bbox 1616 1646 1669 1701; x_wconf 90' lang='lat' dir='ltr'><strong>in</strong></span> <span class='ocrx_word' id='word_1_130' title='bbox 1702 1649 1843 1703; x_wconf 90' lang='lat' dir='ltr'><strong>mala</strong></span> 
     </span>
    </p>
   </div>
   <div class='ocr_carea' id='block_1_18' title="bbox 256 1733 1846 1805">
    <p class='ocr_par' dir='ltr' id='par_1_18' title="bbox 256 1733 1846 1805">
     <span class='ocr_line' id='line_1_18' title="bbox 256 1733 1846 1805; baseline 0.004 -17"><span class='ocrx_word' id='word_1_131' title='bbox 256 1749 422 1805; x_wconf 90' lang='lat' dir='ltr'><strong>quam</strong></span> <span class='ocrx_word' id='word_1_132' title='bbox 449 1734 504 1788; x_wconf 90' lang='lat' dir='ltr'><strong>in</strong></span> <span class='ocrx_word' id='word_1_133' title='bbox 529 1733 674 1789; x_wconf 89' lang='lat' dir='ltr'><strong>bona</strong></span> <span class='ocrx_word' id='word_1_134' title='bbox 704 1744 858 1804; x_wconf 89' lang='lat' dir='ltr'><strong>parte</strong></span> <span class='ocrx_word' id='word_1_135' title='bbox 890 1735 1186 1790; x_wconf 82' lang='lat' dir='ltr'><strong>invenitur.</strong></span> <span class='ocrx_word' id='word_1_136' title='bbox 1219 1733 1377 1802; x_wconf 86' lang='lat' dir='ltr'><strong>Quod</strong></span> <span class='ocrx_word' id='word_1_137' title='bbox 1417 1737 1582 1792; x_wconf 88' lang='lat' dir='ltr'><strong>etiam</strong></span> <span class='ocrx_word' id='word_1_138' title='bbox 1621 1737 1846 1795; x_wconf 84' lang='lat' dir='ltr'><strong>Graecus</strong></span> 
     </span>
    </p>
   </div>
   <div class='ocr_carea' id='block_1_19' title="bbox 255 1826 1845 1900">
    <p class='ocr_par' dir='ltr' id='par_1_19' title="bbox 255 1826 1845 1900">
     <span class='ocr_line' id='line_1_19' title="bbox 255 1826 1845 1900; baseline 0.002 -20"><span class='ocrx_word' id='word_1_139' title='bbox 255 1840 367 1882; x_wconf 87' lang='lat' dir='ltr'><strong>non</strong></span> <span class='ocrx_word' id='word_1_140' title='bbox 398 1826 635 1882; x_wconf 86' lang='lat' dir='ltr'><strong>absurde</strong></span> <span class='ocrx_word' id='word_1_141' title='bbox 665 1842 846 1882; x_wconf 89' lang='lat' dir='ltr'><strong>sermo</strong></span> <span class='ocrx_word' id='word_1_142' title='bbox 883 1826 1174 1897; x_wconf 89' lang='lat' dir='ltr'><strong>signiﬁcat,</strong></span> <span class='ocrx_word' id='word_1_143' title='bbox 1205 1827 1514 1898; x_wconf 89' lang='lat' dir='ltr'><strong>vapardeir,</strong></span> <span class='ocrx_word' id='word_1_144' title='bbox 1552 1829 1845 1900; x_wconf 84' lang='lat' dir='ltr'><strong>mathysai,</strong></span> 
     </span>
    </p>
   </div>
   <div class='ocr_carea' id='block_1_20' title="bbox 251 2099 1846 2177">
    <p class='ocr_par' dir='ltr' id='par_1_20' title="bbox 251 2099 1846 2177">
     <span class='ocr_line' id='line_1_20' title="bbox 251 2099 1846 2177; baseline 0.003 -19"><span class='ocrx_word' id='word_1_145' title='bbox 251 2099 394 2159; x_wconf 86' lang='lat' dir='ltr'><strong>blice</strong></span> <span class='ocrx_word' id='word_1_146' title='bbox 415 2102 642 2160; x_wconf 89' lang='lat' dir='ltr'><strong>dimissa</strong></span> <span class='ocrx_word' id='word_1_147' title='bbox 674 2120 845 2161; x_wconf 87' lang='lat' dir='ltr'><strong>uxore</strong></span> <span class='ocrx_word' id='word_1_148' title='bbox 873 2120 994 2173; x_wconf 87' lang='lat' dir='ltr'><strong>sua,</strong></span> <span class='ocrx_word' id='word_1_149' title='bbox 1034 2105 1198 2162; x_wconf 90' lang='lat' dir='ltr'><strong>alieni</strong></span> <span class='ocrx_word' id='word_1_150' title='bbox 1225 2107 1404 2163; x_wconf 87' lang='lat' dir='ltr'><strong>coitus</strong></span> <span class='ocrx_word' id='word_1_151' title='bbox 1440 2118 1652 2162; x_wconf 89' lang='lat' dir='ltr'><strong>reatum</strong></span> <span class='ocrx_word' id='word_1_152' title='bbox 1681 2122 1846 2177; x_wconf 88' lang='lat' dir='ltr'><strong>super</strong></span> 
     </span>
    </p>
   </div>
   <div class='ocr_carea' id='block_1_21' title="bbox 252 2194 1844 2271">
    <p class='ocr_par' dir='ltr' id='par_1_21' title="bbox 252 2194 1844 2271">
     <span class='ocr_line' id='line_1_21' title="bbox 252 2194 1844 2271; baseline 0.004 -22"><span class='ocrx_word' id='word_1_153' title='bbox 252 2209 376 2250; x_wconf 83' lang='lat' dir='ltr'><strong>eam</strong></span> <span class='ocrx_word' id='word_1_154' title='bbox 412 2194 714 2264; x_wconf 70' lang='lat' dir='ltr'><strong>induceret,</strong></span> <span class='ocrx_word' id='word_1_155' title='bbox 739 2207 834 2254; x_wconf 91' lang='lat' dir='ltr'><strong>aut</strong></span> <span class='ocrx_word' id='word_1_156' title='bbox 861 2198 1079 2255; x_wconf 89' lang='lat' dir='ltr'><strong>detenta</strong></span> <span class='ocrx_word' id='word_1_157' title='bbox 1112 2201 1354 2271; x_wconf 89' lang='lat' dir='ltr'><strong>seipsum</strong></span> <span class='ocrx_word' id='word_1_158' title='bbox 1401 2201 1560 2270; x_wconf 89' lang='lat' dir='ltr'><strong>quasi</strong></span> <span class='ocrx_word' id='word_1_159' title='bbox 1592 2201 1844 2256; x_wconf 82' lang='lat' dir='ltr'><strong>adulterii</strong></span> 
     </span>
    </p>
   </div>
   <div class='ocr_carea' id='block_1_22' title="bbox 253 2287 1845 2360">
    <p class='ocr_par' dir='ltr' id='par_1_22' title="bbox 253 2287 1845 2360">
     <span class='ocr_line' id='line_1_22' title="bbox 253 2287 1845 2360; baseline 0.006 -18"><span class='ocrx_word' id='word_1_160' title='bbox 253 2287 538 2344; x_wconf 60' lang='lat' dir='ltr'><strong>conscium</strong></span> <span class='ocrx_word' id='word_1_161' title='bbox 586 2305 740 2344; x_wconf 90' lang='lat' dir='ltr'><strong>reum</strong></span> <span class='ocrx_word' id='word_1_162' title='bbox 785 2291 1161 2348; x_wconf 88' lang='lat' dir='ltr'><strong>constitueret.</strong></span> <span class='ocrx_word' id='word_1_163' title='bbox 1197 2311 1216 2346; x_wconf 75' lang='grc' dir='ltr'><strong>ι</strong></span> <span class='ocrx_word' id='word_1_164' title='bbox 1256 2293 1558 2360; x_wconf 89' lang='lat' dir='ltr'><strong>Dimittere,</strong></span> <span class='ocrx_word' id='word_1_165' title='bbox 1607 2312 1628 2347; x_wconf 83' lang='grc'><strong>›</strong></span> <span class='ocrx_word' id='word_1_166' title='bbox 1669 2295 1724 2350; x_wconf 90' lang='lat' dir='ltr'><strong>id</strong></span> <span class='ocrx_word' id='word_1_167' title='bbox 1761 2303 1845 2350; x_wconf 86' lang='lat' dir='ltr'><strong>est</strong></span> 
     </span>
    </p>
   </div>
   <div class='ocr_carea' id='block_1_23' title="bbox 253 2383 1844 2456">
    <p class='ocr_par' dir='ltr' id='par_1_23' title="bbox 253 2383 1844 2456">
     <span class='ocr_line' id='line_1_23' title="bbox 253 2383 1844 2456; baseline 0.003 -19"><span class='ocrx_word' id='word_1_168' title='bbox 253 2397 484 2438; x_wconf 66' lang='lat' dir='ltr'><strong>uxorem</strong></span> <span class='ocrx_word' id='word_1_169' title='bbox 513 2397 625 2438; x_wconf 91' lang='lat' dir='ltr'><strong>non</strong></span> <span class='ocrx_word' id='word_1_170' title='bbox 655 2383 874 2450; x_wconf 87' lang='lat' dir='ltr'><strong>ducere,</strong></span> <span class='ocrx_word' id='word_1_171' title='bbox 899 2383 1016 2439; x_wconf 91' lang='lat' dir='ltr'><strong>sive</strong></span> <span class='ocrx_word' id='word_1_172' title='bbox 1053 2401 1084 2440; x_wconf 89' lang='lat' dir='ltr'><strong>a</strong></span> <span class='ocrx_word' id='word_1_173' title='bbox 1110 2401 1270 2456; x_wconf 56' lang='lat' dir='ltr'><strong>poena</strong></span> <span class='ocrx_word' id='word_1_174' title='bbox 1294 2387 1546 2442; x_wconf 87' lang='lat' dir='ltr'><strong>adulterii</strong></span> <span class='ocrx_word' id='word_1_175' title='bbox 1577 2390 1844 2442; x_wconf 88' lang='lat' dir='ltr'><strong>innocen-</strong></span> 
     </span>
    </p>
   </div>
   <div class='ocr_carea' id='block_1_24' title="bbox 252 2479 1843 2557">
    <p class='ocr_par' dir='ltr' id='par_1_24' title="bbox 252 2479 1843 2557">
     <span class='ocr_line' id='line_1_24' title="bbox 252 2479 1843 2557; baseline 0.003 -21"><span class='ocrx_word' id='word_1_176' title='bbox 252 2486 364 2536; x_wconf 86' lang='lat' dir='ltr'><strong>tem</strong></span> <span class='ocrx_word' id='word_1_177' title='bbox 414 2479 665 2536; x_wconf 89' lang='lat' dir='ltr'><strong>liberare.</strong></span> <span class='ocrx_word' id='word_1_178' title='bbox 717 2479 857 2536; x_wconf 88' lang='lat' dir='ltr'><strong>Ecce</strong></span> <span class='ocrx_word' id='word_1_179' title='bbox 901 2481 1076 2538; x_wconf 83' lang='lat' dir='ltr'><strong>Adam</strong></span> <span class='ocrx_word' id='word_1_180' title='bbox 1132 2485 1371 2542; x_wconf 70' lang='lat' dir='ltr'><strong>cmlestis</strong></span> <span class='ocrx_word' id='word_1_181' title='bbox 1425 2501 1566 2540; x_wconf 90' lang='lat' dir='ltr'><strong>nova</strong></span> <span class='ocrx_word' id='word_1_182' title='bbox 1617 2486 1843 2557; x_wconf 89' lang='lat' dir='ltr'><strong>opponit</strong></span> 
     </span>
    </p>
   </div>
   <div class='ocr_carea' id='block_1_25' title="bbox 251 2571 1842 2633">
    <p class='ocr_par' dir='ltr' id='par_1_25' title="bbox 251 2571 1842 2633">
     <span class='ocr_line' id='line_1_25' title="bbox 251 2571 1842 2633; baseline 0.004 -7"><span class='ocrx_word' id='word_1_183' title='bbox 251 2571 548 2628; x_wconf 78' lang='lat' dir='ltr'><strong>veteribus.</strong></span> <span class='ocrx_word' id='word_1_184' title='bbox 593 2571 772 2626; x_wconf 86' lang='lat' dir='ltr'><strong>Priori</strong></span> <span class='ocrx_word' id='word_1_185' title='bbox 797 2572 914 2628; x_wconf 87' lang='lat' dir='ltr'><strong>vice</strong></span> <span class='ocrx_word' id='word_1_186' title='bbox 957 2589 1026 2629; x_wconf 78' lang='lat' dir='ltr'><strong>ex</strong></span> <span class='ocrx_word' id='word_1_187' title='bbox 1069 2575 1187 2631; x_wconf 88' lang='lat' dir='ltr'><strong>solo</strong></span> <span class='ocrx_word' id='word_1_188' title='bbox 1213 2577 1331 2632; x_wconf 87' lang='lat' dir='ltr'><strong>viro</strong></span> <span class='ocrx_word' id='word_1_189' title='bbox 1356 2575 1558 2632; x_wconf 86' lang='lat' dir='ltr'><strong>femina</strong></span> <span class='ocrx_word' id='word_1_190' title='bbox 1586 2575 1726 2633; x_wconf 89' lang='lat' dir='ltr'><strong>facta</strong></span> <span class='ocrx_word' id='word_1_191' title='bbox 1757 2585 1842 2632; x_wconf 90' lang='lat' dir='ltr'><strong>est</strong></span> 
     </span>
    </p>
   </div>
   <div class='ocr_carea' id='block_1_26' title="bbox 252 2664 1840 2727">
    <p class='ocr_par' dir='ltr' id='par_1_26' title="bbox 252 2664 1840 2727">
     <span class='ocr_line' id='line_1_26' title="bbox 252 2664 1840 2727; baseline 0.003 -5"><span class='ocrx_word' id='word_1_192' title='bbox 252 2664 374 2722; x_wconf 84' lang='lat' dir='ltr'><strong>sine</strong></span> <span class='ocrx_word' id='word_1_193' title='bbox 400 2674 594 2721; x_wconf 87' lang='lat' dir='ltr'><strong>matre.</strong></span> <span class='ocrx_word' id='word_1_194' title='bbox 633 2664 883 2721; x_wconf 87' lang='lat' dir='ltr'><strong>Secunda</strong></span> <span class='ocrx_word' id='word_1_195' title='bbox 913 2682 1046 2723; x_wconf 86' lang='lat' dir='ltr'><strong>vero</strong></span> <span class='ocrx_word' id='word_1_196' title='bbox 1067 2669 1150 2724; x_wconf 91' lang='lat' dir='ltr'><strong>vir</strong></span> <span class='ocrx_word' id='word_1_197' title='bbox 1173 2685 1242 2726; x_wconf 83' lang='lat' dir='ltr'><strong>ex</strong></span> <span class='ocrx_word' id='word_1_198' title='bbox 1276 2671 1390 2726; x_wconf 91' lang='lat' dir='ltr'><strong>sola</strong></span> <span class='ocrx_word' id='word_1_199' title='bbox 1418 2671 1647 2727; x_wconf 89' lang='lat' dir='ltr'><strong>muliere</strong></span> <span class='ocrx_word' id='word_1_200' title='bbox 1677 2680 1840 2727; x_wconf 91' lang='lat' dir='ltr'><strong>natus</strong></span> 
     </span>
    </p>
   </div>
   <div class='ocr_carea' id='block_1_27' title="bbox 251 2758 1837 2830">
    <p class='ocr_par' dir='ltr' id='par_1_27' title="bbox 251 2758 1837 2830">
     <span class='ocr_line' id='line_1_27' title="bbox 251 2758 1837 2830; baseline 0.004 -18"><span class='ocrx_word' id='word_1_201' title='bbox 251 2758 476 2814; x_wconf 89' lang='lat' dir='ltr'><strong>estsine</strong></span> <span class='ocrx_word' id='word_1_202' title='bbox 505 2758 714 2815; x_wconf 87' lang='lat' dir='ltr'><strong>carnali</strong></span> <span class='ocrx_word' id='word_1_203' title='bbox 742 2768 916 2830; x_wconf 87' lang='lat' dir='ltr'><strong>patre.</strong></span> <span class='ocrx_word' id='word_1_204' title='bbox 959 2759 1040 2815; x_wconf 83' lang='lat' dir='ltr'><strong>Ex</strong></span> <span class='ocrx_word' id='word_1_205' title='bbox 1093 2759 1314 2818; x_wconf 82' lang='lat' dir='ltr'><strong>feminis</strong></span> <span class='ocrx_word' id='word_1_206' title='bbox 1353 2764 1536 2819; x_wconf 91' lang='lat' dir='ltr'><strong>decuit</strong></span> <span class='ocrx_word' id='word_1_207' title='bbox 1579 2779 1716 2819; x_wconf 90' lang='lat' dir='ltr'><strong>nova</strong></span> <span class='ocrx_word' id='word_1_208' title='bbox 1748 2779 1837 2818; x_wconf 85' lang='lat' dir='ltr'><strong>re-</strong></span> 
     </span>
    </p>
   </div>
   <div class='ocr_carea' id='block_1_28' title="bbox 250 2848 1834 2924">
    <p class='ocr_par' dir='ltr' id='par_1_28' title="bbox 250 2848 1834 2924">
     <span class='ocr_line' id='line_1_28' title="bbox 250 2848 1834 2924; baseline 0.003 -21"><span class='ocrx_word' id='word_1_209' title='bbox 250 2848 512 2920; x_wconf 90' lang='lat' dir='ltr'><strong>demptio,</strong></span> <span class='ocrx_word' id='word_1_210' title='bbox 541 2866 572 2906; x_wconf 92' lang='lat' dir='ltr'><strong>a</strong></span> <span class='ocrx_word' id='word_1_211' title='bbox 611 2851 812 2922; x_wconf 84' lang='lat' dir='ltr'><strong>quibus</strong></span> <span class='ocrx_word' id='word_1_212' title='bbox 853 2853 1134 2923; x_wconf 69' lang='lat' dir='ltr'><strong>prmcessit</strong></span> <span class='ocrx_word' id='word_1_213' title='bbox 1171 2853 1397 2923; x_wconf 89' lang='lat' dir='ltr'><strong>antiqua</strong></span> <span class='ocrx_word' id='word_1_214' title='bbox 1438 2855 1834 2924; x_wconf 84' lang='lat' dir='ltr'><strong>praevaricatio.</strong></span> 
     </span>
    </p>
   </div>
   <div class='ocr_carea' id='block_1_29' title="bbox 250 2939 1832 3015">
    <p class='ocr_par' dir='ltr' id='par_1_29' title="bbox 250 2939 1832 3015">
     <span class='ocr_line' id='line_1_29' title="bbox 250 2939 1832 3015; baseline 0.003 -21"><span class='ocrx_word' id='word_1_215' title='bbox 250 2939 525 2999; x_wconf 87' lang='lat' dir='ltr'><strong>Terrenus</strong></span> <span class='ocrx_word' id='word_1_216' title='bbox 554 2943 729 2998; x_wconf 84' lang='lat' dir='ltr'><strong>Adam</strong></span> <span class='ocrx_word' id='word_1_217' title='bbox 776 2943 844 3000; x_wconf 90' lang='lat' dir='ltr'><strong>de</strong></span> <span class='ocrx_word' id='word_1_218' title='bbox 890 2945 1209 3015; x_wconf 87' lang='lat' dir='ltr'><strong>incorrupta</strong></span> <span class='ocrx_word' id='word_1_219' title='bbox 1237 2953 1383 3000; x_wconf 88' lang='lat' dir='ltr'><strong>terra</strong></span> <span class='ocrx_word' id='word_1_220' title='bbox 1434 2945 1702 3000; x_wconf 86' lang='lat' dir='ltr'><strong>formatus</strong></span> <span class='ocrx_word' id='word_1_221' title='bbox 1729 2953 1832 2999; x_wconf 88' lang='lat' dir='ltr'><strong>est.</strong></span> 
     </span>
    </p>
   </div>
   <div class='ocr_carea' id='block_1_30' title="bbox 251 3030 1838 3106">
    <p class='ocr_par' dir='ltr' id='par_1_30' title="bbox 251 3030 1838 3106">
     <span class='ocr_line' id='line_1_30' title="bbox 251 3030 1838 3106; baseline 0.002 -18"><span class='ocrx_word' id='word_1_222' title='bbox 251 3030 538 3089; x_wconf 88' lang='lat' dir='ltr'><strong>Secundus</strong></span> <span class='ocrx_word' id='word_1_223' title='bbox 566 3033 741 3088; x_wconf 78' lang='lat' dir='ltr'><strong>Adam</strong></span> <span class='ocrx_word' id='word_1_224' title='bbox 771 3034 839 3090; x_wconf 93' lang='lat' dir='ltr'><strong>de</strong></span> <span class='ocrx_word' id='word_1_225' title='bbox 862 3034 1178 3106; x_wconf 89' lang='lat' dir='ltr'><strong>incorrupta</strong></span> <span class='ocrx_word' id='word_1_226' title='bbox 1210 3044 1265 3089; x_wconf 89' lang='lat' dir='ltr'><strong>et</strong></span> <span class='ocrx_word' id='word_1_227' title='bbox 1296 3035 1643 3090; x_wconf 89' lang='lat' dir='ltr'><strong>immaculata</strong></span> <span class='ocrx_word' id='word_1_228' title='bbox 1669 3050 1838 3091; x_wconf 89' lang='lat' dir='ltr'><strong>carne</strong></span> 
     </span>
    </p>
   </div>
   <div class='ocr_carea' id='block_1_31' title="bbox 247 3122 698 3194">
    <p class='ocr_par' dir='ltr' id='par_1_31' title="bbox 247 3122 698 3194">
     <span class='ocr_line' id='line_1_31' title="bbox 247 3122 698 3194; baseline 0.004 -18"><span class='ocrx_word' id='word_1_229' title='bbox 247 3123 477 3194; x_wconf 76' lang='lat' dir='ltr'><strong>virginis</strong></span> <span class='ocrx_word' id='word_1_230' title='bbox 496 3122 698 3179; x_wconf 72' lang='lat' dir='ltr'><strong>Mariae.</strong></span> 
     </span>
    </p>
   </div>
   <div class='ocr_carea' id='block_1_32' title="bbox 323 3213 1829 3289">
    <p class='ocr_par' dir='ltr' id='par_1_32' title="bbox 323 3213 1829 3289">
     <span class='ocr_line' id='line_1_32' title="bbox 323 3213 1829 3289; baseline 0.002 -23"><span class='ocrx_word' id='word_1_231' title='bbox 323 3233 342 3266; x_wconf 76' lang='grc' dir='ltr'><strong>ι</strong></span> <span class='ocrx_word' id='word_1_232' title='bbox 375 3213 501 3271; x_wconf 70' lang='lat' dir='ltr'><strong>llaec</strong></span> <span class='ocrx_word' id='word_1_233' title='bbox 529 3224 708 3271; x_wconf 88' lang='lat' dir='ltr'><strong>autem</strong></span> <span class='ocrx_word' id='word_1_234' title='bbox 734 3230 800 3272; x_wconf 90' lang='lat' dir='ltr'><strong>eo</strong></span> <span class='ocrx_word' id='word_1_235' title='bbox 827 3215 1120 3289; x_wconf 89' lang='lat' dir='ltr'><strong>cogitante,</strong></span> <span class='ocrx_word' id='word_1_236' title='bbox 1144 3231 1270 3271; x_wconf 88' lang='lat' dir='ltr'><strong>ecce</strong></span> <span class='ocrx_word' id='word_1_237' title='bbox 1295 3216 1522 3286; x_wconf 76' lang='lat' dir='ltr'><strong>angelus</strong></span> <span class='ocrx_word' id='word_1_238' title='bbox 1547 3215 1785 3272; x_wconf 88' lang='lat' dir='ltr'><strong>Domini.</strong></span> <span class='ocrx_word' id='word_1_239' title='bbox 1809 3234 1829 3269; x_wconf 84' lang='grc' dir='ltr'><strong>ι</strong></span> 
     </span>
    </p>
   </div>
   <div class='ocr_carea' id='block_1_33' title="bbox 1959 648 3550 722">
    <p class='ocr_par' dir='ltr' id='par_1_33' title="bbox 1959 648 3550 722">
     <span class='ocr_line' id='line_1_33' title="bbox 1959 648 3550 722; baseline 0.009 -20"><span class='ocrx_word' id='word_1_240' title='bbox 1959 648 2176 719; x_wconf 83' lang='lat' dir='ltr'><strong>xxvm),</strong></span> <span class='ocrx_word' id='word_1_241' title='bbox 2223 659 2278 704; x_wconf 90' lang='lat' dir='ltr'><strong>et</strong></span> <span class='ocrx_word' id='word_1_242' title='bbox 2316 649 2511 706; x_wconf 86' lang='lat' dir='ltr'><strong>Petrus</strong></span> <span class='ocrx_word' id='word_1_243' title='bbox 2557 667 2657 707; x_wconf 86' lang='lat' dir='ltr'><strong>vas</strong></span> <span class='ocrx_word' id='word_1_244' title='bbox 2709 653 2928 722; x_wconf 89' lang='lat' dir='ltr'><strong>plenum</strong></span> <span class='ocrx_word' id='word_1_245' title='bbox 2963 655 3338 716; x_wconf 88' lang='lat' dir='ltr'><strong>animantibus</strong></span> <span class='ocrx_word' id='word_1_246' title='bbox 3367 659 3420 715; x_wconf 93' lang='lat' dir='ltr'><strong>in</strong></span> <span class='ocrx_word' id='word_1_247' title='bbox 3451 676 3550 716; x_wconf 81' lang='lat' dir='ltr'><strong>ex-</strong></span> 
     </span>
    </p>
   </div>
   <div class='ocr_carea' id='block_1_34' title="bbox 1957 741 3550 822">
    <p class='ocr_par' dir='ltr' id='par_1_34' title="bbox 1957 741 3550 822">
     <span class='ocr_line' id='line_1_34' title="bbox 1957 741 3550 822; baseline 0.008 -26"><span class='ocrx_word' id='word_1_248' title='bbox 1957 741 2090 796; x_wconf 85' lang='lat' dir='ltr'><strong>stasi</strong></span> <span class='ocrx_word' id='word_1_249' title='bbox 2122 743 2332 798; x_wconf 84' lang='lat' dir='ltr'><strong>viderat</strong></span> <span class='ocrx_word' id='word_1_250' title='bbox 2381 745 2520 812; x_wconf 81' lang='lat' dir='ltr'><strong>(Act.</strong></span> <span class='ocrx_word' id='word_1_251' title='bbox 2561 745 2638 812; x_wconf 87' lang='lat' dir='ltr'><strong>x).</strong></span> <span class='ocrx_word' id='word_1_252' title='bbox 2684 747 2993 818; x_wconf 84' lang='lat' dir='ltr'><strong>Aliquando</strong></span> <span class='ocrx_word' id='word_1_253' title='bbox 3045 750 3374 822; x_wconf 84' lang='lat' dir='ltr'><strong>imaginibus</strong></span> <span class='ocrx_word' id='word_1_254' title='bbox 3421 759 3550 809; x_wconf 80' lang='lat' dir='ltr'><strong>ante</strong></span> 
     </span>
    </p>
   </div>
   <div class='ocr_carea' id='block_1_35' title="bbox 1957 835 3544 908">
    <p class='ocr_par' dir='ltr' id='par_1_35' title="bbox 1957 835 3544 908">
     <span class='ocr_line' id='line_1_35' title="bbox 1957 835 3544 908; baseline 0.008 -23"><span class='ocrx_word' id='word_1_255' title='bbox 1957 845 2257 900; x_wconf 90' lang='lat' dir='ltr'><strong>corporeos</strong></span> <span class='ocrx_word' id='word_1_256' title='bbox 2284 835 2474 890; x_wconf 90' lang='lat' dir='ltr'><strong>oculos</strong></span> <span class='ocrx_word' id='word_1_257' title='bbox 2503 851 2568 890; x_wconf 88' lang='lat' dir='ltr'><strong>ex</strong></span> <span class='ocrx_word' id='word_1_258' title='bbox 2599 851 2726 891; x_wconf 89' lang='lat' dir='ltr'><strong>aere</strong></span> <span class='ocrx_word' id='word_1_259' title='bbox 2755 839 3074 908; x_wconf 88' lang='lat' dir='ltr'><strong>assumptis,</strong></span> <span class='ocrx_word' id='word_1_260' title='bbox 3103 840 3246 895; x_wconf 88' lang='lat' dir='ltr'><strong>sicut</strong></span> <span class='ocrx_word' id='word_1_261' title='bbox 3269 841 3544 898; x_wconf 76' lang='lat' dir='ltr'><strong>Abraham</strong></span> 
     </span>
    </p>
   </div>
   <div class='ocr_carea' id='block_1_36' title="bbox 1956 924 3545 1001">
    <p class='ocr_par' dir='ltr' id='par_1_36' title="bbox 1956 924 3545 1001">
     <span class='ocr_line' id='line_1_36' title="bbox 1956 924 3545 1001; baseline 0.009 -25"><span class='ocrx_word' id='word_1_262' title='bbox 1956 937 2066 976; x_wconf 90' lang='lat' dir='ltr'><strong>non</strong></span> <span class='ocrx_word' id='word_1_263' title='bbox 2091 924 2270 978; x_wconf 89' lang='lat' dir='ltr'><strong>solum</strong></span> <span class='ocrx_word' id='word_1_264' title='bbox 2305 926 2459 991; x_wconf 89' lang='lat' dir='ltr'><strong>vidit,</strong></span> <span class='ocrx_word' id='word_1_265' title='bbox 2492 931 2586 982; x_wconf 87' lang='lat' dir='ltr'><strong>sed</strong></span> <span class='ocrx_word' id='word_1_266' title='bbox 2623 937 2678 982; x_wconf 92' lang='lat' dir='ltr'><strong>et</strong></span> <span class='ocrx_word' id='word_1_267' title='bbox 2715 927 2768 982; x_wconf 91' lang='lat' dir='ltr'><strong>in</strong></span> <span class='ocrx_word' id='word_1_268' title='bbox 2797 929 3020 984; x_wconf 91' lang='lat' dir='ltr'><strong>domum</strong></span> <span class='ocrx_word' id='word_1_269' title='bbox 3053 933 3282 1001; x_wconf 85' lang='lat' dir='ltr'><strong>accepit,</strong></span> <span class='ocrx_word' id='word_1_270' title='bbox 3309 944 3364 988; x_wconf 90' lang='lat' dir='ltr'><strong>et</strong></span> <span class='ocrx_word' id='word_1_271' title='bbox 3388 934 3545 990; x_wconf 88' lang='lat' dir='ltr'><strong>insu-</strong></span> 
     </span>
    </p>
   </div>
   <div class='ocr_carea' id='block_1_37' title="bbox 1954 1016 3547 1090">
    <p class='ocr_par' dir='ltr' id='par_1_37' title="bbox 1954 1016 3547 1090">
     <span class='ocr_line' id='line_1_37' title="bbox 1954 1016 3547 1090; baseline 0.008 -22"><span class='ocrx_word' id='word_1_272' title='bbox 1954 1029 2052 1084; x_wconf 90' lang='lat' dir='ltr'><strong>per</strong></span> <span class='ocrx_word' id='word_1_273' title='bbox 2095 1016 2261 1070; x_wconf 90' lang='lat' dir='ltr'><strong>etiam</strong></span> <span class='ocrx_word' id='word_1_274' title='bbox 2313 1019 2463 1088; x_wconf 84' lang='lat' dir='ltr'><strong>pavit</strong></span> <span class='ocrx_word' id='word_1_275' title='bbox 2516 1019 2814 1090; x_wconf 83' lang='lat' dir='ltr'><strong>aliquando</strong></span> <span class='ocrx_word' id='word_1_276' title='bbox 2858 1021 3174 1078; x_wconf 63' lang='lat' dir='ltr'><strong>caelestibus</strong></span> <span class='ocrx_word' id='word_1_277' title='bbox 3223 1025 3547 1081; x_wconf 86' lang='lat' dir='ltr'><strong>substantiis</strong></span> 
     </span>
    </p>
   </div>
   <div class='ocr_carea' id='block_1_38' title="bbox 1957 1103 3546 1180">
    <p class='ocr_par' dir='ltr' id='par_1_38' title="bbox 1957 1103 3546 1180">
     <span class='ocr_line' id='line_1_38' title="bbox 1957 1103 3546 1180; baseline 0.009 -22"><span class='ocrx_word' id='word_1_278' title='bbox 1957 1103 2091 1173; x_wconf 83' lang='lat' dir='ltr'><strong>(Gen</strong></span> <span class='ocrx_word' id='word_1_279' title='bbox 2139 1109 2328 1177; x_wconf 80' lang='lat' dir='ltr'><strong>xvtn);</strong></span> <span class='ocrx_word' id='word_1_280' title='bbox 2371 1109 2515 1164; x_wconf 90' lang='lat' dir='ltr'><strong>sicut</strong></span> <span class='ocrx_word' id='word_1_281' title='bbox 2546 1110 2820 1180; x_wconf 84' lang='lat' dir='ltr'><strong>baptizato</strong></span> <span class='ocrx_word' id='word_1_282' title='bbox 2853 1111 3083 1166; x_wconf 88' lang='lat' dir='ltr'><strong>Domino</strong></span> <span class='ocrx_word' id='word_1_283' title='bbox 3112 1129 3216 1168; x_wconf 83' lang='lat' dir='ltr'><strong>vox</strong></span> <span class='ocrx_word' id='word_1_284' title='bbox 3247 1116 3434 1170; x_wconf 87' lang='lat' dir='ltr'><strong>sonuit</strong></span> <span class='ocrx_word' id='word_1_285' title='bbox 3461 1116 3546 1171; x_wconf 83' lang='lat' dir='ltr'><strong>di-</strong></span> 
     </span>
    </p>
   </div>
   <div class='ocr_carea' id='block_1_39' title="bbox 1953 1197 3543 1276">
    <p class='ocr_par' dir='ltr' id='par_1_39' title="bbox 1953 1197 3543 1276">
     <span class='ocr_line' id='line_1_39' title="bbox 1953 1197 3543 1276; baseline 0.005 -26"><span class='ocrx_word' id='word_1_286' title='bbox 1953 1210 2084 1252; x_wconf 92' lang='lat' dir='ltr'><strong>cens</strong></span> <span class='ocrx_word' id='word_1_287' title='bbox 2111 1214 2124 1252; x_wconf 90' lang='lat'><strong>:</strong></span> <span class='ocrx_word' id='word_1_288' title='bbox 2151 1215 2170 1248; x_wconf 76' lang='grc' dir='ltr'><strong>ι</strong></span> <span class='ocrx_word' id='word_1_289' title='bbox 2200 1197 2300 1254; x_wconf 84' lang='lat' dir='ltr'><strong>llic</strong></span> <span class='ocrx_word' id='word_1_290' title='bbox 2319 1209 2402 1255; x_wconf 87' lang='lat' dir='ltr'><strong>est</strong></span> <span class='ocrx_word' id='word_1_291' title='bbox 2427 1199 2597 1254; x_wconf 87' lang='lat' dir='ltr'><strong>Filius</strong></span> <span class='ocrx_word' id='word_1_292' title='bbox 2627 1217 2782 1256; x_wconf 91' lang='lat' dir='ltr'><strong>meus</strong></span> <span class='ocrx_word' id='word_1_293' title='bbox 2815 1201 3034 1272; x_wconf 78' lang='lat' dir='ltr'><strong>(Matth.</strong></span> <span class='ocrx_word' id='word_1_294' title='bbox 3069 1204 3207 1272; x_wconf 82' lang='grc' dir='ltr'>ιιι).›</span> <span class='ocrx_word' id='word_1_295' title='bbox 3232 1205 3543 1276; x_wconf 78' lang='lat' dir='ltr'><strong>Aliquando</strong></span> 
     </span>
    </p>
   </div>
   <div class='ocr_carea' id='block_1_40' title="bbox 1953 1289 3546 1366">
    <p class='ocr_par' dir='ltr' id='par_1_40' title="bbox 1953 1289 3546 1366">
     <span class='ocr_line' id='line_1_40' title="bbox 1953 1289 3546 1366; baseline 0.007 -25"><span class='ocrx_word' id='word_1_296' title='bbox 1953 1289 2186 1344; x_wconf 87' lang='lat' dir='ltr'><strong>terrenis</strong></span> <span class='ocrx_word' id='word_1_297' title='bbox 2218 1298 2273 1344; x_wconf 88' lang='lat' dir='ltr'><strong>et</strong></span> <span class='ocrx_word' id='word_1_298' title='bbox 2301 1292 2614 1347; x_wconf 67' lang='lat' dir='ltr'><strong>caelestibus</strong></span> <span class='ocrx_word' id='word_1_299' title='bbox 2659 1293 2802 1348; x_wconf 90' lang='lat' dir='ltr'><strong>sicut</strong></span> <span class='ocrx_word' id='word_1_300' title='bbox 2828 1309 3012 1348; x_wconf 88' lang='lat' dir='ltr'><strong>coram</strong></span> <span class='ocrx_word' id='word_1_301' title='bbox 3051 1293 3237 1366; x_wconf 80' lang='lat' dir='ltr'><strong>Moyse</strong></span> <span class='ocrx_word' id='word_1_302' title='bbox 3267 1295 3321 1349; x_wconf 91' lang='lat' dir='ltr'><strong>in</strong></span> <span class='ocrx_word' id='word_1_303' title='bbox 3359 1307 3546 1352; x_wconf 86' lang='lat' dir='ltr'><strong>monte</strong></span> 
     </span>
    </p>
   </div>
   <div class='ocr_carea' id='block_1_41' title="bbox 1953 1378 3545 1454">
    <p class='ocr_par' dir='ltr' id='par_1_41' title="bbox 1953 1378 3545 1454">
     <span class='ocr_line' id='line_1_41' title="bbox 1953 1378 3545 1454; baseline 0.006 -22"><span class='ocrx_word' id='word_1_304' title='bbox 1953 1378 2133 1450; x_wconf 82' lang='lat' dir='ltr'><strong>ignem</strong></span> <span class='ocrx_word' id='word_1_305' title='bbox 2174 1381 2480 1452; x_wconf 91' lang='lat' dir='ltr'><strong>rubumquc</strong></span> <span class='ocrx_word' id='word_1_306' title='bbox 2513 1383 2745 1437; x_wconf 90' lang='lat' dir='ltr'><strong>sociavit</strong></span> <span class='ocrx_word' id='word_1_307' title='bbox 2771 1381 2968 1453; x_wconf 73' lang='lat' dir='ltr'><strong>(Exod.</strong></span> <span class='ocrx_word' id='word_1_308' title='bbox 2997 1384 3102 1452; x_wconf 85' lang='grc' dir='ltr'><strong>ιιι),</strong></span> <span class='ocrx_word' id='word_1_309' title='bbox 3136 1385 3454 1454; x_wconf 89' lang='lat' dir='ltr'><strong>siguilicans</strong></span> <span class='ocrx_word' id='word_1_310' title='bbox 3485 1401 3545 1442; x_wconf 80' lang='lat' dir='ltr'><strong>se</strong></span> 
     </span>
    </p>
   </div>
   <div class='ocr_carea' id='block_1_42' title="bbox 1951 1471 3540 1546">
    <p class='ocr_par' dir='ltr' id='par_1_42' title="bbox 1951 1471 3540 1546">
     <span class='ocr_line' id='line_1_42' title="bbox 1951 1471 3540 1546; baseline 0.003 -21"><span class='ocrx_word' id='word_1_311' title='bbox 1951 1471 2229 1527; x_wconf 89' lang='lat' dir='ltr'><strong>doctorem</strong></span> <span class='ocrx_word' id='word_1_312' title='bbox 2255 1473 2438 1544; x_wconf 83' lang='lat' dir='ltr'><strong>pepuli</strong></span> <span class='ocrx_word' id='word_1_313' title='bbox 2471 1472 2609 1539; x_wconf 89' lang='lat' dir='ltr'><strong>fore,</strong></span> <span class='ocrx_word' id='word_1_314' title='bbox 2637 1475 2732 1543; x_wconf 87' lang='lat' dir='ltr'><strong>qui</strong></span> <span class='ocrx_word' id='word_1_315' title='bbox 2775 1475 2910 1545; x_wconf 87' lang='lat' dir='ltr'><strong>legis</strong></span> <span class='ocrx_word' id='word_1_316' title='bbox 2948 1476 3224 1530; x_wconf 85' lang='lat' dir='ltr'><strong>ﬂammam</strong></span> <span class='ocrx_word' id='word_1_317' title='bbox 3250 1477 3540 1546; x_wconf 84' lang='lat' dir='ltr'><strong>acciperet,</strong></span> 
     </span>
    </p>
   </div>
   <div class='ocr_carea' id='block_1_43' title="bbox 1949 1565 3542 1638">
    <p class='ocr_par' dir='ltr' id='par_1_43' title="bbox 1949 1565 3542 1638">
     <span class='ocr_line' id='line_1_43' title="bbox 1949 1565 3542 1638; baseline 0.004 -22"><span class='ocrx_word' id='word_1_318' title='bbox 1949 1571 2003 1616; x_wconf 87' lang='lat' dir='ltr'><strong>et</strong></span> <span class='ocrx_word' id='word_1_319' title='bbox 2034 1571 2214 1617; x_wconf 90' lang='lat' dir='ltr'><strong>tamen</strong></span> <span class='ocrx_word' id='word_1_320' title='bbox 2250 1566 2454 1634; x_wconf 84' lang='lat' dir='ltr'><strong>peccati</strong></span> <span class='ocrx_word' id='word_1_321' title='bbox 2481 1565 2694 1634; x_wconf 83' lang='lat' dir='ltr'><strong>spinam</strong></span> <span class='ocrx_word' id='word_1_322' title='bbox 2727 1581 2836 1619; x_wconf 91' lang='lat' dir='ltr'><strong>non</strong></span> <span class='ocrx_word' id='word_1_323' title='bbox 2881 1567 3230 1636; x_wconf 83' lang='lat' dir='ltr'><strong>relinqueret,</strong></span> <span class='ocrx_word' id='word_1_324' title='bbox 3258 1568 3371 1622; x_wconf 82' lang='lat' dir='ltr'><strong>sive</strong></span> <span class='ocrx_word' id='word_1_325' title='bbox 3394 1567 3542 1638; x_wconf 87' lang='lat' dir='ltr'><strong>quod</strong></span> 
     </span>
    </p>
   </div>
   <div class='ocr_carea' id='block_1_44' title="bbox 1949 1643 3544 1728">
    <p class='ocr_par' dir='ltr' id='par_1_44' title="bbox 1949 1643 3544 1728">
     <span class='ocr_line' id='line_1_44' title="bbox 1949 1643 3544 1728; baseline 0.004 -22"><span class='ocrx_word' id='word_1_326' title='bbox 1949 1667 2016 1707; x_wconf 79' lang='lat' dir='ltr'><strong>ex</strong></span> <span class='ocrx_word' id='word_1_327' title='bbox 2065 1643 2158 1708; x_wconf 85' lang='lat' dir='ltr'><strong>illo</strong></span> <span class='ocrx_word' id='word_1_328' title='bbox 2200 1655 2400 1724; x_wconf 87' lang='lat' dir='ltr'><strong>populo</strong></span> <span class='ocrx_word' id='word_1_329' title='bbox 2443 1655 2636 1722; x_wconf 78' lang='lat' dir='ltr'><strong>exiret,</strong></span> <span class='ocrx_word' id='word_1_330' title='bbox 2664 1656 2758 1726; x_wconf 90' lang='lat' dir='ltr'><strong>qui</strong></span> <span class='ocrx_word' id='word_1_331' title='bbox 2810 1657 2987 1728; x_wconf 81' lang='lat' dir='ltr'><strong>ignem</strong></span> <span class='ocrx_word' id='word_1_332' title='bbox 3019 1658 3322 1712; x_wconf 87' lang='lat' dir='ltr'><strong>divinitatis</strong></span> <span class='ocrx_word' id='word_1_333' title='bbox 3353 1658 3405 1712; x_wconf 91' lang='lat' dir='ltr'><strong>in</strong></span> <span class='ocrx_word' id='word_1_334' title='bbox 3437 1659 3544 1713; x_wconf 86' lang='lat' dir='ltr'><strong>hu-</strong></span> 
     </span>
    </p>
   </div>
   <div class='ocr_carea' id='block_1_45' title="bbox 1949 1747 3538 1820">
    <p class='ocr_par' dir='ltr' id='par_1_45' title="bbox 1949 1747 3538 1820">
     <span class='ocr_line' id='line_1_45' title="bbox 1949 1747 3538 1820; baseline 0.003 -22"><span class='ocrx_word' id='word_1_335' title='bbox 1949 1760 2128 1799; x_wconf 72' lang='lat' dir='ltr'><strong>mana:</strong></span> <span class='ocrx_word' id='word_1_336' title='bbox 2150 1756 2359 1801; x_wconf 69' lang='lat' dir='ltr'><strong>naturae</strong></span> <span class='ocrx_word' id='word_1_337' title='bbox 2385 1747 2572 1816; x_wconf 90' lang='lat' dir='ltr'><strong>spinas</strong></span> <span class='ocrx_word' id='word_1_338' title='bbox 2595 1747 2918 1817; x_wconf 87' lang='lat' dir='ltr'><strong>imponeret.</strong></span> <span class='ocrx_word' id='word_1_339' title='bbox 2947 1749 3256 1820; x_wconf 78' lang='lat' dir='ltr'><strong>Aliquando</strong></span> <span class='ocrx_word' id='word_1_340' title='bbox 3281 1751 3538 1805; x_wconf 88' lang='lat' dir='ltr'><strong>humanis</strong></span> 
     </span>
    </p>
   </div>
   <div class='ocr_carea' id='block_1_46' title="bbox 1879 1839 3538 1914">
    <p class='ocr_par' dir='ltr' id='par_1_46' title="bbox 1879 1839 3538 1914">
     <span class='ocr_line' id='line_1_46' title="bbox 1879 1839 3538 1914; baseline 0.003 -16"><span class='ocrx_word' id='word_1_341' title='bbox 1879 1839 1922 1898; x_wconf 83' lang='lat' dir='ltr'><strong>B</strong></span> <span class='ocrx_word' id='word_1_342' title='bbox 1951 1844 2209 1900; x_wconf 76' lang='lat' dir='ltr'><strong>cordibus</strong></span> <span class='ocrx_word' id='word_1_343' title='bbox 2239 1853 2445 1900; x_wconf 85' lang='lat' dir='ltr'><strong>secreta</strong></span> <span class='ocrx_word' id='word_1_344' title='bbox 2477 1845 2794 1914; x_wconf 67' lang='lat' dir='ltr'><strong>ptrnitcntia</strong></span> <span class='ocrx_word' id='word_1_345' title='bbox 2841 1846 3094 1914; x_wconf 85' lang='lat' dir='ltr'><strong>inspirat,</strong></span> <span class='ocrx_word' id='word_1_346' title='bbox 3135 1855 3195 1900; x_wconf 91' lang='lat' dir='ltr'><strong>ut</strong></span> <span class='ocrx_word' id='word_1_347' title='bbox 3243 1847 3538 1904; x_wconf 83' lang='lat' dir='ltr'><strong>Zacharias</strong></span> 
     </span>
    </p>
   </div>
   <div class='ocr_carea' id='block_1_47' title="bbox 255 1917 1884 1990">
    <p class='ocr_par' dir='ltr' id='par_1_47' title="bbox 255 1917 1884 1990">
     <span class='ocr_line' id='line_1_47' title="bbox 255 1917 1884 1990; baseline -0.001 -15"><span class='ocrx_word' id='word_1_348' title='bbox 255 1917 312 1974; x_wconf 81' lang='lat' dir='ltr'><strong>id</strong></span> <span class='ocrx_word' id='word_1_349' title='bbox 339 1927 424 1975; x_wconf 91' lang='lat' dir='ltr'><strong>est</strong></span> <span class='ocrx_word' id='word_1_350' title='bbox 451 1919 760 1990; x_wconf 88' lang='lat' dir='ltr'><strong>propalare,</strong></span> <span class='ocrx_word' id='word_1_351' title='bbox 794 1918 940 1990; x_wconf 91' lang='lat' dir='ltr'><strong>quod</strong></span> <span class='ocrx_word' id='word_1_352' title='bbox 970 1927 1054 1974; x_wconf 89' lang='lat' dir='ltr'><strong>est</strong></span> <span class='ocrx_word' id='word_1_353' title='bbox 1081 1920 1260 1990; x_wconf 85' lang='lat' dir='ltr'><strong>palam</strong></span> <span class='ocrx_word' id='word_1_354' title='bbox 1298 1918 1475 1976; x_wconf 81' lang='lat' dir='ltr'><strong>facere</strong></span> <span class='ocrx_word' id='word_1_355' title='bbox 1501 1930 1556 1976; x_wconf 92' lang='lat' dir='ltr'><strong>et</strong></span> <span class='ocrx_word' id='word_1_356' title='bbox 1587 1923 1846 1978; x_wconf 87' lang='lat' dir='ltr'><strong>omnibus</strong></span> <span class='ocrx_word' id='word_1_357' title='bbox 1870 1961 1884 1974; x_wconf 93' lang='lat'><strong>.</strong></span> 
     </span>
    </p>
   </div>
   <div class='ocr_carea' id='block_1_48' title="bbox 253 2011 1872 2086">
    <p class='ocr_par' dir='ltr' id='par_1_48' title="bbox 253 2011 1872 2086">
     <span class='ocr_line' id='line_1_48' title="bbox 253 2011 1872 2086; baseline 0.002 -20"><span class='ocrx_word' id='word_1_358' title='bbox 253 2021 449 2067; x_wconf 90' lang='lat' dir='ltr'><strong>notum</strong></span> <span class='ocrx_word' id='word_1_359' title='bbox 495 2011 675 2068; x_wconf 88' lang='lat' dir='ltr'><strong>facere</strong></span> <span class='ocrx_word' id='word_1_360' title='bbox 721 2020 1068 2084; x_wconf 90' lang='lat' dir='ltr'><strong>conceptum.</strong></span> <span class='ocrx_word' id='word_1_361' title='bbox 1105 2031 1124 2064; x_wconf 75' lang='grc' dir='ltr'><strong>ι</strong></span> <span class='ocrx_word' id='word_1_362' title='bbox 1162 2012 1404 2070; x_wconf 91' lang='lat' dir='ltr'><strong>Occulte.</strong></span> <span class='ocrx_word' id='word_1_363' title='bbox 1439 2033 1458 2066; x_wconf 84' lang='grc' dir='ltr'><strong>ι</strong></span> <span class='ocrx_word' id='word_1_364' title='bbox 1494 2013 1573 2070; x_wconf 88' lang='lat' dir='ltr'><strong>Ne</strong></span> <span class='ocrx_word' id='word_1_365' title='bbox 1606 2023 1703 2070; x_wconf 89' lang='lat' dir='ltr'><strong>aut</strong></span> <span class='ocrx_word' id='word_1_366' title='bbox 1745 2031 1872 2086; x_wconf 48' lang='lat' dir='ltr'><strong>pug</strong></span> 
     </span>
    </p>
   </div>
   <div class='ocr_carea' id='block_1_49' title="bbox 1863 3185 1906 3243">
    <p class='ocr_par' dir='ltr' id='par_1_49' title="bbox 1863 3185 1906 3243">
     <span class='ocr_line' id='line_1_49' title="bbox 1863 3185 1906 3243; baseline 0 0"><span class='ocrx_word' id='word_1_367' title='bbox 1863 3185 1906 3243; x_wconf 91' lang='lat' dir='ltr'><strong>C</strong></span> 
     </span>
    </p>
   </div>
   <div class='ocr_carea' id='block_1_50' title="bbox 1949 1935 3540 2008">
    <p class='ocr_par' dir='ltr' id='par_1_50' title="bbox 1949 1935 3540 2008">
     <span class='ocr_line' id='line_1_50' title="bbox 1949 1935 3540 2008; baseline 0.004 -19"><span class='ocrx_word' id='word_1_368' title='bbox 1949 1935 2055 1989; x_wconf 89' lang='lat' dir='ltr'><strong>ait:</strong></span> <span class='ocrx_word' id='word_1_369' title='bbox 2091 1954 2109 1987; x_wconf 79' lang='grc' dir='ltr'><strong>ι</strong></span> <span class='ocrx_word' id='word_1_370' title='bbox 2150 1935 2216 1989; x_wconf 89' lang='grc' dir='ltr'>Ει</span> <span class='ocrx_word' id='word_1_371' title='bbox 2259 1935 2398 1990; x_wconf 84' lang='lat' dir='ltr'><strong>dixit</strong></span> <span class='ocrx_word' id='word_1_372' title='bbox 2439 1937 2572 1990; x_wconf 90' lang='lat' dir='ltr'><strong>mihi</strong></span> <span class='ocrx_word' id='word_1_373' title='bbox 2607 1937 2832 2007; x_wconf 85' lang='lat' dir='ltr'><strong>angelus</strong></span> <span class='ocrx_word' id='word_1_374' title='bbox 2864 1939 2958 2007; x_wconf 87' lang='lat' dir='ltr'><strong>qui</strong></span> <span class='ocrx_word' id='word_1_375' title='bbox 2991 1939 3316 2008; x_wconf 89' lang='lat' dir='ltr'><strong>loquebatur</strong></span> <span class='ocrx_word' id='word_1_376' title='bbox 3351 1940 3407 1995; x_wconf 91' lang='lat' dir='ltr'><strong>in</strong></span> <span class='ocrx_word' id='word_1_377' title='bbox 3450 1955 3540 1996; x_wconf 83' lang='lat' dir='ltr'><strong>me</strong></span> 
     </span>
    </p>
   </div>
   <div class='ocr_carea' id='block_1_51' title="bbox 1949 2024 3538 2101">
    <p class='ocr_par' dir='ltr' id='par_1_51' title="bbox 1949 2024 3538 2101">
     <span class='ocr_line' id='line_1_51' title="bbox 1949 2024 3538 2101; baseline 0.006 -22"><span class='ocrx_word' id='word_1_378' title='bbox 1949 2024 2135 2096; x_wconf 79' lang='lat' dir='ltr'><strong>(Zaclt.</strong></span> <span class='ocrx_word' id='word_1_379' title='bbox 2169 2026 2252 2095; x_wconf 88' lang='grc' dir='ltr'>ιι).</span> <span class='ocrx_word' id='word_1_380' title='bbox 2288 2047 2306 2077; x_wconf 80' lang='grc' dir='ltr'><strong>ι</strong></span> <span class='ocrx_word' id='word_1_381' title='bbox 2340 2025 2478 2081; x_wconf 91' lang='lat' dir='ltr'><strong>Cum</strong></span> <span class='ocrx_word' id='word_1_382' title='bbox 2509 2042 2636 2082; x_wconf 89' lang='lat' dir='ltr'><strong>vero</strong></span> <span class='ocrx_word' id='word_1_383' title='bbox 2681 2028 2769 2083; x_wconf 90' lang='lat' dir='ltr'><strong>hic</strong></span> <span class='ocrx_word' id='word_1_384' title='bbox 2799 2030 2958 2084; x_wconf 88' lang='lat' dir='ltr'><strong>beato</strong></span> <span class='ocrx_word' id='word_1_385' title='bbox 2987 2028 3188 2100; x_wconf 84' lang='lat' dir='ltr'><strong>Joseph</strong></span> <span class='ocrx_word' id='word_1_386' title='bbox 3218 2033 3538 2101; x_wconf 80' lang='lat' dir='ltr'><strong>apparuisse</strong></span> 
     </span>
    </p>
   </div>
   <div class='ocr_carea' id='block_1_52' title="bbox 1946 2117 3534 2196">
    <p class='ocr_par' dir='ltr' id='par_1_52' title="bbox 1946 2117 3534 2196">
     <span class='ocr_line' id='line_1_52' title="bbox 1946 2117 3534 2196; baseline 0.006 -25"><span class='ocrx_word' id='word_1_387' title='bbox 1946 2117 2150 2173; x_wconf 87' lang='lat' dir='ltr'><strong>dicitur</strong></span> <span class='ocrx_word' id='word_1_388' title='bbox 2191 2118 2430 2190; x_wconf 87' lang='lat' dir='ltr'><strong>imagine</strong></span> <span class='ocrx_word' id='word_1_389' title='bbox 2458 2121 2609 2174; x_wconf 88' lang='lat' dir='ltr'><strong>cordi</strong></span> <span class='ocrx_word' id='word_1_390' title='bbox 2637 2129 2858 2176; x_wconf 89' lang='lat' dir='ltr'><strong>ostensa</strong></span> <span class='ocrx_word' id='word_1_391' title='bbox 2916 2123 3188 2192; x_wconf 86' lang='lat' dir='ltr'><strong>apparuit.</strong></span> <span class='ocrx_word' id='word_1_392' title='bbox 3250 2141 3268 2172; x_wconf 75' lang='grc' dir='ltr'><strong>ι</strong></span> <span class='ocrx_word' id='word_1_393' title='bbox 3310 2123 3534 2196; x_wconf 69' lang='lat' dir='ltr'><strong>Ioseph,</strong></span> 
     </span>
    </p>
   </div>
   <div class='ocr_carea' id='block_1_53' title="bbox 1946 2209 3534 2284">
    <p class='ocr_par' dir='ltr' id='par_1_53' title="bbox 1946 2209 3534 2284">
     <span class='ocr_line' id='line_1_53' title="bbox 1946 2209 3534 2284; baseline 0.007 -21"><span class='ocrx_word' id='word_1_394' title='bbox 1946 2209 2020 2263; x_wconf 92' lang='lat' dir='ltr'><strong>ﬁli</strong></span> <span class='ocrx_word' id='word_1_395' title='bbox 2054 2209 2242 2264; x_wconf 90' lang='lat' dir='ltr'><strong>David.</strong></span> <span class='ocrx_word' id='word_1_396' title='bbox 2276 2230 2294 2262; x_wconf 78' lang='grc' dir='ltr'><strong>ι</strong></span> <span class='ocrx_word' id='word_1_397' title='bbox 2323 2210 2658 2267; x_wconf 90' lang='lat' dir='ltr'><strong>Blandientis</strong></span> <span class='ocrx_word' id='word_1_398' title='bbox 2682 2213 2877 2268; x_wconf 86' lang='lat' dir='ltr'><strong>aﬁ‘ectu</strong></span> <span class='ocrx_word' id='word_1_399' title='bbox 2918 2214 3162 2284; x_wconf 90' lang='lat' dir='ltr'><strong>loquitur</strong></span> <span class='ocrx_word' id='word_1_400' title='bbox 3188 2226 3375 2271; x_wconf 83' lang='lat' dir='ltr'><strong>notum</strong></span> <span class='ocrx_word' id='word_1_401' title='bbox 3409 2234 3534 2274; x_wconf 90' lang='lat' dir='ltr'><strong>cum</strong></span> 
     </span>
    </p>
   </div>
   <div class='ocr_carea' id='block_1_54' title="bbox 1945 2301 3537 2379">
    <p class='ocr_par' dir='ltr' id='par_1_54' title="bbox 1945 2301 3537 2379">
     <span class='ocr_line' id='line_1_54' title="bbox 1945 2301 3537 2379; baseline 0.004 -23"><span class='ocrx_word' id='word_1_402' title='bbox 1945 2301 2262 2371; x_wconf 82' lang='lat' dir='ltr'><strong>significans</strong></span> <span class='ocrx_word' id='word_1_403' title='bbox 2289 2311 2344 2357; x_wconf 92' lang='lat' dir='ltr'><strong>et</strong></span> <span class='ocrx_word' id='word_1_404' title='bbox 2365 2301 2719 2370; x_wconf 83' lang='lat' dir='ltr'><strong>familiarem,</strong></span> <span class='ocrx_word' id='word_1_405' title='bbox 2749 2305 2910 2375; x_wconf 82' lang='lat' dir='ltr'><strong>cujus</strong></span> <span class='ocrx_word' id='word_1_406' title='bbox 2939 2320 3137 2360; x_wconf 90' lang='lat' dir='ltr'><strong>nomen</strong></span> <span class='ocrx_word' id='word_1_407' title='bbox 3169 2315 3221 2362; x_wconf 84' lang='lat' dir='ltr'><strong>et</strong></span> <span class='ocrx_word' id='word_1_408' title='bbox 3242 2323 3413 2379; x_wconf 89' lang='lat' dir='ltr'><strong>genus</strong></span> <span class='ocrx_word' id='word_1_409' title='bbox 3440 2309 3537 2364; x_wconf 89' lang='lat' dir='ltr'><strong>de-</strong></span> 
     </span>
    </p>
   </div>
   <div class='ocr_carea' id='block_1_55' title="bbox 1944 2391 3537 2466">
    <p class='ocr_par' dir='ltr' id='par_1_55' title="bbox 1944 2391 3537 2466">
     <span class='ocr_line' id='line_1_55' title="bbox 1944 2391 3537 2466; baseline 0.004 -18"><span class='ocrx_word' id='word_1_410' title='bbox 1944 2393 2213 2464; x_wconf 80' lang='lat' dir='ltr'><strong>signatur.</strong></span> <span class='ocrx_word' id='word_1_411' title='bbox 2245 2391 2384 2449; x_wconf 85' lang='lat' dir='ltr'><strong>Hinc</strong></span> <span class='ocrx_word' id='word_1_412' title='bbox 2411 2404 2636 2465; x_wconf 86' lang='lat' dir='ltr'><strong>apparet</strong></span> <span class='ocrx_word' id='word_1_413' title='bbox 2674 2396 2819 2466; x_wconf 89' lang='lat' dir='ltr'><strong>quod</strong></span> <span class='ocrx_word' id='word_1_414' title='bbox 2854 2413 2920 2451; x_wconf 88' lang='lat' dir='ltr'><strong>ex</strong></span> <span class='ocrx_word' id='word_1_415' title='bbox 2949 2399 3139 2453; x_wconf 81' lang='lat' dir='ltr'><strong>eadem</strong></span> <span class='ocrx_word' id='word_1_416' title='bbox 3179 2401 3323 2453; x_wconf 88' lang='lat' dir='ltr'><strong>tribu</strong></span> <span class='ocrx_word' id='word_1_417' title='bbox 3379 2408 3537 2455; x_wconf 89' lang='lat' dir='ltr'><strong>erant</strong></span> 
     </span>
    </p>
   </div>
   <div class='ocr_carea' id='block_1_56' title="bbox 1941 2483 3531 2560">
    <p class='ocr_par' dir='ltr' id='par_1_56' title="bbox 1941 2483 3531 2560">
     <span class='ocr_line' id='line_1_56' title="bbox 1941 2483 3531 2560; baseline 0.005 -21"><span class='ocrx_word' id='word_1_418' title='bbox 1941 2483 2146 2554; x_wconf 81' lang='lat' dir='ltr'><strong>Joseph</strong></span> <span class='ocrx_word' id='word_1_419' title='bbox 2191 2494 2243 2540; x_wconf 90' lang='lat' dir='ltr'><strong>et</strong></span> <span class='ocrx_word' id='word_1_420' title='bbox 2288 2484 2480 2541; x_wconf 88' lang='lat' dir='ltr'><strong>Maria.</strong></span> <span class='ocrx_word' id='word_1_421' title='bbox 2525 2485 2687 2542; x_wconf 77' lang='lat' dir='ltr'><strong>Juxta</strong></span> <span class='ocrx_word' id='word_1_422' title='bbox 2738 2488 2914 2543; x_wconf 88' lang='lat' dir='ltr'><strong>illud:</strong></span> <span class='ocrx_word' id='word_1_423' title='bbox 2951 2507 2970 2540; x_wconf 77' lang='grc' dir='ltr'><strong>ι</strong></span> <span class='ocrx_word' id='word_1_424' title='bbox 3007 2487 3178 2544; x_wconf 90' lang='lat' dir='ltr'><strong>Nemo</strong></span> <span class='ocrx_word' id='word_1_425' title='bbox 3203 2491 3531 2560; x_wconf 85' lang='lat' dir='ltr'><strong>copuletur:</strong></span> 
     </span>
    </p>
   </div>
   <div class='ocr_carea' id='block_1_57' title="bbox 1941 2575 3534 2650">
    <p class='ocr_par' dir='ltr' id='par_1_57' title="bbox 1941 2575 3534 2650">
     <span class='ocr_line' id='line_1_57' title="bbox 1941 2575 3534 2650; baseline 0.004 -20"><span class='ocrx_word' id='word_1_426' title='bbox 1941 2576 2047 2631; x_wconf 89' lang='lat' dir='ltr'><strong>nisi</strong></span> <span class='ocrx_word' id='word_1_427' title='bbox 2080 2578 2148 2630; x_wconf 91' lang='lat' dir='ltr'><strong>de</strong></span> <span class='ocrx_word' id='word_1_428' title='bbox 2178 2576 2324 2631; x_wconf 86' lang='lat' dir='ltr'><strong>tribu</strong></span> <span class='ocrx_word' id='word_1_429' title='bbox 2357 2593 2454 2632; x_wconf 91' lang='lat' dir='ltr'><strong>sua</strong></span> <span class='ocrx_word' id='word_1_430' title='bbox 2481 2575 2678 2649; x_wconf 76' lang='lat' dir='ltr'><strong>(Exod.</strong></span> <span class='ocrx_word' id='word_1_431' title='bbox 2710 2584 2882 2648; x_wconf 74' lang='lat' dir='ltr'><strong>xxvr).</strong></span> <span class='ocrx_word' id='word_1_432' title='bbox 2922 2598 2940 2630; x_wconf 87' lang='grc' dir='ltr'><strong>ι</strong></span> <span class='ocrx_word' id='word_1_433' title='bbox 2979 2578 3032 2633; x_wconf 85' lang='lat' dir='ltr'><strong>In</strong></span> <span class='ocrx_word' id='word_1_434' title='bbox 3076 2595 3188 2650; x_wconf 88' lang='lat' dir='ltr'><strong>quo</strong></span> <span class='ocrx_word' id='word_1_435' title='bbox 3231 2583 3534 2637; x_wconf 89' lang='lat' dir='ltr'><strong>notandum</strong></span> 
     </span>
    </p>
   </div>
   <div class='ocr_carea' id='block_1_58' title="bbox 1941 2669 3532 2740">
    <p class='ocr_par' dir='ltr' id='par_1_58' title="bbox 1941 2669 3532 2740">
     <span class='ocr_line' id='line_1_58' title="bbox 1941 2669 3532 2740; baseline 0.004 -18"><span class='ocrx_word' id='word_1_436' title='bbox 1941 2669 2086 2740; x_wconf 92' lang='lat' dir='ltr'><strong>quod</strong></span> <span class='ocrx_word' id='word_1_437' title='bbox 2117 2683 2226 2724; x_wconf 92' lang='lat' dir='ltr'><strong>non</strong></span> <span class='ocrx_word' id='word_1_438' title='bbox 2257 2678 2368 2723; x_wconf 91' lang='lat' dir='ltr'><strong>tam</strong></span> <span class='ocrx_word' id='word_1_439' title='bbox 2409 2685 2574 2724; x_wconf 90' lang='lat' dir='ltr'><strong>carne</strong></span> <span class='ocrx_word' id='word_1_440' title='bbox 2595 2685 2759 2739; x_wconf 89' lang='lat' dir='ltr'><strong>quam</strong></span> <span class='ocrx_word' id='word_1_441' title='bbox 2791 2670 2986 2740; x_wconf 87' lang='lat' dir='ltr'><strong>spiritu</strong></span> <span class='ocrx_word' id='word_1_442' title='bbox 3016 2670 3185 2725; x_wconf 90' lang='lat' dir='ltr'><strong>ﬁlium</strong></span> <span class='ocrx_word' id='word_1_443' title='bbox 3211 2670 3378 2728; x_wconf 86' lang='lat' dir='ltr'><strong>David</strong></span> <span class='ocrx_word' id='word_1_444' title='bbox 3405 2689 3532 2728; x_wconf 89' lang='lat' dir='ltr'><strong>eum</strong></span> 
     </span>
    </p>
   </div>
   <div class='ocr_carea' id='block_1_59' title="bbox 1941 2761 3532 2834">
    <p class='ocr_par' dir='ltr' id='par_1_59' title="bbox 1941 2761 3532 2834">
     <span class='ocr_line' id='line_1_59' title="bbox 1941 2761 3532 2834; baseline 0.003 -19"><span class='ocrx_word' id='word_1_445' title='bbox 1941 2761 2101 2827; x_wconf 82' lang='lat' dir='ltr'><strong>dixit,</strong></span> <span class='ocrx_word' id='word_1_446' title='bbox 2136 2769 2197 2815; x_wconf 93' lang='lat' dir='ltr'><strong>ut</strong></span> <span class='ocrx_word' id='word_1_447' title='bbox 2223 2761 2434 2830; x_wconf 89' lang='lat' dir='ltr'><strong>justum</strong></span> <span class='ocrx_word' id='word_1_448' title='bbox 2464 2761 2642 2815; x_wconf 89' lang='lat' dir='ltr'><strong>virum</strong></span> <span class='ocrx_word' id='word_1_449' title='bbox 2672 2776 2738 2815; x_wconf 81' lang='lat' dir='ltr'><strong>ex</strong></span> <span class='ocrx_word' id='word_1_450' title='bbox 2773 2777 2970 2832; x_wconf 82' lang='lat' dir='ltr'><strong>genere</strong></span> <span class='ocrx_word' id='word_1_451' title='bbox 2994 2762 3128 2831; x_wconf 88' lang='lat' dir='ltr'><strong>justi</strong></span> <span class='ocrx_word' id='word_1_452' title='bbox 3173 2773 3532 2834; x_wconf 79' lang='lat' dir='ltr'><strong>propagatum</strong></span> 
     </span>
    </p>
   </div>
   <div class='ocr_carea' id='block_1_60' title="bbox 1939 2850 3535 2926">
    <p class='ocr_par' dir='ltr' id='par_1_60' title="bbox 1939 2850 3535 2926">
     <span class='ocr_line' id='line_1_60' title="bbox 1939 2850 3535 2926; baseline 0.003 -20"><span class='ocrx_word' id='word_1_453' title='bbox 1939 2852 2046 2906; x_wconf 93' lang='lat' dir='ltr'><strong>hoc</strong></span> <span class='ocrx_word' id='word_1_454' title='bbox 2092 2852 2364 2907; x_wconf 89' lang='lat' dir='ltr'><strong>meruisse</strong></span> <span class='ocrx_word' id='word_1_455' title='bbox 2395 2852 2716 2908; x_wconf 85' lang='lat' dir='ltr'><strong>declararet.</strong></span> <span class='ocrx_word' id='word_1_456' title='bbox 2762 2871 2780 2903; x_wconf 78' lang='grc' dir='ltr'><strong>ι</strong></span> <span class='ocrx_word' id='word_1_457' title='bbox 2817 2850 2937 2906; x_wconf 86' lang='lat' dir='ltr'><strong>Noli</strong></span> <span class='ocrx_word' id='word_1_458' title='bbox 2989 2853 3199 2919; x_wconf 88' lang='lat' dir='ltr'><strong>timere,</strong></span> <span class='ocrx_word' id='word_1_459' title='bbox 3238 2872 3256 2907; x_wconf 64' lang='grc' dir='ltr'><strong>ι</strong></span> <span class='ocrx_word' id='word_1_460' title='bbox 3309 2865 3535 2926; x_wconf 82' lang='lat' dir='ltr'><strong>apparet</strong></span> 
     </span>
    </p>
   </div>
   <div class='ocr_carea' id='block_1_61' title="bbox 1939 2943 3532 3018">
    <p class='ocr_par' dir='ltr' id='par_1_61' title="bbox 1939 2943 3532 3018">
     <span class='ocr_line' id='line_1_61' title="bbox 1939 2943 3532 3018; baseline 0.003 -22"><span class='ocrx_word' id='word_1_461' title='bbox 1939 2944 2086 3014; x_wconf 89' lang='lat' dir='ltr'><strong>quod</strong></span> <span class='ocrx_word' id='word_1_462' title='bbox 2114 2959 2282 3001; x_wconf 86' lang='lat' dir='ltr'><strong>causa</strong></span> <span class='ocrx_word' id='word_1_463' title='bbox 2317 2943 2529 2998; x_wconf 88' lang='lat' dir='ltr'><strong>timoris</strong></span> <span class='ocrx_word' id='word_1_464' title='bbox 2563 2945 2879 3014; x_wconf 89' lang='lat' dir='ltr'><strong>apparuerit</strong></span> <span class='ocrx_word' id='word_1_465' title='bbox 2905 2945 3180 3000; x_wconf 82' lang='lat' dir='ltr'><strong>dimittere</strong></span> <span class='ocrx_word' id='word_1_466' title='bbox 3224 2961 3367 3010; x_wconf 91' lang='lat' dir='ltr'><strong>eam,</strong></span> <span class='ocrx_word' id='word_1_467' title='bbox 3401 2947 3532 3018; x_wconf 87' lang='lat' dir='ltr'><strong>quia</strong></span> 
     </span>
    </p>
   </div>
   <div class='ocr_carea' id='block_1_62' title="bbox 1938 3035 3532 3109">
    <p class='ocr_par' dir='ltr' id='par_1_62' title="bbox 1938 3035 3532 3109">
     <span class='ocr_line' id='line_1_62' title="bbox 1938 3035 3532 3109; baseline 0.004 -21"><span class='ocrx_word' id='word_1_468' title='bbox 1938 3035 2167 3092; x_wconf 88' lang='lat' dir='ltr'><strong>timebat</strong></span> <span class='ocrx_word' id='word_1_469' title='bbox 2227 3035 2468 3106; x_wconf 90' lang='lat' dir='ltr'><strong>proﬁteri</strong></span> <span class='ocrx_word' id='word_1_470' title='bbox 2534 3035 2767 3106; x_wconf 89' lang='lat' dir='ltr'><strong>speciale</strong></span> <span class='ocrx_word' id='word_1_471' title='bbox 2812 3035 3148 3108; x_wconf 87' lang='lat' dir='ltr'><strong>conjugium.</strong></span> <span class='ocrx_word' id='word_1_472' title='bbox 3202 3035 3338 3094; x_wconf 84' lang='lat' dir='ltr'><strong>Vide</strong></span> <span class='ocrx_word' id='word_1_473' title='bbox 3383 3039 3532 3109; x_wconf 89' lang='lat' dir='ltr'><strong>quod</strong></span> 
     </span>
    </p>
   </div>
   <div class='ocr_carea' id='block_1_63' title="bbox 1938 3127 3530 3200">
    <p class='ocr_par' dir='ltr' id='par_1_63' title="bbox 1938 3127 3530 3200">
     <span class='ocr_line' id='line_1_63' title="bbox 1938 3127 3530 3200; baseline 0.003 -19"><span class='ocrx_word' id='word_1_474' title='bbox 1938 3136 2090 3182; x_wconf 78' lang='lat' dir='ltr'><strong>metu</strong></span> <span class='ocrx_word' id='word_1_475' title='bbox 2139 3128 2229 3184; x_wconf 92' lang='lat' dir='ltr'><strong>ille</strong></span> <span class='ocrx_word' id='word_1_476' title='bbox 2276 3143 2388 3183; x_wconf 90' lang='lat' dir='ltr'><strong>non</strong></span> <span class='ocrx_word' id='word_1_477' title='bbox 2443 3127 2514 3181; x_wconf 83' lang='lat' dir='ltr'><strong>sit</strong></span> <span class='ocrx_word' id='word_1_478' title='bbox 2560 3129 2854 3193; x_wconf 90' lang='lat' dir='ltr'><strong>coercitus,</strong></span> <span class='ocrx_word' id='word_1_479' title='bbox 2883 3143 2994 3198; x_wconf 91' lang='lat' dir='ltr'><strong>quo</strong></span> <span class='ocrx_word' id='word_1_480' title='bbox 3025 3129 3272 3200; x_wconf 86' lang='lat' dir='ltr'><strong>accipere</strong></span> <span class='ocrx_word' id='word_1_481' title='bbox 3301 3145 3530 3185; x_wconf 84' lang='lat' dir='ltr'><strong>uxorem</strong></span> 
     </span>
    </p>
   </div>
   <div class='ocr_carea' id='block_1_64' title="bbox 1939 3221 3528 3294">
    <p class='ocr_par' dir='ltr' id='par_1_64' title="bbox 1939 3221 3528 3294">
     <span class='ocr_line' id='line_1_64' title="bbox 1939 3221 3528 3294; baseline 0.003 -20"><span class='ocrx_word' id='word_1_482' title='bbox 1939 3221 2252 3291; x_wconf 89' lang='lat' dir='ltr'><strong>prohibitus</strong></span> <span class='ocrx_word' id='word_1_483' title='bbox 2275 3230 2378 3288; x_wconf 89' lang='lat' dir='ltr'><strong>est,</strong></span> <span class='ocrx_word' id='word_1_484' title='bbox 2407 3222 2500 3277; x_wconf 91' lang='lat' dir='ltr'><strong>sed</strong></span> <span class='ocrx_word' id='word_1_485' title='bbox 2525 3221 2750 3290; x_wconf 90' lang='lat' dir='ltr'><strong>jubetur</strong></span> <span class='ocrx_word' id='word_1_486' title='bbox 2778 3237 2847 3278; x_wconf 91' lang='lat' dir='ltr'><strong>ne</strong></span> <span class='ocrx_word' id='word_1_487' title='bbox 2869 3222 2936 3276; x_wconf 89' lang='lat' dir='ltr'><strong>ad</strong></span> <span class='ocrx_word' id='word_1_488' title='bbox 2965 3238 3120 3278; x_wconf 90' lang='lat' dir='ltr'><strong>suam</strong></span> <span class='ocrx_word' id='word_1_489' title='bbox 3151 3223 3528 3294; x_wconf 75' lang='lat' dir='ltr'><strong>ptenitentiam</strong></span> 
     </span>
    </p>
   </div>
   <div class='ocr_carea' id='block_1_65' title="bbox 246 3304 3530 3385">
    <p class='ocr_par' dir='ltr' id='par_1_65' title="bbox 246 3304 3530 3385">
     <span class='ocr_line' id='line_1_65' title="bbox 246 3304 3530 3385; baseline 0.002 -23"><span class='ocrx_word' id='word_1_490' title='bbox 246 3304 402 3362; x_wconf 85' lang='lat' dir='ltr'><strong>Bono</strong></span> <span class='ocrx_word' id='word_1_491' title='bbox 437 3307 557 3362; x_wconf 88' lang='lat' dir='ltr'><strong>viro</strong></span> <span class='ocrx_word' id='word_1_492' title='bbox 585 3316 640 3363; x_wconf 91' lang='lat' dir='ltr'><strong>et</strong></span> <span class='ocrx_word' id='word_1_493' title='bbox 662 3306 834 3378; x_wconf 89' lang='lat' dir='ltr'><strong>justo,</strong></span> <span class='ocrx_word' id='word_1_494' title='bbox 881 3309 1024 3363; x_wconf 90' lang='lat' dir='ltr'><strong>bona</strong></span> <span class='ocrx_word' id='word_1_495' title='bbox 1056 3317 1112 3362; x_wconf 87' lang='lat' dir='ltr'><strong>et</strong></span> <span class='ocrx_word' id='word_1_496' title='bbox 1149 3309 1296 3378; x_wconf 90' lang='lat' dir='ltr'><strong>justa</strong></span> <span class='ocrx_word' id='word_1_497' title='bbox 1338 3308 1622 3379; x_wconf 87' lang='lat' dir='ltr'><strong>cogitanti,</strong></span> <span class='ocrx_word' id='word_1_498' title='bbox 1654 3308 1837 3365; x_wconf 85' lang='lat' dir='ltr'><strong>bonus</strong></span> <span class='ocrx_word' id='word_1_499' title='bbox 1939 3311 2087 3368; x_wconf 89' lang='lat' dir='ltr'><strong>illam</strong></span> <span class='ocrx_word' id='word_1_500' title='bbox 2125 3314 2374 3383; x_wconf 88' lang='lat' dir='ltr'><strong>accipere</strong></span> <span class='ocrx_word' id='word_1_501' title='bbox 2419 3323 2694 3384; x_wconf 88' lang='lat' dir='ltr'><strong>pavescat.</strong></span> <span class='ocrx_word' id='word_1_502' title='bbox 2735 3312 2898 3369; x_wconf 87' lang='lat' dir='ltr'><strong>Prius</strong></span> <span class='ocrx_word' id='word_1_503' title='bbox 2925 3314 3092 3369; x_wconf 86' lang='lat' dir='ltr'><strong>timor</strong></span> <span class='ocrx_word' id='word_1_504' title='bbox 3123 3315 3434 3385; x_wconf 78' lang='lat' dir='ltr'><strong>expellitur,</strong></span> <span class='ocrx_word' id='word_1_505' title='bbox 3469 3323 3530 3370; x_wconf 86' lang='lat' dir='ltr'><strong>ut</strong></span> 
     </span>
    </p>
   </div>
   <div class='ocr_carea' id='block_1_66' title="bbox 243 3399 1834 3472">
    <p class='ocr_par' dir='ltr' id='par_1_66' title="bbox 243 3399 1834 3472">
     <span class='ocr_line' id='line_1_66' title="bbox 243 3399 1834 3472; baseline 0.003 -18"><span class='ocrx_word' id='word_1_506' title='bbox 243 3407 299 3454; x_wconf 89' lang='lat' dir='ltr'><strong>ct</strong></span> <span class='ocrx_word' id='word_1_507' title='bbox 344 3399 529 3469; x_wconf 87' lang='lat' dir='ltr'><strong>justus</strong></span> <span class='ocrx_word' id='word_1_508' title='bbox 576 3402 829 3471; x_wconf 87' lang='lat' dir='ltr'><strong>apparuit</strong></span> <span class='ocrx_word' id='word_1_509' title='bbox 867 3401 1114 3458; x_wconf 91' lang='lat' dir='ltr'><strong>nuntius.</strong></span> <span class='ocrx_word' id='word_1_510' title='bbox 1163 3400 1397 3472; x_wconf 86' lang='lat' dir='ltr'><strong>Ideoque</strong></span> <span class='ocrx_word' id='word_1_511' title='bbox 1421 3402 1640 3457; x_wconf 86' lang='lat' dir='ltr'><strong>additur</strong></span> <span class='ocrx_word' id='word_1_512' title='bbox 1673 3422 1692 3455; x_wconf 77' lang='grc' dir='ltr'><strong>ι</strong></span> <span class='ocrx_word' id='word_1_513' title='bbox 1723 3402 1834 3458; x_wconf 93' lang='lat' dir='ltr'><strong>Do-</strong></span> 
     </span>
    </p>
   </div>
   <div class='ocr_carea' id='block_1_67' title="bbox 243 3490 1830 3565">
    <p class='ocr_par' dir='ltr' id='par_1_67' title="bbox 243 3490 1830 3565">
     <span class='ocr_line' id='line_1_67' title="bbox 243 3490 1830 3565; baseline 0.003 -20"><span class='ocrx_word' id='word_1_514' title='bbox 243 3490 382 3546; x_wconf 90' lang='lat' dir='ltr'><strong>mini</strong></span> <span class='ocrx_word' id='word_1_515' title='bbox 416 3509 435 3544; x_wconf 79' lang='grc' dir='ltr'><strong>ι</strong></span> <span class='ocrx_word' id='word_1_516' title='bbox 484 3492 552 3547; x_wconf 85' lang='lat' dir='ltr'><strong>ad</strong></span> <span class='ocrx_word' id='word_1_517' title='bbox 600 3492 1006 3549; x_wconf 91' lang='lat' dir='ltr'><strong>distinctionem</strong></span> <span class='ocrx_word' id='word_1_518' title='bbox 1064 3502 1439 3564; x_wconf 87' lang='lat' dir='ltr'><strong>apostatarum</strong></span> <span class='ocrx_word' id='word_1_519' title='bbox 1491 3495 1830 3565; x_wconf 86' lang='lat' dir='ltr'><strong>angelorum.</strong></span> 
     </span>
    </p>
   </div>
   <div class='ocr_carea' id='block_1_68' title="bbox 244 3580 1836 3654">
    <p class='ocr_par' dir='ltr' id='par_1_68' title="bbox 244 3580 1836 3654">
     <span class='ocr_line' id='line_1_68' title="bbox 244 3580 1836 3654; baseline 0.003 -19"><span class='ocrx_word' id='word_1_520' title='bbox 244 3580 405 3637; x_wconf 78' lang='lat' dir='ltr'><strong>Hunc</strong></span> <span class='ocrx_word' id='word_1_521' title='bbox 442 3584 697 3654; x_wconf 84' lang='lat' dir='ltr'><strong>angelum</strong></span> <span class='ocrx_word' id='word_1_522' title='bbox 729 3582 1037 3639; x_wconf 88' lang='lat' dir='ltr'><strong>Cabrielem</strong></span> <span class='ocrx_word' id='word_1_523' title='bbox 1061 3583 1217 3638; x_wconf 89' lang='lat' dir='ltr'><strong>multi</strong></span> <span class='ocrx_word' id='word_1_524' title='bbox 1251 3591 1463 3653; x_wconf 91' lang='lat' dir='ltr'><strong>putant,</strong></span> <span class='ocrx_word' id='word_1_525' title='bbox 1485 3583 1640 3652; x_wconf 80' lang='lat' dir='ltr'><strong>juxta</strong></span> <span class='ocrx_word' id='word_1_526' title='bbox 1672 3583 1836 3640; x_wconf 72' lang='lat' dir='ltr'><strong>Lucae</strong></span> 
     </span>
    </p>
   </div>
   <div class='ocr_carea' id='block_1_69' title="bbox 240 3671 1833 3742">
    <p class='ocr_par' dir='ltr' id='par_1_69' title="bbox 240 3671 1833 3742">
     <span class='ocr_line' id='line_1_69' title="bbox 240 3671 1833 3742; baseline 0.001 -15"><span class='ocrx_word' id='word_1_527' title='bbox 240 3671 456 3729; x_wconf 81' lang='lat' dir='ltr'><strong>ﬁdelem</strong></span> <span class='ocrx_word' id='word_1_528' title='bbox 507 3673 897 3740; x_wconf 89' lang='lat' dir='ltr'><strong>narrationem,</strong></span> <span class='ocrx_word' id='word_1_529' title='bbox 948 3688 1060 3728; x_wconf 90' lang='lat' dir='ltr'><strong>non</strong></span> <span class='ocrx_word' id='word_1_530' title='bbox 1120 3673 1248 3742; x_wconf 91' lang='lat' dir='ltr'><strong>quia</strong></span> <span class='ocrx_word' id='word_1_531' title='bbox 1305 3672 1422 3742; x_wconf 90' lang='lat' dir='ltr'><strong>ipse</strong></span> <span class='ocrx_word' id='word_1_532' title='bbox 1479 3674 1552 3727; x_wconf 90' lang='lat' dir='ltr'><strong>sit</strong></span> <span class='ocrx_word' id='word_1_533' title='bbox 1605 3674 1833 3728; x_wconf 82' lang='lat' dir='ltr'><strong>mtntius</strong></span> 
     </span>
    </p>
   </div>
   <div class='ocr_carea' id='block_1_70' title="bbox 241 3764 1833 3836">
    <p class='ocr_par' dir='ltr' id='par_1_70' title="bbox 241 3764 1833 3836">
     <span class='ocr_line' id='line_1_70' title="bbox 241 3764 1833 3836; baseline 0.002 -17"><span class='ocrx_word' id='word_1_534' title='bbox 241 3764 549 3819; x_wconf 87' lang='lat' dir='ltr'><strong>nativitatis</strong></span> <span class='ocrx_word' id='word_1_535' title='bbox 603 3765 888 3829; x_wconf 92' lang='lat' dir='ltr'><strong>omnium,</strong></span> <span class='ocrx_word' id='word_1_536' title='bbox 940 3764 1070 3835; x_wconf 91' lang='lat' dir='ltr'><strong>quia</strong></span> <span class='ocrx_word' id='word_1_537' title='bbox 1130 3766 1520 3836; x_wconf 87' lang='lat' dir='ltr'><strong>interpretatur</strong></span> <span class='ocrx_word' id='word_1_538' title='bbox 1572 3764 1833 3822; x_wconf 82' lang='lat' dir='ltr'><strong>fortitudo</strong></span> 
     </span>
    </p>
   </div>
   <div class='ocr_carea' id='block_1_71' title="bbox 240 3853 1833 3923">
    <p class='ocr_par' dir='ltr' id='par_1_71' title="bbox 240 3853 1833 3923">
     <span class='ocr_line' id='line_1_71' title="bbox 240 3853 1833 3923; baseline 0.001 -11"><span class='ocrx_word' id='word_1_539' title='bbox 240 3853 374 3923; x_wconf 88' lang='lat' dir='ltr'><strong>Dei;</strong></span> <span class='ocrx_word' id='word_1_540' title='bbox 431 3864 487 3912; x_wconf 85' lang='lat' dir='ltr'><strong>et</strong></span> <span class='ocrx_word' id='word_1_541' title='bbox 511 3856 742 3912; x_wconf 87' lang='lat' dir='ltr'><strong>victoria</strong></span> <span class='ocrx_word' id='word_1_542' title='bbox 771 3856 1036 3912; x_wconf 88' lang='lat' dir='ltr'><strong>bellorum</strong></span> <span class='ocrx_word' id='word_1_543' title='bbox 1071 3866 1158 3914; x_wconf 83' lang='lat' dir='ltr'><strong>est</strong></span> <span class='ocrx_word' id='word_1_544' title='bbox 1193 3857 1243 3912; x_wconf 90' lang='lat' dir='ltr'><strong>ei</strong></span> <span class='ocrx_word' id='word_1_545' title='bbox 1279 3857 1594 3913; x_wconf 91' lang='lat' dir='ltr'><strong>commissa.</strong></span> <span class='ocrx_word' id='word_1_546' title='bbox 1624 3855 1689 3912; x_wconf 87' lang='lat' dir='ltr'><strong>Et</strong></span> <span class='ocrx_word' id='word_1_547' title='bbox 1711 3857 1833 3914; x_wconf 78' lang='lat' dir='ltr'><strong>ideo</strong></span> 
     </span>
    </p>
   </div>
   <div class='ocr_carea' id='block_1_72' title="bbox 242 3946 1832 4005">
    <p class='ocr_par' dir='ltr' id='par_1_72' title="bbox 242 3946 1832 4005">
     <span class='ocr_line' id='line_1_72' title="bbox 242 3946 1832 4005; baseline 0 -1"><span class='ocrx_word' id='word_1_548' title='bbox 242 3949 299 4005; x_wconf 85' lang='lat' dir='ltr'><strong>in</strong></span> <span class='ocrx_word' id='word_1_549' title='bbox 347 3949 629 4004; x_wconf 87' lang='lat' dir='ltr'><strong>nativitate</strong></span> <span class='ocrx_word' id='word_1_550' title='bbox 657 3946 886 4005; x_wconf 80' lang='lat' dir='ltr'><strong>Joannis</strong></span> <span class='ocrx_word' id='word_1_551' title='bbox 930 3957 983 4005; x_wconf 88' lang='lat' dir='ltr'><strong>et</strong></span> <span class='ocrx_word' id='word_1_552' title='bbox 1015 3947 1222 4004; x_wconf 89' lang='lat' dir='ltr'><strong>Christi</strong></span> <span class='ocrx_word' id='word_1_553' title='bbox 1257 3949 1322 4004; x_wconf 88' lang='lat' dir='ltr'><strong>ad</strong></span> <span class='ocrx_word' id='word_1_554' title='bbox 1350 3948 1681 4005; x_wconf 90' lang='lat' dir='ltr'><strong>vincendum</strong></span> <span class='ocrx_word' id='word_1_555' title='bbox 1723 3949 1832 4004; x_wconf 78' lang='lat' dir='ltr'><strong>ini-</strong></span> 
     </span>
    </p>
   </div>
   <div class='ocr_carea' id='block_1_73' title="bbox 241 4039 1832 4098">
    <p class='ocr_par' dir='ltr' id='par_1_73' title="bbox 241 4039 1832 4098">
     <span class='ocr_line' id='line_1_73' title="bbox 241 4039 1832 4098; baseline 0.002 -3"><span class='ocrx_word' id='word_1_556' title='bbox 241 4041 444 4096; x_wconf 88' lang='lat' dir='ltr'><strong>micum</strong></span> <span class='ocrx_word' id='word_1_557' title='bbox 474 4039 810 4096; x_wconf 89' lang='lat' dir='ltr'><strong>venientium</strong></span> <span class='ocrx_word' id='word_1_558' title='bbox 845 4049 992 4097; x_wconf 90' lang='lat' dir='ltr'><strong>recte</strong></span> <span class='ocrx_word' id='word_1_559' title='bbox 1022 4040 1277 4096; x_wconf 89' lang='lat' dir='ltr'><strong>mittitur.</strong></span> <span class='ocrx_word' id='word_1_560' title='bbox 1310 4039 1477 4096; x_wconf 80' lang='lat' dir='ltr'><strong>Recte</strong></span> <span class='ocrx_word' id='word_1_561' title='bbox 1507 4042 1574 4098; x_wconf 93' lang='lat' dir='ltr'><strong>de</strong></span> <span class='ocrx_word' id='word_1_562' title='bbox 1599 4041 1832 4098; x_wconf 89' lang='lat' dir='ltr'><strong>Domino</strong></span> 
     </span>
    </p>
   </div>
   <div class='ocr_carea' id='block_1_74' title="bbox 242 4132 1830 4204">
    <p class='ocr_par' dir='ltr' id='par_1_74' title="bbox 242 4132 1830 4204">
     <span class='ocr_line' id='line_1_74' title="bbox 242 4132 1830 4204; baseline -0.001 -15"><span class='ocrx_word' id='word_1_563' title='bbox 242 4147 464 4204; x_wconf 85' lang='lat' dir='ltr'><strong>quoque</strong></span> <span class='ocrx_word' id='word_1_564' title='bbox 508 4133 770 4204; x_wconf 85' lang='lat' dir='ltr'><strong>cogitanti</strong></span> <span class='ocrx_word' id='word_1_565' title='bbox 820 4141 1127 4203; x_wconf 89' lang='lat' dir='ltr'><strong>opportuna</strong></span> <span class='ocrx_word' id='word_1_566' title='bbox 1182 4132 1471 4188; x_wconf 87' lang='lat' dir='ltr'><strong>adhibetur</strong></span> <span class='ocrx_word' id='word_1_567' title='bbox 1501 4133 1830 4200; x_wconf 74' lang='lat' dir='ltr'><strong>consolatio,</strong></span> 
     </span>
    </p>
   </div>
   <div class='ocr_carea' id='block_1_75' title="bbox 241 4225 1832 4283">
    <p class='ocr_par' dir='ltr' id='par_1_75' title="bbox 241 4225 1832 4283">
     <span class='ocr_line' id='line_1_75' title="bbox 241 4225 1832 4283; baseline 0 -1"><span class='ocrx_word' id='word_1_568' title='bbox 241 4227 388 4283; x_wconf 86' lang='lat' dir='ltr'><strong>sicut</strong></span> <span class='ocrx_word' id='word_1_569' title='bbox 433 4232 489 4280; x_wconf 91' lang='lat' dir='ltr'><strong>et</strong></span> <span class='ocrx_word' id='word_1_570' title='bbox 518 4225 734 4282; x_wconf 91' lang='lat' dir='ltr'><strong>duobus</strong></span> <span class='ocrx_word' id='word_1_571' title='bbox 776 4225 951 4280; x_wconf 90' lang='lat' dir='ltr'><strong>invia</strong></span> <span class='ocrx_word' id='word_1_572' title='bbox 984 4226 1395 4282; x_wconf 87' lang='lat' dir='ltr'><strong>ambulantibus</strong></span> <span class='ocrx_word' id='word_1_573' title='bbox 1440 4234 1697 4282; x_wconf 88' lang='lat' dir='ltr'><strong>ostensus</strong></span> <span class='ocrx_word' id='word_1_574' title='bbox 1745 4233 1832 4282; x_wconf 90' lang='lat' dir='ltr'><strong>est</strong></span> 
     </span>
    </p>
   </div>
   <div class='ocr_carea' id='block_1_76' title="bbox 242 4311 1829 4388">
    <p class='ocr_par' dir='ltr' id='par_1_76' title="bbox 242 4311 1829 4388">
     <span class='ocr_line' id='line_1_76' title="bbox 242 4311 1829 4388; baseline 0.001 -14"><span class='ocrx_word' id='word_1_575' title='bbox 242 4311 499 4374; x_wconf 83' lang='lat' dir='ltr'><strong>Christus</strong></span> <span class='ocrx_word' id='word_1_576' title='bbox 534 4315 686 4386; x_wconf 85' lang='lat' dir='ltr'><strong>(Luc.</strong></span> <span class='ocrx_word' id='word_1_577' title='bbox 719 4315 1002 4386; x_wconf 72' lang='lat' dir='ltr'><strong>xxrv).¢_ln</strong></span> <span class='ocrx_word' id='word_1_578' title='bbox 1037 4317 1248 4373; x_wconf 91' lang='lat' dir='ltr'><strong>somnis</strong></span> <span class='ocrx_word' id='word_1_579' title='bbox 1279 4320 1548 4388; x_wconf 90' lang='lat' dir='ltr'><strong>apparuit.</strong></span> <span class='ocrx_word' id='word_1_580' title='bbox 1587 4337 1606 4371; x_wconf 81' lang='grc' dir='ltr'><strong>ι</strong></span> <span class='ocrx_word' id='word_1_581' title='bbox 1636 4318 1829 4375; x_wconf 90' lang='lat' dir='ltr'><strong>Sermo</strong></span> 
     </span>
    </p>
   </div>
   <div class='ocr_carea' id='block_1_77' title="bbox 242 4409 1830 4482">
    <p class='ocr_par' dir='ltr' id='par_1_77' title="bbox 242 4409 1830 4482">
     <span class='ocr_line' id='line_1_77' title="bbox 242 4409 1830 4482; baseline 0.002 -16"><span class='ocrx_word' id='word_1_582' title='bbox 242 4410 537 4482; x_wconf 85' lang='lat' dir='ltr'><strong>apparendi</strong></span> <span class='ocrx_word' id='word_1_583' title='bbox 585 4410 862 4466; x_wconf 88' lang='lat' dir='ltr'><strong>insolitam</strong></span> <span class='ocrx_word' id='word_1_584' title='bbox 912 4425 1028 4465; x_wconf 89' lang='lat' dir='ltr'><strong>rem</strong></span> <span class='ocrx_word' id='word_1_585' title='bbox 1077 4410 1364 4480; x_wconf 85' lang='lat' dir='ltr'><strong>signiﬁcat.</strong></span> <span class='ocrx_word' id='word_1_586' title='bbox 1399 4409 1623 4468; x_wconf 92' lang='lat' dir='ltr'><strong>Duobus</strong></span> <span class='ocrx_word' id='word_1_587' title='bbox 1650 4412 1830 4469; x_wconf 89' lang='lat' dir='ltr'><strong>modis</strong></span> 
     </span>
    </p>
   </div>
   <div class='ocr_carea' id='block_1_78' title="bbox 1937 3405 3528 3480">
    <p class='ocr_par' dir='ltr' id='par_1_78' title="bbox 1937 3405 3528 3480">
     <span class='ocr_line' id='line_1_78' title="bbox 1937 3405 3528 3480; baseline 0.003 -20"><span class='ocrx_word' id='word_1_588' title='bbox 1937 3405 2199 3462; x_wconf 89' lang='lat' dir='ltr'><strong>libentius</strong></span> <span class='ocrx_word' id='word_1_589' title='bbox 2257 3407 2486 3462; x_wconf 87' lang='lat' dir='ltr'><strong>dicenda</strong></span> <span class='ocrx_word' id='word_1_590' title='bbox 2542 3415 2728 3477; x_wconf 87' lang='lat' dir='ltr'><strong>postea</strong></span> <span class='ocrx_word' id='word_1_591' title='bbox 2792 3407 3106 3463; x_wconf 89' lang='lat' dir='ltr'><strong>audiantur.</strong></span> <span class='ocrx_word' id='word_1_592' title='bbox 3173 3426 3192 3459; x_wconf 80' lang='grc' dir='ltr'><strong>ι</strong></span> <span class='ocrx_word' id='word_1_593' title='bbox 3227 3409 3528 3480; x_wconf 84' lang='lat' dir='ltr'><strong>Conjugem</strong></span> 
     </span>
    </p>
   </div>
   <div class='ocr_carea' id='block_1_79' title="bbox 1936 3495 3528 3568">
    <p class='ocr_par' dir='ltr' id='par_1_79' title="bbox 1936 3495 3528 3568">
     <span class='ocr_line' id='line_1_79' title="bbox 1936 3495 3528 3568; baseline 0.004 -19"><span class='ocrx_word' id='word_1_594' title='bbox 1936 3502 2109 3551; x_wconf 92' lang='lat' dir='ltr'><strong>tuam.</strong></span> <span class='ocrx_word' id='word_1_595' title='bbox 2133 3515 2152 3548; x_wconf 75' lang='grc' dir='ltr'><strong>ι</strong></span> <span class='ocrx_word' id='word_1_596' title='bbox 2183 3495 2334 3552; x_wconf 90' lang='lat' dir='ltr'><strong>Solet</strong></span> <span class='ocrx_word' id='word_1_597' title='bbox 2358 3495 2643 3568; x_wconf 87' lang='lat' dir='ltr'><strong>Scriptura</strong></span> <span class='ocrx_word' id='word_1_598' title='bbox 2665 3511 2896 3567; x_wconf 89' lang='lat' dir='ltr'><strong>sponsas</strong></span> <span class='ocrx_word' id='word_1_599' title='bbox 2921 3498 3181 3568; x_wconf 76' lang='lat' dir='ltr'><strong>conjuges</strong></span> <span class='ocrx_word' id='word_1_600' title='bbox 3209 3498 3297 3554; x_wconf 88' lang='lat' dir='ltr'><strong>vel</strong></span> <span class='ocrx_word' id='word_1_601' title='bbox 3327 3514 3528 3556; x_wconf 77' lang='lat' dir='ltr'><strong>uxores</strong></span> 
     </span>
    </p>
   </div>
   <div class='ocr_carea' id='block_1_80' title="bbox 1941 3586 3528 3662">
    <p class='ocr_par' dir='ltr' id='par_1_80' title="bbox 1941 3586 3528 3662">
     <span class='ocr_line' id='line_1_80' title="bbox 1941 3586 3528 3662; baseline 0.004 -22"><span class='ocrx_word' id='word_1_602' title='bbox 1941 3600 2162 3642; x_wconf 72' lang='lat' dir='ltr'><strong>vocare.</strong></span> <span class='ocrx_word' id='word_1_603' title='bbox 2197 3586 2322 3643; x_wconf 89' lang='lat' dir='ltr'><strong>Sive</strong></span> <span class='ocrx_word' id='word_1_604' title='bbox 2368 3588 2492 3644; x_wconf 91' lang='lat' dir='ltr'><strong>ideo</strong></span> <span class='ocrx_word' id='word_1_605' title='bbox 2534 3587 2703 3643; x_wconf 85' lang='lat' dir='ltr'><strong>Maria</strong></span> <span class='ocrx_word' id='word_1_606' title='bbox 2735 3589 2937 3659; x_wconf 85' lang='lat' dir='ltr'><strong>conjux</strong></span> <span class='ocrx_word' id='word_1_607' title='bbox 2980 3588 3201 3656; x_wconf 89' lang='lat' dir='ltr'><strong>dicitur,</strong></span> <span class='ocrx_word' id='word_1_608' title='bbox 3243 3589 3374 3662; x_wconf 86' lang='lat' dir='ltr'><strong>quia</strong></span> <span class='ocrx_word' id='word_1_609' title='bbox 3422 3589 3528 3647; x_wconf 85' lang='lat' dir='ltr'><strong>sub</strong></span> 
     </span>
    </p>
   </div>
   <div class='ocr_carea' id='block_1_81' title="bbox 1935 3678 3528 3752">
    <p class='ocr_par' dir='ltr' id='par_1_81' title="bbox 1935 3678 3528 3752">
     <span class='ocr_line' id='line_1_81' title="bbox 1935 3678 3528 3752; baseline 0.004 -20"><span class='ocrx_word' id='word_1_610' title='bbox 1935 3678 2124 3734; x_wconf 87' lang='lat' dir='ltr'><strong>eodem</strong></span> <span class='ocrx_word' id='word_1_611' title='bbox 2149 3679 2281 3748; x_wconf 88' lang='lat' dir='ltr'><strong>jugo</strong></span> <span class='ocrx_word' id='word_1_612' title='bbox 2315 3679 2585 3735; x_wconf 91' lang='lat' dir='ltr'><strong>educandi</strong></span> <span class='ocrx_word' id='word_1_613' title='bbox 2635 3681 2960 3736; x_wconf 89' lang='lat' dir='ltr'><strong>salvatorem</strong></span> <span class='ocrx_word' id='word_1_614' title='bbox 2997 3690 3136 3736; x_wconf 89' lang='lat' dir='ltr'><strong>erat.</strong></span> <span class='ocrx_word' id='word_1_615' title='bbox 3171 3701 3190 3734; x_wconf 74' lang='grc' dir='ltr'><strong>ι</strong></span> <span class='ocrx_word' id='word_1_616' title='bbox 3233 3683 3410 3752; x_wconf 87' lang='lat' dir='ltr'><strong>Quod,</strong></span> <span class='ocrx_word' id='word_1_617' title='bbox 3441 3683 3528 3739; x_wconf 89' lang='lat' dir='ltr'><strong>in-</strong></span> 
     </span>
    </p>
   </div>
   <div class='ocr_carea' id='block_1_82' title="bbox 1935 3770 3526 3844">
    <p class='ocr_par' dir='ltr' id='par_1_82' title="bbox 1935 3770 3526 3844">
     <span class='ocr_line' id='line_1_82' title="bbox 1935 3770 3526 3844; baseline 0.006 -21"><span class='ocrx_word' id='word_1_618' title='bbox 1935 3770 2074 3840; x_wconf 85' lang='lat' dir='ltr'><strong>quit,</strong></span> <span class='ocrx_word' id='word_1_619' title='bbox 2099 3781 2310 3836; x_wconf 91' lang='lat' dir='ltr'><strong>natum,</strong></span> <span class='ocrx_word' id='word_1_620' title='bbox 2344 3791 2362 3821; x_wconf 78' lang='grc' dir='ltr'><strong>ι</strong></span> <span class='ocrx_word' id='word_1_621' title='bbox 2400 3787 2510 3826; x_wconf 90' lang='lat' dir='ltr'><strong>non</strong></span> <span class='ocrx_word' id='word_1_622' title='bbox 2558 3774 2902 3829; x_wconf 77' lang='lat' dir='ltr'><strong>extrinsecus</strong></span> <span class='ocrx_word' id='word_1_623' title='bbox 2927 3774 3402 3844; x_wconf 80' lang='lat' dir='ltr'><strong>est&#39;seminatum,</strong></span> <span class='ocrx_word' id='word_1_624' title='bbox 3430 3776 3526 3833; x_wconf 87' lang='lat' dir='ltr'><strong>sed</strong></span> 
     </span>
    </p>
   </div>
   <div class='ocr_carea' id='block_1_83' title="bbox 1933 3861 3528 3937">
    <p class='ocr_par' dir='ltr' id='par_1_83' title="bbox 1933 3861 3528 3937">
     <span class='ocr_line' id='line_1_83' title="bbox 1933 3861 3528 3937; baseline 0.004 -21"><span class='ocrx_word' id='word_1_625' title='bbox 1933 3862 2002 3917; x_wconf 91' lang='lat' dir='ltr'><strong>de</strong></span> <span class='ocrx_word' id='word_1_626' title='bbox 2030 3861 2234 3932; x_wconf 90' lang='lat' dir='ltr'><strong>Spiritu</strong></span> <span class='ocrx_word' id='word_1_627' title='bbox 2265 3872 2476 3918; x_wconf 90' lang='lat' dir='ltr'><strong>sancto.</strong></span> <span class='ocrx_word' id='word_1_628' title='bbox 2531 3862 2631 3920; x_wconf 91' lang='lat' dir='ltr'><strong>Hic</strong></span> <span class='ocrx_word' id='word_1_629' title='bbox 2677 3865 2911 3920; x_wconf 89' lang='lat' dir='ltr'><strong>solvitur</strong></span> <span class='ocrx_word' id='word_1_630' title='bbox 2952 3866 3099 3935; x_wconf 90' lang='lat' dir='ltr'><strong>quod</strong></span> <span class='ocrx_word' id='word_1_631' title='bbox 3130 3863 3332 3937; x_wconf 88' lang='lat' dir='ltr'><strong>Joseph</strong></span> <span class='ocrx_word' id='word_1_632' title='bbox 3387 3868 3528 3923; x_wconf 81' lang='lat' dir='ltr'><strong>scic-</strong></span> 
     </span>
    </p>
   </div>
   <div class='ocr_carea' id='block_1_84' title="bbox 1933 3952 3527 4024">
    <p class='ocr_par' dir='ltr' id='par_1_84' title="bbox 1933 3952 3527 4024">
     <span class='ocr_line' id='line_1_84' title="bbox 1933 3952 3527 4024; baseline 0.001 -16"><span class='ocrx_word' id='word_1_633' title='bbox 1933 3952 2024 4020; x_wconf 86' lang='lat' dir='ltr'><strong>rit,</strong></span> <span class='ocrx_word' id='word_1_634' title='bbox 2074 3953 2206 4022; x_wconf 89' lang='lat' dir='ltr'><strong>quid</strong></span> <span class='ocrx_word' id='word_1_635' title='bbox 2257 3952 2610 4024; x_wconf 87' lang='lat' dir='ltr'><strong>ignoraverit.</strong></span> <span class='ocrx_word' id='word_1_636' title='bbox 2655 3954 3066 4024; x_wconf 63' lang='lat' dir='ltr'><strong>(AucrsrmusJ</strong></span> <span class='ocrx_word' id='word_1_637' title='bbox 3135 3954 3240 4010; x_wconf 90' lang='lat' dir='ltr'><strong>Sed</strong></span> <span class='ocrx_word' id='word_1_638' title='bbox 3287 3972 3398 4011; x_wconf 91' lang='lat' dir='ltr'><strong>non</strong></span> <span class='ocrx_word' id='word_1_639' title='bbox 3454 3957 3527 4010; x_wconf 92' lang='lat' dir='ltr'><strong>ob</strong></span> 
     </span>
    </p>
   </div>
   <div class='ocr_carea' id='block_1_85' title="bbox 1933 4043 3526 4114">
    <p class='ocr_par' dir='ltr' id='par_1_85' title="bbox 1933 4043 3526 4114">
     <span class='ocr_line' id='line_1_85' title="bbox 1933 4043 3526 4114; baseline 0.003 -15"><span class='ocrx_word' id='word_1_640' title='bbox 1933 4044 2040 4100; x_wconf 91' lang='lat' dir='ltr'><strong>hoc</strong></span> <span class='ocrx_word' id='word_1_641' title='bbox 2093 4043 2332 4114; x_wconf 89' lang='lat' dir='ltr'><strong>Spiritu‘s</strong></span> <span class='ocrx_word' id='word_1_642' title='bbox 2381 4053 2539 4114; x_wconf 90' lang='lat' dir='ltr'><strong>pater</strong></span> <span class='ocrx_word' id='word_1_643' title='bbox 2590 4044 2796 4100; x_wconf 89' lang='lat' dir='ltr'><strong>Christi</strong></span> <span class='ocrx_word' id='word_1_644' title='bbox 2845 4045 3248 4102; x_wconf 79' lang='lat' dir='ltr'><strong>existimandus</strong></span> <span class='ocrx_word' id='word_1_645' title='bbox 3296 4056 3410 4112; x_wconf 88' lang='lat' dir='ltr'><strong>est,</strong></span> <span class='ocrx_word' id='word_1_646' title='bbox 3467 4058 3526 4103; x_wconf 92' lang='lat' dir='ltr'><strong>ut</strong></span> 
     </span>
    </p>
   </div>
   <div class='ocr_carea' id='block_1_86' title="bbox 1933 4135 3523 4208">
    <p class='ocr_par' dir='ltr' id='par_1_86' title="bbox 1933 4135 3523 4208">
     <span class='ocr_line' id='line_1_86' title="bbox 1933 4135 3523 4208; baseline 0.004 -18"><span class='ocrx_word' id='word_1_647' title='bbox 1933 4135 2078 4193; x_wconf 88' lang='lat' dir='ltr'><strong>Deus</strong></span> <span class='ocrx_word' id='word_1_648' title='bbox 2092 4136 2255 4192; x_wconf 89' lang='lat' dir='ltr'><strong>Pater</strong></span> <span class='ocrx_word' id='word_1_649' title='bbox 2271 4135 2508 4192; x_wconf 82' lang='lat' dir='ltr'><strong>Verbum</strong></span> <span class='ocrx_word' id='word_1_650' title='bbox 2527 4139 2800 4207; x_wconf 81' lang='lat' dir='ltr'><strong>genuerit;</strong></span> <span class='ocrx_word' id='word_1_651' title='bbox 2823 4137 3057 4208; x_wconf 89' lang='lat' dir='ltr'><strong>Spiritus</strong></span> <span class='ocrx_word' id='word_1_652' title='bbox 3073 4156 3200 4196; x_wconf 90' lang='lat' dir='ltr'><strong>vero</strong></span> <span class='ocrx_word' id='word_1_653' title='bbox 3220 4141 3523 4202; x_wconf 89' lang='lat' dir='ltr'><strong>hominem.</strong></span> 
     </span>
    </p>
   </div>
   <div class='ocr_carea' id='block_1_87' title="bbox 1935 4223 3522 4303">
    <p class='ocr_par' dir='ltr' id='par_1_87' title="bbox 1935 4223 3522 4303">
     <span class='ocr_line' id='line_1_87' title="bbox 1935 4223 3522 4303; baseline 0.004 -22"><span class='ocrx_word' id='word_1_654' title='bbox 1935 4223 2039 4282; x_wconf 91' lang='lat' dir='ltr'><strong>Sed</strong></span> <span class='ocrx_word' id='word_1_655' title='bbox 2083 4227 2214 4299; x_wconf 90' lang='lat' dir='ltr'><strong>quia</strong></span> <span class='ocrx_word' id='word_1_656' title='bbox 2263 4229 2386 4298; x_wconf 91' lang='lat' dir='ltr'><strong>ejus</strong></span> <span class='ocrx_word' id='word_1_657' title='bbox 2433 4228 2740 4282; x_wconf 84' lang='lat' dir='ltr'><strong>ministerio</strong></span> <span class='ocrx_word' id='word_1_658' title='bbox 2769 4229 2962 4284; x_wconf 91' lang='lat' dir='ltr'><strong>civitas</strong></span> <span class='ocrx_word' id='word_1_659' title='bbox 2991 4228 3195 4285; x_wconf 87' lang='lat' dir='ltr'><strong>Cbristi</strong></span> <span class='ocrx_word' id='word_1_660' title='bbox 3227 4231 3522 4303; x_wconf 86' lang='lat' dir='ltr'><strong>adimplcta</strong></span> 
     </span>
    </p>
   </div>
   <div class='ocr_carea' id='block_1_88' title="bbox 1932 4309 3524 4381">
    <p class='ocr_par' dir='ltr' id='par_1_88' title="bbox 1932 4309 3524 4381">
     <span class='ocr_line' id='line_1_88' title="bbox 1932 4309 3524 4381; baseline 0.004 -6"><span class='ocrx_word' id='word_1_661' title='bbox 1932 4319 2022 4375; x_wconf 91' lang='lat' dir='ltr'><strong>sit.</strong></span> <span class='ocrx_word' id='word_1_662' title='bbox 2061 4338 2080 4372; x_wconf 76' lang='grc' dir='ltr'><strong>ι</strong></span> <span class='ocrx_word' id='word_1_663' title='bbox 2128 4318 2312 4376; x_wconf 86' lang='lat' dir='ltr'><strong>Pariet</strong></span> <span class='ocrx_word' id='word_1_664' title='bbox 2359 4328 2543 4375; x_wconf 91' lang='lat' dir='ltr'><strong>autem</strong></span> <span class='ocrx_word' id='word_1_665' title='bbox 2583 4320 2777 4376; x_wconf 91' lang='lat' dir='ltr'><strong>ﬁlium.</strong></span> <span class='ocrx_word' id='word_1_666' title='bbox 2818 4340 2836 4372; x_wconf 82' lang='grc' dir='ltr'><strong>ι</strong></span> <span class='ocrx_word' id='word_1_667' title='bbox 2868 4309 3068 4377; x_wconf 75' lang='lat' dir='ltr'><strong>Parere</strong></span> <span class='ocrx_word' id='word_1_668' title='bbox 3127 4331 3308 4380; x_wconf 87' lang='lat' dir='ltr'><strong>tamen</strong></span> <span class='ocrx_word' id='word_1_669' title='bbox 3361 4323 3524 4381; x_wconf 88' lang='lat' dir='ltr'><strong>faciet</strong></span> 
     </span>
    </p>
   </div>
   <div class='ocr_carea' id='block_1_89' title="bbox 1931 4412 3523 4486">
    <p class='ocr_par' dir='ltr' id='par_1_89' title="bbox 1931 4412 3523 4486">
     <span class='ocr_line' id='line_1_89' title="bbox 1931 4412 3523 4486; baseline 0.004 -18"><span class='ocrx_word' id='word_1_670' title='bbox 1931 4412 2051 4468; x_wconf 86' lang='lat' dir='ltr'><strong>sine</strong></span> <span class='ocrx_word' id='word_1_671' title='bbox 2093 4413 2283 4469; x_wconf 91' lang='lat' dir='ltr'><strong>dolore</strong></span> <span class='ocrx_word' id='word_1_672' title='bbox 2323 4413 2599 4485; x_wconf 89' lang='lat' dir='ltr'><strong>pariendi,</strong></span> <span class='ocrx_word' id='word_1_673' title='bbox 2647 4414 2789 4470; x_wconf 89' lang='lat' dir='ltr'><strong>sicut</strong></span> <span class='ocrx_word' id='word_1_674' title='bbox 2818 4415 2937 4470; x_wconf 88' lang='lat' dir='ltr'><strong>sine</strong></span> <span class='ocrx_word' id='word_1_675' title='bbox 2984 4418 3192 4486; x_wconf 87' lang='lat' dir='ltr'><strong>peccati</strong></span> <span class='ocrx_word' id='word_1_676' title='bbox 3239 4417 3523 4474; x_wconf 89' lang='lat' dir='ltr'><strong>voluntate</strong></span> 
     </span>
    </p>
   </div>
   <div class='ocr_carea' id='block_1_90' title="bbox 240 4502 3520 4596">
    <p class='ocr_par' dir='ltr' id='par_1_90' title="bbox 240 4502 3520 4596">
     <span class='ocr_line' id='line_1_90' title="bbox 240 4502 3520 4596; baseline 0.002 -37"><span class='ocrx_word' id='word_1_677' title='bbox 240 4503 446 4586; x_wconf 84' lang='lat' dir='ltr'><strong>locutio</strong></span> <span class='ocrx_word' id='word_1_678' title='bbox 479 4502 663 4558; x_wconf 87' lang='lat' dir='ltr'><strong>divina</strong></span> <span class='ocrx_word' id='word_1_679' title='bbox 689 4504 1064 4576; x_wconf 84' lang='lat' dir='ltr'><strong>distinguitur,</strong></span> <span class='ocrx_word' id='word_1_680' title='bbox 1096 4511 1192 4558; x_wconf 89' lang='lat' dir='ltr'><strong>aut</strong></span> <span class='ocrx_word' id='word_1_681' title='bbox 1221 4518 1316 4574; x_wconf 90' lang='lat' dir='ltr'><strong>per</strong></span> <span class='ocrx_word' id='word_1_682' title='bbox 1345 4504 1568 4575; x_wconf 87' lang='lat' dir='ltr'><strong>angelos</strong></span> <span class='ocrx_word' id='word_1_683' title='bbox 1594 4513 1692 4560; x_wconf 82' lang='lat' dir='ltr'><strong>aut</strong></span> <span class='ocrx_word' id='word_1_684' title='bbox 1730 4521 1828 4577; x_wconf 90' lang='lat' dir='ltr'><strong>per</strong></span> <span class='ocrx_word' id='word_1_685' title='bbox 1860 4541 1906 4596; x_wconf 65' lang='grc' dir='ltr'><strong><em>Β</em></strong></span> <span class='ocrx_word' id='word_1_686' title='bbox 1935 4503 2037 4558; x_wconf 88' lang='lat' dir='ltr'><strong>fuit</strong></span> <span class='ocrx_word' id='word_1_687' title='bbox 2086 4515 2404 4577; x_wconf 90' lang='lat' dir='ltr'><strong>conceptus.</strong></span> <span class='ocrx_word' id='word_1_688' title='bbox 2463 4503 2556 4562; x_wconf 89' lang='lat' dir='ltr'><strong>Sic</strong></span> <span class='ocrx_word' id='word_1_689' title='bbox 2605 4515 2982 4564; x_wconf 90' lang='lat' dir='ltr'><strong>monstrantur</strong></span> <span class='ocrx_word' id='word_1_690' title='bbox 3028 4519 3267 4582; x_wconf 90' lang='lat' dir='ltr'><strong>quatuor</strong></span> <span class='ocrx_word' id='word_1_691' title='bbox 3312 4513 3520 4569; x_wconf 85' lang='lat' dir='ltr'><strong>incerta</strong></span> 
     </span>
    </p>
   </div>
   <div class='ocr_carea' id='block_1_91' title="bbox 241 4595 1828 4669">
    <p class='ocr_par' dir='ltr' id='par_1_91' title="bbox 241 4595 1828 4669">
     <span class='ocr_line' id='line_1_91' title="bbox 241 4595 1828 4669; baseline 0.001 -16"><span class='ocrx_word' id='word_1_692' title='bbox 241 4597 617 4666; x_wconf 80' lang='lat' dir='ltr'><strong>semetipsum.</strong></span> <span class='ocrx_word' id='word_1_693' title='bbox 657 4595 761 4652; x_wconf 90' lang='lat' dir='ltr'><strong>Sed</strong></span> <span class='ocrx_word' id='word_1_694' title='bbox 793 4613 917 4652; x_wconf 90' lang='lat' dir='ltr'><strong>cum</strong></span> <span class='ocrx_word' id='word_1_695' title='bbox 969 4613 1067 4668; x_wconf 91' lang='lat' dir='ltr'><strong>per</strong></span> <span class='ocrx_word' id='word_1_696' title='bbox 1114 4598 1469 4668; x_wconf 90' lang='lat' dir='ltr'><strong>semetipsum</strong></span> <span class='ocrx_word' id='word_1_697' title='bbox 1504 4597 1620 4653; x_wconf 91' lang='lat' dir='ltr'><strong>sola</strong></span> <span class='ocrx_word' id='word_1_698' title='bbox 1655 4598 1828 4669; x_wconf 87' lang='lat' dir='ltr'><strong>inspi-</strong></span> 
     </span>
    </p>
   </div>
   <div class='ocr_carea' id='block_1_92' title="bbox 239 4687 1826 4762">
    <p class='ocr_par' dir='ltr' id='par_1_92' title="bbox 239 4687 1826 4762">
     <span class='ocr_line' id='line_1_92' title="bbox 239 4687 1826 4762; baseline 0.001 -18"><span class='ocrx_word' id='word_1_699' title='bbox 239 4687 453 4744; x_wconf 89' lang='lat' dir='ltr'><strong>ratione</strong></span> <span class='ocrx_word' id='word_1_700' title='bbox 483 4687 697 4744; x_wconf 87' lang='lat' dir='ltr'><strong>interna</strong></span> <span class='ocrx_word' id='word_1_701' title='bbox 736 4689 856 4746; x_wconf 90' lang='lat' dir='ltr'><strong>sine</strong></span> <span class='ocrx_word' id='word_1_702' title='bbox 883 4690 1065 4745; x_wconf 87' lang='lat' dir='ltr'><strong>verbis</strong></span> <span class='ocrx_word' id='word_1_703' title='bbox 1107 4699 1161 4745; x_wconf 92' lang='lat' dir='ltr'><strong>et</strong></span> <span class='ocrx_word' id='word_1_704' title='bbox 1189 4689 1410 4762; x_wconf 88' lang='lat' dir='ltr'><strong>syllabis</strong></span> <span class='ocrx_word' id='word_1_705' title='bbox 1457 4704 1554 4744; x_wconf 92' lang='lat' dir='ltr'><strong>cor</strong></span> <span class='ocrx_word' id='word_1_706' title='bbox 1580 4690 1826 4759; x_wconf 88' lang='lat' dir='ltr'><strong>docetur,</strong></span> 
     </span>
    </p>
   </div>
   <div class='ocr_carea' id='block_1_93' title="bbox 225 4780 1825 4851">
    <p class='ocr_par' dir='ltr' id='par_1_93' title="bbox 225 4780 1825 4851">
     <span class='ocr_line' id='line_1_93' title="bbox 225 4780 1825 4851; baseline 0.001 -17"><span class='ocrx_word' id='word_1_707' title='bbox 225 4780 369 4851; x_wconf 72' lang='lat' dir='ltr'><strong>quia</strong></span> <span class='ocrx_word' id='word_1_708' title='bbox 423 4780 670 4835; x_wconf 91' lang='lat' dir='ltr'><strong>auditum</strong></span> <span class='ocrx_word' id='word_1_709' title='bbox 724 4781 918 4850; x_wconf 88' lang='lat' dir='ltr'><strong>aperit,</strong></span> <span class='ocrx_word' id='word_1_710' title='bbox 975 4789 1031 4836; x_wconf 88' lang='lat' dir='ltr'><strong>et</strong></span> <span class='ocrx_word' id='word_1_711' title='bbox 1077 4781 1280 4836; x_wconf 87' lang='lat' dir='ltr'><strong>habere</strong></span> <span class='ocrx_word' id='word_1_712' title='bbox 1333 4781 1575 4837; x_wconf 90' lang='lat' dir='ltr'><strong>sonitum</strong></span> <span class='ocrx_word' id='word_1_713' title='bbox 1629 4783 1825 4838; x_wconf 89' lang='lat' dir='ltr'><strong>nescit.</strong></span> 
     </span>
    </p>
   </div>
   <div class='ocr_carea' id='block_1_94' title="bbox 239 4868 1826 4944">
    <p class='ocr_par' dir='ltr' id='par_1_94' title="bbox 239 4868 1826 4944">
     <span class='ocr_line' id='line_1_94' title="bbox 239 4868 1826 4944; baseline 0 -16"><span class='ocrx_word' id='word_1_714' title='bbox 239 4868 397 4929; x_wconf 84' lang='lat' dir='ltr'><strong>Sicut</strong></span> <span class='ocrx_word' id='word_1_715' title='bbox 427 4869 666 4942; x_wconf 89' lang='lat' dir='ltr'><strong>Spiritus</strong></span> <span class='ocrx_word' id='word_1_716' title='bbox 694 4869 946 4942; x_wconf 91' lang='lat' dir='ltr'><strong>Philippo</strong></span> <span class='ocrx_word' id='word_1_717' title='bbox 972 4871 1112 4927; x_wconf 88' lang='lat' dir='ltr'><strong>dixit</strong></span> <span class='ocrx_word' id='word_1_718' title='bbox 1140 4890 1154 4927; x_wconf 89' lang='lat'><strong>:</strong></span> <span class='ocrx_word' id='word_1_719' title='bbox 1178 4890 1196 4922; x_wconf 76' lang='grc' dir='ltr'><strong>ι</strong></span> <span class='ocrx_word' id='word_1_720' title='bbox 1225 4870 1398 4944; x_wconf 87' lang='lat' dir='ltr'><strong>Junge</strong></span> <span class='ocrx_word' id='word_1_721' title='bbox 1427 4881 1480 4928; x_wconf 89' lang='lat' dir='ltr'><strong>te</strong></span> <span class='ocrx_word' id='word_1_722' title='bbox 1506 4873 1571 4927; x_wconf 89' lang='lat' dir='ltr'><strong>ad</strong></span> <span class='ocrx_word' id='word_1_723' title='bbox 1604 4889 1826 4928; x_wconf 90' lang='lat' dir='ltr'><strong>currum</strong></span> 
     </span>
    </p>
   </div>
   <div class='ocr_carea' id='block_1_95' title="bbox 236 4961 1828 5035">
    <p class='ocr_par' dir='ltr' id='par_1_95' title="bbox 236 4961 1828 5035">
     <span class='ocr_line' id='line_1_95' title="bbox 236 4961 1828 5035; baseline -0.001 -15"><span class='ocrx_word' id='word_1_724' title='bbox 236 4963 407 5020; x_wconf 86' lang='lat' dir='ltr'><strong>istum</strong></span> <span class='ocrx_word' id='word_1_725' title='bbox 432 4963 574 5035; x_wconf 87' lang='lat' dir='ltr'><strong>(Act.</strong></span> <span class='ocrx_word' id='word_1_726' title='bbox 602 4961 746 5034; x_wconf 88' lang='lat' dir='ltr'><strong>vm).</strong></span> <span class='ocrx_word' id='word_1_727' title='bbox 791 4981 810 5015; x_wconf 78' lang='grc' dir='ltr'><strong>ι</strong></span> <span class='ocrx_word' id='word_1_728' title='bbox 843 4963 982 5019; x_wconf 90' lang='lat' dir='ltr'><strong>Cum</strong></span> <span class='ocrx_word' id='word_1_729' title='bbox 1012 4978 1143 5018; x_wconf 90' lang='lat' dir='ltr'><strong>vero</strong></span> <span class='ocrx_word' id='word_1_730' title='bbox 1183 4977 1279 5032; x_wconf 91' lang='lat' dir='ltr'><strong>per</strong></span> <span class='ocrx_word' id='word_1_731' title='bbox 1305 4964 1558 5035; x_wconf 83' lang='lat' dir='ltr'><strong>angelum</strong></span> <span class='ocrx_word' id='word_1_732' title='bbox 1592 4965 1676 5019; x_wconf 89' lang='lat' dir='ltr'><strong>his</strong></span> <span class='ocrx_word' id='word_1_733' title='bbox 1707 4980 1828 5019; x_wconf 91' lang='lat' dir='ltr'><strong>mo-</strong></span> 
     </span>
    </p>
   </div>
   <div class='ocr_carea' id='block_1_96' title="bbox 234 5054 1827 5128">
    <p class='ocr_par' dir='ltr' id='par_1_96' title="bbox 234 5054 1827 5128">
     <span class='ocr_line' id='line_1_96' title="bbox 234 5054 1827 5128; baseline -0.003 -14"><span class='ocrx_word' id='word_1_734' title='bbox 234 5055 346 5124; x_wconf 88' lang='lat' dir='ltr'><strong>dis,</strong></span> <span class='ocrx_word' id='word_1_735' title='bbox 376 5056 675 5128; x_wconf 88' lang='lat' dir='ltr'><strong>aliquando</strong></span> <span class='ocrx_word' id='word_1_736' title='bbox 704 5057 884 5112; x_wconf 88' lang='lat' dir='ltr'><strong>verbis</strong></span> <span class='ocrx_word' id='word_1_737' title='bbox 913 5056 1030 5112; x_wconf 88' lang='lat' dir='ltr'><strong>sine</strong></span> <span class='ocrx_word' id='word_1_738' title='bbox 1059 5057 1168 5112; x_wconf 89' lang='lat' dir='ltr'><strong>ulla</strong></span> <span class='ocrx_word' id='word_1_739' title='bbox 1213 5055 1470 5126; x_wconf 83' lang='lat' dir='ltr'><strong>imagine,</strong></span> <span class='ocrx_word' id='word_1_740' title='bbox 1497 5055 1638 5111; x_wconf 84' lang='lat' dir='ltr'><strong>sicut</strong></span> <span class='ocrx_word' id='word_1_741' title='bbox 1663 5054 1827 5110; x_wconf 88' lang='lat' dir='ltr'><strong>Chri-</strong></span> 
     </span>
    </p>
   </div>
   <div class='ocr_carea' id='block_1_97' title="bbox 236 5148 1826 5219">
    <p class='ocr_par' dir='ltr' id='par_1_97' title="bbox 236 5148 1826 5219">
     <span class='ocr_line' id='line_1_97' title="bbox 236 5148 1826 5219; baseline -0.004 -10"><span class='ocrx_word' id='word_1_742' title='bbox 236 5159 326 5210; x_wconf 79' lang='lat' dir='ltr'><strong>sto</strong></span> <span class='ocrx_word' id='word_1_743' title='bbox 353 5150 560 5206; x_wconf 90' lang='lat' dir='ltr'><strong>dicenti</strong></span> <span class='ocrx_word' id='word_1_744' title='bbox 589 5168 604 5204; x_wconf 90' lang='lat'><strong>:</strong></span> <span class='ocrx_word' id='word_1_745' title='bbox 643 5169 661 5203; x_wconf 82' lang='grc' dir='ltr'><strong>ι</strong></span> <span class='ocrx_word' id='word_1_746' title='bbox 695 5149 880 5217; x_wconf 87' lang='lat' dir='ltr'><strong>Pater,</strong></span> <span class='ocrx_word' id='word_1_747' title='bbox 907 5149 1144 5205; x_wconf 82' lang='lat' dir='ltr'><strong>clartlica</strong></span> <span class='ocrx_word' id='word_1_748' title='bbox 1169 5148 1367 5204; x_wconf 90' lang='lat' dir='ltr'><strong>Filium</strong></span> <span class='ocrx_word' id='word_1_749' title='bbox 1395 5157 1570 5215; x_wconf 92' lang='lat' dir='ltr'><strong>tuum,</strong></span> <span class='ocrx_word' id='word_1_750' title='bbox 1593 5167 1614 5200; x_wconf 74' lang='grc' dir='ltr'><strong>ι</strong></span> <span class='ocrx_word' id='word_1_751' title='bbox 1655 5148 1826 5219; x_wconf 85' lang='lat' dir='ltr'><strong>proti-</strong></span> 
     </span>
    </p>
   </div>
   <div class='ocr_carea' id='block_1_98' title="bbox 237 5240 1827 5314">
    <p class='ocr_par' dir='ltr' id='par_1_98' title="bbox 237 5240 1827 5314">
     <span class='ocr_line' id='line_1_98' title="bbox 237 5240 1827 5314; baseline -0.003 -16"><span class='ocrx_word' id='word_1_752' title='bbox 237 5257 344 5299; x_wconf 88' lang='lat' dir='ltr'><strong>nus</strong></span> <span class='ocrx_word' id='word_1_753' title='bbox 386 5243 748 5314; x_wconf 89' lang='lat' dir='ltr'><strong>respondetur</strong></span> <span class='ocrx_word' id='word_1_754' title='bbox 785 5259 797 5295; x_wconf 91' lang='lat'>:</span> <span class='ocrx_word' id='word_1_755' title='bbox 853 5260 873 5293; x_wconf 74' lang='grc' dir='ltr'><strong>ι</strong></span> <span class='ocrx_word' id='word_1_756' title='bbox 905 5240 1234 5309; x_wconf 87' lang='lat' dir='ltr'><strong>Clariﬁcavi,</strong></span> <span class='ocrx_word' id='word_1_757' title='bbox 1281 5249 1336 5296; x_wconf 90' lang='lat' dir='ltr'><strong>et</strong></span> <span class='ocrx_word' id='word_1_758' title='bbox 1384 5240 1582 5295; x_wconf 90' lang='lat' dir='ltr'><strong>iterum</strong></span> <span class='ocrx_word' id='word_1_759' title='bbox 1625 5240 1827 5295; x_wconf 87' lang='lat' dir='ltr'><strong>clariﬁ-</strong></span> 
     </span>
    </p>
   </div>
   <div class='ocr_carea' id='block_1_99' title="bbox 236 5331 1826 5408">
    <p class='ocr_par' dir='ltr' id='par_1_99' title="bbox 236 5331 1826 5408">
     <span class='ocr_line' id='line_1_99' title="bbox 236 5331 1826 5408; baseline -0.001 -18"><span class='ocrx_word' id='word_1_760' title='bbox 236 5336 375 5392; x_wconf 91' lang='lat' dir='ltr'><strong>cabo</strong></span> <span class='ocrx_word' id='word_1_761' title='bbox 403 5333 587 5406; x_wconf 80' lang='lat' dir='ltr'><strong>(Joan.</strong></span> <span class='ocrx_word' id='word_1_762' title='bbox 618 5335 743 5408; x_wconf 88' lang='lat' dir='ltr'><strong>xn).</strong></span> <span class='ocrx_word' id='word_1_763' title='bbox 777 5354 796 5387; x_wconf 85' lang='grc' dir='ltr'><strong>ι</strong></span> <span class='ocrx_word' id='word_1_764' title='bbox 823 5334 890 5390; x_wconf 88' lang='lat' dir='ltr'><strong>Et</strong></span> <span class='ocrx_word' id='word_1_765' title='bbox 920 5335 1150 5406; x_wconf 88' lang='lat' dir='ltr'><strong>reliqua.</strong></span> <span class='ocrx_word' id='word_1_766' title='bbox 1177 5332 1486 5404; x_wconf 84' lang='lat' dir='ltr'><strong>Aliquando</strong></span> <span class='ocrx_word' id='word_1_767' title='bbox 1514 5331 1679 5388; x_wconf 88' lang='lat' dir='ltr'><strong>rebus</strong></span> <span class='ocrx_word' id='word_1_768' title='bbox 1707 5331 1826 5388; x_wconf 90' lang='lat' dir='ltr'><strong>sine</strong></span> 
     </span>
    </p>
   </div>
   <div class='ocr_carea' id='block_1_100' title="bbox 235 5423 1827 5496">
    <p class='ocr_par' dir='ltr' id='par_1_100' title="bbox 235 5423 1827 5496">
     <span class='ocr_line' id='line_1_100' title="bbox 235 5423 1827 5496; baseline -0.003 -12"><span class='ocrx_word' id='word_1_769' title='bbox 235 5429 440 5485; x_wconf 90' lang='lat' dir='ltr'><strong>verbis.</strong></span> <span class='ocrx_word' id='word_1_770' title='bbox 477 5428 631 5485; x_wconf 87' lang='lat' dir='ltr'><strong>Sicut</strong></span> <span class='ocrx_word' id='word_1_771' title='bbox 661 5427 912 5484; x_wconf 82' lang='lat' dir='ltr'><strong>Ezechiel</strong></span> <span class='ocrx_word' id='word_1_772' title='bbox 940 5425 1140 5483; x_wconf 85' lang='lat' dir='ltr'><strong>Electri</strong></span> <span class='ocrx_word' id='word_1_773' title='bbox 1169 5427 1410 5496; x_wconf 88' lang='lat' dir='ltr'><strong>speciem</strong></span> <span class='ocrx_word' id='word_1_774' title='bbox 1442 5424 1578 5480; x_wconf 92' lang='lat' dir='ltr'><strong>vidit</strong></span> <span class='ocrx_word' id='word_1_775' title='bbox 1611 5423 1666 5478; x_wconf 91' lang='lat' dir='ltr'><strong>in</strong></span> <span class='ocrx_word' id='word_1_776' title='bbox 1710 5439 1827 5480; x_wconf 88' lang='lat' dir='ltr'><strong>me-</strong></span> 
     </span>
    </p>
   </div>
   <div class='ocr_carea' id='block_1_101' title="bbox 235 5517 1824 5594">
    <p class='ocr_par' dir='ltr' id='par_1_101' title="bbox 235 5517 1824 5594">
     <span class='ocr_line' id='line_1_101' title="bbox 235 5517 1824 5594; baseline -0.005 -16"><span class='ocrx_word' id='word_1_777' title='bbox 235 5521 327 5578; x_wconf 90' lang='lat' dir='ltr'><strong>dio</strong></span> <span class='ocrx_word' id='word_1_778' title='bbox 357 5521 498 5594; x_wconf 85' lang='lat' dir='ltr'><strong>ignis</strong></span> <span class='ocrx_word' id='word_1_779' title='bbox 519 5521 735 5594; x_wconf 78' lang='lat' dir='ltr'><strong>(Ezech.</strong></span> <span class='ocrx_word' id='word_1_780' title='bbox 763 5521 825 5593; x_wconf 89' lang='lat' dir='ltr'><strong>l),</strong></span> <span class='ocrx_word' id='word_1_781' title='bbox 849 5533 946 5591; x_wconf 92' lang='lat' dir='ltr'><strong>per</strong></span> <span class='ocrx_word' id='word_1_782' title='bbox 983 5519 1126 5575; x_wconf 90' lang='lat' dir='ltr'><strong>hanc</strong></span> <span class='ocrx_word' id='word_1_783' title='bbox 1153 5517 1358 5574; x_wconf 88' lang='lat' dir='ltr'><strong>Christi</strong></span> <span class='ocrx_word' id='word_1_784' title='bbox 1389 5517 1824 5575; x_wconf 90' lang='lat' dir='ltr'><strong>incarnationem</strong></span> 
     </span>
    </p>
   </div>
   <div class='ocr_carea' id='block_1_102' title="bbox 236 5609 1823 5689">
    <p class='ocr_par' dir='ltr' id='par_1_102' title="bbox 236 5609 1823 5689">
     <span class='ocr_line' id='line_1_102' title="bbox 236 5609 1823 5689; baseline -0.006 -18"><span class='ocrx_word' id='word_1_785' title='bbox 236 5616 568 5689; x_wconf 84' lang='lat' dir='ltr'><strong>designans;</strong></span> <span class='ocrx_word' id='word_1_786' title='bbox 603 5614 900 5686; x_wconf 85' lang='lat' dir='ltr'><strong>aliquando</strong></span> <span class='ocrx_word' id='word_1_787' title='bbox 941 5612 1126 5668; x_wconf 87' lang='lat' dir='ltr'><strong>verbis</strong></span> <span class='ocrx_word' id='word_1_788' title='bbox 1155 5619 1210 5667; x_wconf 88' lang='lat' dir='ltr'><strong>et</strong></span> <span class='ocrx_word' id='word_1_789' title='bbox 1249 5611 1436 5678; x_wconf 88' lang='lat' dir='ltr'><strong>rebus,</strong></span> <span class='ocrx_word' id='word_1_790' title='bbox 1480 5609 1624 5667; x_wconf 90' lang='lat' dir='ltr'><strong>sicut</strong></span> <span class='ocrx_word' id='word_1_791' title='bbox 1647 5609 1823 5665; x_wconf 81' lang='lat' dir='ltr'><strong>Adam</strong></span> 
     </span>
    </p>
   </div>
   <div class='ocr_carea' id='block_1_103' title="bbox 236 5701 1822 5775">
    <p class='ocr_par' dir='ltr' id='par_1_103' title="bbox 236 5701 1822 5775">
     <span class='ocr_line' id='line_1_103' title="bbox 236 5701 1822 5775; baseline -0.005 -10"><span class='ocrx_word' id='word_1_792' title='bbox 236 5707 678 5765; x_wconf 85' lang='lat' dir='ltr'><strong>deambulantem</strong></span> <span class='ocrx_word' id='word_1_793' title='bbox 705 5705 994 5762; x_wconf 91' lang='lat' dir='ltr'><strong>Dominum</strong></span> <span class='ocrx_word' id='word_1_794' title='bbox 1019 5704 1074 5759; x_wconf 92' lang='lat' dir='ltr'><strong>in</strong></span> <span class='ocrx_word' id='word_1_795' title='bbox 1095 5701 1350 5774; x_wconf 87' lang='lat' dir='ltr'><strong>paradiso</strong></span> <span class='ocrx_word' id='word_1_796' title='bbox 1365 5710 1490 5775; x_wconf 90' lang='lat' dir='ltr'><strong>post</strong></span> <span class='ocrx_word' id='word_1_797' title='bbox 1536 5701 1822 5760; x_wconf 88' lang='lat' dir='ltr'><strong>meridiem</strong></span> 
     </span>
    </p>
   </div>
   <div class='ocr_carea' id='block_1_104' title="bbox 237 5779 1822 5872">
    <p class='ocr_par' dir='ltr' id='par_1_104' title="bbox 237 5779 1822 5872">
     <span class='ocr_line' id='line_1_104' title="bbox 237 5779 1822 5872; baseline -0.002 -21"><span class='ocrx_word' id='word_1_798' title='bbox 237 5779 370 5855; x_wconf 70' lang='lat' dir='ltr'><strong>vidit</strong></span> <span class='ocrx_word' id='word_1_799' title='bbox 405 5797 558 5870; x_wconf 78' lang='lat' dir='ltr'><strong>(Gen.</strong></span> <span class='ocrx_word' id='word_1_800' title='bbox 592 5800 697 5872; x_wconf 80' lang='grc' dir='ltr'>ιιι),</span> <span class='ocrx_word' id='word_1_801' title='bbox 731 5797 1048 5868; x_wconf 81' lang='lat' dir='ltr'><strong>signiﬁcans</strong></span> <span class='ocrx_word' id='word_1_802' title='bbox 1079 5795 1262 5850; x_wconf 87' lang='lat' dir='ltr'><strong>lucem</strong></span> <span class='ocrx_word' id='word_1_803' title='bbox 1286 5794 1532 5866; x_wconf 68' lang='lat' dir='ltr'><strong>veritatis</strong></span> <span class='ocrx_word' id='word_1_804' title='bbox 1559 5810 1590 5850; x_wconf 89' lang='lat' dir='ltr'><strong>a</strong></span> <span class='ocrx_word' id='word_1_805' title='bbox 1636 5809 1696 5851; x_wconf 85' lang='lat' dir='ltr'><strong>se</strong></span> <span class='ocrx_word' id='word_1_806' title='bbox 1733 5809 1822 5848; x_wconf 86' lang='lat' dir='ltr'><strong>re-</strong></span> 
     </span>
    </p>
   </div>
   <div class='ocr_carea' id='block_1_105' title="bbox 1935 4597 3519 4676">
    <p class='ocr_par' dir='ltr' id='par_1_105' title="bbox 1935 4597 3519 4676">
     <span class='ocr_line' id='line_1_105' title="bbox 1935 4597 3519 4676; baseline 0.006 -25"><span class='ocrx_word' id='word_1_807' title='bbox 1935 4597 2373 4669; x_wconf 90' lang='lat' dir='ltr'><strong>uniuscujusque</strong></span> <span class='ocrx_word' id='word_1_808' title='bbox 2404 4599 2687 4656; x_wconf 90' lang='lat' dir='ltr'><strong>nascentis</strong></span> <span class='ocrx_word' id='word_1_809' title='bbox 2721 4618 2733 4655; x_wconf 92' lang='lat'><strong>:</strong></span> <span class='ocrx_word' id='word_1_810' title='bbox 2775 4619 2794 4652; x_wconf 73' lang='grc' dir='ltr'><strong>ι</strong></span> <span class='ocrx_word' id='word_1_811' title='bbox 2825 4599 2928 4668; x_wconf 86' lang='lat' dir='ltr'><strong>Qui</strong></span> <span class='ocrx_word' id='word_1_812' title='bbox 2976 4605 3152 4674; x_wconf 82' lang='lat' dir='ltr'><strong>pariet</strong></span> <span class='ocrx_word' id='word_1_813' title='bbox 3185 4603 3380 4672; x_wconf 87' lang='lat' dir='ltr'><strong>tilium,</strong></span> <span class='ocrx_word' id='word_1_814' title='bbox 3423 4604 3519 4676; x_wconf 89' lang='lat' dir='ltr'><strong>qui</strong></span> 
     </span>
    </p>
   </div>
   <div class='ocr_carea' id='block_1_106' title="bbox 1931 4689 3515 4766">
    <p class='ocr_par' dir='ltr' id='par_1_106' title="bbox 1931 4689 3515 4766">
     <span class='ocr_line' id='line_1_106' title="bbox 1931 4689 3515 4766; baseline 0.004 -22"><span class='ocrx_word' id='word_1_815' title='bbox 1931 4691 2218 4747; x_wconf 88' lang='lat' dir='ltr'><strong>vocabitur</strong></span> <span class='ocrx_word' id='word_1_816' title='bbox 2240 4689 2419 4758; x_wconf 78' lang='lat' dir='ltr'><strong>Jesus,</strong></span> <span class='ocrx_word' id='word_1_817' title='bbox 2451 4692 2544 4762; x_wconf 92' lang='lat' dir='ltr'><strong>qui</strong></span> <span class='ocrx_word' id='word_1_818' title='bbox 2580 4692 2794 4747; x_wconf 88' lang='lat' dir='ltr'><strong>salvum</strong></span> <span class='ocrx_word' id='word_1_819' title='bbox 2825 4691 2988 4750; x_wconf 88' lang='lat' dir='ltr'><strong>faciet</strong></span> <span class='ocrx_word' id='word_1_820' title='bbox 3033 4694 3298 4766; x_wconf 90' lang='lat' dir='ltr'><strong>populum</strong></span> <span class='ocrx_word' id='word_1_821' title='bbox 3331 4711 3515 4763; x_wconf 90' lang='lat' dir='ltr'><strong>suum,</strong></span> 
     </span>
    </p>
   </div>
   <div class='ocr_carea' id='block_1_107' title="bbox 1930 4782 3516 4857">
    <p class='ocr_par' dir='ltr' id='par_1_107' title="bbox 1930 4782 3516 4857">
     <span class='ocr_line' id='line_1_107' title="bbox 1930 4782 3516 4857; baseline 0.006 -23"><span class='ocrx_word' id='word_1_822' title='bbox 1930 4787 1985 4834; x_wconf 92' lang='lat' dir='ltr'><strong>et</strong></span> <span class='ocrx_word' id='word_1_823' title='bbox 2017 4782 2263 4848; x_wconf 89' lang='lat' dir='ltr'><strong>vocabis,</strong></span> <span class='ocrx_word' id='word_1_824' title='bbox 2293 4791 2397 4838; x_wconf 91' lang='lat' dir='ltr'><strong>etc.</strong></span> <span class='ocrx_word' id='word_1_825' title='bbox 2442 4801 2460 4834; x_wconf 78' lang='grc' dir='ltr'><strong>ι</strong></span> <span class='ocrx_word' id='word_1_826' title='bbox 2501 4783 2546 4836; x_wconf 86' lang='grc' dir='ltr'><strong>Ο</strong></span> <span class='ocrx_word' id='word_1_827' title='bbox 2585 4782 2813 4855; x_wconf 88' lang='lat' dir='ltr'><strong>Joseph,</strong></span> <span class='ocrx_word' id='word_1_828' title='bbox 2842 4787 3071 4842; x_wconf 91' lang='lat' dir='ltr'><strong>vocibus</strong></span> <span class='ocrx_word' id='word_1_829' title='bbox 3122 4786 3516 4857; x_wconf 87' lang='lat' dir='ltr'><strong>prophetarum</strong></span> 
     </span>
    </p>
   </div>
   <div class='ocr_carea' id='block_1_108' title="bbox 1930 4872 3516 4946">
    <p class='ocr_par' dir='ltr' id='par_1_108' title="bbox 1930 4872 3516 4946">
     <span class='ocr_line' id='line_1_108' title="bbox 1930 4872 3516 4946; baseline 0.006 -20"><span class='ocrx_word' id='word_1_830' title='bbox 1930 4887 2039 4926; x_wconf 91' lang='lat' dir='ltr'><strong>non</strong></span> <span class='ocrx_word' id='word_1_831' title='bbox 2082 4873 2449 4929; x_wconf 89' lang='lat' dir='ltr'><strong>contradicas.</strong></span> <span class='ocrx_word' id='word_1_832' title='bbox 2486 4872 2798 4929; x_wconf 89' lang='lat' dir='ltr'><strong>Notandum</strong></span> <span class='ocrx_word' id='word_1_833' title='bbox 2829 4875 2973 4945; x_wconf 92' lang='lat' dir='ltr'><strong>quod</strong></span> <span class='ocrx_word' id='word_1_834' title='bbox 3012 4877 3170 4946; x_wconf 82' lang='lat' dir='ltr'><strong>juxta</strong></span> <span class='ocrx_word' id='word_1_835' title='bbox 3199 4877 3516 4934; x_wconf 75' lang='lat' dir='ltr'><strong>Matthaeum</strong></span> 
     </span>
    </p>
   </div>
   <div class='ocr_carea' id='block_1_109' title="bbox 1930 4963 3515 5035">
    <p class='ocr_par' dir='ltr' id='par_1_109' title="bbox 1930 4963 3515 5035">
     <span class='ocr_line' id='line_1_109' title="bbox 1930 4963 3515 5035; baseline 0.004 -17"><span class='ocrx_word' id='word_1_836' title='bbox 1930 4963 1998 5018; x_wconf 86' lang='lat' dir='ltr'><strong>ad</strong></span> <span class='ocrx_word' id='word_1_837' title='bbox 2027 4963 2252 5035; x_wconf 84' lang='lat' dir='ltr'><strong>Joseph,</strong></span> <span class='ocrx_word' id='word_1_838' title='bbox 2283 4965 2440 5034; x_wconf 90' lang='lat' dir='ltr'><strong>juxta</strong></span> <span class='ocrx_word' id='word_1_839' title='bbox 2470 4963 2674 5020; x_wconf 87' lang='lat' dir='ltr'><strong>Lucam</strong></span> <span class='ocrx_word' id='word_1_840' title='bbox 2722 4966 2791 5020; x_wconf 91' lang='lat' dir='ltr'><strong>ad</strong></span> <span class='ocrx_word' id='word_1_841' title='bbox 2834 4965 3058 5021; x_wconf 84' lang='lat' dir='ltr'><strong>Mariam</strong></span> <span class='ocrx_word' id='word_1_842' title='bbox 3091 4981 3285 5024; x_wconf 89' lang='lat' dir='ltr'><strong>vocare</strong></span> <span class='ocrx_word' id='word_1_843' title='bbox 3313 4984 3515 5025; x_wconf 90' lang='lat' dir='ltr'><strong>nomen</strong></span> 
     </span>
    </p>
   </div>
   <div class='ocr_carea' id='block_1_110' title="bbox 1928 5055 3516 5127">
    <p class='ocr_par' dir='ltr' id='par_1_110' title="bbox 1928 5055 3516 5127">
     <span class='ocr_line' id='line_1_110' title="bbox 1928 5055 3516 5127; baseline 0.006 -19"><span class='ocrx_word' id='word_1_844' title='bbox 1928 5056 2086 5126; x_wconf 87' lang='lat' dir='ltr'><strong>pueri</strong></span> <span class='ocrx_word' id='word_1_845' title='bbox 2117 5057 2435 5126; x_wconf 86' lang='lat' dir='ltr'><strong>praedictum</strong></span> <span class='ocrx_word' id='word_1_846' title='bbox 2466 5057 2559 5120; x_wconf 88' lang='lat' dir='ltr'><strong>sit,</strong></span> <span class='ocrx_word' id='word_1_847' title='bbox 2595 5057 2725 5127; x_wconf 89' lang='lat' dir='ltr'><strong>quia</strong></span> <span class='ocrx_word' id='word_1_848' title='bbox 2751 5055 2910 5112; x_wconf 90' lang='lat' dir='ltr'><strong>Jesus</strong></span> <span class='ocrx_word' id='word_1_849' title='bbox 2941 5057 3027 5125; x_wconf 57' lang='lat' dir='ltr'><strong>ad,</strong></span> <span class='ocrx_word' id='word_1_850' title='bbox 3049 5057 3280 5114; x_wconf 85' lang='lat' dir='ltr'><strong>salutem</strong></span> <span class='ocrx_word' id='word_1_851' title='bbox 3309 5061 3516 5118; x_wconf 76' lang='lat' dir='ltr'><strong>utrius-</strong></span> 
     </span>
    </p>
   </div>
   <div class='ocr_carea' id='block_1_111' title="bbox 1930 5143 3517 5220">
    <p class='ocr_par' dir='ltr' id='par_1_111' title="bbox 1930 5143 3517 5220">
     <span class='ocr_line' id='line_1_111' title="bbox 1930 5143 3517 5220; baseline 0.006 -22"><span class='ocrx_word' id='word_1_852' title='bbox 1930 5160 2037 5215; x_wconf 91' lang='lat' dir='ltr'><strong>que</strong></span> <span class='ocrx_word' id='word_1_853' title='bbox 2065 5161 2230 5202; x_wconf 82' lang='lat' dir='ltr'><strong>sexus</strong></span> <span class='ocrx_word' id='word_1_854' title='bbox 2259 5147 2426 5202; x_wconf 85' lang='lat' dir='ltr'><strong>venit.</strong></span> <span class='ocrx_word' id='word_1_855' title='bbox 2466 5143 2655 5201; x_wconf 85' lang='lat' dir='ltr'><strong>Jesum</strong></span> <span class='ocrx_word' id='word_1_856' title='bbox 2689 5145 2939 5218; x_wconf 88' lang='lat' dir='ltr'><strong>sequitur</strong></span> <span class='ocrx_word' id='word_1_857' title='bbox 2967 5149 3292 5220; x_wconf 85' lang='lat' dir='ltr'><strong>etymologia</strong></span> <span class='ocrx_word' id='word_1_858' title='bbox 3339 5151 3517 5207; x_wconf 83' lang='lat' dir='ltr'><strong>nomi-</strong></span> 
     </span>
    </p>
   </div>
   <div class='ocr_carea' id='block_1_112' title="bbox 1931 5234 3513 5313">
    <p class='ocr_par' dir='ltr' id='par_1_112' title="bbox 1931 5234 3513 5313">
     <span class='ocr_line' id='line_1_112' title="bbox 1931 5234 3513 5313; baseline 0.007 -25"><span class='ocrx_word' id='word_1_859' title='bbox 1931 5234 2017 5290; x_wconf 89' lang='lat' dir='ltr'><strong>nis</strong></span> <span class='ocrx_word' id='word_1_860' title='bbox 2047 5251 2172 5290; x_wconf 90' lang='lat' dir='ltr'><strong>cum</strong></span> <span class='ocrx_word' id='word_1_861' title='bbox 2217 5238 2293 5292; x_wconf 68' lang='lat' dir='ltr'><strong>ait</strong></span> <span class='ocrx_word' id='word_1_862' title='bbox 2326 5256 2339 5290; x_wconf 87' lang='lat'>:</span> <span class='ocrx_word' id='word_1_863' title='bbox 2393 5257 2412 5290; x_wconf 85' lang='grc'><strong>‹</strong></span> <span class='ocrx_word' id='word_1_864' title='bbox 2445 5239 2566 5309; x_wconf 86' lang='lat' dir='ltr'><strong>Ipse</strong></span> <span class='ocrx_word' id='word_1_865' title='bbox 2603 5240 2750 5295; x_wconf 90' lang='lat' dir='ltr'><strong>enim</strong></span> <span class='ocrx_word' id='word_1_866' title='bbox 2789 5239 3001 5295; x_wconf 90' lang='lat' dir='ltr'><strong>salvum</strong></span> <span class='ocrx_word' id='word_1_867' title='bbox 3045 5240 3208 5296; x_wconf 88' lang='lat' dir='ltr'><strong>faciet</strong></span> <span class='ocrx_word' id='word_1_868' title='bbox 3249 5245 3513 5313; x_wconf 85' lang='lat' dir='ltr'><strong>pepulum</strong></span> 
     </span>
    </p>
   </div>
   <div class='ocr_carea' id='block_1_113' title="bbox 1929 5331 3571 5404">
    <p class='ocr_par' dir='ltr' id='par_1_113' title="bbox 1929 5331 3571 5404">
     <span class='ocr_line' id='line_1_113' title="bbox 1929 5331 3571 5404; baseline 0.004 -23"><span class='ocrx_word' id='word_1_869' title='bbox 1929 5340 2114 5381; x_wconf 91' lang='lat' dir='ltr'><strong>suum.</strong></span> <span class='ocrx_word' id='word_1_870' title='bbox 2149 5346 2168 5381; x_wconf 79' lang='grc' dir='ltr'><strong>ι</strong></span> <span class='ocrx_word' id='word_1_871' title='bbox 2192 5335 2328 5391; x_wconf 75' lang='lat' dir='ltr'><strong>Vere</strong></span> <span class='ocrx_word' id='word_1_872' title='bbox 2366 5345 2501 5386; x_wconf 89' lang='lat' dir='ltr'><strong>suus</strong></span> <span class='ocrx_word' id='word_1_873' title='bbox 2530 5331 2656 5401; x_wconf 89' lang='lat' dir='ltr'><strong>quis</strong></span> <span class='ocrx_word' id='word_1_874' title='bbox 2691 5331 2814 5388; x_wconf 90' lang='lat' dir='ltr'><strong>aliis</strong></span> <span class='ocrx_word' id='word_1_875' title='bbox 2834 5347 2957 5389; x_wconf 90' lang='lat' dir='ltr'><strong>esse</strong></span> <span class='ocrx_word' id='word_1_876' title='bbox 2979 5332 3148 5404; x_wconf 91' lang='lat' dir='ltr'><strong>possit</strong></span> <span class='ocrx_word' id='word_1_877' title='bbox 3189 5347 3220 5387; x_wconf 91' lang='lat' dir='ltr'><strong>a</strong></span> <span class='ocrx_word' id='word_1_878' title='bbox 3251 5335 3508 5403; x_wconf 88' lang='lat' dir='ltr'><strong>peccatis.</strong></span> <span class='ocrx_word' id='word_1_879' title='bbox 3570 5349 3571 5352; x_wconf 68' lang='lat'>‘</span> 
     </span>
    </p>
   </div>
   <div class='ocr_carea' id='block_1_114' title="bbox 1927 5414 3512 5495">
    <p class='ocr_par' dir='ltr' id='par_1_114' title="bbox 1927 5414 3512 5495">
     <span class='ocr_line' id='line_1_114' title="bbox 1927 5414 3512 5495; baseline 0.005 -25"><span class='ocrx_word' id='word_1_880' title='bbox 1927 5414 2131 5472; x_wconf 90' lang='lat' dir='ltr'><strong>Contra</strong></span> <span class='ocrx_word' id='word_1_881' title='bbox 2162 5417 2382 5478; x_wconf 65' lang='lat' dir='ltr'><strong>Judaos</strong></span> <span class='ocrx_word' id='word_1_882' title='bbox 2407 5421 2503 5492; x_wconf 91' lang='lat' dir='ltr'><strong>qui</strong></span> <span class='ocrx_word' id='word_1_883' title='bbox 2548 5431 2742 5494; x_wconf 90' lang='lat' dir='ltr'><strong>putant</strong></span> <span class='ocrx_word' id='word_1_884' title='bbox 2788 5424 3048 5495; x_wconf 90' lang='lat' dir='ltr'><strong>populum</strong></span> <span class='ocrx_word' id='word_1_885' title='bbox 3085 5437 3280 5478; x_wconf 90' lang='lat' dir='ltr'><strong>eorum</strong></span> <span class='ocrx_word' id='word_1_886' title='bbox 3323 5423 3392 5478; x_wconf 90' lang='lat' dir='ltr'><strong>de</strong></span> <span class='ocrx_word' id='word_1_887' title='bbox 3419 5438 3512 5480; x_wconf 90' lang='lat' dir='ltr'><strong>ca-</strong></span> 
     </span>
    </p>
   </div>
   <div class='ocr_carea' id='block_1_115' title="bbox 1925 5505 3511 5587">
    <p class='ocr_par' dir='ltr' id='par_1_115' title="bbox 1925 5505 3511 5587">
     <span class='ocr_line' id='line_1_115' title="bbox 1925 5505 3511 5587; baseline -0.004 -11"><span class='ocrx_word' id='word_1_888' title='bbox 1925 5505 2286 5576; x_wconf 58' lang='lat' dir='ltr'><strong>PtiVitatibus,</strong></span> <span class='ocrx_word' id='word_1_889' title='bbox 2341 5524 2450 5565; x_wconf 89' lang='lat' dir='ltr'><strong>non</strong></span> <span class='ocrx_word' id='word_1_890' title='bbox 2508 5512 2576 5568; x_wconf 88' lang='lat' dir='ltr'><strong>de</strong></span> <span class='ocrx_word' id='word_1_891' title='bbox 2626 5517 2866 5586; x_wconf 86' lang='lat' dir='ltr'><strong>peccatis</strong></span> <span class='ocrx_word' id='word_1_892' title='bbox 2911 5529 3008 5587; x_wconf 90' lang='lat' dir='ltr'><strong>per</strong></span> <span class='ocrx_word' id='word_1_893' title='bbox 3053 5512 3340 5570; x_wconf 85' lang='lat' dir='ltr'><strong>Christum</strong></span> <span class='ocrx_word' id='word_1_894' title='bbox 3375 5511 3511 5569; x_wconf 58' lang='lat' dir='ltr'><strong>libeo</strong></span> 
     </span>
    </p>
   </div>
   <div class='ocr_carea' id='block_1_116' title="bbox 1926 5597 3514 5676">
    <p class='ocr_par' dir='ltr' id='par_1_116' title="bbox 1926 5597 3514 5676">
     <span class='ocr_line' id='line_1_116' title="bbox 1926 5597 3514 5676; baseline 0.006 -23"><span class='ocrx_word' id='word_1_895' title='bbox 1926 5597 2183 5655; x_wconf 86' lang='lat' dir='ltr'><strong>randum.</strong></span> <span class='ocrx_word' id='word_1_896' title='bbox 2210 5598 2349 5658; x_wconf 87' lang='lat' dir='ltr'><strong>Nota</strong></span> <span class='ocrx_word' id='word_1_897' title='bbox 2373 5601 2520 5674; x_wconf 91' lang='lat' dir='ltr'><strong>quod</strong></span> <span class='ocrx_word' id='word_1_898' title='bbox 2547 5603 2668 5676; x_wconf 90' lang='lat' dir='ltr'><strong>ejus</strong></span> <span class='ocrx_word' id='word_1_899' title='bbox 2695 5615 2781 5663; x_wconf 88' lang='lat' dir='ltr'><strong>est</strong></span> <span class='ocrx_word' id='word_1_900' title='bbox 2813 5607 2983 5676; x_wconf 85' lang='lat' dir='ltr'><strong>salus,</strong></span> <span class='ocrx_word' id='word_1_901' title='bbox 3012 5613 3204 5663; x_wconf 85' lang='lat' dir='ltr'><strong>nostra</strong></span> <span class='ocrx_word' id='word_1_902' title='bbox 3225 5616 3360 5662; x_wconf 79' lang='lat' dir='ltr'><strong>vero</strong></span> <span class='ocrx_word' id='word_1_903' title='bbox 3382 5610 3514 5662; x_wconf 83' lang='lat' dir='ltr'><strong>sunt</strong></span> 
     </span>
    </p>
   </div>
   <div class='ocr_carea' id='block_1_117' title="bbox 1924 5700 2171 5763">
    <p class='ocr_par' dir='ltr' id='par_1_117' title="bbox 1924 5700 2171 5763">
     <span class='ocr_line' id='line_1_117' title="bbox 1924 5700 2171 5763; baseline 0 -14"><span class='ocrx_word' id='word_1_904' title='bbox 1924 5700 2171 5763; x_wconf 83' lang='lat' dir='ltr'><strong>peccata.</strong></span> 
     </span>
    </p>
   </div>
  </div>
