3964 6452
464 3412 472 3420 -
564 3382 672 3437 hoc
750 3394 1200 3453 proposuerunt,

518 429 529 439 ι
570 375 666 429 771

1701 357 2024 415 WERNERI
2062 354 2357 411 ABBATIS
2392 354 2450 410 S.
2489 352 2712 410 BLASII
3674 364 3753 421 τῃ

569 484 804 542 SERMO
851 482 939 537 DE
1014 472 1576 534 DESPONSATIONE
1639 470 1937 528 SANCTIE
2015 470 2143 524 MA—
2171 474 2218 531 Α
2246 467 2697 524 benedicerentur
2739 480 2933 523 omnes
2999 473 3212 538 gentes,
3281 465 3358 520 ita
3394 466 3755 536 prudentissim.

1269 566 1434 621 RLE.

648 684 668 716 ι
696 664 754 718 ln
783 662 898 717 sole
925 659 1109 730 posuit
1144 657 1551 712 tabernaculum
1587 670 1771 721 suum,
1796 663 1851 710 et
1875 654 1991 724 ipse
2019 662 2141 709 tan-

568 771 732 826 quam
776 767 1011 822 sponsus
1071 749 1371 819 procedens
1423 748 1491 803 de
1533 749 1775 803 thalamo
1829 762 1930 803 suo
1965 745 2136 817 (Paul.

562 843 739 910 xvm).
775 858 793 891 ι
832 839 937 894 Iste
964 853 1206 908 sponsus
1230 853 1354 892 cum
1382 836 1621 892 Verbum
1647 852 1776 892 caro
1810 836 2011 891 factum
2035 844 2138 901 est,

560 933 616 985 in
652 939 806 985 utero
859 929 1110 999 virginali
1168 929 1467 983 thalamum
1523 929 1730 982 invenit
1776 936 1942 998 atque
1992 928 2138 994 inde,

559 1024 814 1077 humana:
850 1021 1178 1090 conjunctus
1236 1029 1465 1086 natum,
1522 1031 1781 1089 tanquam
1817 1020 1886 1074 de
1940 1019 2141 1074 castis-

506 1098 511 1101 Δ
560 1113 705 1168 simo
732 1112 1010 1182 processit
1058 1111 1245 1178 cubili,
1280 1110 1527 1165 Ihnmilis
1566 1110 1941 1167 misericordia
1999 1108 2141 1164 infra

558 1218 771 1268 onmes,
831 1200 990 1256 fortis
1035 1200 1319 1270 majestate
1364 1216 1531 1271 supra
1573 1216 1787 1257 omnes.
1820 1200 1994 1271 Hujus
2017 1215 2147 1255 con-

556 1294 860 1365 junctionis
933 1292 1139 1348 Christi
1189 1302 1244 1347 et
1292 1292 1547 1348 Ecclesiae
1607 1300 2011 1349 sacramentum
2048 1298 2144 1349 est

562 1386 877 1456 conjugium
927 1384 1251 1440 humanum.
1309 1382 1467 1450 Quod
1519 1384 1834 1454 conjugium
1881 1382 2142 1438 ditl‘mitur

563 1493 685 1533 esse
742 1477 894 1531 solus
944 1490 1282 1541 consensus,
1341 1476 1409 1529 de
1464 1490 1699 1545 quorum
1761 1474 2143 1544 conjunctione

570 1571 774 1640 agitur.
851 1568 991 1622 Alibi
1049 1568 1213 1621 etiam
1281 1567 1504 1621 dicitur.
1543 1586 1562 1618 ι
1626 1565 1817 1623 Coitus
1865 1581 1974 1620 non
2016 1564 2145 1621 facit

564 1659 974 1714 matrimonium
1004 1659 1097 1713 sed
1146 1658 1421 1712 voluntas.
1453 1677 1472 1710 ι
1509 1656 1638 1712 Item
1667 1677 1680 1713 :
1718 1676 1739 1711 ε
1766 1656 1883 1712 Νοη
1907 1657 2144 1713 deﬂora-

567 1752 646 1804 tio
690 1750 1017 1820 virginitatis
1066 1750 1197 1804 facit
1236 1750 1573 1820 conjugium,
1618 1749 1710 1803 sed
1745 1750 1923 1819 pactio
1951 1748 2143 1818 conju-

2242 558 2408 630 Virgo
2451 557 2690 613 obedivit
2739 555 2850 610 Deo
2902 556 3114 625 jubenti
3160 571 3258 625 per
3290 565 3529 625 parentes
3566 576 3679 617 suos
3707 577 3754 622 ut

2239 650 2684 720 desponsaretur,
2726 656 2781 701 et
2826 655 3008 701 tamen
3051 646 3358 701 certissime
3398 647 3620 715 credidit,
3654 657 3756 724 quia

2240 756 2336 811 per
2363 740 2757 810 providentiam
2797 738 2893 792 Dei
2915 738 3279 792 custodiretur
3339 737 3530 792 intacta
3554 740 3614 794 ab
3635 748 3752 800 omni

2240 833 2384 887 virili
2432 831 2833 897 commistione,
2885 831 3028 884 sicut
3059 840 3115 883 et
3166 828 3223 882 in
3278 829 3397 898 ipsa
3448 844 3502 884 re
3536 834 3757 903 completa

2241 933 2478 982 constat.
2535 923 2788 979 Attamen
2838 940 2963 979 vere
3019 923 3220 993 conjux
3270 922 3376 976 fuit
3422 936 3619 996 propter
3651 944 3756 984 con-

2242 1032 2464 1073 sensum
2510 1016 2814 1087 conjugalis
2847 1016 3140 1085 pactionis,
3172 1031 3281 1068 non
3326 1025 3535 1084 propter
3574 1033 3757 1075 conseu-

2243 1125 2363 1165 sum
2419 1109 2653 1164 carnalis
2677 1108 3106 1177 conjunctionis.
3156 1106 3479 1177 Conjugium
3513 1110 3759 1179 quippecst

2247 1215 2551 1256 consensus
2598 1200 2874 1269 legitimus
2923 1200 2990 1253 de
3018 1197 3408 1267 conjunctione
3450 1198 3651 1253 duarum
3675 1202 3758 1255 ido-

2241 1305 2468 1344 nearum
2501 1305 2878 1359 personarum,
2929 1288 3025 1345 sed
3062 1305 3170 1343 non
3198 1289 3264 1343 de
3297 1288 3652 1358 conjunctione
3668 1308 3760 1361 quae

2242 1380 2304 1436 fit
2352 1396 2445 1451 per
2479 1382 2703 1448 coitum,
2732 1381 2827 1436 sed
2856 1380 2923 1435 de
2955 1380 3346 1449 conjunctione
3376 1394 3494 1448 qua:
3533 1381 3584 1433 tit
3614 1380 3657 1433 in
3686 1383 3759 1435 de-

2245 1473 2619 1542 sponsatione.
2676 1472 2752 1526 Ex
2794 1473 2969 1542 prima
3009 1472 3210 1541 quippe
3239 1472 3655 1539 desponsationis
3684 1474 3763 1529 lide

2244 1563 2506 1634 conjuges
2556 1563 2913 1633 appellantur.
2977 1562 3395 1634 (Aucusrmns).
3444 1560 3628 1627 Quibus
3674 1565 3763 1632 pla-

2245 1654 2417 1708 cuerit
2445 1669 2507 1708 ex
2538 1669 2830 1720 consensu,
2856 1654 2925 1708 ab
2950 1670 3053 1708 usu
3080 1653 3319 1708 carnalis
3342 1652 3763 1721 concupiscentia,

2245 1744 2300 1800 id
2319 1755 2402 1801 est
2432 1755 2753 1815 perpetuum
2785 1746 3084 1811 continere,
3108 1744 3251 1799 absit
3303 1754 3364 1797 ut
3387 1743 3634 1797 vinculum
3654 1745 3763 1799 inter

561 1839 720 1909 galis.
759 1857 779 1891 ι
825 1838 905 1892 Ex
946 1838 1032 1893 his
1080 1837 1427 1893 manifestum
1453 1847 1555 1903 est,
1583 1839 1707 1909 quia
1734 1840 2041 1895 commistio
2070 1854 2152 1894 se-
2178 1829 2221 1883 Β
2250 1835 2373 1891 illos
2420 1836 2701 1906 conjugale
2758 1837 3075 1905 rumpatur!
3128 1835 3241 1889 imo
3287 1835 3502 1889 firmum
3550 1835 3652 1902 erit,
3678 1852 3763 1905 quo

564 1946 732 1984 xunm
764 1944 875 1984 non
905 1937 990 1984 est
1018 1928 1355 1999 conjugium,
1392 1930 1486 1984 sed
1512 1944 1649 1999 opus
1674 1929 1931 2001 conjugii,
1954 1944 2149 1999 qnam-

560 2021 646 2075 vis
673 2019 782 2075 Leo
828 2035 963 2090 papa
991 2019 1137 2073 dicat
1165 2037 1177 2073 :
1223 2037 1241 2071 c
1273 2019 1412 2074 Cum
1468 2021 1704 2075 societas
1734 2022 2044 2090 nuptiarum
2074 2021 2149 2074 ita

562 2114 634 2167 ab
663 2113 821 2167 initio
868 2111 1165 2168 constituta
1203 2112 1294 2178 sit,
1353 2120 1413 2166 ut
1452 2128 1559 2168 non
1593 2114 1666 2167 sit
1697 2124 1891 2183 praeter
1916 2129 2146 2169 sexuum

566 2203 1058 2272 conjunctioncm,
1114 2218 1236 2272 quae
1307 2203 1470 2257 habet
1513 2204 1566 2256 in
1610 2218 1668 2258 se
1715 2202 1918 2259 Christi
1943 2213 1997 2258 et
2042 2203 2149 2258 Ec-

560 2293 741 2350 clesiae
778 2301 1201 2360 sacramentum,
1232 2294 1456 2348 dubium
1488 2309 1597 2349 non
1620 2307 1704 2351 est
1724 2312 1844 2351 eam
1868 2298 2149 2351 mulierem

562 2398 675 2439 non
735 2384 1008 2452 pertinere
1056 2385 1121 2438 ad
1178 2384 1618 2452 matrimonium,
1651 2384 1704 2439 in
1752 2401 1861 2455 qua
1925 2384 2152 2440 docetur

564 2474 804 2545 nuptiale
858 2477 1176 2546 mysterium
1226 2492 1332 2531 non
1382 2475 1576 2531 fuisse.
1633 2495 1653 2528 ι
1711 2475 1817 2531 Sed
1864 2478 1973 2531 nisi
2020 2493 2151 2533 con—

564 2567 843 2619 venienter
882 2565 1022 2619 istud
1056 2565 1411 2636 intelligatur,
1438 2566 1771 2622 contrarium
1803 2567 2016 2623 videtur
2040 2566 2151 2623 Au-

563 2657 785 2727 gustino
839 2657 933 2726 qni
977 2657 1176 2712 asserit
1244 2658 1409 2712 etiam
1458 2656 1753 2727 perfectius
1801 2673 1867 2712 ac
1910 2660 2151 2715 sanctius

565 2747 878 2817 conjugium
932 2748 1072 2802 inter
1119 2762 1215 2802 eos
1269 2764 1389 2803 esse
1432 2748 1526 2817 qui
1575 2764 1643 2803 ex
1687 2750 1966 2804 communi
2020 2764 2153 2805 con-

564 2852 733 2893 sensu
790 2837 1064 2892 abstinere
1100 2853 1312 2907 semper
1359 2839 1428 2893 ab
1474 2838 1789 2908 hujusmodi
1850 2853 2014 2909 opere
2062 2840 2153 2896 de-

562 2934 873 2982 creverunt.
923 2925 991 2980 Et
1037 2928 1166 2997 quia
1208 2929 1429 2998 quidam
1472 2944 1773 2984 consensus
1835 2944 1959 2984 esse
2016 2944 2152 2985 con-

557 3018 772 3088 iugium
811 3017 1103 3085 afﬁrmant,
1158 3020 1420 3089 quaeritur
1446 3019 1604 3089 cujus
1646 3020 1723 3074 rei
1754 3034 2056 3076 consensus
2081 3022 2153 3077 sit

568 3111 906 3181 conjugium.
963 3111 1196 3177 Quidam
1248 3112 1577 3182 respondent
1617 3127 1951 3168 consensum
1997 3129 2152 3170 com-

562 3201 836 3257 mistionis
907 3217 1139 3257 sexuum
1200 3218 1321 3258 esse
1372 3204 1705 3274 canjugium.
1756 3203 1863 3259 Sed
1893 3205 2150 3276 objicitur

561 3292 711 3362 quod
769 3292 1086 3365 conjugium
1120 3292 1418 3363 perfectum
1444 3302 1529 3349 est
1568 3296 1732 3350 etiam
1774 3296 1915 3351 inter
1934 3312 2029 3353 eos
2053 3298 2148 3368 qui

1278 3385 1427 3454 quod
1497 3386 1552 3439 in
1629 3396 1952 3456 perpetuum
2047 3389 2149 3443 ab-

562 3473 801 3531 stineant
852 3476 922 3530 ab
959 3475 1064 3531 hoc
1113 3492 1296 3546 opere.
1358 3474 1427 3530 Et
1473 3475 1644 3532 Maria
1703 3479 1905 3549 conjux
1947 3479 2145 3551 Joseph

561 3574 791 3619 vocatur
838 3582 961 3636 quae
995 3576 1175 3622 tamen
1214 3569 1331 3637 ipsa
1367 3570 1659 3637 respondet
1681 3573 1913 3643 angelo:
1946 3592 1966 3623 ι
2000 3575 2148 3640 Quo—

562 3657 726 3711 modo
769 3657 859 3711 fiet
918 3659 1065 3713 istud
1131 3661 1391 3729 quoniam
1464 3662 1642 3717 virum
1704 3680 1811 3719 non
1874 3680 2146 3736 cognosco

563 3746 718 3817 (Luc.
769 3748 809 3815 ι)
866 3767 884 3800 ι
939 3747 1227 3814 Quomodo
1288 3753 1405 3807 fieri
1455 3763 1632 3823 potest
1675 3763 1734 3810 ut
1808 3758 2140 3827 concipiam,

564 3838 885 3909 pariamqne
931 3839 1122 3908 filium,
1170 3858 1293 3913 quae
1345 3844 1400 3897 in
1447 3846 1774 3901 castimonia
1814 3849 2145 3920 virginitatis

561 3930 729 3984 vitam
766 3947 1148 3988 consummare
1189 3935 1481 4004 disposui?
1522 3938 1601 3993 Ad
1626 3940 1773 4009 quod
1798 3940 1995 3995 iterum
2044 3957 2144 4012 op-

560 4023 802 4091 ponitur.
853 4023 959 4080 Sed
983 4040 1093 4079 non
1123 4025 1314 4082 habuit
1343 4028 1678 4083 voluntatem
1720 4031 1956 4086 carnalis
1981 4031 2146 4101 hujus

560 4112 902 4166 contubernii
978 4113 1135 4170 beata
1202 4114 1386 4188 Virgo.
1441 4115 1623 4183 Quare
1687 4123 1967 4175 consensit
2043 4120 2141 4174 de-

561 4203 853 4271 sponsari?
910 4202 1012 4257 Cni
1068 4207 1362 4276 Opponenti
1413 4209 1494 4263 sic
1545 4210 1905 4278 respondetur
1952 4227 1983 4264 a
2023 4212 2147 4281 qui-

559 4294 813 4360 husdam,
861 4295 1022 4350 Aliud
1072 4307 1155 4352 est
1201 4298 1545 4368 desponsari,
1588 4300 1734 4354 aliud
1788 4311 1872 4357 est
1916 4304 2146 4358 commi-

560 4388 722 4453 sceri,
778 4389 919 4444 sicut
967 4390 1115 4445 aliud
1163 4399 1247 4445 est
1294 4392 1632 4463 conjugium,
1670 4395 1817 4451 aliud
1878 4405 1964 4451 est
2005 4412 2145 4466 opus

2208 1971 2223 1985 .
2250 1928 2425 1998 magis
2461 1942 2523 1982 ea
2573 1936 2732 1997 pacta
2777 1943 2936 1983 sacra
2990 1928 3233 1982 inierunt
3282 1943 3410 1997 quae
3448 1927 3607 1982 carius
3660 1942 3761 1981 con-

2220 2019 2577 2096 .cordiusque
2624 2018 2915 2085 servanda,
2964 2034 3076 2073 non
3143 2018 3471 2074 voluntariis
3530 2033 3763 2087 corporum

2248 2107 2500 2174 nexibus,
2556 2106 2651 2162 sed
2700 2107 3025 2163 voluntariis
3063 2108 3295 2161 nexibus
3337 2108 3640 2161 animorum.
3680 2105 3763 2160 Ne-

2250 2212 2356 2268 que
2409 2198 2556 2252 enim
2609 2196 2875 2253 fallaciter
2908 2199 2978 2253 ab
3026 2199 3220 2268 angelo
3272 2198 3482 2253 dictum
3528 2208 3616 2255 eet.
3651 2196 3764 2252 clo-

2251 2288 2409 2357 scph,
2465 2287 2575 2342 noli
2637 2288 2882 2358 accipere
2926 2288 3150 2343 Mariam
3214 2289 3503 2359 conjugem
3565 2296 3701 2343 tuam.
3732 2307 3761 2367 _i

2251 2380 2465 2449 Conqu
2537 2389 2765 2435 vocatur
2813 2395 2880 2434 ex
2944 2381 3119 2451 prima
3186 2380 3611 2450 desponsationis
3666 2380 3766 2445 fide,

2250 2488 2414 2541 quam
2460 2487 2560 2527 nec
2622 2471 2917 2527 concubitu
2968 2479 3319 2541 cognoverat,
3374 2487 3477 2525 nec
3519 2470 3668 2525 fuerat
3696 2486 3767 2526 co-

2251 2562 2519 2632 gniturus.
2572 2559 2682 2617 Nec
2715 2562 2951 2631 perierat
2998 2578 3098 2616 nec
3132 2562 3369 2616 mendax
3403 2570 3649 2616 manserat
3671 2576 3767 2616 con-

2247 2651 2448 2722 jugalis
2499 2652 2808 2723 appellatio,
2868 2652 2961 2706 ubi
3012 2668 3114 2708 nec
3146 2650 3347 2718 fuerat,
3381 2668 3480 2707 nec
3507 2652 3663 2706 futura
3681 2659 3770 2705 erat

2252 2743 2361 2797 ulla
2429 2743 2609 2798 carnis
2688 2743 3025 2798 commistio.
3087 2741 3219 2796 Erat
3278 2744 3482 2813 quippe
3526 2744 3604 2797 illa
3650 2743 3768 2813 virgo

2253 2834 2372 2888 ideo
2398 2834 2642 2889 sanctius
2686 2842 2739 2889 et
2788 2834 3093 2888 mirabilius
3142 2835 3334 2903 juncta
3379 2850 3480 2889 suo
3511 2835 3629 2900 vim,
3666 2834 3770 2902 quia

2251 2924 2414 2978 etiam
2467 2922 2697 2979 fecunda
2757 2925 2874 2980 sine
2916 2926 3034 2979 viro
3083 2925 3234 2995 prole
3281 2926 3501 2995 dispar,
3528 2925 3616 2979 fide
3650 2938 3770 2978 COttl-

2250 3031 2369 3085 par,
2407 3024 2626 3086 propter
2653 3017 2799 3086 quod
2851 3017 3005 3072 tidele
3048 3018 3366 3088 conjugium
3394 3027 3626 3087 parentes
3648 3014 3773 3070 Chri-

2253 3106 2322 3160 sti
2352 3107 2513 3161 amho
2562 3107 2746 3162 vocari
2789 3117 3125 3175 meruerunt,
3169 3117 3223 3163 et
3249 3124 3358 3162 non
3393 3109 3562 3163 solum
3593 3108 3669 3162 illa
3687 3121 3774 3159 ma-

2255 3205 2357 3262 ter,
2409 3213 2600 3252 verum
2673 3199 2838 3253 etiam
2895 3199 2985 3254 ille
3030 3209 3184 3270 pater
3233 3201 3375 3270 ejus,
3444 3202 3575 3256 sicut
3617 3201 3777 3269 conjux

2251 3288 2441 3343 matris
2510 3289 2661 3358 ejus,
2730 3299 3023 3360 utrumque
3093 3301 3311 3358 mente,
3363 3308 3474 3347 non
3514 3308 3673 3349 carne.
3728 3290 3778 3344 Et

2250 3395 2411 3435 omne
2443 3381 2753 3449 nuptiarum
2803 3382 3007 3436 bonum
3063 3382 3346 3453 impletum
3402 3394 3483 3439 est
3512 3384 3561 3436 in
3588 3384 3679 3436 illis
3704 3398 3779 3449 p2-

2249 3470 2495 3526 rentibus
2540 3470 2767 3538 Christi,
2807 3473 3009 3542 proles,
3048 3473 3202 3540 fides,
3234 3485 3644 3530 sacramentum.
3676 3473 3778 3526 Pro-

2249 3562 2352 3616 lem
2405 3564 2786 3634 cognoscimus
2816 3563 2996 3633 ipsum
3027 3563 3197 3619 Deum
3226 3564 3452 3634 Iesum;
3482 3567 3640 3631 fidem,
3664 3563 3783 3634 quod

2248 3652 2457 3706 nullum
2536 3654 2893 3722 adulterium;
2959 3666 3389 3721 sacramentum,
3428 3658 3549 3727 quia
3609 3656 3778 3709 nullum

2248 3745 2565 3800 divortium.
2628 3744 2734 3801 Sed
2793 3747 3075 3802 sciendum
3110 3748 3256 3818 quod
3309 3750 3517 3803 bonum
3565 3745 3781 3815 eonjugii.

2248 3852 2356 3918 non
2408 3836 2585 3905 ipsum
2640 3839 2955 3909 conjugium
3025 3840 3357 3910 tripartitum
3426 3851 3505 3896 est
3566 3841 3614 3894 in
3662 3837 3782 3898 ﬁdes,

2246 3931 2888 4001 proles,sacramentum.
2920 3932 3163 3998 Quorum
3196 3934 3438 4003 primum
3463 3941 3544 3989 est
3569 3928 3788 3987 munditia

2248 4022 2490 4093 eonjugii
2525 4063 2540 4089 ,
2605 4023 2906 4079 secundum
2958 4023 3169 4080 fructus
3225 4024 3393 4094 ejus,
3455 4025 3658 4079 tertium
3703 4028 3787 4073 sta-

2246 4114 2429 4170 bilitas
2470 4114 2637 4170 illius.
2693 4112 2831 4169 Nam
2896 4116 2949 4168 in
2990 4115 3095 4170 fide
3141 4116 3472 4181 attenditur,
3512 4131 3579 4169 ne
3613 4118 3791 4187 propter

2248 4206 2528 4260 vinculum
2597 4206 2881 4276 conjngale
2931 4222 3055 4261 cum
3117 4207 3290 4261 altero
3344 4207 3432 4262 vel
3486 4207 3643 4261 altera
3687 4216 3789 4255 coa-

2249 4297 2557 4364 cumbatur,
2609 4296 2664 4349 in
2710 4298 2881 4366 prole,
2924 4305 2984 4351 ut
3022 4297 3324 4352 animatum
3374 4298 3706 4367 suscipiatur,
3747 4297 3793 4344 et

2250 4389 2503 4461 religiose
2548 4389 2831 4455 educetur,
2886 4390 2940 4443 in
2994 4400 3361 4459 sacramento,
3412 4400 3472 4445 nt
3527 4385 3793 4458 eonjugium

561 4479 736 4548 ipsius
769 4519 789 4545 ,
834 4482 979 4535 sicut
1019 4482 1165 4536 aliud
1227 4490 1311 4537 est
1363 4484 1783 4554 presbyterium,
1834 4487 1982 4541 aliud
2029 4487 2148 4542 om-
2180 4494 2225 4548 Ῑ)
2254 4494 2364 4533 non
2418 4485 2723 4548 separetur,
2780 4486 2833 4532 et
2886 4479 3149 4534 dimissus
3195 4488 3248 4534 et
3289 4480 3525 4535 dimissa
3570 4492 3633 4531 ne
3662 4487 3798 4529 causa

558 4571 703 4625 cium
739 4571 878 4640 ejus.
928 4571 1063 4626 Nam
1097 4574 1379 4644 presbyter
1419 4583 1502 4629 est
1532 4590 1595 4630 ex
1631 4578 1976 4633 ordinatione
2005 4579 2142 4646 sola,

556 4662 719 4716 etiam
761 4662 807 4717 si
840 4678 1117 4733 nunquam
1146 4664 1369 4719 missam
1415 4665 1669 4723 celebret.
1699 4666 1988 4739 Presbyter
2013 4683 2136 4741 erg:

556 4760 640 4807 est
687 4768 754 4808 ex
802 4761 1093 4824 potestate,
1153 4769 1261 4809 non
1315 4770 1382 4810 ex
1436 4765 1582 4812 actu.
1638 4756 1902 4814 Similiter
1948 4761 2145 4831 conju-

558 4843 707 4912 gium
754 4846 1006 4901 consistit
1060 4846 1114 4900 in
1172 4855 1460 4917 potestate,
1519 4865 1642 4920 qua:
1705 4851 1999 4906 attrahitur
2050 4868 2146 4923 per

559 4937 1032 5002 desponsationem
1083 4945 1137 4992 et
1164 4939 1470 5007 pactionem
1519 4940 1888 5012 eonjugalem,
1933 4957 2042 4997 non
2088 4943 2145 4997 in

558 5023 727 5080 coitu.
790 5025 854 5081 Et
898 5028 1040 5083 sicut
1091 5030 1290 5100 aliquis
1335 5032 1607 5086 consentit
1652 5033 1719 5086 ad
1752 5034 1876 5100 hoc,
1935 5043 1995 5089 ut
2018 5050 2144 5104 prc-

560 5116 743 5187 sbyter
788 5119 1097 5185 ordinetur,
1166 5122 1291 5176 licet
1328 5122 1523 5177 habeat
1563 5123 1617 5176 in
1668 5124 1945 5181 voluntate
1998 5126 2148 5196 quod

556 5222 839 5275 nunquam
887 5209 1121 5263 celebret
1164 5212 1409 5278 missam,
1468 5213 1609 5267 sicut
1664 5213 1860 5283 legitur
1897 5216 1964 5271 de
2017 5217 2144 5287 qni-

555 5296 835 5351 busdam:
891 5299 1154 5353 sichcata
1206 5301 1359 5372 virgo
1407 5300 1575 5356 Maria
1631 5304 1787 5373 plena
1857 5307 2141 5364 voluntate

554 5389 839 5444 consensit
870 5389 980 5444 illis
1023 5391 1279 5447 omnibus
1323 5408 1442 5461 quae
1464 5394 1519 5447 in
1560 5394 1989 5464 desponsatione
2043 5413 2143 5453 so-

555 5479 811 5535 lemniter
845 5481 965 5537 ﬁeri
1015 5481 1249 5538 debeant
1303 5484 1450 5540 circa
1501 5501 1589 5554 se,
1638 5486 1767 5542 licet
1815 5504 1983 5558 quam
2033 5489 2144 5545 Deo

553 5582 777 5629 voverat
804 5575 1193 5646 virginitatem,
1233 5593 1517 5649 nunquam
1552 5579 1757 5635 violare
1785 5580 1964 5635 vellet.
2006 5578 2145 5637 Nam

555 5661 701 5717 sicut
739 5664 1013 5722 Abraham
1040 5676 1265 5738 paratus
1290 5679 1407 5724 erat
1453 5668 1565 5726 Deo
1606 5654 1833 5742 jubenti
1862 5654 2146 5729 immolare

555 5748 727 5808 tilium
754 5770 936 5826 suum,
985 5775 1052 5815 cx
1084 5775 1194 5829 quo
1224 5771 1403 5816 tamen
1441 5763 1698 5833 sperabat
1734 5778 1923 5820 semen
1952 5764 2006 5820 in
2033 5762 2145 5836 quo

2247 4572 2413 4642 prolis
2451 4571 2607 4626 alteri
2644 4571 3030 4641 conjungatur.
3079 4569 3234 4637 Quod
3268 4572 3450 4641 ipsum
3479 4572 3669 4625 bonum
3694 4579 3799 4620 con-

2241 4662 2400 4733 jugii,
2455 4662 2510 4715 id
2553 4669 2634 4716 est
2684 4670 3113 4728 sacramentum,
3164 4674 3249 4716 est
3284 4670 3703 4724 sacramentum,
3752 4652 3797 4707 id

2245 4762 2331 4809 est
2359 4769 2530 4809 sacrae
2570 4753 2649 4808 rei
2699 4753 2938 4824 signum,
2992 4755 3200 4810 scilicet
3263 4752 3646 4825 inseparabilis
3692 4763 3799 4802 con-

2242 4844 2569 4916 junctionis,
2629 4859 2751 4913 qua:
2793 4853 2876 4898 est
2926 4844 3067 4899 inter
3117 4844 3401 4899 Christum
3437 4854 3492 4899 et
3519 4841 3800 4898 Ecclesiam.

2246 4933 2391 4991 lntcr
2459 4935 2606 5005 quod
2674 4936 3053 5006 unusquisque
3100 4936 3297 4991 habeat
3368 4953 3532 4991 suam
3590 4945 3805 4991 uxorem.

2248 5043 2356 5082 non
2402 5042 2556 5094 suas,
2599 5035 2654 5081 et
2688 5042 3032 5097 unaqumque
3075 5044 3236 5083 suum
3290 5028 3498 5094 virum,
3536 5042 3641 5081 non
3685 5036 3804 5078 suos.

2246 5118 2312 5173 Et
2353 5120 2499 5189 quod
2535 5134 2725 5173 eorum
2756 5134 2959 5189 corpus
2985 5128 3068 5174 est
3106 5136 3299 5185 unum,
3332 5129 3388 5174 et
3422 5120 3647 5174 animus
3674 5129 3807 5177 unus,

2246 5219 2587 5265 sacramenta
2640 5219 2770 5264 sunt
2822 5210 3027 5265 Christi
3083 5219 3138 5266 et
3176 5209 3461 5278 Ecclesia,
3493 5210 3582 5266 cui
3608 5224 3699 5263 nos
3729 5205 3809 5258 hoc

2244 5310 2299 5357 et
2357 5302 2412 5356 in
2471 5300 2658 5356 futuro
2707 5302 2984 5357 consociet
3038 5304 3153 5372 ipse
3195 5302 3473 5357 Dominus
3520 5310 3705 5355 noster
3743 5294 3814 5349 Je-

2246 5410 2344 5451 sus
2380 5393 2654 5459 Christus,
2709 5394 2805 5464 qui
2834 5395 2965 5449 vivit
3018 5403 3073 5449 et
3098 5402 3295 5466 regnat
3341 5393 3496 5449 Deus
3536 5408 3634 5464 per
3661 5385 3813 5445 omnia

2247 5487 2446 5542 saecula
2484 5486 2835 5542 saeculorum.
2891 5485 3085 5541 Amen.

2247 5600 2519 5666 Quomodo
2548 5601 2945 5673 intelligendum
2969 5602 3041 5673 sit
3067 5600 3205 5671 quod
3247 5601 3518 5669 scriptum
3547 5606 3629 5653 est
3661 5615 3682 5650 ι
3717 5608 3819 5649 ωπ-

2372 5722 2377 5729 .
2561 5671 2740 5742 ceptus
2785 5682 2861 5726 est
2889 5673 2953 5726 de
3004 5671 3211 5742 Spiritu
3237 5680 3449 5725 sancto.
3500 5689 3525 5724 ι

2317 5760 2457 5818 Dum
2511 5762 2940 5818 incarnationem
2980 5761 3121 5817 Filii
3150 5777 3279 5818 cum
3315 5761 3438 5832 ipso
3496 5759 3666 5828 Filio,
3689 5755 3825 5810 Pater
