3964 6460
240 393 336 450 ⁸173

1125 370 1694 428 DEFLORATIONES
1731 369 1834 431 SS.
1875 367 2185 426 PATRUM.
2218 397 2291 410 ’σ-
2319 369 2447 424 LIB.
2487 369 2525 424 l.

3382 372 3483 428 774

237 502 385 564 mnu]
410 506 462 554 et
488 495 714 565 Spiritus
741 496 959 546 sanctus
980 499 1234 559 operatus
1259 488 1350 555 sit,
1368 489 1565 544 merito
1603 488 1786 559 queri-
1813 489 1861 547 Α
1890 484 2062 540 solam
2088 484 2446 552 voluntatem,
2469 484 2614 557 quod
2636 485 2738 541 hoc
2759 485 2817 541 dt
2828 484 2999 542 bitum
3025 502 3057 541 a
3080 496 3275 543 natura
3297 499 3482 545 extor-

237 610 317 655 tur
339 604 496 664 quare
532 587 588 641 in
636 583 909 653 Scriptura
966 595 1122 636 sacra
1165 580 1514 652 singulariter
1538 581 1606 636 de
1656 579 1780 650 Spi-

235 691 330 747 ritu
376 689 556 740 saneto
617 685 903 746 conceptus
952 684 1313 731 memoratur.
1377 674 1505 731 llaec
1555 675 1778 745 quidem

237 784 362 840 sicut
402 785 453 831 et
494 781 678 828 cetera
727 784 850 839 quae
897 768 965 824 de
1016 768 1137 838 ipso
1182 767 1473 835 dicuntur,
1535 770 1777 824 humana

233 864 553 938 intelligentia
594 861 775 916 timide
815 860 1103 930 contingit,
1134 860 1228 916 sed
1257 860 1475 915 devotio
1509 861 1632 916 ﬁdei
1654 877 1764 915 am-

232 964 358 1037 ptius
403 969 727 1029 praesumens
778 953 1079 1008 secundum
1131 968 1325 1023 puram
1384 953 1776 1008 conscientiam

229 1052 435 1110 ﬁdeliter
500 1043 747 1115 inquirit.
827 1042 1192 1109 Quaerendum
1263 1045 1448 1115 itaque
1525 1045 1777 1115 inprimis

229 1155 302 1201 est
346 1138 609 1212 quomodo
666 1135 890 1205 intelligi
935 1144 1184 1205 oporteat
1235 1138 1381 1207 quod
1448 1137 1653 1193 dictum
1695 1147 1779 1195 est

228 1239 414 1293 beatam
440 1229 656 1284 Mariam
700 1228 768 1283 de
814 1226 1017 1297 Spiritu
1050 1238 1242 1285 saneto
1274 1232 1590 1301 concepisse
1619 1231 1772 1301 (Luc.

228 1327 281 1397 l).
318 1324 520 1380 Scimus
568 1335 807 1389 namque
858 1329 913 1375 et
950 1336 1141 1377 omnes
1176 1323 1291 1392 jam
1328 1321 1777 1393 frequentissimo

226 1434 315 1473 usu
346 1424 544 1470 natura:
571 1413 1033 1483 didicimus,quod
1069 1430 1196 1469 eum
1227 1416 1425 1470 mulier
1453 1432 1485 1471 a
1515 1417 1632 1472 viro
1652 1434 1780 1474 con-

225 1510 409 1579 cepisse
453 1505 670 1571 dicitur,
711 1521 818 1560 non
877 1506 1026 1561 aliud
1083 1507 1190 1561 nisi
1240 1508 1604 1563 substantiam
1656 1524 1778 1564 car-

221 1600 297 1654 nis
335 1598 398 1653 ad
439 1596 802 1667 generandam
846 1611 1066 1652 carnem
1111 1613 1208 1667 per
1236 1598 1419 1654 carnis
1452 1600 1655 1654 coitum
1683 1616 1777 1656 su-

222 1691 434 1762 scepisse
461 1697 819 1744 memoratur.
845 1687 913 1743 Et
939 1690 1053 1743 haec
1073 1689 1292 1759 quidem
1322 1692 1505 1745 carnis
1528 1693 1780 1747 substan-

222 1783 302 1850 tia,
336 1783 398 1838 de
430 1796 592 1836 carne
623 1781 727 1834 viri
781 1796 877 1850 per
915 1781 1094 1851 ipsum
1139 1782 1324 1837 carnis
1364 1783 1568 1838 coitum
1595 1792 1775 1838 trans-

1831 719 1853 725 η
1883 684 2147 738 persuasa
2168 711 2183 736 ,

1881 593 2049 648 quere
2096 579 2456 648 possin-sed
2505 594 2629 634 cum
2700 589 2996 649 spontanea
3052 581 3331 638 voluntate
3380 582 3485 639 fuit

2253 678 2383 724 tunc
2466 669 2729 726 nimirum
2806 670 2913 725 sibi
2973 671 3041 727 ad
3092 671 3332 729 invicem
3412 673 3481 729 ad

1881 774 2021 829 Opus
2070 759 2575 815 consummandam
2622 776 2690 817 ex
2754 769 2985 832 utraque
3031 774 3186 833 parte
3250 765 3481 821 libenter

1886 858 2055 920 atque
2106 851 2342 921 graviter
2389 852 2650 906 occurrit.
2705 850 2847 907 Sane
2897 855 3161 925 quidquid
3212 856 3478 912 violenter

1883 943 2086 997 volenti
2123 944 2412 1013 abripitur,
2454 942 2522 998 ad
2570 944 2839 1013 ejusmodi
2887 963 3068 1002 causae
3097 948 3349 1004 eﬂ'ectum
3385 951 3476 1005 in-

1881 1049 2184 1105 congruum
2240 1051 2468 1104 prorsus
2523 1045 2687 1106 atque
2733 1037 2979 1093 inellicax
3046 1040 3495 1105 demonstratum

1884 1126 2011 1182 Sola
2050 1141 2182 1197 ergo
2211 1128 2432 1182 dilectio
2477 1135 2560 1182 est
2589 1143 2713 1197 qua:
2752 1137 3004 1183 naturam
3036 1134 3384 1200 persuadere,
3417 1142 3473 1188 et

1879 1220 2147 1274 volentem
2178 1219 2587 1288 quodammodo
2618 1233 2815 1288 cogere
2870 1229 3051 1290 potest
3083 1223 3151 1276 ad
3195 1224 3475 1278 seminan-

1880 1313 2011 1368 dum
2037 1322 2274 1383 partum.
2308 1311 2575 1382 Equidem
2603 1313 2659 1366 in
2681 1312 2912 1367 muliere
2935 1328 3090 1367 amor
3117 1314 3238 1380 viri,
3272 1315 3329 1368 in
3350 1317 3471 1370 viro

1881 1415 2062 1461 autem
2101 1420 2253 1459 amor
2297 1405 2546 1460 mulieris
2578 1405 2630 1459 id
2663 1420 2823 1475 agere
2861 1405 3019 1471 solet,
3055 1415 3115 1459 ut
3143 1422 3267 1476 quae
3298 1407 3352 1461 in
3397 1398 3478 1462 al-

1881 1504 1998 1549 tero
2026 1494 2203 1549 solum
2236 1494 2338 1549 sibi
2371 1503 2562 1548 natura
2583 1494 2858 1549 sulliciens
2882 1510 2991 1550 non
3025 1505 3129 1561 est,
3154 1497 3476 1553 alterutrum

1881 1588 1984 1642 sibi
2018 1602 2112 1656 per
2153 1586 2499 1642 dilectionem
2531 1587 2839 1653 subveniat,
2875 1595 2933 1641 ut
2976 1589 3123 1657 quod
3172 1588 3227 1643 in
3281 1599 3474 1646 neutra

1881 1694 1976 1748 per
2012 1693 2070 1732 se
2103 1678 2281 1747 potuit
2319 1678 2374 1731 in
2416 1686 2650 1747 utraque
2679 1693 2776 1748 per
2810 1694 2869 1733 se
2916 1694 3042 1734 cum
3076 1680 3245 1735 altera
3276 1684 3472 1751 possit.

1881 1768 2051 1841 Igitur
2075 1784 2260 1823 semen
2286 1768 2513 1823 humani
2539 1778 2727 1839 partus
2750 1785 2784 1823 a
2817 1770 2932 1824 sola
2958 1770 3187 1826 muliere
3221 1772 3473 1830 forman-

220 1871 344 1940 l'usa,
385 1886 505 1926 cum
534 1886 705 1925 carne
746 1872 990 1927 mulieris
1032 1888 1141 1927 una
1183 1888 1314 1929 caro
1356 1873 1587 1929 ellicitur
1616 1885 1669 1930 et
1716 1877 1770 1931 id

1876 1865 2003 1918 dum
2034 1862 2291 1930 concipit,
2327 1862 2475 1931 quod
2514 1862 2679 1916 simul
2732 1877 2762 1915 a
2802 1864 2922 1916 viro
2957 1871 3013 1917 et
3046 1864 3276 1920 muliere
3305 1869 3475 1921 semi-

218 1965 346 2035 quod
384 1964 722 2019 nasciturum
775 1973 857 2018 est
904 1979 971 2019 ex
1017 1965 1305 2037 utriusque
1341 1967 1645 2022 substantia
1682 1983 1773 2023 ve-

216 2055 389 2110 raciter
433 2054 702 2125 originem
740 2068 964 2109 sumens
1000 2056 1212 2123 abillo,
1254 2072 1351 2126 per
1393 2057 1554 2113 istam
1608 2058 1774 2114 etiam

214 2144 274 2199 ab
314 2144 409 2199 ista
483 2152 794 2214 generetur.
853 2142 996 2217 Ergo
1047 2146 1244 2201 mulier
1275 2162 1306 2201 a
1354 2148 1474 2202 viro
1519 2149 1778 2219 ,concipit

211 2251 323 2292 cum
360 2251 388 2290 a
419 2250 582 2291 carne
613 2236 721 2290 viri
767 2251 863 2306 per
883 2237 1088 2292 coitum
1117 2238 1301 2293 carnis
1331 2254 1515 2294 semen
1546 2242 1777 2310 suscipit

216 2326 271 2381 ad
296 2326 653 2397 generandam
704 2341 947 2393 carnem,
989 2342 1092 2382 nec
1141 2327 1287 2383 aliud
1324 2330 1583 2400 concipit,
1608 2346 1774 2401 quam

210 2417 288 2473 ille
321 2426 400 2473 est
426 2433 456 2472 a
481 2431 593 2488 quo
638 2418 879 2488 concipit
910 2435 922 2470 :
953 2426 1047 2472 aut
1096 2418 1213 2487 ipsa
1255 2434 1377 2489 qua:
1412 2421 1670 2491 concipit,
1723 2431 1776 2477 et

211 2509 338 2579 quod
405 2510 644 2580 concipit
700 2510 806 2565 hoc
859 2510 1017 2580 parit.
1095 2508 1235 2576 Quid
1292 2494 1427 2582 ergo
1485 2513 1777 2569 dicemus?

206 2599 436 2671 Nunquid
481 2601 726 2673 Spiritus
754 2612 977 2658 sanctus
1013 2602 1079 2656 de
1109 2618 1207 2657 sua
1257 2604 1560 2659 substantia
1589 2619 1774 2660 semen

208 2703 376 2764 partus
402 2694 599 2751 infudit
660 2696 790 2751 alvo
837 2694 1119 2767 Virginis?
1170 2695 1458 2763 Quomodo
1509 2712 1641 2770 ergo
1687 2714 1775 2754 se-

205 2801 315 2841 men
359 2789 539 2843 carnis
590 2788 913 2843 ministrare
965 2788 1140 2857 potuit
1201 2789 1505 2844 substantia
1555 2791 1777 2861 spirita—

207 2874 297 2929 lis?
334 2876 412 2930 An
444 2875 586 2932 forte
616 2893 808 2933 semen
856 2877 1039 2933 carnis
1092 2893 1199 2931 non
1234 2876 1337 2933 l‘uit
1383 2879 1528 2949 quod
1575 2896 1774 2936 conee»

201 2975 335 3036 ptum
374 2978 455 3024 est
484 2978 540 3024 et
589 2984 729 3025 caro
779 2969 882 3024 fuit
930 2969 1076 3040 quod
1110 2979 1297 3025 natum
1349 2983 1451 3025 est.
1497 2970 1639 3037 Quid
1685 2973 1763 3027 di~

200 3058 409 3113 ceruus?
456 3058 763 3125 Quomodo
811 3058 985 3113 Maria
1029 3060 1096 3114 de
1157 3058 1362 3129 Spiritu
1413 3070 1602 3117 sancto
1639 3076 1766 3117 con-

193 3149 360 3220 cepit?
401 3150 468 3206 Et
516 3152 562 3206 si
610 3153 688 3207 de
719 3150 924 3222 Spiritu
956 3159 1146 3206 saneto
1189 3153 1459 3222 concepit,
1492 3153 1770 3222 quomodo

1881 1964 2063 2009 natur.
2094 1952 2250 2020 Quod
2279 1953 2524 2023 quidem,
2562 1953 2705 2008 sicut
2734 1953 2848 2021 jam
2879 1954 3086 2007 dictum
3121 1964 3227 2021 est,
3260 1956 3315 2009 in
3343 1972 3472 2011 mu-

1880 2045 2010 2098 liere
2038 2060 2133 2114 per
2173 2058 2417 2098 amorem
2462 2044 2586 2110 viri,
2615 2051 2666 2097 et
2714 2042 2768 2096 in
2801 2043 2919 2097 viro
2946 2059 3043 2113 per
3069 2059 3314 2101 amorem
3345 2062 3469 2101 mu-

1881 2137 2029 2191 lieris
2076 2145 2274 2190 natura
2317 2145 2593 2206 operatur.
2644 2134 2875 2206 Propter
2903 2137 3047 2205 quod
3078 2137 3241 2191 etiam
3273 2139 3473 2193 mulier

1880 2242 1988 2282 non
2037 2228 2142 2282 nisi
2172 2244 2203 2282 a
2253 2228 2368 2282 viro
2404 2228 2691 2297 concipere
2738 2227 2958 2290 dicitur,
2993 2228 3118 2283 lice't
3163 2238 3273 2282 tam
3317 2231 3384 2285 de
3412 2245 3474 2285 se

1884 2335 2047 2390 quam
2095 2320 2163 2374 de
2194 2319 2312 2373 viro
2339 2319 2639 2388 accipiatur
2668 2318 2811 2373 unde
2841 2318 3183 2374 fecundatur.
3228 2319 3294 2374 Et
3322 2312 3471 2377 recte

1879 2412 1946 2466 de
1968 2411 2083 2466 solo
2108 2411 2228 2464 viro
2249 2411 2506 2479 concipit,
2531 2425 2651 2479 qua:
2678 2409 2728 2462 id
2752 2411 2899 2480 quod
2925 2411 3182 2481 concipit,
3213 2412 3266 2466 in
3293 2413 3467 2469 altero

1878 2504 2097 2573 quidem
2131 2502 2198 2557 de
2243 2516 2407 2556 carne
2452 2502 2554 2554 viri
2586 2502 2843 2567 sumitur,
2892 2502 2946 2555 in
2980 2492 3163 2557 altero
3201 2517 3332 2557 vero
3372 2520 3474 2574 per

1880 2610 2121 2650 amorem
2172 2593 2273 2647 viri
2322 2592 2685 2648 ministratur.
2733 2590 2852 2646 Non
2904 2593 3089 2662 itaque
3132 2593 3239 2648 hoc
3291 2595 3473 2650 solum

1877 2687 1944 2742 de
1966 2686 2082 2739 viro
2108 2686 2369 2755 concipit,
2393 2685 2539 2755 quod
2563 2685 2631 2739 de
2656 2685 2774 2739 viro
2804 2685 3019 2754 accipit,
3050 2686 3143 2740 sed
3177 2687 3282 2743 hoc
3306 2689 3473 2743 etiam

1879 2779 1946 2833 de
1973 2779 2092 2832 viro
2122 2778 2361 2847 cancipit
2387 2776 2531 2846 quod
2561 2792 2626 2830 ex
2663 2792 2723 2831 se
2773 2777 2841 2831 de
2871 2792 3060 2831 amore
3091 2776 3193 2831 viri
3241 2781 3463 2850 accipit.

1877 2867 1991 2925 Hoc
2033 2869 2449 2938 praetermittere
2497 2867 2758 2922 nolumus
2800 2875 3022 2936 propter
3061 2868 3166 2923 hoc
3208 2872 3355 2940 quod
3385 2872 3473 2926 di-

1876 2970 2023 3017 ctum
2078 2968 2163 3016 est
2226 2959 2452 3014 Mariam
2507 2959 2575 3014 de
2631 2957 2838 3028 Spiritu
2892 2969 3084 3014 sancto
3146 2963 3471 3031 concepisse

1878 3051 2029 3125 (Luc.
2084 3052 2147 3122 ι).
2200 3051 2462 3121 Concepit
2508 3065 2637 3121 ergo
2668 3049 2833 3104 Maria
2887 3050 2955 3106 de
3005 3050 3211 3121 Spiritu
3255 3062 3466 3121 sancto,

1875 3161 1982 3199 non
2014 3144 2159 3215 quod
2181 3144 2248 3199 de
2276 3143 2580 3199 substantia
2607 3142 2842 3212 Spiritus
2866 3144 3038 3198 sancti
3064 3159 3249 3199 semen
3279 3130 3471 3214 partus

194 3238 404 3310 Spiritus
433 3252 675 3298 sanctus
703 3241 862 3297 Pater
888 3242 1090 3297 Christi
1126 3256 1234 3297 non
1259 3241 1405 3297 fuit?
1447 3242 1571 3299 Haec
1593 3244 1778 3298 omnia
1808 3235 1849 3293 C
1885 3237 2170 3307 acceperit,
2198 3236 2291 3291 sed
2318 3252 2442 3306 qum
2462 3252 2561 3305 per
2583 3250 2825 3290 amorem
2856 3244 2909 3289 et
2937 3236 3309 3305 operationem
3338 3237 3467 3308 Spi-

188 3347 364 3406 magna
427 3336 886 3393 consideratione
942 3336 1213 3407 indigent,
1282 3352 1349 3391 ne
1404 3335 1542 3393 forte
1595 3338 1651 3392 in
1717 3353 1777 3393 re

190 3424 390 3493 difﬁcili,
438 3436 494 3481 et
519 3427 694 3482 valde
739 3425 977 3481 timenda
1016 3435 1071 3480 et
1122 3427 1359 3481 obscura
1411 3442 1607 3482 sensus
1667 3427 1773 3481 hu-

188 3530 365 3573 manus
435 3518 661 3589 aliquid
715 3518 950 3588 amplius
994 3534 1092 3573 sua
1146 3517 1509 3587 possibilitate
1567 3535 1775 3588 prsesu-

184 3616 303 3661 mat.
361 3608 474 3665 Nec
532 3612 672 3665 ideo
723 3609 1081 3665 dubitandum
1117 3619 1204 3664 est
1252 3610 1468 3677 dehis,
1523 3612 1651 3681 quia
1675 3612 1774 3666 ob.

182 3714 325 3757 scura
366 3713 533 3770 sunt;
586 3718 699 3758 nec
751 3704 872 3758 ideo
927 3704 1130 3773 aliquid
1166 3713 1367 3760 temere
1396 3706 1771 3761 dilIiniendum

181 3793 296 3863 quia
337 3796 624 3851 credenda
675 3802 821 3850 sunt.
879 3794 1203 3861 Quzeramus
1246 3811 1399 3867 ergo,
1445 3796 1577 3866 quid
1633 3812 1771 3851 con-

180 3887 306 3956 cepit
356 3887 575 3943 Maria?
630 3890 743 3942 Aut
787 3903 1008 3944 carnem
1064 3904 1175 3943 non
1236 3889 1505 3959 concepit,
1550 3897 1603 3944 et
1649 3905 1772 3944 car-

176 3994 289 4034 nem
332 3997 443 4037 non
490 3983 721 4055 genuit,
778 3991 875 4036 aut
926 3982 973 4036 si
1027 3997 1249 4037 carnem
1300 3983 1510 4053 genuit,
1548 3999 1769 4039 carnem

174 4076 426 4146 concepit.
487 4076 665 4143 Quod
718 4076 864 4131 enim
905 4075 1174 4146 concepit,
1233 4075 1337 4131 hoc
1400 4077 1606 4148 genuit.
1661 4078 1767 4132 Sed

173 4170 435 4236 quomodo
513 4183 752 4223 carnem
816 4166 1127 4221 ministrare
1193 4167 1371 4237 potuit
1440 4183 1547 4221 non
1600 4184 1764 4235 caro;

171 4270 255 4314 aut
295 4277 404 4317 non
457 4276 704 4316 carnem
742 4260 961 4331 gignere
1009 4274 1159 4315 caro.
1217 4258 1323 4315 Ista
1377 4262 1629 4331 perplexa
1680 4263 1767 4316 in-

169 4351 400 4422 quisitio,
429 4354 557 4409 sive
586 4351 875 4423 quaerendi
932 4351 1092 4417 ratio,
1144 4352 1600 4421 quemadmodum
1634 4370 1767 4409 sane

169 4451 215 4497 et
257 4455 657 4516 cmopetenter
694 4444 919 4515 intelligi
975 4446 1153 4499 valeat
1213 4446 1647 4500 consideremus.
1700 4445 1766 4501 Et

163 4538 392 4605 primum
422 4538 669 4610 quidem
716 4539 770 4591 in
820 4552 882 4592 ea
913 4553 1018 4607 qua
1069 4537 1369 4592 secundum
1429 4538 1644 4592 solitam
1702 4553 1765 4594 ac

166 4628 416 4685 usitatam
497 4638 726 4684 natura:
783 4627 1155 4696 operationem
1222 4612 1496 4698 peragitur
1567 4640 1765 4682 conce-

159 4720 355 4787 ptione,
398 4719 674 4791 ejusdem
723 4724 932 4770 naturae
984 4731 1122 4784 opus
1161 4718 1438 4785 quomodo
1481 4719 1764 4787 complea-

163 4817 244 4862 tur
280 4809 646 4865 intueamur.
697 4805 753 4861 ln
801 4805 1116 4876 parentibus
1161 4806 1455 4860 carnaliter
1500 4824 1762 4878 generan-

157 4901 318 4968 tibus,
374 4911 437 4958 et
496 4916 612 4972 per
660 4897 845 4953 carnis
900 4895 1104 4950 coitum
1153 4895 1487 4949 nascituram
1539 4913 1761 4952 carnem

153 5006 217 5047 ex
256 5009 433 5050 carne
466 4989 906 5054 fabricantibus,
960 4986 1249 5056 utrobique
1295 4995 1489 5049 ruitura
1516 4989 1763 5043 substan-

147 5083 274 5139 tiam
318 5084 635 5140 ministrat
684 5079 865 5151 partui
941 5076 1200 5143 creando,
1252 5086 1311 5131 ut
1352 5092 1419 5130 ex
1474 5079 1761 5149 utriusque

146 5190 309 5233 carne
386 5175 680 5248 procedat
730 5181 785 5227 et
832 5171 978 5241 quod
1039 5170 1219 5226 solum
1268 5168 1323 5223 in
1382 5169 1547 5225 unius
1597 5186 1761 5227 carne

142 5266 443 5323 formanda
484 5275 586 5323 est
620 5279 770 5321 caro.
829 5261 1034 5317 Tamen
1083 5261 1188 5316 hoc
1228 5261 1458 5332 vectigal
1488 5263 1635 5332 quod
1662 5279 1761 5317 na-

139 5368 262 5416 tura
303 5363 480 5432 quasi
530 5359 786 5414 debitum
822 5355 1095 5426 quoddam
1132 5367 1199 5408 ex
1243 5354 1497 5409 instituto
1530 5354 1759 5411 Creatoc

135 5455 212 5509 ris
245 5457 317 5510 ad
370 5453 671 5509 fabricam
696 5438 930 5504 humani
958 5446 1204 5515 corporis
1241 5446 1629 5502 exsolvendam
1667 5465 1763 5503 im-

132 5549 349 5616 pendit,
394 5548 483 5601 ita
516 5558 760 5615 prorsus
799 5541 918 5596 sine
960 5539 1071 5593 ulla
1124 5539 1472 5600 necessitate.
1516 5549 1612 5595 aut
1635 5557 1763 5597 coa-

128 5639 318 5695 ctione
365 5640 448 5695 ab
494 5651 575 5692 ea
636 5633 951 5705 requiritur,
988 5639 1049 5685 ut
1100 5630 1206 5685 nisi
1269 5632 1383 5687 sola
1450 5633 1758 5702 dilectione,

125 5740 181 5785 et
223 5741 291 5786 ut
332 5732 429 5786 sic
491 5727 739 5783 dixerim
788 5732 1087 5794 spontanea
1116 5721 1396 5779 voluntate
1424 5725 1489 5779 ad
1519 5725 1762 5781 tribuen~

120 5822 257 5879 dum
330 5823 393 5879 id
468 5835 605 5877 non
656 5817 962 5874 inclinetur.
1010 5811 1161 5868 Nihil
1218 5815 1363 5871 enim
1416 5825 1501 5873 est
1560 5826 1757 5889 praeter

1882 3331 2020 3385 ritus
2053 3330 2247 3396 sancti,
2278 3344 2345 3383 ex
2385 3343 2549 3383 carne
2578 3327 2807 3396 virginis
2841 3326 3028 3381 divino
3055 3328 3235 3396 partui
3271 3336 3468 3383 natura

1881 3424 2242 3480 substantiam
2295 3421 2642 3475 ministravit.
2692 3418 2825 3472 Nam
2877 3420 3008 3489 quia
3053 3420 3107 3473 in
3139 3420 3304 3475 corde
3349 3420 3470 3489 ejus

1879 3531 2037 3571 amor
2067 3514 2301 3586 Spiritus
2330 3521 2505 3569 sancti
2555 3511 2903 3582 singulariter
2946 3510 3191 3577 ardebat,
3242 3510 3365 3565 ideo
3412 3511 3468 3565 in

1878 3622 2043 3662 carne
2072 3607 2192 3676 ejus
2227 3608 2400 3659 virtus
2434 3602 2672 3672 Spiritus
2700 3601 2875 3656 sancti
2907 3600 3181 3655 mirabilia
3212 3599 3466 3655 faciebat.

1876 3699 2048 3769 Cujus
2071 3697 2290 3753 dilectio
2320 3696 2448 3765 quia
2487 3695 2541 3747 in
2585 3694 2751 3749 corde
2782 3693 2930 3748 illius
2958 3706 3068 3746 non
3100 3692 3342 3761 suscepit
3370 3705 3467 3746 so-

1875 3791 2022 3846 cium
2074 3792 2194 3859 ejus
2251 3790 2496 3857 Operatio
2551 3786 2605 3839 in
2657 3801 2824 3839 carne
2874 3784 3021 3839 illius
3056 3798 3166 3838 non
3233 3783 3468 3838 habebat

1874 3883 2202 3953 exemplum.
2229 3880 2345 3935 Hoc
2374 3881 2542 3950 igitur
2562 3880 2739 3934 solum
2764 3877 2933 3949 Virgo
2958 3878 3208 3948 concepit
3228 3878 3372 3947 quod
3396 3878 3465 3933 de

1874 3991 1974 4030 sua
2024 3989 2190 4029 carne
2238 3987 2334 4042 per
2395 3984 2636 4023 amorem
2691 3976 2746 4022 et
2799 3968 3171 4036 operationem
3224 3966 3465 4037 Spiritus

1875 4064 2050 4121 sancti
2086 4063 2332 4131 accepit:
2368 4060 2435 4114 de
2481 4073 2591 4128 quo
2622 4057 2786 4111 ctiam
2820 4056 2938 4110 solo
2965 4056 3085 4110 sine
3115 4056 3343 4110 viriliter
3373 4071 3464 4111 se-

1872 4156 2038 4210 minis
2088 4153 2468 4209 commistione
2518 4150 2691 4204 tilium
2719 4148 2924 4219 genuit.
2963 4144 3077 4200 lloc
3120 4161 3249 4216 ergo
3293 4145 3465 4200 libido

1871 4247 2052 4302 carnis
2100 4243 2511 4314 conceptionem
2555 4247 2780 4310 cperata
2826 4247 2912 4292 est
2958 4237 3013 4290 in
3056 4234 3301 4307 Virgine,
3338 4252 3465 4306 quae

1871 4354 1973 4393 nec
2013 4339 2079 4392 de
2119 4352 2284 4391 carne
2326 4334 2429 4388 viri
2476 4347 2661 4388 semen
2697 4328 2926 4399 accepit,
2974 4343 3074 4383 nec
3123 4327 3191 4382 de
3224 4342 3325 4382 sua
3365 4343 3465 4397 per

1871 4445 2111 4485 amorem
2143 4428 2246 4482 viri
2278 4425 2547 4495 concepit,
2580 4423 2673 4477 sed
2711 4436 2808 4492 per
2832 4435 3076 4476 amorem
3101 4426 3157 4472 et
3182 4419 3464 4488 operatio-

1874 4536 1996 4574 nem
2031 4518 2268 4588 Spiritus
2295 4518 2486 4572 sancti.
2527 4514 2654 4571 llaac
2700 4515 2816 4584 ipse
2855 4511 3096 4582 Spiritus
3134 4518 3358 4564 sanctus
3388 4509 3469 4562 id-

1872 4619 2019 4671 circo
2036 4615 2195 4669 Pater
2208 4613 2474 4669 dicendus
2498 4619 2600 4677 est,
2630 4611 2759 4681 quia
2782 4609 2904 4678 ejus
2927 4623 3084 4662 amor
3107 4605 3466 4674 conceptione

1871 4708 2111 4779 Virginis
2126 4715 2382 4776 operatus
2398 4714 2501 4771 est,
2519 4704 2649 4772 quia
2667 4717 2766 4756 nec
2777 4701 2844 4755 de
2863 4716 2962 4756 sua
2984 4697 3221 4753 essentia
3247 4695 3461 4766 Virgini

1869 4816 2053 4857 semen
2078 4810 2268 4870 partus
2292 4797 2499 4862 tribuit,
2536 4795 2632 4850 sed
2664 4796 2765 4864 ipsi
2791 4794 2858 4847 de
2886 4807 3051 4846 carne
3077 4790 3299 4860 pr0pria
3331 4787 3426 4842 Vir
3450 4819 3459 4830 ι

1867 4902 1977 4975 gini
2009 4917 2103 4972 per
2134 4915 2374 4955 amorem
2419 4912 2581 4951 suum
2610 4904 2774 4964 atque
2805 4894 3058 4946 virtutem
3101 4890 3463 4945 substantiam

1870 5000 2219 5057 ministravit.
2257 4998 2513 5053 Christus
2555 5011 2686 5067 ergo
2728 5005 2782 5048 et
2822 4993 2889 5049 de
2925 4991 3148 5062 Virgine
3189 5000 3351 5045 natus
3380 5000 3464 5049 est

1869 5105 1996 5176 quia
2026 5104 2091 5158 de
2137 5118 2302 5158 carne
2328 5100 2569 5172 Virginis
2603 5098 2789 5154 carnis
2836 5096 3199 5151 substantiam
3229 5094 3460 5165 accepit,

1868 5213 1923 5259 et
1963 5204 2030 5258 de
2082 5202 2286 5272 Spiritu
2317 5209 2509 5256 sancto
2551 5205 2849 5267 conceptus
2876 5203 2980 5262 est,
3030 5194 3156 5264 quia
3187 5194 3303 5263 ipsa
3333 5208 3459 5247 cum

1867 5309 2019 5378 virgo
2053 5322 2120 5361 ex
2162 5306 2278 5360 sola
2311 5318 2475 5360 carne
2510 5317 2608 5357 sua
2657 5301 2777 5356 sine
2806 5298 3132 5354 admistione
3171 5298 3347 5352 virilis
3374 5312 3461 5349 se-

1870 5408 2035 5464 minis
2057 5422 2154 5479 per
2186 5405 2425 5477 Spiritus
2468 5403 2644 5460 sancti
2699 5402 3073 5472 operationem
3106 5412 3462 5467 amoremque

1868 5508 2137 5579 concepit.
2166 5505 2306 5562 Hinc
2329 5514 2414 5562 est
2437 5505 2585 5576 quod
2618 5504 2794 5560 eidem
2834 5501 3045 5573 Virgini
3076 5500 3337 5570 pariturae
3366 5513 3461 5567 per

1868 5609 2122 5681 angelum
2167 5606 2370 5663 dicitur
2399 5623 2412 5659 :
2453 5623 2472 5657 ι
2505 5602 2748 5675 Spiritus
2776 5610 3002 5658 sanctus
3028 5596 3379 5668 superveniet
3404 5596 3459 5649 in

1869 5718 1939 5780 te,
1983 5721 2038 5769 et
2063 5714 2240 5768 virtus
2283 5709 2546 5768 Altissimi
2594 5705 2945 5761 obumbrabit
2992 5703 3091 5758 tibi
3142 5700 3301 5774 (Luc.
3333 5698 3396 5761 l).
3435 5717 3453 5748 ι

1869 5815 2107 5889 Spiritus
2130 5823 2353 5872 sanctus
2383 5826 2620 5881 namque
2651 5804 2859 5877 Virgini
2893 5804 3229 5875 supervenit,
3264 5807 3326 5857 ut
3364 5813 3461 5870 per
