  <div class='ocr_page' id='page_1' title='image "/cluster/home/n/w/nwhite01/storage/ocr_20150623/157/hvd.32044010248185/393.png"; bbox 0 0 4032 6396; ppageno 0'>
   <div class='ocr_carea' id='block_1_1' title="bbox 455 253 3736 322">
    <p class='ocr_par' dir='ltr' id='par_1_1' title="bbox 455 253 3736 322">
     <span class='ocr_line' id='line_1_1' title="bbox 455 253 3736 322; baseline -0.003 -3"><span class='ocrx_word' id='word_1_1' title='bbox 455 265 561 322; x_wconf 76' lang='lat'><strong>775</strong></span> <span class='ocrx_word' id='word_1_2' title='bbox 1603 260 1926 318; x_wconf 64' lang='lat' dir='ltr'><strong>WEB’NERI</strong></span> <span class='ocrx_word' id='word_1_3' title='bbox 1963 257 2254 315; x_wconf 74' lang='lat' dir='ltr'><strong>ABBATIS</strong></span> <span class='ocrx_word' id='word_1_4' title='bbox 2289 257 2347 314; x_wconf 90' lang='lat' dir='ltr'><strong>S.</strong></span> <span class='ocrx_word' id='word_1_5' title='bbox 2383 256 2604 314; x_wconf 78' lang='lat' dir='ltr'><strong>BLASH</strong></span> <span class='ocrx_word' id='word_1_6' title='bbox 3619 253 3736 308; x_wconf 77' lang='grc' dir='ltr'><strong><em>πο</em></strong></span> 
     </span>
    </p>
   </div>
   <div class='ocr_carea' id='block_1_2' title="bbox 451 369 3742 454">
    <p class='ocr_par' dir='ltr' id='par_1_2' title="bbox 451 369 3742 454">
     <span class='ocr_line' id='line_1_2' title="bbox 451 369 3742 454; baseline -0.003 -20"><span class='ocrx_word' id='word_1_7' title='bbox 451 382 578 451; x_wconf 73' lang='lat' dir='ltr'><strong>ejus</strong></span> <span class='ocrx_word' id='word_1_8' title='bbox 631 385 1002 454; x_wconf 69' lang='lat' dir='ltr'><strong>operationem</strong></span> <span class='ocrx_word' id='word_1_9' title='bbox 1052 395 1184 436; x_wconf 83' lang='lat' dir='ltr'><strong>caro</strong></span> <span class='ocrx_word' id='word_1_10' title='bbox 1226 378 1428 436; x_wconf 75' lang='lat' dir='ltr'><strong>Christi</strong></span> <span class='ocrx_word' id='word_1_11' title='bbox 1475 379 1542 434; x_wconf 89' lang='lat' dir='ltr'><strong>de</strong></span> <span class='ocrx_word' id='word_1_12' title='bbox 1590 391 1757 434; x_wconf 89' lang='lat' dir='ltr'><strong>carne</strong></span> <span class='ocrx_word' id='word_1_13' title='bbox 1800 373 2042 447; x_wconf 76' lang='lat' dir='ltr'><strong>Virginis</strong></span> <span class='ocrx_word' id='word_1_14' title='bbox 2071 373 2506 438; x_wconf 72' lang='lat' dir='ltr'><strong>Asubstantiam</strong></span> <span class='ocrx_word' id='word_1_15' title='bbox 2555 375 2740 430; x_wconf 86' lang='lat' dir='ltr'><strong>carnis</strong></span> <span class='ocrx_word' id='word_1_16' title='bbox 2791 373 3139 438; x_wconf 83' lang='lat' dir='ltr'><strong>ministrans,</strong></span> <span class='ocrx_word' id='word_1_17' title='bbox 3195 369 3402 429; x_wconf 79' lang='lat' dir='ltr'><strong>carnali</strong></span> <span class='ocrx_word' id='word_1_18' title='bbox 3459 370 3742 441; x_wconf 65' lang='lat' dir='ltr'><strong>concini-</strong></span> 
     </span>
    </p>
   </div>
   <div class='ocr_carea' id='block_1_3' title="bbox 455 465 2650 541">
    <p class='ocr_par' dir='ltr' id='par_1_3' title="bbox 455 465 2650 541">
     <span class='ocr_line' id='line_1_3' title="bbox 455 465 2650 541; baseline -0.004 -12"><span class='ocrx_word' id='word_1_19' title='bbox 455 474 811 541; x_wconf 86' lang='lat' dir='ltr'><strong>formaretur,</strong></span> <span class='ocrx_word' id='word_1_20' title='bbox 859 483 914 529; x_wconf 86' lang='lat' dir='ltr'><strong>et</strong></span> <span class='ocrx_word' id='word_1_21' title='bbox 956 474 1128 529; x_wconf 89' lang='lat' dir='ltr'><strong>virtus</strong></span> <span class='ocrx_word' id='word_1_22' title='bbox 1170 471 1435 528; x_wconf 85' lang='lat' dir='ltr'><strong>Altissimi</strong></span> <span class='ocrx_word' id='word_1_23' title='bbox 1481 467 1830 526; x_wconf 72' lang='lat' dir='ltr'><strong>obumbravit</strong></span> <span class='ocrx_word' id='word_1_24' title='bbox 1871 467 1922 522; x_wconf 91' lang='lat' dir='ltr'><strong>ei</strong></span> <span class='ocrx_word' id='word_1_25' title='bbox 1967 479 2039 522; x_wconf 89' lang='lat' dir='ltr'><strong>ne</strong></span> <span class='ocrx_word' id='word_1_26' title='bbox 2145 465 2352 521; x_wconf 88' lang='lat' dir='ltr'><strong>scentia</strong></span> <span class='ocrx_word' id='word_1_27' title='bbox 2379 473 2650 521; x_wconf 87' lang='lat' dir='ltr'><strong>ureretur.</strong></span> 
     </span>
    </p>
   </div>
   <div class='ocr_carea' id='block_1_4' title="bbox 1343 742 2832 838">
    <p class='ocr_par' dir='ltr' id='par_1_4' title="bbox 1343 742 2832 838">
     <span class='ocr_line' id='line_1_4' title="bbox 1343 742 2832 838; baseline -0.004 0"><span class='ocrx_word' id='word_1_28' title='bbox 1343 750 1463 838; x_wconf 86' lang='lat' dir='ltr'><strong>IN</strong></span> <span class='ocrx_word' id='word_1_29' title='bbox 1540 743 2271 838; x_wconf 80' lang='lat' dir='ltr'><strong>NATIVITATE</strong></span> <span class='ocrx_word' id='word_1_30' title='bbox 2346 742 2832 836; x_wconf 88' lang='lat' dir='ltr'><strong>DOMINI.</strong></span> 
     </span>
    </p>
   </div>
   <div class='ocr_carea' id='block_1_5' title="bbox 1736 937 2406 1000">
    <p class='ocr_par' dir='ltr' id='par_1_5' title="bbox 1736 937 2406 1000">
     <span class='ocr_line' id='line_1_5' title="bbox 1736 937 2406 1000; baseline -0.003 0"><span class='ocrx_word' id='word_1_31' title='bbox 1736 937 2102 1000; x_wconf 85' lang='lat' dir='ltr'><strong>Secundum</strong></span> <span class='ocrx_word' id='word_1_32' title='bbox 2147 937 2406 998; x_wconf 84' lang='lat' dir='ltr'><strong>Lucam.</strong></span> 
     </span>
    </p>
   </div>
   <div class='ocr_carea' id='block_1_6' title="bbox 538 1099 2044 1175">
    <p class='ocr_par' dir='ltr' id='par_1_6' title="bbox 538 1099 2044 1175">
     <span class='ocr_line' id='line_1_6' title="bbox 538 1099 2044 1175; baseline -0.006 -12"><span class='ocrx_word' id='word_1_33' title='bbox 538 1129 557 1163; x_wconf 76' lang='grc' dir='ltr'><strong>ι</strong></span> <span class='ocrx_word' id='word_1_34' title='bbox 589 1108 733 1164; x_wconf 77' lang='lat' dir='ltr'><strong>Exiit</strong></span> <span class='ocrx_word' id='word_1_35' title='bbox 761 1109 1001 1164; x_wconf 90' lang='lat' dir='ltr'><strong>edictum</strong></span> <span class='ocrx_word' id='word_1_36' title='bbox 1032 1121 1063 1160; x_wconf 90' lang='lat' dir='ltr'><strong>a</strong></span> <span class='ocrx_word' id='word_1_37' title='bbox 1112 1103 1327 1161; x_wconf 68' lang='lat' dir='ltr'><strong>Caesare</strong></span> <span class='ocrx_word' id='word_1_38' title='bbox 1361 1105 1627 1175; x_wconf 80' lang='lat' dir='ltr'><strong>Angusto,</strong></span> <span class='ocrx_word' id='word_1_39' title='bbox 1671 1109 1732 1156; x_wconf 93' lang='lat' dir='ltr'><strong>ut</strong></span> <span class='ocrx_word' id='word_1_40' title='bbox 1771 1099 2044 1156; x_wconf 82' lang='lat' dir='ltr'><strong>describe-</strong></span> 
     </span>
    </p>
   </div>
   <div class='ocr_carea' id='block_1_7' title="bbox 458 1188 2039 1263">
    <p class='ocr_par' dir='ltr' id='par_1_7' title="bbox 458 1188 2039 1263">
     <span class='ocr_line' id='line_1_7' title="bbox 458 1188 2039 1263; baseline -0.008 -6"><span class='ocrx_word' id='word_1_41' title='bbox 458 1209 613 1257; x_wconf 81' lang='lat' dir='ltr'><strong>retur</strong></span> <span class='ocrx_word' id='word_1_42' title='bbox 657 1201 946 1255; x_wconf 89' lang='lat' dir='ltr'><strong>universus</strong></span> <span class='ocrx_word' id='word_1_43' title='bbox 994 1197 1183 1261; x_wconf 86' lang='lat' dir='ltr'><strong>orbis,</strong></span> <span class='ocrx_word' id='word_1_44' title='bbox 1249 1215 1268 1249; x_wconf 68' lang='grc' dir='ltr'><strong>ι</strong></span> <span class='ocrx_word' id='word_1_45' title='bbox 1322 1205 1426 1250; x_wconf 80' lang='lat' dir='ltr'><strong>etc.</strong></span> <span class='ocrx_word' id='word_1_46' title='bbox 1479 1193 1631 1261; x_wconf 86' lang='lat' dir='ltr'><strong>(Luc.</strong></span> <span class='ocrx_word' id='word_1_47' title='bbox 1680 1192 1766 1262; x_wconf 86' lang='lat' dir='ltr'>II.)</span> <span class='ocrx_word' id='word_1_48' title='bbox 1825 1188 2039 1263; x_wconf 40' lang='lat' dir='ltr'><strong>[Reor]</strong></span> 
     </span>
    </p>
   </div>
   <div class='ocr_carea' id='block_1_8' title="bbox 457 1280 2045 1353">
    <p class='ocr_par' dir='ltr' id='par_1_8' title="bbox 457 1280 2045 1353">
     <span class='ocr_line' id='line_1_8' title="bbox 457 1280 2045 1353; baseline -0.007 -8"><span class='ocrx_word' id='word_1_49' title='bbox 457 1287 626 1346; x_wconf 72' lang='lat' dir='ltr'><strong>Juxta</strong></span> <span class='ocrx_word' id='word_1_50' title='bbox 676 1289 834 1343; x_wconf 84' lang='lat' dir='ltr'><strong>ﬁdem</strong></span> <span class='ocrx_word' id='word_1_51' title='bbox 876 1287 1252 1352; x_wconf 82' lang='lat' dir='ltr'><strong>historiarum,</strong></span> <span class='ocrx_word' id='word_1_52' title='bbox 1303 1295 1449 1340; x_wconf 90' lang='lat' dir='ltr'><strong>tanta</strong></span> <span class='ocrx_word' id='word_1_53' title='bbox 1483 1299 1614 1353; x_wconf 85' lang='lat' dir='ltr'><strong>pace</strong></span> <span class='ocrx_word' id='word_1_54' title='bbox 1658 1281 1904 1352; x_wconf 82' lang='lat' dir='ltr'><strong>regnavit</strong></span> <span class='ocrx_word' id='word_1_55' title='bbox 1935 1280 2045 1334; x_wconf 86' lang='lat' dir='ltr'><strong>Au-</strong></span> 
     </span>
    </p>
   </div>
   <div class='ocr_carea' id='block_1_9' title="bbox 461 1373 2030 1454">
    <p class='ocr_par' dir='ltr' id='par_1_9' title="bbox 461 1373 2030 1454">
     <span class='ocr_line' id='line_1_9' title="bbox 461 1373 2030 1454; baseline -0.009 -16"><span class='ocrx_word' id='word_1_56' title='bbox 461 1392 659 1454; x_wconf 85' lang='lat' dir='ltr'><strong>gustus</strong></span> <span class='ocrx_word' id='word_1_57' title='bbox 687 1379 839 1435; x_wconf 76' lang='lat' dir='ltr'><strong>annis</strong></span> <span class='ocrx_word' id='word_1_58' title='bbox 869 1378 1156 1433; x_wconf 89' lang='lat' dir='ltr'><strong>duodecim</strong></span> <span class='ocrx_word' id='word_1_59' title='bbox 1191 1377 1337 1432; x_wconf 85' lang='lat' dir='ltr'><strong>circa</strong></span> <span class='ocrx_word' id='word_1_60' title='bbox 1372 1385 1584 1444; x_wconf 90' lang='lat' dir='ltr'><strong>tempus</strong></span> <span class='ocrx_word' id='word_1_61' title='bbox 1612 1373 1910 1428; x_wconf 72' lang='lat' dir='ltr'><strong>Dominicze</strong></span> <span class='ocrx_word' id='word_1_62' title='bbox 1943 1387 2030 1425; x_wconf 86' lang='lat' dir='ltr'><strong>na-</strong></span> 
     </span>
    </p>
   </div>
   <div class='ocr_carea' id='block_1_10' title="bbox 465 1465 2044 1539">
    <p class='ocr_par' dir='ltr' id='par_1_10' title="bbox 465 1465 2044 1539">
     <span class='ocr_line' id='line_1_10' title="bbox 465 1465 2044 1539; baseline -0.008 -11"><span class='ocrx_word' id='word_1_63' title='bbox 465 1474 714 1539; x_wconf 83' lang='lat' dir='ltr'><strong>tivitatis,</strong></span> <span class='ocrx_word' id='word_1_64' title='bbox 743 1479 800 1526; x_wconf 91' lang='lat' dir='ltr'><strong>ut</strong></span> <span class='ocrx_word' id='word_1_65' title='bbox 834 1479 941 1525; x_wconf 90' lang='lat' dir='ltr'><strong>tam</strong></span> <span class='ocrx_word' id='word_1_66' title='bbox 965 1469 1249 1525; x_wconf 85' lang='lat' dir='ltr'><strong>forinsecis</strong></span> <span class='ocrx_word' id='word_1_67' title='bbox 1280 1483 1444 1538; x_wconf 88' lang='lat' dir='ltr'><strong>quam</strong></span> <span class='ocrx_word' id='word_1_68' title='bbox 1470 1467 1720 1522; x_wconf 83' lang='lat' dir='ltr'><strong>civilibus</strong></span> <span class='ocrx_word' id='word_1_69' title='bbox 1745 1465 1898 1519; x_wconf 82' lang='lat' dir='ltr'><strong>bellis</strong></span> <span class='ocrx_word' id='word_1_70' title='bbox 1928 1471 2044 1517; x_wconf 90' lang='lat' dir='ltr'><strong>toto</strong></span> 
     </span>
    </p>
   </div>
   <div class='ocr_carea' id='block_1_11' title="bbox 2147 1095 3732 1170">
    <p class='ocr_par' dir='ltr' id='par_1_11' title="bbox 2147 1095 3732 1170">
     <span class='ocr_line' id='line_1_11' title="bbox 2147 1095 3732 1170; baseline 0.003 -18"><span class='ocrx_word' id='word_1_71' title='bbox 2147 1111 2278 1152; x_wconf 89' lang='lat' dir='ltr'><strong>suos</strong></span> <span class='ocrx_word' id='word_1_72' title='bbox 2307 1096 2570 1152; x_wconf 86' lang='lat' dir='ltr'><strong>scriberet</strong></span> <span class='ocrx_word' id='word_1_73' title='bbox 2594 1099 2648 1152; x_wconf 87' lang='lat' dir='ltr'><strong>in</strong></span> <span class='ocrx_word' id='word_1_74' title='bbox 2671 1095 2990 1152; x_wconf 65' lang='lat' dir='ltr'><strong>aeternitate.</strong></span> <span class='ocrx_word' id='word_1_75' title='bbox 3020 1095 3141 1163; x_wconf 92' lang='lat' dir='ltr'><strong>Quo</strong></span> <span class='ocrx_word' id='word_1_76' title='bbox 3165 1107 3355 1153; x_wconf 92' lang='lat' dir='ltr'><strong>contra</strong></span> <span class='ocrx_word' id='word_1_77' title='bbox 3383 1098 3450 1154; x_wconf 93' lang='lat' dir='ltr'><strong>de</strong></span> <span class='ocrx_word' id='word_1_78' title='bbox 3475 1100 3732 1170; x_wconf 67' lang='lat' dir='ltr'><strong>reprobi:</strong></span> 
     </span>
    </p>
   </div>
   <div class='ocr_carea' id='block_1_12' title="bbox 2145 1185 3731 1266">
    <p class='ocr_par' dir='ltr' id='par_1_12' title="bbox 2145 1185 3731 1266">
     <span class='ocr_line' id='line_1_12' title="bbox 2145 1185 3731 1266; baseline 0.006 -24"><span class='ocrx_word' id='word_1_79' title='bbox 2145 1187 2381 1242; x_wconf 84' lang='lat' dir='ltr'><strong>dicitur:</strong></span> <span class='ocrx_word' id='word_1_80' title='bbox 2414 1205 2432 1238; x_wconf 71' lang='grc' dir='ltr'>ί</span> <span class='ocrx_word' id='word_1_81' title='bbox 2464 1185 2754 1241; x_wconf 85' lang='lat' dir='ltr'><strong>Deleantnr</strong></span> <span class='ocrx_word' id='word_1_82' title='bbox 2777 1187 2846 1242; x_wconf 90' lang='lat' dir='ltr'><strong>de</strong></span> <span class='ocrx_word' id='word_1_83' title='bbox 2877 1188 3016 1242; x_wconf 90' lang='lat' dir='ltr'><strong>libro</strong></span> <span class='ocrx_word' id='word_1_84' title='bbox 3041 1188 3361 1259; x_wconf 76' lang='lat' dir='ltr'><strong>viventium,</strong></span> <span class='ocrx_word' id='word_1_85' title='bbox 3391 1201 3446 1248; x_wconf 86' lang='lat' dir='ltr'><strong>et</strong></span> <span class='ocrx_word' id='word_1_86' title='bbox 3472 1209 3606 1250; x_wconf 89' lang='lat' dir='ltr'><strong>cum</strong></span> <span class='ocrx_word' id='word_1_87' title='bbox 3633 1197 3731 1266; x_wconf 56' lang='lat' dir='ltr'><strong>ju»</strong></span> 
     </span>
    </p>
   </div>
   <div class='ocr_carea' id='block_1_13' title="bbox 2147 1277 3164 1350">
    <p class='ocr_par' dir='ltr' id='par_1_13' title="bbox 2147 1277 3164 1350">
     <span class='ocr_line' id='line_1_13' title="bbox 2147 1277 3164 1350; baseline -0.002 -14"><span class='ocrx_word' id='word_1_88' title='bbox 2147 1279 2247 1336; x_wconf 85' lang='lat' dir='ltr'><strong>stis</strong></span> <span class='ocrx_word' id='word_1_89' title='bbox 2272 1295 2378 1334; x_wconf 89' lang='lat' dir='ltr'><strong>non</strong></span> <span class='ocrx_word' id='word_1_90' title='bbox 2412 1279 2720 1334; x_wconf 88' lang='lat' dir='ltr'><strong>scribantur</strong></span> <span class='ocrx_word' id='word_1_91' title='bbox 2746 1277 2918 1349; x_wconf 85' lang='lat' dir='ltr'><strong>(Psal.</strong></span> <span class='ocrx_word' id='word_1_92' title='bbox 2951 1280 3164 1350; x_wconf 77' lang='lat' dir='ltr'><strong>Lm&quot;).</strong></span> 
     </span>
    </p>
   </div>
   <div class='ocr_carea' id='block_1_14' title="bbox 2216 1369 3734 1446">
    <p class='ocr_par' dir='ltr' id='par_1_14' title="bbox 2216 1369 3734 1446">
     <span class='ocr_line' id='line_1_14' title="bbox 2216 1369 3734 1446; baseline 0.009 -22"><span class='ocrx_word' id='word_1_93' title='bbox 2216 1369 2443 1426; x_wconf 86' lang='lat' dir='ltr'><strong>Factum</strong></span> <span class='ocrx_word' id='word_1_94' title='bbox 2469 1379 2552 1425; x_wconf 92' lang='lat' dir='ltr'><strong>est</strong></span> <span class='ocrx_word' id='word_1_95' title='bbox 2577 1379 2758 1424; x_wconf 89' lang='lat' dir='ltr'><strong>autem</strong></span> <span class='ocrx_word' id='word_1_96' title='bbox 2807 1385 2931 1424; x_wconf 92' lang='lat' dir='ltr'><strong>cum</strong></span> <span class='ocrx_word' id='word_1_97' title='bbox 2972 1380 3158 1426; x_wconf 85' lang='lat' dir='ltr'><strong>essent</strong></span> <span class='ocrx_word' id='word_1_98' title='bbox 3199 1373 3296 1441; x_wconf 88' lang='lat' dir='ltr'><strong>ibi,</strong></span> <span class='ocrx_word' id='word_1_99' title='bbox 3339 1374 3551 1446; x_wconf 85' lang='lat' dir='ltr'><strong>impleti</strong></span> <span class='ocrx_word' id='word_1_100' title='bbox 3597 1393 3734 1437; x_wconf 78' lang='lat' dir='ltr'><strong>sunt</strong></span> 
     </span>
    </p>
   </div>
   <div class='ocr_carea' id='block_1_15' title="bbox 2147 1459 3730 1542">
    <p class='ocr_par' dir='ltr' id='par_1_15' title="bbox 2147 1459 3730 1542">
     <span class='ocr_line' id='line_1_15' title="bbox 2147 1459 3730 1542; baseline 0 -27"><span class='ocrx_word' id='word_1_101' title='bbox 2147 1459 2264 1515; x_wconf 88' lang='lat' dir='ltr'><strong>dies</strong></span> <span class='ocrx_word' id='word_1_102' title='bbox 2286 1467 2346 1513; x_wconf 92' lang='lat' dir='ltr'><strong>ut</strong></span> <span class='ocrx_word' id='word_1_103' title='bbox 2379 1468 2610 1528; x_wconf 89' lang='lat' dir='ltr'><strong>pareret,</strong></span> <span class='ocrx_word' id='word_1_104' title='bbox 2634 1468 2688 1513; x_wconf 90' lang='lat' dir='ltr'><strong>et</strong></span> <span class='ocrx_word' id='word_1_105' title='bbox 2727 1459 2936 1530; x_wconf 78' lang='lat' dir='ltr'><strong>peperit</strong></span> <span class='ocrx_word' id='word_1_106' title='bbox 2964 1461 3134 1515; x_wconf 88' lang='lat' dir='ltr'><strong>lilium</strong></span> <span class='ocrx_word' id='word_1_107' title='bbox 3167 1478 3326 1519; x_wconf 92' lang='lat' dir='ltr'><strong>suum</strong></span> <span class='ocrx_word' id='word_1_108' title='bbox 3356 1475 3730 1542; x_wconf 65' lang='lat' dir='ltr'><strong>pratmOgcni-</strong></span> 
     </span>
    </p>
   </div>
   <div class='ocr_carea' id='block_1_16' title="bbox 465 1541 3734 1632">
    <p class='ocr_par' dir='ltr' id='par_1_16' title="bbox 465 1541 3734 1632">
     <span class='ocr_line' id='line_1_16' title="bbox 465 1541 3734 1632; baseline 0 -14"><span class='ocrx_word' id='word_1_109' title='bbox 465 1565 598 1618; x_wconf 86' lang='lat' dir='ltr'><strong>orbe</strong></span> <span class='ocrx_word' id='word_1_110' title='bbox 619 1564 830 1632; x_wconf 87' lang='lat' dir='ltr'><strong>sopitis,</strong></span> <span class='ocrx_word' id='word_1_111' title='bbox 859 1571 912 1616; x_wconf 91' lang='lat' dir='ltr'><strong>et</strong></span> <span class='ocrx_word' id='word_1_112' title='bbox 934 1561 1000 1616; x_wconf 91' lang='lat' dir='ltr'><strong>ad</strong></span> <span class='ocrx_word' id='word_1_113' title='bbox 1024 1562 1258 1615; x_wconf 86' lang='lat' dir='ltr'><strong>litteram</strong></span> <span class='ocrx_word' id='word_1_114' title='bbox 1285 1559 1610 1628; x_wconf 89' lang='lat' dir='ltr'><strong>completum</strong></span> <span class='ocrx_word' id='word_1_115' title='bbox 1633 1557 1881 1610; x_wconf 86' lang='lat' dir='ltr'><strong>videatur</strong></span> <span class='ocrx_word' id='word_1_116' title='bbox 1907 1555 2038 1610; x_wconf 91' lang='lat' dir='ltr'><strong>illud</strong></span> <span class='ocrx_word' id='word_1_117' title='bbox 2071 1541 2113 1594; x_wconf 84' lang='grc' dir='ltr'>Β</span> <span class='ocrx_word' id='word_1_118' title='bbox 2143 1557 2280 1604; x_wconf 79' lang='lat' dir='ltr'><strong>tum.</strong></span> <span class='ocrx_word' id='word_1_119' title='bbox 2344 1548 2556 1619; x_wconf 68' lang='grc' dir='ltr'><strong>(Βευλ.)</strong></span> <span class='ocrx_word' id='word_1_120' title='bbox 2609 1549 2771 1614; x_wconf 86' lang='lat' dir='ltr'><strong>Bene,</strong></span> <span class='ocrx_word' id='word_1_121' title='bbox 2822 1559 2937 1604; x_wconf 90' lang='lat' dir='ltr'><strong>tum</strong></span> <span class='ocrx_word' id='word_1_122' title='bbox 2979 1562 3201 1622; x_wconf 86' lang='lat' dir='ltr'><strong>prepter</strong></span> <span class='ocrx_word' id='word_1_123' title='bbox 3239 1556 3510 1625; x_wconf 87' lang='lat' dir='ltr'><strong>judicium</strong></span> <span class='ocrx_word' id='word_1_124' title='bbox 3558 1541 3734 1619; x_wconf 77' lang='lat' dir='ltr'><strong>stem-</strong></span> 
     </span>
    </p>
   </div>
   <div class='ocr_carea' id='block_1_17' title="bbox 463 1647 2043 1725">
    <p class='ocr_par' dir='ltr' id='par_1_17' title="bbox 463 1647 2043 1725">
     <span class='ocr_line' id='line_1_17' title="bbox 463 1647 2043 1725; baseline -0.004 -17"><span class='ocrx_word' id='word_1_125' title='bbox 463 1655 889 1725; x_wconf 87' lang='lat' dir='ltr'><strong>propheticum:</strong></span> <span class='ocrx_word' id='word_1_126' title='bbox 937 1651 1266 1708; x_wconf 87' lang='lat' dir='ltr'><strong>Conflabunt</strong></span> <span class='ocrx_word' id='word_1_127' title='bbox 1311 1650 1521 1721; x_wconf 85' lang='lat' dir='ltr'><strong>gladios</strong></span> <span class='ocrx_word' id='word_1_128' title='bbox 1575 1647 1630 1701; x_wconf 93' lang='lat' dir='ltr'><strong>in</strong></span> <span class='ocrx_word' id='word_1_129' title='bbox 1677 1662 1945 1709; x_wconf 75' lang='lat' dir='ltr'><strong>vomeres,</strong></span> <span class='ocrx_word' id='word_1_130' title='bbox 1989 1655 2043 1701; x_wconf 91' lang='lat' dir='ltr'><strong>et</strong></span> 
     </span>
    </p>
   </div>
   <div class='ocr_carea' id='block_1_18' title="bbox 463 1740 2042 1809">
    <p class='ocr_par' dir='ltr' id='par_1_18' title="bbox 463 1740 2042 1809">
     <span class='ocr_line' id='line_1_18' title="bbox 463 1740 2042 1809; baseline -0.006 -7"><span class='ocrx_word' id='word_1_131' title='bbox 463 1748 684 1802; x_wconf 86' lang='lat' dir='ltr'><strong>lanceas</strong></span> <span class='ocrx_word' id='word_1_132' title='bbox 716 1744 770 1798; x_wconf 91' lang='lat' dir='ltr'><strong>in</strong></span> <span class='ocrx_word' id='word_1_133' title='bbox 812 1742 998 1798; x_wconf 78' lang='lat' dir='ltr'><strong>falces.</strong></span> <span class='ocrx_word' id='word_1_134' title='bbox 1031 1740 1151 1797; x_wconf 86' lang='lat' dir='ltr'><strong>Non</strong></span> <span class='ocrx_word' id='word_1_135' title='bbox 1196 1742 1396 1797; x_wconf 75' lang='lat' dir='ltr'><strong>levabit</strong></span> <span class='ocrx_word' id='word_1_136' title='bbox 1426 1756 1556 1809; x_wconf 78' lang='lat' dir='ltr'><strong>gens</strong></span> <span class='ocrx_word' id='word_1_137' title='bbox 1595 1748 1784 1794; x_wconf 89' lang='lat' dir='ltr'><strong>contra</strong></span> <span class='ocrx_word' id='word_1_138' title='bbox 1830 1747 2042 1809; x_wconf 81' lang='lat' dir='ltr'><strong>gentem</strong></span> 
     </span>
    </p>
   </div>
   <div class='ocr_carea' id='block_1_19' title="bbox 463 1831 2046 1908">
    <p class='ocr_par' dir='ltr' id='par_1_19' title="bbox 463 1831 2046 1908">
     <span class='ocr_line' id='line_1_19' title="bbox 463 1831 2046 1908; baseline -0.005 -17"><span class='ocrx_word' id='word_1_139' title='bbox 463 1837 706 1908; x_wconf 89' lang='lat' dir='ltr'><strong>gladium</strong></span> <span class='ocrx_word' id='word_1_140' title='bbox 760 1833 899 1904; x_wconf 69' lang='lat' dir='ltr'><strong>(Ira.</strong></span> <span class='ocrx_word' id='word_1_141' title='bbox 955 1833 1039 1904; x_wconf 89' lang='lat' dir='ltr'>II).</span> <span class='ocrx_word' id='word_1_142' title='bbox 1085 1851 1106 1885; x_wconf 84' lang='lat' dir='ltr'><strong>I</strong></span> <span class='ocrx_word' id='word_1_143' title='bbox 1161 1831 1520 1887; x_wconf 86' lang='lat' dir='ltr'><strong>Pacatissimo</strong></span> <span class='ocrx_word' id='word_1_144' title='bbox 1570 1839 1748 1884; x_wconf 82' lang='lat' dir='ltr'><strong>autem</strong></span> <span class='ocrx_word' id='word_1_145' title='bbox 1803 1837 2046 1898; x_wconf 90' lang='lat' dir='ltr'><strong>tempore</strong></span> 
     </span>
    </p>
   </div>
   <div class='ocr_carea' id='block_1_20' title="bbox 468 1921 2044 1994">
    <p class='ocr_par' dir='ltr' id='par_1_20' title="bbox 468 1921 2044 1994">
     <span class='ocr_line' id='line_1_20' title="bbox 468 1921 2044 1994; baseline -0.006 -10"><span class='ocrx_word' id='word_1_146' title='bbox 468 1928 712 1984; x_wconf 87' lang='lat' dir='ltr'><strong>nascitur</strong></span> <span class='ocrx_word' id='word_1_147' title='bbox 742 1926 1015 1990; x_wconf 87' lang='lat' dir='ltr'><strong>Christus,</strong></span> <span class='ocrx_word' id='word_1_148' title='bbox 1039 1923 1186 1994; x_wconf 91' lang='lat' dir='ltr'><strong>quod</strong></span> <span class='ocrx_word' id='word_1_149' title='bbox 1217 1923 1362 1978; x_wconf 86' lang='lat' dir='ltr'><strong>Deus</strong></span> <span class='ocrx_word' id='word_1_150' title='bbox 1403 1931 1519 1977; x_wconf 88' lang='lat' dir='ltr'><strong>crat</strong></span> <span class='ocrx_word' id='word_1_151' title='bbox 1549 1921 1602 1974; x_wconf 91' lang='lat' dir='ltr'><strong>in</strong></span> <span class='ocrx_word' id='word_1_152' title='bbox 1636 1922 1855 1976; x_wconf 80' lang='lat' dir='ltr'><strong>Christo</strong></span> <span class='ocrx_word' id='word_1_153' title='bbox 1882 1939 2044 1976; x_wconf 88' lang='lat' dir='ltr'><strong>mun-</strong></span> 
     </span>
    </p>
   </div>
   <div class='ocr_carea' id='block_1_21' title="bbox 462 2013 2046 2088">
    <p class='ocr_par' dir='ltr' id='par_1_21' title="bbox 462 2013 2046 2088">
     <span class='ocr_line' id='line_1_21' title="bbox 462 2013 2046 2088; baseline -0.003 -13"><span class='ocrx_word' id='word_1_154' title='bbox 462 2019 595 2075; x_wconf 86' lang='lat' dir='ltr'><strong>dum</strong></span> <span class='ocrx_word' id='word_1_155' title='bbox 629 2018 990 2076; x_wconf 88' lang='lat' dir='ltr'><strong>reconcilians</strong></span> <span class='ocrx_word' id='word_1_156' title='bbox 1021 2015 1126 2072; x_wconf 88' lang='lat' dir='ltr'><strong>sibi</strong></span> <span class='ocrx_word' id='word_1_157' title='bbox 1174 2014 1263 2088; x_wconf 80' lang='grc'><strong>(11</strong></span> <span class='ocrx_word' id='word_1_158' title='bbox 1294 2013 1417 2068; x_wconf 86' lang='lat' dir='ltr'><strong>Cor.</strong></span> <span class='ocrx_word' id='word_1_159' title='bbox 1444 2017 1519 2085; x_wconf 89' lang='lat' dir='ltr'><strong>v).</strong></span> <span class='ocrx_word' id='word_1_160' title='bbox 1557 2015 1682 2070; x_wconf 68' lang='lat' dir='ltr'><strong>llaec</strong></span> <span class='ocrx_word' id='word_1_161' title='bbox 1730 2021 1910 2086; x_wconf 85' lang='lat' dir='ltr'><strong>itaque</strong></span> <span class='ocrx_word' id='word_1_162' title='bbox 1941 2031 2046 2085; x_wconf 77' lang='lat' dir='ltr'><strong>pax</strong></span> 
     </span>
    </p>
   </div>
   <div class='ocr_carea' id='block_1_22' title="bbox 463 2107 2045 2181">
    <p class='ocr_par' dir='ltr' id='par_1_22' title="bbox 463 2107 2045 2181">
     <span class='ocr_line' id='line_1_22' title="bbox 463 2107 2045 2181; baseline -0.003 -16"><span class='ocrx_word' id='word_1_163' title='bbox 463 2125 633 2181; x_wconf 89' lang='lat' dir='ltr'><strong>quam</strong></span> <span class='ocrx_word' id='word_1_164' title='bbox 664 2108 792 2164; x_wconf 87' lang='lat' dir='ltr'><strong>fecit</strong></span> <span class='ocrx_word' id='word_1_165' title='bbox 834 2107 1116 2177; x_wconf 81' lang='lat' dir='ltr'><strong>‘Augustus</strong></span> <span class='ocrx_word' id='word_1_166' title='bbox 1144 2107 1482 2177; x_wconf 88' lang='lat' dir='ltr'><strong>signiﬁcabat</strong></span> <span class='ocrx_word' id='word_1_167' title='bbox 1511 2123 1696 2177; x_wconf 91' lang='lat' dir='ltr'><strong>pacem</strong></span> <span class='ocrx_word' id='word_1_168' title='bbox 1739 2123 1900 2178; x_wconf 90' lang='lat' dir='ltr'><strong>quam</strong></span> <span class='ocrx_word' id='word_1_169' title='bbox 1932 2107 2045 2161; x_wconf 84' lang='lat' dir='ltr'><strong>Me-</strong></span> 
     </span>
    </p>
   </div>
   <div class='ocr_carea' id='block_1_23' title="bbox 463 2197 2047 2268">
    <p class='ocr_par' dir='ltr' id='par_1_23' title="bbox 463 2197 2047 2268">
     <span class='ocr_line' id='line_1_23' title="bbox 463 2197 2047 2268; baseline -0.003 -11"><span class='ocrx_word' id='word_1_170' title='bbox 463 2202 644 2258; x_wconf 89' lang='lat' dir='ltr'><strong>diator</strong></span> <span class='ocrx_word' id='word_1_171' title='bbox 673 2209 860 2254; x_wconf 89' lang='lat' dir='ltr'><strong>noster</strong></span> <span class='ocrx_word' id='word_1_172' title='bbox 909 2197 1155 2253; x_wconf 88' lang='lat' dir='ltr'><strong>facturus</strong></span> <span class='ocrx_word' id='word_1_173' title='bbox 1185 2207 1324 2263; x_wconf 89' lang='lat' dir='ltr'><strong>erat,</strong></span> <span class='ocrx_word' id='word_1_174' title='bbox 1371 2207 1424 2252; x_wconf 89' lang='lat' dir='ltr'><strong>et</strong></span> <span class='ocrx_word' id='word_1_175' title='bbox 1455 2214 1550 2268; x_wconf 89' lang='lat' dir='ltr'><strong>per</strong></span> <span class='ocrx_word' id='word_1_176' title='bbox 1583 2215 1641 2253; x_wconf 88' lang='lat' dir='ltr'><strong>se</strong></span> <span class='ocrx_word' id='word_1_177' title='bbox 1673 2208 1726 2252; x_wconf 88' lang='lat' dir='ltr'><strong>ct</strong></span> <span class='ocrx_word' id='word_1_178' title='bbox 1759 2215 1854 2268; x_wconf 83' lang='lat' dir='ltr'><strong>per</strong></span> <span class='ocrx_word' id='word_1_179' title='bbox 1882 2199 2047 2253; x_wconf 77' lang='lat' dir='ltr'><strong>disci-</strong></span> 
     </span>
    </p>
   </div>
   <div class='ocr_carea' id='block_1_24' title="bbox 467 2284 2049 2362">
    <p class='ocr_par' dir='ltr' id='par_1_24' title="bbox 467 2284 2049 2362">
     <span class='ocr_line' id='line_1_24' title="bbox 467 2284 2049 2362; baseline -0.001 -18"><span class='ocrx_word' id='word_1_180' title='bbox 467 2288 632 2362; x_wconf 83' lang='lat' dir='ltr'><strong>pulos</strong></span> <span class='ocrx_word' id='word_1_181' title='bbox 661 2287 805 2342; x_wconf 87' lang='lat' dir='ltr'><strong>inter</strong></span> <span class='ocrx_word' id='word_1_182' title='bbox 834 2285 1006 2341; x_wconf 91' lang='lat' dir='ltr'><strong>Deum</strong></span> <span class='ocrx_word' id='word_1_183' title='bbox 1037 2295 1093 2341; x_wconf 93' lang='lat' dir='ltr'><strong>et</strong></span> <span class='ocrx_word' id='word_1_184' title='bbox 1126 2286 1396 2342; x_wconf 85' lang='lat' dir='ltr'><strong>homines.</strong></span> <span class='ocrx_word' id='word_1_185' title='bbox 1425 2284 1802 2356; x_wconf 88' lang='lat' dir='ltr'><strong>Opportunum</strong></span> <span class='ocrx_word' id='word_1_186' title='bbox 1831 2301 2049 2356; x_wconf 86' lang='lat' dir='ltr'><strong>quoque</strong></span> 
     </span>
    </p>
   </div>
   <div class='ocr_carea' id='block_1_25' title="bbox 466 2375 2046 2449">
    <p class='ocr_par' dir='ltr' id='par_1_25' title="bbox 466 2375 2046 2449">
     <span class='ocr_line' id='line_1_25' title="bbox 466 2375 2046 2449; baseline -0.003 -13"><span class='ocrx_word' id='word_1_187' title='bbox 466 2379 592 2446; x_wconf 87' lang='lat' dir='ltr'><strong>fuit,</strong></span> <span class='ocrx_word' id='word_1_188' title='bbox 626 2386 684 2433; x_wconf 94' lang='lat' dir='ltr'><strong>ut</strong></span> <span class='ocrx_word' id='word_1_189' title='bbox 715 2377 992 2433; x_wconf 89' lang='lat' dir='ltr'><strong>tremenda</strong></span> <span class='ocrx_word' id='word_1_190' title='bbox 1020 2375 1250 2432; x_wconf 81' lang='lat' dir='ltr'><strong>Romani</strong></span> <span class='ocrx_word' id='word_1_191' title='bbox 1301 2378 1541 2433; x_wconf 90' lang='lat' dir='ltr'><strong>nominis</strong></span> <span class='ocrx_word' id='word_1_192' title='bbox 1566 2379 1756 2431; x_wconf 89' lang='lat' dir='ltr'><strong>umbra</strong></span> <span class='ocrx_word' id='word_1_193' title='bbox 1801 2386 2046 2449; x_wconf 80' lang='lat' dir='ltr'><strong>protege-</strong></span> 
     </span>
    </p>
   </div>
   <div class='ocr_carea' id='block_1_26' title="bbox 465 2469 2051 2540">
    <p class='ocr_par' dir='ltr' id='par_1_26' title="bbox 465 2469 2051 2540">
     <span class='ocr_line' id='line_1_26' title="bbox 465 2469 2051 2540; baseline -0.001 -12"><span class='ocrx_word' id='word_1_194' title='bbox 465 2481 659 2528; x_wconf 83' lang='lat' dir='ltr'><strong>rentur</strong></span> <span class='ocrx_word' id='word_1_195' title='bbox 686 2469 946 2540; x_wconf 85' lang='lat' dir='ltr'><strong>discipuli</strong></span> <span class='ocrx_word' id='word_1_196' title='bbox 976 2483 1305 2539; x_wconf 88' lang='lat' dir='ltr'><strong>quocunque</strong></span> <span class='ocrx_word' id='word_1_197' title='bbox 1335 2469 1401 2523; x_wconf 87' lang='lat' dir='ltr'><strong>ad</strong></span> <span class='ocrx_word' id='word_1_198' title='bbox 1439 2469 1840 2538; x_wconf 83' lang='lat' dir='ltr'><strong>praedicandum</strong></span> <span class='ocrx_word' id='word_1_199' title='bbox 1873 2479 2051 2526; x_wconf 89' lang='lat' dir='ltr'><strong>trans-</strong></span> 
     </span>
    </p>
   </div>
   <div class='ocr_carea' id='block_1_27' title="bbox 467 2560 2048 2632">
    <p class='ocr_par' dir='ltr' id='par_1_27' title="bbox 467 2560 2048 2632">
     <span class='ocr_line' id='line_1_27' title="bbox 467 2560 2048 2632; baseline -0.001 -12"><span class='ocrx_word' id='word_1_200' title='bbox 467 2565 631 2620; x_wconf 87' lang='lat' dir='ltr'><strong>irent.</strong></span> <span class='ocrx_word' id='word_1_201' title='bbox 692 2561 828 2617; x_wconf 87' lang='lat' dir='ltr'><strong>Nam</strong></span> <span class='ocrx_word' id='word_1_202' title='bbox 888 2561 1030 2616; x_wconf 92' lang='lat' dir='ltr'><strong>sicut</strong></span> <span class='ocrx_word' id='word_1_203' title='bbox 1070 2576 1102 2614; x_wconf 90' lang='lat' dir='ltr'><strong>a</strong></span> <span class='ocrx_word' id='word_1_204' title='bbox 1157 2560 1374 2616; x_wconf 58' lang='lat' dir='ltr'><strong>Caesare</strong></span> <span class='ocrx_word' id='word_1_205' title='bbox 1416 2561 1735 2631; x_wconf 81' lang='lat' dir='ltr'><strong>exigebatur</strong></span> <span class='ocrx_word' id='word_1_206' title='bbox 1779 2561 2048 2632; x_wconf 78' lang='lat' dir='ltr'><strong>professio</strong></span> 
     </span>
    </p>
   </div>
   <div class='ocr_carea' id='block_1_28' title="bbox 470 2649 2050 2722">
    <p class='ocr_par' dir='ltr' id='par_1_28' title="bbox 470 2649 2050 2722">
     <span class='ocr_line' id='line_1_28' title="bbox 470 2649 2050 2722; baseline -0.001 -14"><span class='ocrx_word' id='word_1_207' title='bbox 470 2667 672 2708; x_wconf 86' lang='lat' dir='ltr'><strong>census</strong></span> <span class='ocrx_word' id='word_1_208' title='bbox 713 2653 782 2707; x_wconf 91' lang='lat' dir='ltr'><strong>ab</strong></span> <span class='ocrx_word' id='word_1_209' title='bbox 824 2651 1084 2705; x_wconf 89' lang='lat' dir='ltr'><strong>universo</strong></span> <span class='ocrx_word' id='word_1_210' title='bbox 1124 2651 1276 2717; x_wconf 89' lang='lat' dir='ltr'><strong>orbe,</strong></span> <span class='ocrx_word' id='word_1_211' title='bbox 1316 2650 1398 2705; x_wconf 92' lang='lat' dir='ltr'><strong>sic</strong></span> <span class='ocrx_word' id='word_1_212' title='bbox 1440 2665 1472 2704; x_wconf 89' lang='lat' dir='ltr'><strong>a</strong></span> <span class='ocrx_word' id='word_1_213' title='bbox 1519 2649 1740 2705; x_wconf 88' lang='lat' dir='ltr'><strong>Christo</strong></span> <span class='ocrx_word' id='word_1_214' title='bbox 1789 2651 2050 2722; x_wconf 82' lang='lat' dir='ltr'><strong>exigenda</strong></span> 
     </span>
    </p>
   </div>
   <div class='ocr_carea' id='block_1_29' title="bbox 468 2739 2046 2814">
    <p class='ocr_par' dir='ltr' id='par_1_29' title="bbox 468 2739 2046 2814">
     <span class='ocr_line' id='line_1_29' title="bbox 468 2739 2046 2814; baseline -0.002 -14"><span class='ocrx_word' id='word_1_215' title='bbox 468 2753 588 2800; x_wconf 91' lang='lat' dir='ltr'><strong>erat</strong></span> <span class='ocrx_word' id='word_1_216' title='bbox 643 2745 769 2799; x_wconf 90' lang='lat' dir='ltr'><strong>ﬁdei</strong></span> <span class='ocrx_word' id='word_1_217' title='bbox 816 2741 1087 2814; x_wconf 84' lang='lat' dir='ltr'><strong>professio</strong></span> <span class='ocrx_word' id='word_1_218' title='bbox 1133 2741 1190 2796; x_wconf 92' lang='lat' dir='ltr'><strong>in</strong></span> <span class='ocrx_word' id='word_1_219' title='bbox 1233 2749 1350 2796; x_wconf 91' lang='lat' dir='ltr'><strong>toto</strong></span> <span class='ocrx_word' id='word_1_220' title='bbox 1393 2740 1618 2796; x_wconf 91' lang='lat' dir='ltr'><strong>mundo.</strong></span> <span class='ocrx_word' id='word_1_221' title='bbox 1658 2739 1811 2795; x_wconf 83' lang='lat' dir='ltr'><strong>Unde</strong></span> <span class='ocrx_word' id='word_1_222' title='bbox 1869 2742 2046 2797; x_wconf 90' lang='lat' dir='ltr'><strong>illud:</strong></span> 
     </span>
    </p>
   </div>
   <div class='ocr_carea' id='block_1_30' title="bbox 473 2832 2118 2927">
    <p class='ocr_par' dir='ltr' id='par_1_30' title="bbox 473 2832 2118 2927">
     <span class='ocr_line' id='line_1_30' title="bbox 473 2832 2118 2927; baseline 0.002 -41"><span class='ocrx_word' id='word_1_223' title='bbox 473 2854 495 2886; x_wconf 71' lang='grc' dir='ltr'><strong><em>ε</em></strong></span> <span class='ocrx_word' id='word_1_224' title='bbox 533 2835 740 2891; x_wconf 84' lang='lat' dir='ltr'><strong>Euntes</strong></span> <span class='ocrx_word' id='word_1_225' title='bbox 773 2835 829 2890; x_wconf 93' lang='lat' dir='ltr'><strong>in</strong></span> <span class='ocrx_word' id='word_1_226' title='bbox 871 2833 1136 2888; x_wconf 90' lang='lat' dir='ltr'><strong>mundum</strong></span> <span class='ocrx_word' id='word_1_227' title='bbox 1173 2832 1492 2888; x_wconf 90' lang='lat' dir='ltr'><strong>universum</strong></span> <span class='ocrx_word' id='word_1_228' title='bbox 1536 2832 1826 2903; x_wconf 68' lang='lat' dir='ltr'><strong>praedicatc</strong></span> <span class='ocrx_word' id='word_1_229' title='bbox 1872 2832 2050 2888; x_wconf 89' lang='lat' dir='ltr'><strong>Evan—</strong></span> <span class='ocrx_word' id='word_1_230' title='bbox 2077 2869 2118 2927; x_wconf 64' lang='grc' dir='ltr'>ο</span> 
     </span>
    </p>
   </div>
   <div class='ocr_carea' id='block_1_31' title="bbox 469 2921 1580 3002">
    <p class='ocr_par' dir='ltr' id='par_1_31' title="bbox 469 2921 1580 3002">
     <span class='ocr_line' id='line_1_31' title="bbox 469 2921 1580 3002; baseline -0.006 -20"><span class='ocrx_word' id='word_1_231' title='bbox 469 2928 668 3002; x_wconf 86' lang='lat' dir='ltr'><strong>gelium</strong></span> <span class='ocrx_word' id='word_1_232' title='bbox 695 2927 846 2982; x_wconf 89' lang='lat' dir='ltr'><strong>omni</strong></span> <span class='ocrx_word' id='word_1_233' title='bbox 875 2934 1144 2981; x_wconf 68' lang='lat' dir='ltr'><strong>creaturae</strong></span> <span class='ocrx_word' id='word_1_234' title='bbox 1167 2921 1361 2994; x_wconf 74' lang='lat' dir='ltr'><strong>(Marc.</strong></span> <span class='ocrx_word' id='word_1_235' title='bbox 1391 2922 1527 2994; x_wconf 80' lang='lat' dir='ltr'><strong>xvr).</strong></span> <span class='ocrx_word' id='word_1_236' title='bbox 1556 2941 1580 2974; x_wconf 70' lang='grc' dir='ltr'><strong><em>ο</em></strong></span> 
     </span>
    </p>
   </div>
   <div class='ocr_carea' id='block_1_32' title="bbox 542 3014 2056 3089">
    <p class='ocr_par' dir='ltr' id='par_1_32' title="bbox 542 3014 2056 3089">
     <span class='ocr_line' id='line_1_32' title="bbox 542 3014 2056 3089; baseline 0.001 -17"><span class='ocrx_word' id='word_1_237' title='bbox 542 3018 668 3075; x_wconf 74' lang='lat' dir='ltr'><strong>llazc</strong></span> <span class='ocrx_word' id='word_1_238' title='bbox 713 3016 1010 3087; x_wconf 89' lang='lat' dir='ltr'><strong>descriptio</strong></span> <span class='ocrx_word' id='word_1_239' title='bbox 1045 3015 1221 3086; x_wconf 90' lang='lat' dir='ltr'><strong>prima</strong></span> <span class='ocrx_word' id='word_1_240' title='bbox 1267 3014 1406 3072; x_wconf 86' lang='lat' dir='ltr'><strong>facta</strong></span> <span class='ocrx_word' id='word_1_241' title='bbox 1437 3024 1521 3072; x_wconf 92' lang='lat' dir='ltr'><strong>est</strong></span> <span class='ocrx_word' id='word_1_242' title='bbox 1561 3030 1594 3071; x_wconf 89' lang='lat' dir='ltr'><strong>a</strong></span> <span class='ocrx_word' id='word_1_243' title='bbox 1630 3017 1859 3088; x_wconf 83' lang='lat' dir='ltr'><strong>praeside</strong></span> <span class='ocrx_word' id='word_1_244' title='bbox 1884 3016 2056 3089; x_wconf 67' lang='lat' dir='ltr'><strong>Syriae</strong></span> 
     </span>
    </p>
   </div>
   <div class='ocr_carea' id='block_1_33' title="bbox 469 3107 2052 3182">
    <p class='ocr_par' dir='ltr' id='par_1_33' title="bbox 469 3107 2052 3182">
     <span class='ocr_line' id='line_1_33' title="bbox 469 3107 2052 3182; baseline -0.001 -16"><span class='ocrx_word' id='word_1_245' title='bbox 469 3110 693 3182; x_wconf 89' lang='lat' dir='ltr'><strong>Cyrino.</strong></span> <span class='ocrx_word' id='word_1_246' title='bbox 732 3128 750 3161; x_wconf 70' lang='grc' dir='ltr'>ς</span> <span class='ocrx_word' id='word_1_247' title='bbox 783 3108 848 3164; x_wconf 88' lang='lat' dir='ltr'><strong>Et</strong></span> <span class='ocrx_word' id='word_1_248' title='bbox 870 3110 1020 3164; x_wconf 90' lang='lat' dir='ltr'><strong>ibant</strong></span> <span class='ocrx_word' id='word_1_249' title='bbox 1047 3123 1239 3164; x_wconf 90' lang='lat' dir='ltr'><strong>omnes</strong></span> <span class='ocrx_word' id='word_1_250' title='bbox 1275 3115 1336 3163; x_wconf 93' lang='lat' dir='ltr'><strong>ut</strong></span> <span class='ocrx_word' id='word_1_251' title='bbox 1362 3107 1746 3178; x_wconf 87' lang='lat' dir='ltr'><strong>proﬁterentur</strong></span> <span class='ocrx_word' id='word_1_252' title='bbox 1773 3109 1969 3180; x_wconf 75' lang='lat' dir='ltr'><strong>singuli</strong></span> <span class='ocrx_word' id='word_1_253' title='bbox 1997 3109 2052 3164; x_wconf 92' lang='lat' dir='ltr'><strong>in</strong></span> 
     </span>
    </p>
   </div>
   <div class='ocr_carea' id='block_1_34' title="bbox 468 3196 2055 3293">
    <p class='ocr_par' dir='ltr' id='par_1_34' title="bbox 468 3196 2055 3293">
     <span class='ocr_line' id='line_1_34' title="bbox 468 3196 2055 3293; baseline -0.002 -36"><span class='ocrx_word' id='word_1_254' title='bbox 468 3218 629 3258; x_wconf 81' lang='lat' dir='ltr'><strong>suam</strong></span> <span class='ocrx_word' id='word_1_255' title='bbox 652 3201 947 3293; x_wconf 58' lang='lat' dir='ltr'><strong>civitatem.</strong></span> <span class='ocrx_word' id='word_1_256' title='bbox 981 3218 1006 3293; x_wconf 57' lang='grc' dir='ltr'><strong>ι</strong></span> <span class='ocrx_word' id='word_1_257' title='bbox 1036 3196 1456 3269; x_wconf 88' lang='lat' dir='ltr'><strong>Necdescriptio</strong></span> <span class='ocrx_word' id='word_1_258' title='bbox 1471 3199 1648 3270; x_wconf 90' lang='lat' dir='ltr'><strong>prima</strong></span> <span class='ocrx_word' id='word_1_259' title='bbox 1664 3198 1865 3293; x_wconf 82' lang='lat' dir='ltr'><strong>dicitur</strong></span> <span class='ocrx_word' id='word_1_260' title='bbox 1879 3215 2055 3293; x_wconf 88' lang='lat' dir='ltr'><strong>quan-</strong></span> 
     </span>
    </p>
   </div>
   <div class='ocr_carea' id='block_1_35' title="bbox 473 3291 2055 3365">
    <p class='ocr_par' dir='ltr' id='par_1_35' title="bbox 473 3291 2055 3365">
     <span class='ocr_line' id='line_1_35' title="bbox 473 3291 2055 3365; baseline -0.002 -14"><span class='ocrx_word' id='word_1_261' title='bbox 473 3305 589 3351; x_wconf 90' lang='lat' dir='ltr'><strong>tum</strong></span> <span class='ocrx_word' id='word_1_262' title='bbox 623 3295 690 3350; x_wconf 92' lang='lat' dir='ltr'><strong>ad</strong></span> <span class='ocrx_word' id='word_1_263' title='bbox 733 3291 949 3365; x_wconf 63' lang='lat' dir='ltr'><strong>mmpus</strong></span> <span class='ocrx_word' id='word_1_264' title='bbox 977 3292 1205 3364; x_wconf 79' lang='lat' dir='ltr'><strong>Cyrini;</strong></span> <span class='ocrx_word' id='word_1_265' title='bbox 1235 3306 1363 3346; x_wconf 89' lang='lat' dir='ltr'><strong>nam</strong></span> <span class='ocrx_word' id='word_1_266' title='bbox 1394 3300 1556 3346; x_wconf 85' lang='lat' dir='ltr'><strong>antea</strong></span> <span class='ocrx_word' id='word_1_267' title='bbox 1599 3306 1742 3361; x_wconf 68' lang='lat' dir='ltr'><strong>saepe</strong></span> <span class='ocrx_word' id='word_1_268' title='bbox 1770 3291 2055 3360; x_wconf 67' lang='lat' dir='ltr'><strong>descriptae</strong></span> 
     </span>
    </p>
   </div>
   <div class='ocr_carea' id='block_1_36' title="bbox 471 3381 2058 3460">
    <p class='ocr_par' dir='ltr' id='par_1_36' title="bbox 471 3381 2058 3460">
     <span class='ocr_line' id='line_1_36' title="bbox 471 3381 2058 3460; baseline -0.003 -14"><span class='ocrx_word' id='word_1_269' title='bbox 471 3386 695 3446; x_wconf 76' lang='lat' dir='ltr'><strong>fuerunt</strong></span> <span class='ocrx_word' id='word_1_270' title='bbox 724 3387 1000 3460; x_wconf 74' lang='lat' dir='ltr'><strong>pleneque</strong></span> <span class='ocrx_word' id='word_1_271' title='bbox 1035 3395 1218 3458; x_wconf 79' lang='lat' dir='ltr'><strong>partes</strong></span> <span class='ocrx_word' id='word_1_272' title='bbox 1261 3393 1554 3442; x_wconf 83' lang='lat' dir='ltr'><strong>terrarum.</strong></span> <span class='ocrx_word' id='word_1_273' title='bbox 1588 3381 1822 3458; x_wconf 84' lang='lat' dir='ltr'><strong>Cyrinus</strong></span> <span class='ocrx_word' id='word_1_274' title='bbox 1866 3397 1898 3441; x_wconf 92' lang='lat' dir='ltr'><strong>a</strong></span> <span class='ocrx_word' id='word_1_275' title='bbox 1931 3381 2058 3443; x_wconf 67' lang='lat' dir='ltr'><strong>Cac-</strong></span> 
     </span>
    </p>
   </div>
   <div class='ocr_carea' id='block_1_37' title="bbox 471 3481 2058 3553">
    <p class='ocr_par' dir='ltr' id='par_1_37' title="bbox 471 3481 2058 3553">
     <span class='ocr_line' id='line_1_37' title="bbox 471 3481 2058 3553; baseline -0.003 -13"><span class='ocrx_word' id='word_1_276' title='bbox 471 3499 598 3540; x_wconf 87' lang='lat' dir='ltr'><strong>sare</strong></span> <span class='ocrx_word' id='word_1_277' title='bbox 641 3484 845 3538; x_wconf 88' lang='lat' dir='ltr'><strong>missus</strong></span> <span class='ocrx_word' id='word_1_278' title='bbox 885 3484 978 3552; x_wconf 86' lang='lat' dir='ltr'><strong>jus</strong></span> <span class='ocrx_word' id='word_1_279' title='bbox 1017 3485 1148 3538; x_wconf 89' lang='lat' dir='ltr'><strong>dare</strong></span> <span class='ocrx_word' id='word_1_280' title='bbox 1178 3482 1452 3553; x_wconf 77' lang='lat' dir='ltr'><strong>gentibus,</strong></span> <span class='ocrx_word' id='word_1_281' title='bbox 1481 3490 1538 3536; x_wconf 90' lang='lat' dir='ltr'><strong>et</strong></span> <span class='ocrx_word' id='word_1_282' title='bbox 1564 3495 1761 3536; x_wconf 80' lang='lat' dir='ltr'><strong>censor</strong></span> <span class='ocrx_word' id='word_1_283' title='bbox 1793 3481 2058 3550; x_wconf 87' lang='lat' dir='ltr'><strong>patrimo-</strong></span> 
     </span>
    </p>
   </div>
   <div class='ocr_carea' id='block_1_38' title="bbox 473 3572 2056 3646">
    <p class='ocr_par' dir='ltr' id='par_1_38' title="bbox 473 3572 2056 3646">
     <span class='ocr_line' id='line_1_38' title="bbox 473 3572 2056 3646; baseline -0.003 -13"><span class='ocrx_word' id='word_1_284' title='bbox 473 3578 693 3634; x_wconf 88' lang='lat' dir='ltr'><strong>niorum</strong></span> <span class='ocrx_word' id='word_1_285' title='bbox 721 3575 940 3630; x_wconf 85' lang='lat' dir='ltr'><strong>futurus</strong></span> <span class='ocrx_word' id='word_1_286' title='bbox 969 3573 1185 3640; x_wconf 76' lang='lat' dir='ltr'><strong>Syriam</strong></span> <span class='ocrx_word' id='word_1_287' title='bbox 1215 3574 1382 3629; x_wconf 85' lang='lat' dir='ltr'><strong>venit.</strong></span> <span class='ocrx_word' id='word_1_288' title='bbox 1419 3573 1486 3628; x_wconf 91' lang='lat' dir='ltr'><strong>Et</strong></span> <span class='ocrx_word' id='word_1_289' title='bbox 1518 3575 1649 3646; x_wconf 84' lang='lat' dir='ltr'><strong>quia</strong></span> <span class='ocrx_word' id='word_1_290' title='bbox 1676 3573 1861 3630; x_wconf 67' lang='lat' dir='ltr'><strong>Judaaa</strong></span> <span class='ocrx_word' id='word_1_291' title='bbox 1894 3572 2056 3644; x_wconf 90' lang='lat' dir='ltr'><strong>quasi</strong></span> 
     </span>
    </p>
   </div>
   <div class='ocr_carea' id='block_1_39' title="bbox 475 3665 2056 3736">
    <p class='ocr_par' dir='ltr' id='par_1_39' title="bbox 475 3665 2056 3736">
     <span class='ocr_line' id='line_1_39' title="bbox 475 3665 2056 3736; baseline 0.001 -15"><span class='ocrx_word' id='word_1_292' title='bbox 475 3667 770 3722; x_wconf 89' lang='lat' dir='ltr'><strong>umbilicus</strong></span> <span class='ocrx_word' id='word_1_293' title='bbox 797 3665 968 3720; x_wconf 88' lang='lat' dir='ltr'><strong>totius</strong></span> <span class='ocrx_word' id='word_1_294' title='bbox 1015 3675 1176 3722; x_wconf 66' lang='lat' dir='ltr'><strong>terrai</strong></span> <span class='ocrx_word' id='word_1_295' title='bbox 1203 3672 1305 3734; x_wconf 92' lang='lat' dir='ltr'><strong>est,</strong></span> <span class='ocrx_word' id='word_1_296' title='bbox 1341 3681 1539 3722; x_wconf 89' lang='lat' dir='ltr'><strong>census</strong></span> <span class='ocrx_word' id='word_1_297' title='bbox 1578 3666 1816 3736; x_wconf 88' lang='lat' dir='ltr'><strong>primum</strong></span> <span class='ocrx_word' id='word_1_298' title='bbox 1856 3666 1913 3721; x_wconf 87' lang='lat' dir='ltr'><strong>in</strong></span> <span class='ocrx_word' id='word_1_299' title='bbox 1941 3681 2056 3722; x_wconf 88' lang='lat' dir='ltr'><strong>me-</strong></span> 
     </span>
    </p>
   </div>
   <div class='ocr_carea' id='block_1_40' title="bbox 474 3757 2057 3829">
    <p class='ocr_par' dir='ltr' id='par_1_40' title="bbox 474 3757 2057 3829">
     <span class='ocr_line' id='line_1_40' title="bbox 474 3757 2057 3829; baseline 0.001 -15"><span class='ocrx_word' id='word_1_300' title='bbox 474 3760 568 3815; x_wconf 88' lang='lat' dir='ltr'><strong>dio</strong></span> <span class='ocrx_word' id='word_1_301' title='bbox 597 3767 756 3812; x_wconf 78' lang='lat' dir='ltr'><strong>terrae</strong></span> <span class='ocrx_word' id='word_1_302' title='bbox 817 3757 1073 3829; x_wconf 79' lang='lat' dir='ltr'><strong>exigitur,</strong></span> <span class='ocrx_word' id='word_1_303' title='bbox 1101 3765 1164 3812; x_wconf 93' lang='lat' dir='ltr'><strong>ut</strong></span> <span class='ocrx_word' id='word_1_304' title='bbox 1209 3757 1335 3814; x_wconf 90' lang='lat' dir='ltr'><strong>inde</strong></span> <span class='ocrx_word' id='word_1_305' title='bbox 1371 3767 1558 3829; x_wconf 90' lang='lat' dir='ltr'><strong>postea</strong></span> <span class='ocrx_word' id='word_1_306' title='bbox 1599 3773 1777 3828; x_wconf 91' lang='lat' dir='ltr'><strong>usque</strong></span> <span class='ocrx_word' id='word_1_307' title='bbox 1815 3758 1883 3814; x_wconf 90' lang='lat' dir='ltr'><strong>ad</strong></span> <span class='ocrx_word' id='word_1_308' title='bbox 1919 3758 2057 3815; x_wconf 87' lang='lat' dir='ltr'><strong>ﬁnes</strong></span> 
     </span>
    </p>
   </div>
   <div class='ocr_carea' id='block_1_41' title="bbox 476 3848 2054 3921">
    <p class='ocr_par' dir='ltr' id='par_1_41' title="bbox 476 3848 2054 3921">
     <span class='ocr_line' id='line_1_41' title="bbox 476 3848 2054 3921; baseline -0.001 -13"><span class='ocrx_word' id='word_1_309' title='bbox 476 3852 629 3908; x_wconf 88' lang='lat' dir='ltr'><strong>orbis</strong></span> <span class='ocrx_word' id='word_1_310' title='bbox 695 3850 1024 3921; x_wconf 86' lang='lat' dir='ltr'><strong>requiratur.</strong></span> <span class='ocrx_word' id='word_1_311' title='bbox 1071 3848 1172 3904; x_wconf 85' lang='lat' dir='ltr'><strong>Hic</strong></span> <span class='ocrx_word' id='word_1_312' title='bbox 1239 3849 1476 3921; x_wconf 88' lang='lat' dir='ltr'><strong>primum</strong></span> <span class='ocrx_word' id='word_1_313' title='bbox 1509 3849 1669 3919; x_wconf 44' lang='lat' dir='ltr'><strong>,facta</strong></span> <span class='ocrx_word' id='word_1_314' title='bbox 1723 3859 1804 3906; x_wconf 79' lang='lat' dir='ltr'><strong>est</strong></span> <span class='ocrx_word' id='word_1_315' title='bbox 1875 3849 2054 3907; x_wconf 73' lang='lat' dir='ltr'><strong>‘udaea</strong></span> 
     </span>
    </p>
   </div>
   <div class='ocr_carea' id='block_1_42' title="bbox 477 3941 2056 4014">
    <p class='ocr_par' dir='ltr' id='par_1_42' title="bbox 477 3941 2056 4014">
     <span class='ocr_line' id='line_1_42' title="bbox 477 3941 2056 4014; baseline -0.003 -14"><span class='ocrx_word' id='word_1_316' title='bbox 477 3944 832 4014; x_wconf 88' lang='lat' dir='ltr'><strong>stipendiaria</strong></span> <span class='ocrx_word' id='word_1_317' title='bbox 857 3941 1152 4009; x_wconf 80' lang='lat' dir='ltr'><strong>Romanis;</strong></span> <span class='ocrx_word' id='word_1_318' title='bbox 1179 3941 1480 4012; x_wconf 88' lang='lat' dir='ltr'><strong>imperante</strong></span> <span class='ocrx_word' id='word_1_319' title='bbox 1513 3941 1761 4013; x_wconf 78' lang='lat' dir='ltr'><strong>Augusto</strong></span> <span class='ocrx_word' id='word_1_320' title='bbox 1782 3951 1835 3998; x_wconf 90' lang='lat' dir='ltr'><strong>et</strong></span> <span class='ocrx_word' id='word_1_321' title='bbox 1863 3942 2056 4012; x_wconf 69' lang='lat' dir='ltr'><strong>praesi-</strong></span> 
     </span>
    </p>
   </div>
   <div class='ocr_carea' id='block_1_43' title="bbox 476 4033 2058 4106">
    <p class='ocr_par' dir='ltr' id='par_1_43' title="bbox 476 4033 2058 4106">
     <span class='ocr_line' id='line_1_43' title="bbox 476 4033 2058 4106; baseline -0.001 -14"><span class='ocrx_word' id='word_1_322' title='bbox 476 4039 640 4092; x_wconf 80' lang='lat' dir='ltr'><strong>dente</strong></span> <span class='ocrx_word' id='word_1_323' title='bbox 706 4035 911 4106; x_wconf 85' lang='lat' dir='ltr'><strong>Cyrino</strong></span> <span class='ocrx_word' id='word_1_324' title='bbox 961 4034 1113 4089; x_wconf 90' lang='lat' dir='ltr'><strong>ibant</strong></span> <span class='ocrx_word' id='word_1_325' title='bbox 1161 4048 1352 4089; x_wconf 89' lang='lat' dir='ltr'><strong>omnes</strong></span> <span class='ocrx_word' id='word_1_326' title='bbox 1399 4033 1467 4089; x_wconf 91' lang='lat' dir='ltr'><strong>ad</strong></span> <span class='ocrx_word' id='word_1_327' title='bbox 1507 4034 1950 4103; x_wconf 87' lang='lat' dir='ltr'><strong>descriptionem,</strong></span> <span class='ocrx_word' id='word_1_328' title='bbox 1997 4046 2058 4090; x_wconf 90' lang='lat' dir='ltr'><strong>ut</strong></span> 
     </span>
    </p>
   </div>
   <div class='ocr_carea' id='block_1_44' title="bbox 478 4124 2058 4196">
    <p class='ocr_par' dir='ltr' id='par_1_44' title="bbox 478 4124 2058 4196">
     <span class='ocr_line' id='line_1_44' title="bbox 478 4124 2058 4196; baseline -0.002 -14"><span class='ocrx_word' id='word_1_329' title='bbox 478 4125 680 4196; x_wconf 85' lang='lat' dir='ltr'><strong>singuli</strong></span> <span class='ocrx_word' id='word_1_330' title='bbox 711 4126 766 4180; x_wconf 93' lang='lat' dir='ltr'><strong>in</strong></span> <span class='ocrx_word' id='word_1_331' title='bbox 807 4141 962 4181; x_wconf 91' lang='lat' dir='ltr'><strong>suam</strong></span> <span class='ocrx_word' id='word_1_332' title='bbox 993 4125 1265 4180; x_wconf 88' lang='lat' dir='ltr'><strong>civitatem</strong></span> <span class='ocrx_word' id='word_1_333' title='bbox 1303 4125 1506 4180; x_wconf 85' lang='lat' dir='ltr'><strong>reversi</strong></span> <span class='ocrx_word' id='word_1_334' title='bbox 1535 4127 1922 4194; x_wconf 89' lang='lat' dir='ltr'><strong>proliterentur</strong></span> <span class='ocrx_word' id='word_1_335' title='bbox 1960 4124 2058 4179; x_wconf 82' lang='lat' dir='ltr'><strong>de-</strong></span> 
     </span>
    </p>
   </div>
   <div class='ocr_carea' id='block_1_45' title="bbox 2144 1640 3732 1710">
    <p class='ocr_par' dir='ltr' id='par_1_45' title="bbox 2144 1640 3732 1710">
     <span class='ocr_line' id='line_1_45' title="bbox 2144 1640 3732 1710; baseline 0.01 -16"><span class='ocrx_word' id='word_1_336' title='bbox 2144 1640 2308 1695; x_wconf 89' lang='lat' dir='ltr'><strong>matis</strong></span> <span class='ocrx_word' id='word_1_337' title='bbox 2337 1642 2502 1710; x_wconf 88' lang='lat' dir='ltr'><strong>regis,</strong></span> <span class='ocrx_word' id='word_1_338' title='bbox 2531 1649 2645 1694; x_wconf 90' lang='lat' dir='ltr'><strong>tum</strong></span> <span class='ocrx_word' id='word_1_339' title='bbox 2685 1651 2904 1709; x_wconf 88' lang='lat' dir='ltr'><strong>propter</strong></span> <span class='ocrx_word' id='word_1_340' title='bbox 2929 1643 3168 1700; x_wconf 89' lang='lat' dir='ltr'><strong>nominis</strong></span> <span class='ocrx_word' id='word_1_341' title='bbox 3193 1661 3411 1702; x_wconf 89' lang='lat' dir='ltr'><strong>sacrum</strong></span> <span class='ocrx_word' id='word_1_342' title='bbox 3459 1651 3732 1710; x_wconf 83' lang='lat' dir='ltr'><strong>Dominus</strong></span> 
     </span>
    </p>
   </div>
   <div class='ocr_carea' id='block_1_46' title="bbox 2145 1729 3728 1811">
    <p class='ocr_par' dir='ltr' id='par_1_46' title="bbox 2145 1729 3728 1811">
     <span class='ocr_line' id='line_1_46' title="bbox 2145 1729 3728 1811; baseline 0.013 -29"><span class='ocrx_word' id='word_1_343' title='bbox 2145 1729 2198 1785; x_wconf 93' lang='lat' dir='ltr'><strong>in</strong></span> <span class='ocrx_word' id='word_1_344' title='bbox 2229 1731 2542 1786; x_wconf 86' lang='lat' dir='ltr'><strong>Bethlebem</strong></span> <span class='ocrx_word' id='word_1_345' title='bbox 2582 1732 2864 1787; x_wconf 90' lang='lat' dir='ltr'><strong>nascitur:</strong></span> <span class='ocrx_word' id='word_1_346' title='bbox 2893 1731 3206 1791; x_wconf 88' lang='lat' dir='ltr'><strong>Bethlehcm</strong></span> <span class='ocrx_word' id='word_1_347' title='bbox 3246 1754 3482 1811; x_wconf 87' lang='lat' dir='ltr'><strong>namque</strong></span> <span class='ocrx_word' id='word_1_348' title='bbox 3537 1746 3728 1803; x_wconf 76' lang='lat' dir='ltr'><strong>domata</strong></span> 
     </span>
    </p>
   </div>
   <div class='ocr_carea' id='block_1_47' title="bbox 2143 1823 3732 1902">
    <p class='ocr_par' dir='ltr' id='par_1_47' title="bbox 2143 1823 3732 1902">
     <span class='ocr_line' id='line_1_47' title="bbox 2143 1823 3732 1902; baseline 0.013 -28"><span class='ocrx_word' id='word_1_349' title='bbox 2143 1823 2296 1892; x_wconf 82' lang='lat' dir='ltr'><strong>pam’s</strong></span> <span class='ocrx_word' id='word_1_350' title='bbox 2324 1823 2725 1892; x_wconf 91' lang='lat' dir='ltr'><strong>interpretatur.</strong></span> <span class='ocrx_word' id='word_1_351' title='bbox 2765 1823 3225 1893; x_wconf 75' lang='lat' dir='ltr'><strong>(Gnnconws.)Et</strong></span> <span class='ocrx_word' id='word_1_352' title='bbox 3271 1829 3345 1885; x_wconf 87' lang='lat' dir='ltr'><strong>ibi</strong></span> <span class='ocrx_word' id='word_1_353' title='bbox 3387 1835 3548 1902; x_wconf 86' lang='lat' dir='ltr'><strong>panis</strong></span> <span class='ocrx_word' id='word_1_354' title='bbox 3572 1839 3732 1896; x_wconf 82' lang='lat' dir='ltr'><strong>vivus</strong></span> 
     </span>
    </p>
   </div>
   <div class='ocr_carea' id='block_1_48' title="bbox 2144 1913 3733 1993">
    <p class='ocr_par' dir='ltr' id='par_1_48' title="bbox 2144 1913 3733 1993">
     <span class='ocr_line' id='line_1_48' title="bbox 2144 1913 3733 1993; baseline 0.011 -27"><span class='ocrx_word' id='word_1_355' title='bbox 2144 1913 2238 1982; x_wconf 89' lang='lat' dir='ltr'><strong>qui</strong></span> <span class='ocrx_word' id='word_1_356' title='bbox 2263 1914 2328 1968; x_wconf 92' lang='lat' dir='ltr'><strong>de</strong></span> <span class='ocrx_word' id='word_1_357' title='bbox 2356 1913 2495 1969; x_wconf 71' lang='lat' dir='ltr'><strong>coelo</strong></span> <span class='ocrx_word' id='word_1_358' title='bbox 2521 1913 2802 1969; x_wconf 81' lang='lat' dir='ltr'><strong>descendit</strong></span> <span class='ocrx_word' id='word_1_359' title='bbox 2833 1926 3055 1986; x_wconf 88' lang='lat' dir='ltr'><strong>apparet</strong></span> <span class='ocrx_word' id='word_1_360' title='bbox 3089 1919 3142 1972; x_wconf 92' lang='lat' dir='ltr'><strong>in</strong></span> <span class='ocrx_word' id='word_1_361' title='bbox 3171 1935 3355 1988; x_wconf 91' lang='lat' dir='ltr'><strong>carne,</strong></span> <span class='ocrx_word' id='word_1_362' title='bbox 3390 1925 3483 1993; x_wconf 86' lang='lat' dir='ltr'><strong>qui</strong></span> <span class='ocrx_word' id='word_1_363' title='bbox 3526 1927 3733 1984; x_wconf 87' lang='lat' dir='ltr'><strong>electo-</strong></span> 
     </span>
    </p>
   </div>
   <div class='ocr_carea' id='block_1_49' title="bbox 2146 2005 3734 2083">
    <p class='ocr_par' dir='ltr' id='par_1_49' title="bbox 2146 2005 3734 2083">
     <span class='ocr_line' id='line_1_49' title="bbox 2146 2005 3734 2083; baseline 0.012 -24"><span class='ocrx_word' id='word_1_364' title='bbox 2146 2020 2268 2060; x_wconf 89' lang='lat' dir='ltr'><strong>rum</strong></span> <span class='ocrx_word' id='word_1_365' title='bbox 2328 2013 2536 2060; x_wconf 91' lang='lat' dir='ltr'><strong>mentes</strong></span> <span class='ocrx_word' id='word_1_366' title='bbox 2596 2005 2808 2069; x_wconf 78' lang='lat' dir='ltr'><strong>interna</strong></span> <span class='ocrx_word' id='word_1_367' title='bbox 2853 2007 3102 2065; x_wconf 89' lang='lat' dir='ltr'><strong>reﬁciens</strong></span> <span class='ocrx_word' id='word_1_368' title='bbox 3152 2013 3424 2070; x_wconf 88' lang='lat' dir='ltr'><strong>satietate.</strong></span> <span class='ocrx_word' id='word_1_369' title='bbox 3474 2017 3734 2083; x_wconf 74' lang='lat' dir='ltr'><strong>Quotidie</strong></span> 
     </span>
    </p>
   </div>
   <div class='ocr_carea' id='block_1_50' title="bbox 2147 2093 3730 2169">
    <p class='ocr_par' dir='ltr' id='par_1_50' title="bbox 2147 2093 3730 2169">
     <span class='ocr_line' id='line_1_50' title="bbox 2147 2093 3730 2169; baseline 0.012 -21"><span class='ocrx_word' id='word_1_370' title='bbox 2147 2094 2412 2150; x_wconf 90' lang='lat' dir='ltr'><strong>Dominus</strong></span> <span class='ocrx_word' id='word_1_371' title='bbox 2461 2095 2516 2149; x_wconf 89' lang='lat' dir='ltr'><strong>in</strong></span> <span class='ocrx_word' id='word_1_372' title='bbox 2545 2093 2815 2152; x_wconf 87' lang='lat' dir='ltr'><strong>Nazareth</strong></span> <span class='ocrx_word' id='word_1_373' title='bbox 2863 2099 3188 2169; x_wconf 88' lang='lat' dir='ltr'><strong>concipitur,</strong></span> <span class='ocrx_word' id='word_1_374' title='bbox 3219 2115 3274 2157; x_wconf 91' lang='lat' dir='ltr'><strong>et</strong></span> <span class='ocrx_word' id='word_1_375' title='bbox 3315 2103 3369 2159; x_wconf 91' lang='lat' dir='ltr'><strong>in</strong></span> <span class='ocrx_word' id='word_1_376' title='bbox 3412 2105 3730 2167; x_wconf 86' lang='lat' dir='ltr'><strong>Bethlebem</strong></span> 
     </span>
    </p>
   </div>
   <div class='ocr_carea' id='block_1_51' title="bbox 2146 2185 3735 2272">
    <p class='ocr_par' dir='ltr' id='par_1_51' title="bbox 2146 2185 3735 2272">
     <span class='ocr_line' id='line_1_51' title="bbox 2146 2185 3735 2272; baseline 0.011 -32"><span class='ocrx_word' id='word_1_377' title='bbox 2146 2185 2414 2253; x_wconf 87' lang='lat' dir='ltr'><strong>nascitur,</strong></span> <span class='ocrx_word' id='word_1_378' title='bbox 2448 2201 2572 2240; x_wconf 89' lang='lat' dir='ltr'><strong>cum</strong></span> <span class='ocrx_word' id='word_1_379' title='bbox 2615 2187 2846 2256; x_wconf 82' lang='lat' dir='ltr'><strong>quilibet</strong></span> <span class='ocrx_word' id='word_1_380' title='bbox 2889 2187 3065 2246; x_wconf 90' lang='lat' dir='ltr'><strong>ﬁdelis</strong></span> <span class='ocrx_word' id='word_1_381' title='bbox 3107 2194 3253 2248; x_wconf 85' lang='lat' dir='ltr'><strong>verbi</strong></span> <span class='ocrx_word' id='word_1_382' title='bbox 3282 2194 3417 2251; x_wconf 85' lang='lat' dir='ltr'><strong>ﬂore</strong></span> <span class='ocrx_word' id='word_1_383' title='bbox 3471 2213 3735 2272; x_wconf 85' lang='lat' dir='ltr'><strong>suscepto</strong></span> 
     </span>
    </p>
   </div>
   <div class='ocr_carea' id='block_1_52' title="bbox 2147 2276 3732 2356">
    <p class='ocr_par' dir='ltr' id='par_1_52' title="bbox 2147 2276 3732 2356">
     <span class='ocr_line' id='line_1_52' title="bbox 2147 2276 3732 2356; baseline 0.011 -26"><span class='ocrx_word' id='word_1_384' title='bbox 2147 2276 2370 2331; x_wconf 90' lang='lat' dir='ltr'><strong>domum</strong></span> <span class='ocrx_word' id='word_1_385' title='bbox 2395 2290 2456 2332; x_wconf 91' lang='lat' dir='ltr'><strong>se</strong></span> <span class='ocrx_word' id='word_1_386' title='bbox 2488 2284 2705 2331; x_wconf 64' lang='lat' dir='ltr'><strong>veterna:</strong></span> <span class='ocrx_word' id='word_1_387' title='bbox 2748 2278 2899 2346; x_wconf 87' lang='lat' dir='ltr'><strong>pacis</strong></span> <span class='ocrx_word' id='word_1_388' title='bbox 2933 2278 3112 2336; x_wconf 84' lang='lat' dir='ltr'><strong>elﬁcit.</strong></span> <span class='ocrx_word' id='word_1_389' title='bbox 3146 2281 3360 2356; x_wconf 65' lang='grc' dir='ltr'><strong>(Βεοει.)</strong></span> <span class='ocrx_word' id='word_1_390' title='bbox 3390 2286 3648 2354; x_wconf 86' lang='lat' dir='ltr'><strong>Quotidie</strong></span> <span class='ocrx_word' id='word_1_391' title='bbox 3677 2295 3732 2348; x_wconf 89' lang='lat' dir='ltr'><strong>in</strong></span> 
     </span>
    </p>
   </div>
   <div class='ocr_carea' id='block_1_53' title="bbox 2145 2368 3734 2450">
    <p class='ocr_par' dir='ltr' id='par_1_53' title="bbox 2145 2368 3734 2450">
     <span class='ocr_line' id='line_1_53' title="bbox 2145 2368 3734 2450; baseline 0.011 -29"><span class='ocrx_word' id='word_1_392' title='bbox 2145 2368 2333 2423; x_wconf 91' lang='lat' dir='ltr'><strong>animo</strong></span> <span class='ocrx_word' id='word_1_393' title='bbox 2369 2368 2704 2424; x_wconf 87' lang='lat' dir='ltr'><strong>credentium</strong></span> <span class='ocrx_word' id='word_1_394' title='bbox 2731 2370 2888 2437; x_wconf 89' lang='lat' dir='ltr'><strong>quasi</strong></span> <span class='ocrx_word' id='word_1_395' title='bbox 2914 2371 2968 2425; x_wconf 91' lang='lat' dir='ltr'><strong>in</strong></span> <span class='ocrx_word' id='word_1_396' title='bbox 2998 2381 3152 2428; x_wconf 88' lang='lat' dir='ltr'><strong>utero</strong></span> <span class='ocrx_word' id='word_1_397' title='bbox 3171 2375 3421 2447; x_wconf 85' lang='lat' dir='ltr'><strong>virginali</strong></span> <span class='ocrx_word' id='word_1_398' title='bbox 3450 2396 3548 2450; x_wconf 88' lang='lat' dir='ltr'><strong>per</strong></span> <span class='ocrx_word' id='word_1_399' title='bbox 3569 2383 3734 2438; x_wconf 83' lang='lat' dir='ltr'><strong>ﬁdem</strong></span> 
     </span>
    </p>
   </div>
   <div class='ocr_carea' id='block_1_54' title="bbox 2147 2461 3737 2534">
    <p class='ocr_par' dir='ltr' id='par_1_54' title="bbox 2147 2461 3737 2534">
     <span class='ocr_line' id='line_1_54' title="bbox 2147 2461 3737 2534; baseline 0.011 -20"><span class='ocrx_word' id='word_1_400' title='bbox 2147 2461 2473 2530; x_wconf 89' lang='lat' dir='ltr'><strong>concipitur,</strong></span> <span class='ocrx_word' id='word_1_401' title='bbox 2495 2475 2592 2531; x_wconf 90' lang='lat' dir='ltr'><strong>per</strong></span> <span class='ocrx_word' id='word_1_402' title='bbox 2613 2461 2880 2532; x_wconf 89' lang='lat' dir='ltr'><strong>baptisma</strong></span> <span class='ocrx_word' id='word_1_403' title='bbox 2907 2463 3167 2534; x_wconf 85' lang='lat' dir='ltr'><strong>gignitur.</strong></span> <span class='ocrx_word' id='word_1_404' title='bbox 3209 2467 3461 2534; x_wconf 87' lang='lat' dir='ltr'><strong>Quotidie</strong></span> <span class='ocrx_word' id='word_1_405' title='bbox 3485 2473 3737 2532; x_wconf 82' lang='lat' dir='ltr'><strong>Ecclesia</strong></span> 
     </span>
    </p>
   </div>
   <div class='ocr_carea' id='block_1_55' title="bbox 2149 2551 3739 2631">
    <p class='ocr_par' dir='ltr' id='par_1_55' title="bbox 2149 2551 3739 2631">
     <span class='ocr_line' id='line_1_55' title="bbox 2149 2551 3739 2631; baseline 0.009 -25"><span class='ocrx_word' id='word_1_406' title='bbox 2149 2553 2308 2622; x_wconf 90' lang='lat' dir='ltr'><strong>quasi</strong></span> <span class='ocrx_word' id='word_1_407' title='bbox 2323 2551 2416 2607; x_wconf 90' lang='lat' dir='ltr'><strong>Dei</strong></span> <span class='ocrx_word' id='word_1_408' title='bbox 2441 2551 2687 2608; x_wconf 80' lang='lat' dir='ltr'><strong>Gentirix</strong></span> <span class='ocrx_word' id='word_1_409' title='bbox 2704 2555 2997 2610; x_wconf 87' lang='lat' dir='ltr'><strong>comitatur</strong></span> <span class='ocrx_word' id='word_1_410' title='bbox 3025 2572 3186 2612; x_wconf 91' lang='lat' dir='ltr'><strong>suum</strong></span> <span class='ocrx_word' id='word_1_411' title='bbox 3217 2559 3523 2631; x_wconf 81' lang='lat' dir='ltr'><strong>doetorem,</strong></span> <span class='ocrx_word' id='word_1_412' title='bbox 3539 2575 3604 2620; x_wconf 88' lang='lat' dir='ltr'><strong>ut</strong></span> <span class='ocrx_word' id='word_1_413' title='bbox 3619 2566 3739 2624; x_wconf 63' lang='lat' dir='ltr'><strong>Ma.</strong></span> 
     </span>
    </p>
   </div>
   <div class='ocr_carea' id='block_1_56' title="bbox 2150 2641 3736 2727">
    <p class='ocr_par' dir='ltr' id='par_1_56' title="bbox 2150 2641 3736 2727">
     <span class='ocr_line' id='line_1_56' title="bbox 2150 2641 3736 2727; baseline 0.013 -31"><span class='ocrx_word' id='word_1_414' title='bbox 2150 2642 2232 2697; x_wconf 89' lang='lat' dir='ltr'><strong>ria</strong></span> <span class='ocrx_word' id='word_1_415' title='bbox 2259 2641 2460 2714; x_wconf 81' lang='lat' dir='ltr'><strong>Joseph</strong></span> <span class='ocrx_word' id='word_1_416' title='bbox 2487 2643 2554 2698; x_wconf 94' lang='lat' dir='ltr'><strong>de</strong></span> <span class='ocrx_word' id='word_1_417' title='bbox 2584 2643 2745 2699; x_wconf 89' lang='lat' dir='ltr'><strong>ruina</strong></span> <span class='ocrx_word' id='word_1_418' title='bbox 2788 2647 3080 2702; x_wconf 86' lang='lat' dir='ltr'><strong>mundanae</strong></span> <span class='ocrx_word' id='word_1_419' title='bbox 3116 2654 3553 2710; x_wconf 86' lang='lat' dir='ltr'><strong>conversationis</strong></span> <span class='ocrx_word' id='word_1_420' title='bbox 3584 2659 3736 2727; x_wconf 86' lang='lat' dir='ltr'><strong>quod</strong></span> 
     </span>
    </p>
   </div>
   <div class='ocr_carea' id='block_1_57' title="bbox 2151 2735 3740 2815">
    <p class='ocr_par' dir='ltr' id='par_1_57' title="bbox 2151 2735 3740 2815">
     <span class='ocr_line' id='line_1_57' title="bbox 2151 2735 3740 2815; baseline 0.01 -23"><span class='ocrx_word' id='word_1_421' title='bbox 2151 2735 2372 2792; x_wconf 76' lang='lat' dir='ltr'><strong>Galilaea</strong></span> <span class='ocrx_word' id='word_1_422' title='bbox 2401 2745 2582 2802; x_wconf 89' lang='lat' dir='ltr'><strong>sonat,</strong></span> <span class='ocrx_word' id='word_1_423' title='bbox 2610 2739 2912 2796; x_wconf 90' lang='lat' dir='ltr'><strong>ascendens</strong></span> <span class='ocrx_word' id='word_1_424' title='bbox 2945 2741 2998 2795; x_wconf 92' lang='lat' dir='ltr'><strong>in</strong></span> <span class='ocrx_word' id='word_1_425' title='bbox 3044 2743 3323 2800; x_wconf 89' lang='lat' dir='ltr'><strong>civitatem</strong></span> <span class='ocrx_word' id='word_1_426' title='bbox 3363 2745 3525 2815; x_wconf 83' lang='lat' dir='ltr'><strong>Juda,</strong></span> <span class='ocrx_word' id='word_1_427' title='bbox 3559 2750 3614 2805; x_wconf 89' lang='lat' dir='ltr'><strong>id</strong></span> <span class='ocrx_word' id='word_1_428' title='bbox 3649 2760 3740 2810; x_wconf 69' lang='lat' dir='ltr'><strong>est</strong></span> 
     </span>
    </p>
   </div>
   <div class='ocr_carea' id='block_1_58' title="bbox 2152 2824 3737 2912">
    <p class='ocr_par' dir='ltr' id='par_1_58' title="bbox 2152 2824 3737 2912">
     <span class='ocr_line' id='line_1_58' title="bbox 2152 2824 3737 2912; baseline 0.012 -33"><span class='ocrx_word' id='word_1_429' title='bbox 2152 2824 2514 2883; x_wconf 84' lang='lat' dir='ltr'><strong>confessionis</strong></span> <span class='ocrx_word' id='word_1_430' title='bbox 2539 2837 2594 2883; x_wconf 91' lang='lat' dir='ltr'><strong>et</strong></span> <span class='ocrx_word' id='word_1_431' title='bbox 2627 2829 2825 2898; x_wconf 89' lang='lat' dir='ltr'><strong>laudis,</strong></span> <span class='ocrx_word' id='word_1_432' title='bbox 2856 2839 3171 2903; x_wconf 65' lang='lat' dir='ltr'><strong>aeternoque</strong></span> <span class='ocrx_word' id='word_1_433' title='bbox 3195 2833 3326 2907; x_wconf 82' lang='lat' dir='ltr'><strong>Regi</strong></span> <span class='ocrx_word' id='word_1_434' title='bbox 3349 2853 3576 2895; x_wconf 90' lang='lat' dir='ltr'><strong>censum</strong></span> <span class='ocrx_word' id='word_1_435' title='bbox 3603 2858 3737 2912; x_wconf 83' lang='lat' dir='ltr'><strong>per-</strong></span> 
     </span>
    </p>
   </div>
   <div class='ocr_carea' id='block_1_59' title="bbox 2151 2918 3740 3000">
    <p class='ocr_par' dir='ltr' id='par_1_59' title="bbox 2151 2918 3740 3000">
     <span class='ocr_line' id='line_1_59' title="bbox 2151 2918 3740 3000; baseline 0.011 -26"><span class='ocrx_word' id='word_1_436' title='bbox 2151 2918 2310 2974; x_wconf 90' lang='lat' dir='ltr'><strong>solvit</strong></span> <span class='ocrx_word' id='word_1_437' title='bbox 2334 2919 2664 2976; x_wconf 89' lang='lat' dir='ltr'><strong>devotionis.</strong></span> <span class='ocrx_word' id='word_1_438' title='bbox 2695 2921 2828 2988; x_wconf 69' lang='lat' dir='ltr'><strong>Qua:</strong></span> <span class='ocrx_word' id='word_1_439' title='bbox 2857 2921 3102 2980; x_wconf 82' lang='lat' dir='ltr'><strong>Ecclesia</strong></span> <span class='ocrx_word' id='word_1_440' title='bbox 3132 2925 3187 2981; x_wconf 91' lang='lat' dir='ltr'><strong>in</strong></span> <span class='ocrx_word' id='word_1_441' title='bbox 3219 2931 3530 3000; x_wconf 84' lang='lat' dir='ltr'><strong>exemplum</strong></span> <span class='ocrx_word' id='word_1_442' title='bbox 3559 2934 3740 2992; x_wconf 69' lang='lat' dir='ltr'><strong>beata</strong></span> 
     </span>
    </p>
   </div>
   <div class='ocr_carea' id='block_1_60' title="bbox 2151 3009 3742 3087">
    <p class='ocr_par' dir='ltr' id='par_1_60' title="bbox 2151 3009 3742 3087">
     <span class='ocr_line' id='line_1_60' title="bbox 2151 3009 3742 3087; baseline 0.013 -23"><span class='ocrx_word' id='word_1_443' title='bbox 2151 3009 2354 3080; x_wconf 81' lang='lat' dir='ltr'><strong>Mariae,</strong></span> <span class='ocrx_word' id='word_1_444' title='bbox 2386 3014 2478 3068; x_wconf 88' lang='lat' dir='ltr'><strong>alii</strong></span> <span class='ocrx_word' id='word_1_445' title='bbox 2500 3021 2587 3070; x_wconf 91' lang='lat' dir='ltr'><strong>est</strong></span> <span class='ocrx_word' id='word_1_446' title='bbox 2608 3015 2765 3085; x_wconf 89' lang='lat' dir='ltr'><strong>quasi</strong></span> <span class='ocrx_word' id='word_1_447' title='bbox 2807 3016 3161 3087; x_wconf 88' lang='lat' dir='ltr'><strong>desponsata,</strong></span> <span class='ocrx_word' id='word_1_448' title='bbox 3186 3021 3280 3076; x_wconf 91' lang='lat' dir='ltr'><strong>sed</strong></span> <span class='ocrx_word' id='word_1_449' title='bbox 3305 3023 3374 3078; x_wconf 85' lang='lat' dir='ltr'><strong>ab</strong></span> <span class='ocrx_word' id='word_1_450' title='bbox 3403 3024 3513 3080; x_wconf 90' lang='lat' dir='ltr'><strong>alio</strong></span> <span class='ocrx_word' id='word_1_451' title='bbox 3542 3025 3742 3084; x_wconf 89' lang='lat' dir='ltr'><strong>fecun-</strong></span> 
     </span>
    </p>
   </div>
   <div class='ocr_carea' id='block_1_61' title="bbox 2152 3105 3742 3182">
    <p class='ocr_par' dir='ltr' id='par_1_61' title="bbox 2152 3105 3742 3182">
     <span class='ocr_line' id='line_1_61' title="bbox 2152 3105 3742 3182; baseline 0.009 -21"><span class='ocrx_word' id='word_1_452' title='bbox 2152 3105 2300 3175; x_wconf 90' lang='lat' dir='ltr'><strong>data,</strong></span> <span class='ocrx_word' id='word_1_453' title='bbox 2329 3107 2459 3162; x_wconf 89' lang='lat' dir='ltr'><strong>dum</strong></span> <span class='ocrx_word' id='word_1_454' title='bbox 2481 3106 2663 3179; x_wconf 88' lang='lat' dir='ltr'><strong>jungit</strong></span> <span class='ocrx_word' id='word_1_455' title='bbox 2691 3108 2932 3178; x_wconf 89' lang='lat' dir='ltr'><strong>pontiﬁci</strong></span> <span class='ocrx_word' id='word_1_456' title='bbox 2958 3113 3241 3181; x_wconf 88' lang='lat' dir='ltr'><strong>proposito</strong></span> <span class='ocrx_word' id='word_1_457' title='bbox 3269 3115 3394 3182; x_wconf 90' lang='lat' dir='ltr'><strong>sibi,</strong></span> <span class='ocrx_word' id='word_1_458' title='bbox 3421 3118 3516 3172; x_wconf 93' lang='lat' dir='ltr'><strong>sed</strong></span> <span class='ocrx_word' id='word_1_459' title='bbox 3538 3134 3742 3175; x_wconf 88' lang='lat' dir='ltr'><strong>cumu-</strong></span> 
     </span>
    </p>
   </div>
   <div class='ocr_carea' id='block_1_62' title="bbox 2153 3197 3737 3278">
    <p class='ocr_par' dir='ltr' id='par_1_62' title="bbox 2153 3197 3737 3278">
     <span class='ocr_line' id='line_1_62' title="bbox 2153 3197 3737 3278; baseline 0.008 -26"><span class='ocrx_word' id='word_1_460' title='bbox 2153 3197 2298 3253; x_wconf 92' lang='lat' dir='ltr'><strong>latur</strong></span> <span class='ocrx_word' id='word_1_461' title='bbox 2337 3199 2536 3254; x_wconf 87' lang='lat' dir='ltr'><strong>virtute</strong></span> <span class='ocrx_word' id='word_1_462' title='bbox 2565 3197 2804 3270; x_wconf 91' lang='lat' dir='ltr'><strong>Spiritus</strong></span> <span class='ocrx_word' id='word_1_463' title='bbox 2833 3203 3028 3258; x_wconf 89' lang='lat' dir='ltr'><strong>sancti.</strong></span> <span class='ocrx_word' id='word_1_464' title='bbox 3065 3202 3184 3259; x_wconf 90' lang='lat' dir='ltr'><strong>Und</strong></span> <span class='ocrx_word' id='word_1_465' title='bbox 3219 3205 3358 3262; x_wconf 87' lang='lat' dir='ltr'><strong>bene</strong></span> <span class='ocrx_word' id='word_1_466' title='bbox 3396 3206 3600 3278; x_wconf 86' lang='lat' dir='ltr'><strong>Josepb</strong></span> <span class='ocrx_word' id='word_1_467' title='bbox 3632 3227 3737 3264; x_wconf 81' lang='lat' dir='ltr'><strong>au-</strong></span> 
     </span>
    </p>
   </div>
   <div class='ocr_carea' id='block_1_63' title="bbox 2153 3289 3739 3362">
    <p class='ocr_par' dir='ltr' id='par_1_63' title="bbox 2153 3289 3739 3362">
     <span class='ocr_line' id='line_1_63' title="bbox 2153 3289 3739 3362; baseline 0.008 -18"><span class='ocrx_word' id='word_1_468' title='bbox 2153 3298 2269 3344; x_wconf 79' lang='lat' dir='ltr'><strong>ctus</strong></span> <span class='ocrx_word' id='word_1_469' title='bbox 2293 3289 2700 3362; x_wconf 88' lang='lat' dir='ltr'><strong>interpretatur,</strong></span> <span class='ocrx_word' id='word_1_470' title='bbox 2725 3291 2974 3350; x_wconf 91' lang='lat' dir='ltr'><strong>indicans</strong></span> <span class='ocrx_word' id='word_1_471' title='bbox 2998 3295 3075 3350; x_wconf 92' lang='lat' dir='ltr'><strong>nil</strong></span> <span class='ocrx_word' id='word_1_472' title='bbox 3095 3295 3274 3358; x_wconf 88' lang='lat' dir='ltr'><strong>valere</strong></span> <span class='ocrx_word' id='word_1_473' title='bbox 3303 3299 3623 3356; x_wconf 88' lang='lat' dir='ltr'><strong>instantiam</strong></span> <span class='ocrx_word' id='word_1_474' title='bbox 3653 3303 3739 3357; x_wconf 90' lang='lat' dir='ltr'><strong>lo-</strong></span> 
     </span>
    </p>
   </div>
   <div class='ocr_carea' id='block_1_64' title="bbox 2154 3381 3734 3465">
    <p class='ocr_par' dir='ltr' id='par_1_64' title="bbox 2154 3381 3734 3465">
     <span class='ocr_line' id='line_1_64' title="bbox 2154 3381 3734 3465; baseline 0.008 -26"><span class='ocrx_word' id='word_1_475' title='bbox 2154 3381 2371 3457; x_wconf 75' lang='lat' dir='ltr'><strong>quentis</strong></span> <span class='ocrx_word' id='word_1_476' title='bbox 2402 3382 2650 3460; x_wconf 74' lang='lat' dir='ltr'><strong>magistri</strong></span> <span class='ocrx_word' id='word_1_477' title='bbox 2676 3385 2797 3444; x_wconf 84' lang='lat' dir='ltr'><strong>sine</strong></span> <span class='ocrx_word' id='word_1_478' title='bbox 2823 3394 3120 3462; x_wconf 79' lang='lat' dir='ltr'><strong>augmento</strong></span> <span class='ocrx_word' id='word_1_479' title='bbox 3149 3389 3368 3463; x_wconf 84' lang='lat' dir='ltr'><strong>superni</strong></span> <span class='ocrx_word' id='word_1_480' title='bbox 3410 3391 3734 3465; x_wconf 72' lang='lat' dir='ltr'><strong>jnvaminis.</strong></span> 
     </span>
    </p>
   </div>
   <div class='ocr_carea' id='block_1_65' title="bbox 2153 3478 3738 3554">
    <p class='ocr_par' dir='ltr' id='par_1_65' title="bbox 2153 3478 3738 3554">
     <span class='ocr_line' id='line_1_65' title="bbox 2153 3478 3738 3554; baseline 0.006 -22"><span class='ocrx_word' id='word_1_481' title='bbox 2153 3478 2324 3533; x_wconf 89' lang='lat' dir='ltr'><strong>Natus</strong></span> <span class='ocrx_word' id='word_1_482' title='bbox 2364 3479 2548 3550; x_wconf 86' lang='lat' dir='ltr'><strong>itaque</strong></span> <span class='ocrx_word' id='word_1_483' title='bbox 2576 3481 2842 3537; x_wconf 90' lang='lat' dir='ltr'><strong>Dominus</strong></span> <span class='ocrx_word' id='word_1_484' title='bbox 2883 3493 2968 3538; x_wconf 90' lang='lat' dir='ltr'><strong>est</strong></span> <span class='ocrx_word' id='word_1_485' title='bbox 2991 3485 3292 3540; x_wconf 90' lang='lat' dir='ltr'><strong>secundum</strong></span> <span class='ocrx_word' id='word_1_486' title='bbox 3326 3501 3572 3554; x_wconf 87' lang='lat' dir='ltr'><strong>carnem,</strong></span> <span class='ocrx_word' id='word_1_487' title='bbox 3595 3495 3650 3542; x_wconf 88' lang='lat' dir='ltr'><strong>et</strong></span> <span class='ocrx_word' id='word_1_488' title='bbox 3677 3498 3738 3542; x_wconf 91' lang='lat' dir='ltr'><strong>tu</strong></span> 
     </span>
    </p>
   </div>
   <div class='ocr_carea' id='block_1_66' title="bbox 2155 3571 3742 3643">
    <p class='ocr_par' dir='ltr' id='par_1_66' title="bbox 2155 3571 3742 3643">
     <span class='ocr_line' id='line_1_66' title="bbox 2155 3571 3742 3643; baseline 0.006 -17"><span class='ocrx_word' id='word_1_489' title='bbox 2155 3571 2456 3626; x_wconf 87' lang='lat' dir='ltr'><strong>secundum</strong></span> <span class='ocrx_word' id='word_1_490' title='bbox 2487 3572 2740 3643; x_wconf 89' lang='lat' dir='ltr'><strong>spiritum</strong></span> <span class='ocrx_word' id='word_1_491' title='bbox 2771 3576 3031 3632; x_wconf 89' lang='lat' dir='ltr'><strong>nasceris.</strong></span> <span class='ocrx_word' id='word_1_492' title='bbox 3062 3575 3218 3642; x_wconf 92' lang='lat' dir='ltr'><strong>Quod</strong></span> <span class='ocrx_word' id='word_1_493' title='bbox 3241 3578 3388 3632; x_wconf 90' lang='lat' dir='ltr'><strong>enim</strong></span> <span class='ocrx_word' id='word_1_494' title='bbox 3418 3593 3528 3634; x_wconf 91' lang='lat' dir='ltr'><strong>non</strong></span> <span class='ocrx_word' id='word_1_495' title='bbox 3549 3595 3619 3634; x_wconf 81' lang='lat' dir='ltr'><strong>ex</strong></span> <span class='ocrx_word' id='word_1_496' title='bbox 3639 3595 3742 3636; x_wconf 82' lang='lat' dir='ltr'><strong>vo-</strong></span> 
     </span>
    </p>
   </div>
   <div class='ocr_carea' id='block_1_67' title="bbox 2154 3659 3736 3740">
    <p class='ocr_par' dir='ltr' id='par_1_67' title="bbox 2154 3659 3736 3740">
     <span class='ocr_line' id='line_1_67' title="bbox 2154 3659 3736 3740; baseline 0.008 -25"><span class='ocrx_word' id='word_1_497' title='bbox 2154 3659 2363 3718; x_wconf 88' lang='lat' dir='ltr'><strong>luntate</strong></span> <span class='ocrx_word' id='word_1_498' title='bbox 2386 3663 2571 3719; x_wconf 88' lang='lat' dir='ltr'><strong>carnis</strong></span> <span class='ocrx_word' id='word_1_499' title='bbox 2603 3665 2728 3732; x_wconf 88' lang='lat' dir='ltr'><strong>viri,</strong></span> <span class='ocrx_word' id='word_1_500' title='bbox 2755 3665 2849 3720; x_wconf 91' lang='lat' dir='ltr'><strong>sed</strong></span> <span class='ocrx_word' id='word_1_501' title='bbox 2879 3682 2943 3722; x_wconf 86' lang='lat' dir='ltr'><strong>ex</strong></span> <span class='ocrx_word' id='word_1_502' title='bbox 2974 3664 3179 3737; x_wconf 92' lang='lat' dir='ltr'><strong>Spiritu</strong></span> <span class='ocrx_word' id='word_1_503' title='bbox 3206 3677 3395 3724; x_wconf 90' lang='lat' dir='ltr'><strong>sancto</strong></span> <span class='ocrx_word' id='word_1_504' title='bbox 3431 3680 3596 3728; x_wconf 84' lang='lat' dir='ltr'><strong>natus</strong></span> <span class='ocrx_word' id='word_1_505' title='bbox 3628 3681 3736 3740; x_wconf 84' lang='lat' dir='ltr'><strong>est,</strong></span> 
     </span>
    </p>
   </div>
   <div class='ocr_carea' id='block_1_68' title="bbox 2156 3754 3738 3833">
    <p class='ocr_par' dir='ltr' id='par_1_68' title="bbox 2156 3754 3738 3833">
     <span class='ocr_line' id='line_1_68' title="bbox 2156 3754 3738 3833; baseline 0.007 -25"><span class='ocrx_word' id='word_1_506' title='bbox 2156 3754 2562 3826; x_wconf 85' lang='lat' dir='ltr'><strong>generationem</strong></span> <span class='ocrx_word' id='word_1_507' title='bbox 2604 3755 2859 3826; x_wconf 87' lang='lat' dir='ltr'><strong>signavit,</strong></span> <span class='ocrx_word' id='word_1_508' title='bbox 2907 3773 3074 3826; x_wconf 87' lang='lat' dir='ltr'><strong>quam</strong></span> <span class='ocrx_word' id='word_1_509' title='bbox 3115 3759 3304 3829; x_wconf 88' lang='lat' dir='ltr'><strong>utique</strong></span> <span class='ocrx_word' id='word_1_510' title='bbox 3348 3760 3581 3818; x_wconf 88' lang='lat' dir='ltr'><strong>daturus</strong></span> <span class='ocrx_word' id='word_1_511' title='bbox 3606 3772 3738 3833; x_wconf 77' lang='lat' dir='ltr'><strong>erat</strong></span> 
     </span>
    </p>
   </div>
   <div class='ocr_carea' id='block_1_69' title="bbox 2153 3845 2478 3916">
    <p class='ocr_par' dir='ltr' id='par_1_69' title="bbox 2153 3845 2478 3916">
     <span class='ocr_line' id='line_1_69' title="bbox 2153 3845 2478 3916; baseline -0.006 -12"><span class='ocrx_word' id='word_1_512' title='bbox 2153 3862 2224 3904; x_wconf 82' lang='lat' dir='ltr'><strong>ex</strong></span> <span class='ocrx_word' id='word_1_513' title='bbox 2255 3845 2478 3916; x_wconf 90' lang='lat' dir='ltr'><strong>Spiritu.</strong></span> 
     </span>
    </p>
   </div>
   <div class='ocr_carea' id='block_1_70' title="bbox 2231 3935 3736 4016">
    <p class='ocr_par' dir='ltr' id='par_1_70' title="bbox 2231 3935 3736 4016">
     <span class='ocr_line' id='line_1_70' title="bbox 2231 3935 3736 4016; baseline 0.008 -26"><span class='ocrx_word' id='word_1_514' title='bbox 2231 3954 2251 3989; x_wconf 85' lang='grc'>‹</span> <span class='ocrx_word' id='word_1_515' title='bbox 2282 3935 2348 3991; x_wconf 89' lang='lat' dir='ltr'><strong>Et</strong></span> <span class='ocrx_word' id='word_1_516' title='bbox 2369 3939 2566 4008; x_wconf 90' lang='lat' dir='ltr'><strong>pannis</strong></span> <span class='ocrx_word' id='word_1_517' title='bbox 2605 3953 2732 3994; x_wconf 89' lang='lat' dir='ltr'><strong>eum</strong></span> <span class='ocrx_word' id='word_1_518' title='bbox 2772 3939 3020 4008; x_wconf 77' lang='lat' dir='ltr'><strong>involvit,</strong></span> <span class='ocrx_word' id='word_1_519' title='bbox 3051 3951 3106 3998; x_wconf 90' lang='lat' dir='ltr'><strong>et</strong></span> <span class='ocrx_word' id='word_1_520' title='bbox 3135 3943 3417 4000; x_wconf 86' lang='lat' dir='ltr'><strong>reclinavit</strong></span> <span class='ocrx_word' id='word_1_521' title='bbox 3447 3945 3500 4000; x_wconf 93' lang='lat' dir='ltr'><strong>in</strong></span> <span class='ocrx_word' id='word_1_522' title='bbox 3532 3961 3736 4016; x_wconf 64' lang='lat' dir='ltr'><strong>prase~</strong></span> 
     </span>
    </p>
   </div>
   <div class='ocr_carea' id='block_1_71' title="bbox 2151 4027 3736 4098">
    <p class='ocr_par' dir='ltr' id='par_1_71' title="bbox 2151 4027 3736 4098">
     <span class='ocr_line' id='line_1_71' title="bbox 2151 4027 3736 4098; baseline 0.008 -17"><span class='ocrx_word' id='word_1_523' title='bbox 2151 4027 2245 4098; x_wconf 90' lang='lat' dir='ltr'><strong>pio</strong></span> <span class='ocrx_word' id='word_1_524' title='bbox 2268 4029 2394 4098; x_wconf 89' lang='lat' dir='ltr'><strong>quia</strong></span> <span class='ocrx_word' id='word_1_525' title='bbox 2417 4045 2526 4084; x_wconf 92' lang='lat' dir='ltr'><strong>non</strong></span> <span class='ocrx_word' id='word_1_526' title='bbox 2555 4039 2673 4086; x_wconf 90' lang='lat' dir='ltr'><strong>erat</strong></span> <span class='ocrx_word' id='word_1_527' title='bbox 2699 4031 2750 4086; x_wconf 89' lang='lat' dir='ltr'><strong>ei</strong></span> <span class='ocrx_word' id='word_1_528' title='bbox 2775 4033 2926 4088; x_wconf 92' lang='lat' dir='ltr'><strong>locus</strong></span> <span class='ocrx_word' id='word_1_529' title='bbox 2963 4034 3018 4088; x_wconf 91' lang='lat' dir='ltr'><strong>in</strong></span> <span class='ocrx_word' id='word_1_530' title='bbox 3044 4034 3368 4091; x_wconf 87' lang='lat' dir='ltr'><strong>diversorio.</strong></span> <span class='ocrx_word' id='word_1_531' title='bbox 3408 4058 3428 4089; x_wconf 70' lang='grc' dir='ltr'><strong>ι</strong></span> <span class='ocrx_word' id='word_1_532' title='bbox 3462 4035 3582 4093; x_wconf 84' lang='grc' dir='ltr'><strong>Νοιι</strong></span> <span class='ocrx_word' id='word_1_533' title='bbox 3617 4047 3736 4096; x_wconf 81' lang='lat' dir='ltr'><strong>erat</strong></span> 
     </span>
    </p>
   </div>
   <div class='ocr_carea' id='block_1_72' title="bbox 2157 4120 3734 4186">
    <p class='ocr_par' dir='ltr' id='par_1_72' title="bbox 2157 4120 3734 4186">
     <span class='ocr_line' id='line_1_72' title="bbox 2157 4120 3734 4186; baseline 0.008 -12"><span class='ocrx_word' id='word_1_534' title='bbox 2157 4120 2310 4174; x_wconf 91' lang='lat' dir='ltr'><strong>locus</strong></span> <span class='ocrx_word' id='word_1_535' title='bbox 2338 4121 2390 4174; x_wconf 93' lang='lat' dir='ltr'><strong>in</strong></span> <span class='ocrx_word' id='word_1_536' title='bbox 2426 4121 2748 4177; x_wconf 88' lang='lat' dir='ltr'><strong>diversorio.</strong></span> <span class='ocrx_word' id='word_1_537' title='bbox 2778 4121 2906 4178; x_wconf 88' lang='lat' dir='ltr'><strong>Erat</strong></span> <span class='ocrx_word' id='word_1_538' title='bbox 2931 4126 3078 4179; x_wconf 89' lang='lat' dir='ltr'><strong>enim</strong></span> <span class='ocrx_word' id='word_1_539' title='bbox 3125 4126 3505 4184; x_wconf 76' lang='lat' dir='ltr'><strong>difﬁcillimum</strong></span> <span class='ocrx_word' id='word_1_540' title='bbox 3532 4145 3734 4186; x_wconf 87' lang='lat' dir='ltr'><strong>vacan-</strong></span> 
     </span>
    </p>
   </div>
   <div class='ocr_carea' id='block_1_73' title="bbox 479 4213 3732 4293">
    <p class='ocr_par' dir='ltr' id='par_1_73' title="bbox 479 4213 3732 4293">
     <span class='ocr_line' id='line_1_73' title="bbox 479 4213 3732 4293; baseline 0.001 -19"><span class='ocrx_word' id='word_1_541' title='bbox 479 4218 654 4274; x_wconf 90' lang='lat' dir='ltr'><strong>bitum</strong></span> <span class='ocrx_word' id='word_1_542' title='bbox 685 4232 906 4272; x_wconf 89' lang='lat' dir='ltr'><strong>census.</strong></span> <span class='ocrx_word' id='word_1_543' title='bbox 943 4215 1035 4272; x_wconf 91' lang='lat' dir='ltr'><strong>Sic</strong></span> <span class='ocrx_word' id='word_1_544' title='bbox 1073 4232 1203 4286; x_wconf 89' lang='lat' dir='ltr'><strong>ergo</strong></span> <span class='ocrx_word' id='word_1_545' title='bbox 1231 4231 1379 4272; x_wconf 87' lang='lat' dir='ltr'><strong>nunc</strong></span> <span class='ocrx_word' id='word_1_546' title='bbox 1411 4225 1713 4285; x_wconf 86' lang='lat' dir='ltr'><strong>Imperante</strong></span> <span class='ocrx_word' id='word_1_547' title='bbox 1755 4215 1976 4271; x_wconf 87' lang='lat' dir='ltr'><strong>Christo</strong></span> <span class='ocrx_word' id='word_1_548' title='bbox 2005 4224 2058 4272; x_wconf 90' lang='lat' dir='ltr'><strong>et</strong></span> <span class='ocrx_word' id='word_1_549' title='bbox 2085 4214 2134 4274; x_wconf 92' lang='lat' dir='ltr'><strong>D</strong></span> <span class='ocrx_word' id='word_1_550' title='bbox 2162 4219 2243 4266; x_wconf 85' lang='lat' dir='ltr'><strong>tes</strong></span> <span class='ocrx_word' id='word_1_551' title='bbox 2271 4213 2508 4282; x_wconf 88' lang='lat' dir='ltr'><strong>reperire</strong></span> <span class='ocrx_word' id='word_1_552' title='bbox 2533 4213 2726 4269; x_wconf 92' lang='lat' dir='ltr'><strong>domos</strong></span> <span class='ocrx_word' id='word_1_553' title='bbox 2755 4225 2976 4285; x_wconf 86' lang='lat' dir='ltr'><strong>propter</strong></span> <span class='ocrx_word' id='word_1_554' title='bbox 3003 4228 3332 4274; x_wconf 86' lang='lat' dir='ltr'><strong>conventum</strong></span> <span class='ocrx_word' id='word_1_555' title='bbox 3368 4236 3435 4276; x_wconf 91' lang='lat' dir='ltr'><strong>ac</strong></span> <span class='ocrx_word' id='word_1_556' title='bbox 3473 4220 3732 4293; x_wconf 86' lang='lat' dir='ltr'><strong>frequen-</strong></span> 
     </span>
    </p>
   </div>
   <div class='ocr_carea' id='block_1_74' title="bbox 480 4308 2057 4380">
    <p class='ocr_par' dir='ltr' id='par_1_74' title="bbox 480 4308 2057 4380">
     <span class='ocr_line' id='line_1_74' title="bbox 480 4308 2057 4380; baseline 0.001 -16"><span class='ocrx_word' id='word_1_557' title='bbox 480 4309 708 4380; x_wconf 71' lang='lat' dir='ltr'><strong>praemio</strong></span> <span class='ocrx_word' id='word_1_558' title='bbox 735 4309 1044 4378; x_wconf 88' lang='lat' dir='ltr'><strong>pollicente,</strong></span> <span class='ocrx_word' id='word_1_559' title='bbox 1088 4323 1184 4376; x_wconf 89' lang='lat' dir='ltr'><strong>per</strong></span> <span class='ocrx_word' id='word_1_560' title='bbox 1225 4309 1476 4364; x_wconf 90' lang='lat' dir='ltr'><strong>doctores</strong></span> <span class='ocrx_word' id='word_1_561' title='bbox 1505 4308 1762 4364; x_wconf 69' lang='lat' dir='ltr'><strong>Ecclesiae</strong></span> <span class='ocrx_word' id='word_1_562' title='bbox 1801 4309 2057 4379; x_wconf 79' lang='lat' dir='ltr'><strong>praesides</strong></span> 
     </span>
    </p>
   </div>
   <div class='ocr_carea' id='block_1_75' title="bbox 481 4400 2060 4472">
    <p class='ocr_par' dir='ltr' id='par_1_75' title="bbox 481 4400 2060 4472">
     <span class='ocr_line' id='line_1_75' title="bbox 481 4400 2060 4472; baseline 0 -16"><span class='ocrx_word' id='word_1_563' title='bbox 481 4416 707 4456; x_wconf 84' lang='lat' dir='ltr'><strong>censum</strong></span> <span class='ocrx_word' id='word_1_564' title='bbox 727 4400 953 4471; x_wconf 75' lang='lat' dir='ltr'><strong>justitia:</strong></span> <span class='ocrx_word' id='word_1_565' title='bbox 979 4401 1356 4469; x_wconf 83' lang='lat' dir='ltr'><strong>proﬁteamur,</strong></span> <span class='ocrx_word' id='word_1_566' title='bbox 1392 4401 1584 4472; x_wconf 87' lang='lat' dir='ltr'><strong>jugum</strong></span> <span class='ocrx_word' id='word_1_567' title='bbox 1613 4402 1732 4470; x_wconf 87' lang='lat' dir='ltr'><strong>ejus</strong></span> <span class='ocrx_word' id='word_1_568' title='bbox 1768 4402 1914 4472; x_wconf 87' lang='lat' dir='ltr'><strong>quod</strong></span> <span class='ocrx_word' id='word_1_569' title='bbox 1945 4401 2060 4456; x_wconf 85' lang='lat' dir='ltr'><strong>leve</strong></span> 
     </span>
    </p>
   </div>
   <div class='ocr_carea' id='block_1_76' title="bbox 483 4491 2062 4560">
    <p class='ocr_par' dir='ltr' id='par_1_76' title="bbox 483 4491 2062 4560">
     <span class='ocr_line' id='line_1_76' title="bbox 483 4491 2062 4560; baseline -0.001 -11"><span class='ocrx_word' id='word_1_570' title='bbox 483 4501 569 4549; x_wconf 83' lang='lat' dir='ltr'><strong>est</strong></span> <span class='ocrx_word' id='word_1_571' title='bbox 591 4492 907 4558; x_wconf 88' lang='lat' dir='ltr'><strong>subeamus,</strong></span> <span class='ocrx_word' id='word_1_572' title='bbox 929 4501 984 4546; x_wconf 92' lang='lat' dir='ltr'><strong>et</strong></span> <span class='ocrx_word' id='word_1_573' title='bbox 1005 4491 1346 4546; x_wconf 82' lang='lat' dir='ltr'><strong>inveniemus</strong></span> <span class='ocrx_word' id='word_1_574' title='bbox 1369 4493 1612 4560; x_wconf 88' lang='lat' dir='ltr'><strong>requiem</strong></span> <span class='ocrx_word' id='word_1_575' title='bbox 1645 4493 1933 4548; x_wconf 90' lang='lat' dir='ltr'><strong>animabus</strong></span> <span class='ocrx_word' id='word_1_576' title='bbox 1963 4508 2062 4548; x_wconf 91' lang='lat' dir='ltr'><strong>no-</strong></span> 
     </span>
    </p>
   </div>
   <div class='ocr_carea' id='block_1_77' title="bbox 485 4580 2062 4653">
    <p class='ocr_par' dir='ltr' id='par_1_77' title="bbox 485 4580 2062 4653">
     <span class='ocr_line' id='line_1_77' title="bbox 485 4580 2062 4653; baseline -0.001 -13"><span class='ocrx_word' id='word_1_577' title='bbox 485 4583 617 4640; x_wconf 82' lang='lat' dir='ltr'><strong>stris</strong></span> <span class='ocrx_word' id='word_1_578' title='bbox 642 4580 860 4653; x_wconf 80' lang='lat' dir='ltr'><strong>(Matth.</strong></span> <span class='ocrx_word' id='word_1_579' title='bbox 905 4581 1005 4653; x_wconf 75' lang='lat' dir='ltr'><strong>XI).</strong></span> <span class='ocrx_word' id='word_1_580' title='bbox 1050 4581 1252 4636; x_wconf 73' lang='lat' dir='ltr'><strong>Caesari</strong></span> <span class='ocrx_word' id='word_1_581' title='bbox 1299 4581 1612 4636; x_wconf 85' lang='lat' dir='ltr'><strong>solvebatur</strong></span> <span class='ocrx_word' id='word_1_582' title='bbox 1644 4582 1926 4650; x_wconf 89' lang='lat' dir='ltr'><strong>denarius,</strong></span> <span class='ocrx_word' id='word_1_583' title='bbox 1967 4584 2062 4653; x_wconf 91' lang='lat' dir='ltr'><strong>qui</strong></span> 
     </span>
    </p>
   </div>
   <div class='ocr_carea' id='block_1_78' title="bbox 485 4673 2064 4744">
    <p class='ocr_par' dir='ltr' id='par_1_78' title="bbox 485 4673 2064 4744">
     <span class='ocr_line' id='line_1_78' title="bbox 485 4673 2064 4744; baseline -0.003 -10"><span class='ocrx_word' id='word_1_584' title='bbox 485 4676 675 4734; x_wconf 84' lang='lat' dir='ltr'><strong>decem</strong></span> <span class='ocrx_word' id='word_1_585' title='bbox 719 4689 976 4730; x_wconf 89' lang='lat' dir='ltr'><strong>nummos</strong></span> <span class='ocrx_word' id='word_1_586' title='bbox 1004 4673 1268 4740; x_wconf 87' lang='lat' dir='ltr'><strong>habebat;</strong></span> <span class='ocrx_word' id='word_1_587' title='bbox 1309 4673 1403 4744; x_wconf 91' lang='lat' dir='ltr'><strong>qui</strong></span> <span class='ocrx_word' id='word_1_588' title='bbox 1429 4673 1594 4729; x_wconf 88' lang='lat' dir='ltr'><strong>etiam</strong></span> <span class='ocrx_word' id='word_1_589' title='bbox 1627 4675 1848 4729; x_wconf 86' lang='lat' dir='ltr'><strong>nomine</strong></span> <span class='ocrx_word' id='word_1_590' title='bbox 1883 4674 2064 4730; x_wconf 83' lang='lat' dir='ltr'><strong>Caesa-</strong></span> 
     </span>
    </p>
   </div>
   <div class='ocr_carea' id='block_1_79' title="bbox 488 4764 2065 4839">
    <p class='ocr_par' dir='ltr' id='par_1_79' title="bbox 488 4764 2065 4839">
     <span class='ocr_line' id='line_1_79' title="bbox 488 4764 2065 4839; baseline 0.001 -18"><span class='ocrx_word' id='word_1_591' title='bbox 488 4767 567 4822; x_wconf 85' lang='lat' dir='ltr'><strong>ris</strong></span> <span class='ocrx_word' id='word_1_592' title='bbox 593 4767 932 4822; x_wconf 89' lang='lat' dir='ltr'><strong>titulabatur.</strong></span> <span class='ocrx_word' id='word_1_593' title='bbox 964 4765 1032 4821; x_wconf 87' lang='lat' dir='ltr'><strong>Et</strong></span> <span class='ocrx_word' id='word_1_594' title='bbox 1073 4780 1174 4822; x_wconf 87' lang='lat' dir='ltr'><strong>nos</strong></span> <span class='ocrx_word' id='word_1_595' title='bbox 1203 4764 1498 4822; x_wconf 80' lang='lat' dir='ltr'><strong>offeramus</strong></span> <span class='ocrx_word' id='word_1_596' title='bbox 1535 4767 1647 4839; x_wconf 91' lang='lat' dir='ltr'><strong>regi</strong></span> <span class='ocrx_word' id='word_1_597' title='bbox 1681 4776 1868 4821; x_wconf 85' lang='lat' dir='ltr'><strong>nostro</strong></span> <span class='ocrx_word' id='word_1_598' title='bbox 1896 4765 2065 4822; x_wconf 85' lang='lat' dir='ltr'><strong>Deca-</strong></span> 
     </span>
    </p>
   </div>
   <div class='ocr_carea' id='block_1_80' title="bbox 489 4855 2063 4929">
    <p class='ocr_par' dir='ltr' id='par_1_80' title="bbox 489 4855 2063 4929">
     <span class='ocr_line' id='line_1_80' title="bbox 489 4855 2063 4929; baseline 0.001 -19"><span class='ocrx_word' id='word_1_599' title='bbox 489 4855 677 4926; x_wconf 89' lang='lat' dir='ltr'><strong>logum</strong></span> <span class='ocrx_word' id='word_1_600' title='bbox 711 4855 842 4926; x_wconf 87' lang='lat' dir='ltr'><strong>legis</strong></span> <span class='ocrx_word' id='word_1_601' title='bbox 874 4857 929 4911; x_wconf 88' lang='lat' dir='ltr'><strong>in</strong></span> <span class='ocrx_word' id='word_1_602' title='bbox 957 4871 1070 4927; x_wconf 88' lang='lat' dir='ltr'><strong>quo</strong></span> <span class='ocrx_word' id='word_1_603' title='bbox 1099 4857 1306 4913; x_wconf 91' lang='lat' dir='ltr'><strong>vultum</strong></span> <span class='ocrx_word' id='word_1_604' title='bbox 1337 4858 1502 4929; x_wconf 86' lang='lat' dir='ltr'><strong>regis,</strong></span> <span class='ocrx_word' id='word_1_605' title='bbox 1534 4857 1590 4913; x_wconf 91' lang='lat' dir='ltr'><strong>id</strong></span> <span class='ocrx_word' id='word_1_606' title='bbox 1622 4865 1706 4912; x_wconf 81' lang='lat' dir='ltr'><strong>est</strong></span> <span class='ocrx_word' id='word_1_607' title='bbox 1731 4858 2063 4928; x_wconf 86' lang='lat' dir='ltr'><strong>agnitionem</strong></span> 
     </span>
    </p>
   </div>
   <div class='ocr_carea' id='block_1_81' title="bbox 489 4945 1290 5015">
    <p class='ocr_par' dir='ltr' id='par_1_81' title="bbox 489 4945 1290 5015">
     <span class='ocr_line' id='line_1_81' title="bbox 489 4945 1290 5015; baseline 0.002 -13"><span class='ocrx_word' id='word_1_608' title='bbox 489 4945 735 5002; x_wconf 78' lang='lat' dir='ltr'><strong>veritatis</strong></span> <span class='ocrx_word' id='word_1_609' title='bbox 759 4947 878 5015; x_wconf 88' lang='lat' dir='ltr'><strong>ejus</strong></span> <span class='ocrx_word' id='word_1_610' title='bbox 909 4947 1247 5004; x_wconf 89' lang='lat' dir='ltr'><strong>inveniemus</strong></span> <span class='ocrx_word' id='word_1_611' title='bbox 1274 4965 1290 5004; x_wconf 89' lang='lat'><strong>:</strong></span> 
     </span>
    </p>
   </div>
   <div class='ocr_carea' id='block_1_82' title="bbox 568 5034 2067 5108">
    <p class='ocr_par' dir='ltr' id='par_1_82' title="bbox 568 5034 2067 5108">
     <span class='ocr_line' id='line_1_82' title="bbox 568 5034 2067 5108; baseline 0.006 -20"><span class='ocrx_word' id='word_1_612' title='bbox 568 5053 589 5088; x_wconf 75' lang='grc' dir='ltr'><strong>ι</strong></span> <span class='ocrx_word' id='word_1_613' title='bbox 625 5034 886 5090; x_wconf 79' lang='lat' dir='ltr'><strong>Ascendit</strong></span> <span class='ocrx_word' id='word_1_614' title='bbox 921 5047 1104 5092; x_wconf 89' lang='lat' dir='ltr'><strong>autem</strong></span> <span class='ocrx_word' id='word_1_615' title='bbox 1150 5037 1352 5108; x_wconf 85' lang='lat' dir='ltr'><strong>Joseph</strong></span> <span class='ocrx_word' id='word_1_616' title='bbox 1395 5055 1428 5095; x_wconf 90' lang='lat' dir='ltr'><strong>a</strong></span> <span class='ocrx_word' id='word_1_617' title='bbox 1472 5039 1690 5094; x_wconf 78' lang='lat' dir='ltr'><strong>Galilaea</strong></span> <span class='ocrx_word' id='word_1_618' title='bbox 1737 5039 1804 5095; x_wconf 90' lang='lat' dir='ltr'><strong>de</strong></span> <span class='ocrx_word' id='word_1_619' title='bbox 1849 5040 2067 5097; x_wconf 87' lang='lat' dir='ltr'><strong>civitate</strong></span> 
     </span>
    </p>
   </div>
   <div class='ocr_carea' id='block_1_83' title="bbox 490 5123 2070 5202">
    <p class='ocr_par' dir='ltr' id='par_1_83' title="bbox 490 5123 2070 5202">
     <span class='ocr_line' id='line_1_83' title="bbox 490 5123 2070 5202; baseline 0.004 -20"><span class='ocrx_word' id='word_1_620' title='bbox 490 5123 764 5182; x_wconf 83' lang='lat' dir='ltr'><strong>Nazarcth</strong></span> <span class='ocrx_word' id='word_1_621' title='bbox 802 5126 858 5180; x_wconf 92' lang='lat' dir='ltr'><strong>in</strong></span> <span class='ocrx_word' id='word_1_622' title='bbox 885 5124 1114 5182; x_wconf 78' lang='lat' dir='ltr'><strong>Judeam</strong></span> <span class='ocrx_word' id='word_1_623' title='bbox 1145 5129 1200 5183; x_wconf 91' lang='lat' dir='ltr'><strong>in</strong></span> <span class='ocrx_word' id='word_1_624' title='bbox 1229 5131 1502 5186; x_wconf 87' lang='lat' dir='ltr'><strong>civitatem</strong></span> <span class='ocrx_word' id='word_1_625' title='bbox 1550 5129 1716 5185; x_wconf 87' lang='lat' dir='ltr'><strong>David</strong></span> <span class='ocrx_word' id='word_1_626' title='bbox 1755 5148 1876 5202; x_wconf 73' lang='lat' dir='ltr'><strong>qua:</strong></span> <span class='ocrx_word' id='word_1_627' title='bbox 1903 5148 2070 5188; x_wconf 89' lang='lat' dir='ltr'><strong>voca-</strong></span> 
     </span>
    </p>
   </div>
   <div class='ocr_carea' id='block_1_84' title="bbox 493 5215 2067 5288">
    <p class='ocr_par' dir='ltr' id='par_1_84' title="bbox 493 5215 2067 5288">
     <span class='ocr_line' id='line_1_84' title="bbox 493 5215 2067 5288; baseline 0.001 -13"><span class='ocrx_word' id='word_1_628' title='bbox 493 5230 586 5275; x_wconf 91' lang='lat' dir='ltr'><strong>tur</strong></span> <span class='ocrx_word' id='word_1_629' title='bbox 629 5215 966 5283; x_wconf 90' lang='lat' dir='ltr'><strong>Bethlehem,</strong></span> <span class='ocrx_word' id='word_1_630' title='bbox 1007 5231 1074 5272; x_wconf 90' lang='lat' dir='ltr'><strong>eo</strong></span> <span class='ocrx_word' id='word_1_631' title='bbox 1103 5219 1250 5288; x_wconf 90' lang='lat' dir='ltr'><strong>quod</strong></span> <span class='ocrx_word' id='word_1_632' title='bbox 1293 5227 1438 5275; x_wconf 90' lang='lat' dir='ltr'><strong>esset</strong></span> <span class='ocrx_word' id='word_1_633' title='bbox 1471 5218 1540 5274; x_wconf 88' lang='lat' dir='ltr'><strong>de</strong></span> <span class='ocrx_word' id='word_1_634' title='bbox 1567 5219 1732 5274; x_wconf 88' lang='lat' dir='ltr'><strong>domo</strong></span> <span class='ocrx_word' id='word_1_635' title='bbox 1771 5229 1827 5275; x_wconf 92' lang='lat' dir='ltr'><strong>et</strong></span> <span class='ocrx_word' id='word_1_636' title='bbox 1863 5220 2067 5278; x_wconf 81' lang='lat' dir='ltr'><strong>familia</strong></span> 
     </span>
    </p>
   </div>
   <div class='ocr_carea' id='block_1_85' title="bbox 498 5305 2068 5382">
    <p class='ocr_par' dir='ltr' id='par_1_85' title="bbox 498 5305 2068 5382">
     <span class='ocr_line' id='line_1_85' title="bbox 498 5305 2068 5382; baseline 0.004 -19"><span class='ocrx_word' id='word_1_637' title='bbox 498 5307 688 5375; x_wconf 87' lang='lat' dir='ltr'><strong>David,</strong></span> <span class='ocrx_word' id='word_1_638' title='bbox 721 5315 784 5363; x_wconf 94' lang='lat' dir='ltr'><strong>ut</strong></span> <span class='ocrx_word' id='word_1_639' title='bbox 825 5305 1173 5378; x_wconf 87' lang='lat' dir='ltr'><strong>proﬁteretur</strong></span> <span class='ocrx_word' id='word_1_640' title='bbox 1204 5323 1332 5364; x_wconf 91' lang='lat' dir='ltr'><strong>cum</strong></span> <span class='ocrx_word' id='word_1_641' title='bbox 1380 5307 1548 5364; x_wconf 75' lang='lat' dir='ltr'><strong>Maria</strong></span> <span class='ocrx_word' id='word_1_642' title='bbox 1595 5309 1922 5382; x_wconf 90' lang='lat' dir='ltr'><strong>desponsata</strong></span> <span class='ocrx_word' id='word_1_643' title='bbox 1965 5313 2068 5369; x_wconf 90' lang='lat' dir='ltr'><strong>sibi</strong></span> 
     </span>
    </p>
   </div>
   <div class='ocr_carea' id='block_1_86' title="bbox 498 5396 2072 5475">
    <p class='ocr_par' dir='ltr' id='par_1_86' title="bbox 498 5396 2072 5475">
     <span class='ocr_line' id='line_1_86' title="bbox 498 5396 2072 5475; baseline 0.003 -19"><span class='ocrx_word' id='word_1_644' title='bbox 498 5415 669 5457; x_wconf 78' lang='lat' dir='ltr'><strong>uxore</strong></span> <span class='ocrx_word' id='word_1_645' title='bbox 690 5407 1021 5470; x_wconf 62' lang='lat' dir='ltr'><strong>praegnante.</strong></span> <span class='ocrx_word' id='word_1_646' title='bbox 1051 5417 1071 5452; x_wconf 73' lang='grc' dir='ltr'><strong>ι</strong></span> <span class='ocrx_word' id='word_1_647' title='bbox 1101 5396 1455 5472; x_wconf 73' lang='lat' dir='ltr'><strong>(Gnsconms)</strong></span> <span class='ocrx_word' id='word_1_648' title='bbox 1493 5419 1513 5453; x_wconf 73' lang='grc' dir='ltr'><strong>ι</strong></span> <span class='ocrx_word' id='word_1_649' title='bbox 1541 5401 1683 5457; x_wconf 81' lang='lat' dir='ltr'><strong>Alibi</strong></span> <span class='ocrx_word' id='word_1_650' title='bbox 1705 5403 1917 5475; x_wconf 91' lang='lat' dir='ltr'><strong>concipi</strong></span> <span class='ocrx_word' id='word_1_651' title='bbox 1941 5403 2072 5460; x_wconf 87' lang='lat' dir='ltr'><strong>alibi</strong></span> 
     </span>
    </p>
   </div>
   <div class='ocr_carea' id='block_1_87' title="bbox 499 5487 2071 5555">
    <p class='ocr_par' dir='ltr' id='par_1_87' title="bbox 499 5487 2071 5555">
     <span class='ocr_line' id='line_1_87' title="bbox 499 5487 2071 5555; baseline 0.003 -10"><span class='ocrx_word' id='word_1_652' title='bbox 499 5491 649 5547; x_wconf 91' lang='lat' dir='ltr'><strong>nasci</strong></span> <span class='ocrx_word' id='word_1_653' title='bbox 677 5490 853 5546; x_wconf 80' lang='lat' dir='ltr'><strong>voluit</strong></span> <span class='ocrx_word' id='word_1_654' title='bbox 883 5487 1152 5546; x_wconf 87' lang='lat' dir='ltr'><strong>Dominus</strong></span> <span class='ocrx_word' id='word_1_655' title='bbox 1173 5528 1190 5555; x_wconf 90' lang='lat'><strong>,</strong></span> <span class='ocrx_word' id='word_1_656' title='bbox 1215 5496 1277 5544; x_wconf 91' lang='lat' dir='ltr'><strong>ut</strong></span> <span class='ocrx_word' id='word_1_657' title='bbox 1313 5488 1625 5547; x_wconf 88' lang='lat' dir='ltr'><strong>insidiantis</strong></span> <span class='ocrx_word' id='word_1_658' title='bbox 1653 5490 1884 5548; x_wconf 81' lang='lat' dir='ltr'><strong>Herodis</strong></span> <span class='ocrx_word' id='word_1_659' title='bbox 1913 5493 2071 5549; x_wconf 84' lang='lat' dir='ltr'><strong>furo-</strong></span> 
     </span>
    </p>
   </div>
   <div class='ocr_carea' id='block_1_88' title="bbox 501 5577 2070 5638">
    <p class='ocr_par' dir='ltr' id='par_1_88' title="bbox 501 5577 2070 5638">
     <span class='ocr_line' id='line_1_88' title="bbox 501 5577 2070 5638; baseline 0.003 -4"><span class='ocrx_word' id='word_1_660' title='bbox 501 5595 615 5634; x_wconf 88' lang='lat' dir='ltr'><strong>rem</strong></span> <span class='ocrx_word' id='word_1_661' title='bbox 658 5578 872 5636; x_wconf 83' lang='lat' dir='ltr'><strong>facilius</strong></span> <span class='ocrx_word' id='word_1_662' title='bbox 916 5579 1187 5636; x_wconf 87' lang='lat' dir='ltr'><strong>cvaderet.</strong></span> <span class='ocrx_word' id='word_1_663' title='bbox 1234 5577 1526 5637; x_wconf 78' lang='lat' dir='ltr'><strong>Nascituro</strong></span> <span class='ocrx_word' id='word_1_664' title='bbox 1565 5579 1798 5638; x_wconf 85' lang='lat' dir='ltr'><strong>Domino</strong></span> <span class='ocrx_word' id='word_1_665' title='bbox 1831 5583 2070 5638; x_wconf 88' lang='lat' dir='ltr'><strong>mundus</strong></span> 
     </span>
    </p>
   </div>
   <div class='ocr_carea' id='block_1_89' title="bbox 503 5669 2072 5746">
    <p class='ocr_par' dir='ltr' id='par_1_89' title="bbox 503 5669 2072 5746">
     <span class='ocr_line' id='line_1_89' title="bbox 503 5669 2072 5746; baseline 0.004 -22"><span class='ocrx_word' id='word_1_666' title='bbox 503 5669 849 5742; x_wconf 85' lang='lat' dir='ltr'><strong>describitur,</strong></span> <span class='ocrx_word' id='word_1_667' title='bbox 870 5673 999 5744; x_wconf 86' lang='lat' dir='ltr'><strong>quia</strong></span> <span class='ocrx_word' id='word_1_668' title='bbox 1024 5672 1114 5730; x_wconf 90' lang='lat' dir='ltr'><strong>ille</strong></span> <span class='ocrx_word' id='word_1_669' title='bbox 1134 5672 1432 5745; x_wconf 80' lang='lat' dir='ltr'><strong>apparebat</strong></span> <span class='ocrx_word' id='word_1_670' title='bbox 1465 5673 1520 5730; x_wconf 92' lang='lat' dir='ltr'><strong>in</strong></span> <span class='ocrx_word' id='word_1_671' title='bbox 1547 5687 1715 5733; x_wconf 88' lang='lat' dir='ltr'><strong>carne</strong></span> <span class='ocrx_word' id='word_1_672' title='bbox 1744 5675 1838 5746; x_wconf 90' lang='lat' dir='ltr'><strong>qui</strong></span> <span class='ocrx_word' id='word_1_673' title='bbox 1867 5675 2072 5732; x_wconf 83' lang='lat' dir='ltr'><strong>electos</strong></span> 
     </span>
    </p>
   </div>
   <div class='ocr_carea' id='block_1_90' title="bbox 2157 4301 3737 4375">
    <p class='ocr_par' dir='ltr' id='par_1_90' title="bbox 2157 4301 3737 4375">
     <span class='ocr_line' id='line_1_90' title="bbox 2157 4301 3737 4375; baseline 0.007 -19"><span class='ocrx_word' id='word_1_674' title='bbox 2157 4302 2286 4356; x_wconf 89' lang='lat' dir='ltr'><strong>tiam</strong></span> <span class='ocrx_word' id='word_1_675' title='bbox 2313 4301 2622 4358; x_wconf 69' lang='lat' dir='ltr'><strong>Judmorum</strong></span> <span class='ocrx_word' id='word_1_676' title='bbox 2659 4321 2800 4375; x_wconf 90' lang='lat' dir='ltr'><strong>quos</strong></span> <span class='ocrx_word' id='word_1_677' title='bbox 2838 4305 2892 4360; x_wconf 91' lang='lat' dir='ltr'><strong>in</strong></span> <span class='ocrx_word' id='word_1_678' title='bbox 2929 4323 3094 4363; x_wconf 90' lang='lat' dir='ltr'><strong>unum</strong></span> <span class='ocrx_word' id='word_1_679' title='bbox 3136 4310 3324 4364; x_wconf 91' lang='lat' dir='ltr'><strong>eadem</strong></span> <span class='ocrx_word' id='word_1_680' title='bbox 3358 4321 3487 4367; x_wconf 91' lang='lat' dir='ltr'><strong>tunc</strong></span> <span class='ocrx_word' id='word_1_681' title='bbox 3524 4313 3737 4369; x_wconf 86' lang='lat' dir='ltr'><strong>descri-</strong></span> 
     </span>
    </p>
   </div>
   <div class='ocr_carea' id='block_1_91' title="bbox 2160 4393 3733 4470">
    <p class='ocr_par' dir='ltr' id='par_1_91' title="bbox 2160 4393 3733 4470">
     <span class='ocr_line' id='line_1_91' title="bbox 2160 4393 3733 4470; baseline 0.008 -24"><span class='ocrx_word' id='word_1_682' title='bbox 2160 4393 2361 4463; x_wconf 91' lang='lat' dir='ltr'><strong>ptionis</strong></span> <span class='ocrx_word' id='word_1_683' title='bbox 2391 4410 2558 4449; x_wconf 92' lang='lat' dir='ltr'><strong>causa</strong></span> <span class='ocrx_word' id='word_1_684' title='bbox 2583 4395 2890 4466; x_wconf 86' lang='lat' dir='ltr'><strong>collegerat.</strong></span> <span class='ocrx_word' id='word_1_685' title='bbox 2922 4395 3297 4470; x_wconf 76' lang='lat' dir='ltr'><strong>(Gnscomus.)</strong></span> <span class='ocrx_word' id='word_1_686' title='bbox 3326 4400 3430 4468; x_wconf 93' lang='lat' dir='ltr'><strong>Qui</strong></span> <span class='ocrx_word' id='word_1_687' title='bbox 3467 4404 3733 4458; x_wconf 88' lang='lat' dir='ltr'><strong>mundum</strong></span> 
     </span>
    </p>
   </div>
   <div class='ocr_carea' id='block_1_92' title="bbox 2161 4483 3735 4556">
    <p class='ocr_par' dir='ltr' id='par_1_92' title="bbox 2161 4483 3735 4556">
     <span class='ocr_line' id='line_1_92' title="bbox 2161 4483 3735 4556; baseline 0.006 -20"><span class='ocrx_word' id='word_1_688' title='bbox 2161 4483 2312 4537; x_wconf 87' lang='lat' dir='ltr'><strong>vario</strong></span> <span class='ocrx_word' id='word_1_689' title='bbox 2339 4485 2498 4538; x_wconf 89' lang='lat' dir='ltr'><strong>vestit</strong></span> <span class='ocrx_word' id='word_1_690' title='bbox 2522 4493 2739 4550; x_wconf 90' lang='lat' dir='ltr'><strong>ornatu,</strong></span> <span class='ocrx_word' id='word_1_691' title='bbox 2768 4485 2970 4540; x_wconf 85' lang='lat' dir='ltr'><strong>vilibus</strong></span> <span class='ocrx_word' id='word_1_692' title='bbox 3013 4486 3280 4556; x_wconf 81' lang='lat' dir='ltr'><strong>induitur,</strong></span> <span class='ocrx_word' id='word_1_693' title='bbox 3310 4500 3369 4544; x_wconf 94' lang='lat' dir='ltr'><strong>ut</strong></span> <span class='ocrx_word' id='word_1_694' title='bbox 3399 4491 3594 4545; x_wconf 86' lang='lat' dir='ltr'><strong>stolam</strong></span> <span class='ocrx_word' id='word_1_695' title='bbox 3627 4492 3735 4545; x_wconf 88' lang='lat' dir='ltr'><strong>im-</strong></span> 
     </span>
    </p>
   </div>
   <div class='ocr_carea' id='block_1_93' title="bbox 2161 4574 3738 4652">
    <p class='ocr_par' dir='ltr' id='par_1_93' title="bbox 2161 4574 3738 4652">
     <span class='ocr_line' id='line_1_93' title="bbox 2161 4574 3738 4652; baseline 0.005 -24"><span class='ocrx_word' id='word_1_696' title='bbox 2161 4574 2512 4629; x_wconf 92' lang='lat' dir='ltr'><strong>mortalitatis</strong></span> <span class='ocrx_word' id='word_1_697' title='bbox 2562 4575 2952 4644; x_wconf 90' lang='lat' dir='ltr'><strong>reciperemus.</strong></span> <span class='ocrx_word' id='word_1_698' title='bbox 3007 4576 3201 4634; x_wconf 84' lang='lat' dir='ltr'><strong>Manus</strong></span> <span class='ocrx_word' id='word_1_699' title='bbox 3247 4581 3523 4652; x_wconf 88' lang='lat' dir='ltr'><strong>pedesque</strong></span> <span class='ocrx_word' id='word_1_700' title='bbox 3577 4583 3738 4637; x_wconf 89' lang='lat' dir='ltr'><strong>cunis</strong></span> 
     </span>
    </p>
   </div>
   <div class='ocr_carea' id='block_1_94' title="bbox 2162 4666 3737 4743">
    <p class='ocr_par' dir='ltr' id='par_1_94' title="bbox 2162 4666 3737 4743">
     <span class='ocr_line' id='line_1_94' title="bbox 2162 4666 3737 4743; baseline 0.006 -21"><span class='ocrx_word' id='word_1_701' title='bbox 2162 4666 2559 4736; x_wconf 89' lang='lat' dir='ltr'><strong>astringuntur,</strong></span> <span class='ocrx_word' id='word_1_702' title='bbox 2595 4676 2657 4721; x_wconf 94' lang='lat' dir='ltr'><strong>ut</strong></span> <span class='ocrx_word' id='word_1_703' title='bbox 2683 4676 2882 4724; x_wconf 68' lang='lat' dir='ltr'><strong>nostra:</strong></span> <span class='ocrx_word' id='word_1_704' title='bbox 2911 4684 3107 4725; x_wconf 90' lang='lat' dir='ltr'><strong>manus</strong></span> <span class='ocrx_word' id='word_1_705' title='bbox 3138 4671 3206 4724; x_wconf 90' lang='lat' dir='ltr'><strong>ad</strong></span> <span class='ocrx_word' id='word_1_706' title='bbox 3237 4671 3374 4728; x_wconf 88' lang='lat' dir='ltr'><strong>bene</strong></span> <span class='ocrx_word' id='word_1_707' title='bbox 3402 4680 3737 4743; x_wconf 72' lang='lat' dir='ltr'><strong>operandum</strong></span> 
     </span>
    </p>
   </div>
   <div class='ocr_carea' id='block_1_95' title="bbox 2163 4759 3739 4836">
    <p class='ocr_par' dir='ltr' id='par_1_95' title="bbox 2163 4759 3739 4836">
     <span class='ocr_line' id='line_1_95' title="bbox 2163 4759 3739 4836; baseline 0.005 -22"><span class='ocrx_word' id='word_1_708' title='bbox 2163 4759 2435 4830; x_wconf 87' lang='lat' dir='ltr'><strong>pedesque</strong></span> <span class='ocrx_word' id='word_1_709' title='bbox 2473 4759 2528 4814; x_wconf 89' lang='lat' dir='ltr'><strong>in</strong></span> <span class='ocrx_word' id='word_1_710' title='bbox 2553 4761 2698 4814; x_wconf 83' lang='lat' dir='ltr'><strong>viam</strong></span> <span class='ocrx_word' id='word_1_711' title='bbox 2722 4761 2872 4831; x_wconf 91' lang='lat' dir='ltr'><strong>pacis</strong></span> <span class='ocrx_word' id='word_1_712' title='bbox 2902 4761 3226 4833; x_wconf 88' lang='lat' dir='ltr'><strong>dirigantur.</strong></span> <span class='ocrx_word' id='word_1_713' title='bbox 3270 4763 3327 4818; x_wconf 82' lang='grc' dir='ltr'><strong>ιιι</strong></span> <span class='ocrx_word' id='word_1_714' title='bbox 3354 4772 3620 4836; x_wconf 63' lang='lat' dir='ltr'><strong>praesepio</strong></span> <span class='ocrx_word' id='word_1_715' title='bbox 3647 4782 3739 4822; x_wconf 86' lang='lat' dir='ltr'><strong>re-</strong></span> 
     </span>
    </p>
   </div>
   <div class='ocr_carea' id='block_1_96' title="bbox 2163 4853 3737 4926">
    <p class='ocr_par' dir='ltr' id='par_1_96' title="bbox 2163 4853 3737 4926">
     <span class='ocr_line' id='line_1_96' title="bbox 2163 4853 3737 4926; baseline 0.003 -18"><span class='ocrx_word' id='word_1_716' title='bbox 2163 4854 2398 4908; x_wconf 90' lang='lat' dir='ltr'><strong>clinatur</strong></span> <span class='ocrx_word' id='word_1_717' title='bbox 2423 4853 2688 4925; x_wconf 73' lang='lat' dir='ltr'><strong>utﬁdeles</strong></span> <span class='ocrx_word' id='word_1_718' title='bbox 2713 4867 2927 4919; x_wconf 89' lang='lat' dir='ltr'><strong>omnes,</strong></span> <span class='ocrx_word' id='word_1_719' title='bbox 2956 4865 3143 4912; x_wconf 90' lang='lat' dir='ltr'><strong>sancta</strong></span> <span class='ocrx_word' id='word_1_720' title='bbox 3179 4857 3428 4914; x_wconf 86' lang='lat' dir='ltr'><strong>videlicet</strong></span> <span class='ocrx_word' id='word_1_721' title='bbox 3456 4859 3737 4926; x_wconf 82' lang='lat' dir='ltr'><strong>animalia,</strong></span> 
     </span>
    </p>
   </div>
   <div class='ocr_carea' id='block_1_97' title="bbox 2167 4946 3741 5020">
    <p class='ocr_par' dir='ltr' id='par_1_97' title="bbox 2167 4946 3741 5020">
     <span class='ocr_line' id='line_1_97' title="bbox 2167 4946 3741 5020; baseline 0.001 -18"><span class='ocrx_word' id='word_1_722' title='bbox 2167 4947 2348 5002; x_wconf 87' lang='lat' dir='ltr'><strong>carnis</strong></span> <span class='ocrx_word' id='word_1_723' title='bbox 2380 4960 2493 5001; x_wconf 63' lang='lat' dir='ltr'><strong>suae</strong></span> <span class='ocrx_word' id='word_1_724' title='bbox 2521 4946 2797 5001; x_wconf 88' lang='lat' dir='ltr'><strong>frumento</strong></span> <span class='ocrx_word' id='word_1_725' title='bbox 2827 4947 3074 5001; x_wconf 89' lang='lat' dir='ltr'><strong>reﬁceret</strong></span> <span class='ocrx_word' id='word_1_726' title='bbox 3102 4947 3196 5016; x_wconf 91' lang='lat' dir='ltr'><strong>qui</strong></span> <span class='ocrx_word' id='word_1_727' title='bbox 3221 4948 3379 5016; x_wconf 89' lang='lat' dir='ltr'><strong>panis</strong></span> <span class='ocrx_word' id='word_1_728' title='bbox 3407 4958 3492 5005; x_wconf 89' lang='lat' dir='ltr'><strong>est</strong></span> <span class='ocrx_word' id='word_1_729' title='bbox 3519 4950 3741 5020; x_wconf 83' lang='lat' dir='ltr'><strong>angelo—</strong></span> 
     </span>
    </p>
   </div>
   <div class='ocr_carea' id='block_1_98' title="bbox 2167 5035 3735 5111">
    <p class='ocr_par' dir='ltr' id='par_1_98' title="bbox 2167 5035 3735 5111">
     <span class='ocr_line' id='line_1_98' title="bbox 2167 5035 3735 5111; baseline 0.002 -19"><span class='ocrx_word' id='word_1_730' title='bbox 2167 5053 2310 5092; x_wconf 90' lang='lat' dir='ltr'><strong>rum.</strong></span> <span class='ocrx_word' id='word_1_731' title='bbox 2343 5035 2402 5091; x_wconf 89' lang='lat' dir='ltr'><strong>ln</strong></span> <span class='ocrx_word' id='word_1_732' title='bbox 2429 5045 2661 5107; x_wconf 89' lang='lat' dir='ltr'><strong>angusto</strong></span> <span class='ocrx_word' id='word_1_733' title='bbox 2691 5037 2918 5106; x_wconf 63' lang='lat' dir='ltr'><strong>praesepi</strong></span> <span class='ocrx_word' id='word_1_734' title='bbox 2951 5040 3263 5093; x_wconf 88' lang='lat' dir='ltr'><strong>continetur</strong></span> <span class='ocrx_word' id='word_1_735' title='bbox 3291 5047 3352 5093; x_wconf 92' lang='lat' dir='ltr'><strong>ut</strong></span> <span class='ocrx_word' id='word_1_736' title='bbox 3373 5055 3476 5094; x_wconf 90' lang='lat' dir='ltr'><strong>nos</strong></span> <span class='ocrx_word' id='word_1_737' title='bbox 3501 5056 3595 5111; x_wconf 87' lang='lat' dir='ltr'><strong>per</strong></span> <span class='ocrx_word' id='word_1_738' title='bbox 3630 5055 3735 5095; x_wconf 79' lang='lat' dir='ltr'><strong>ca:-</strong></span> 
     </span>
    </p>
   </div>
   <div class='ocr_carea' id='block_1_99' title="bbox 2167 5127 3740 5202">
    <p class='ocr_par' dir='ltr' id='par_1_99' title="bbox 2167 5127 3740 5202">
     <span class='ocr_line' id='line_1_99' title="bbox 2167 5127 3740 5202; baseline 0.002 -19"><span class='ocrx_word' id='word_1_739' title='bbox 2167 5129 2322 5184; x_wconf 82' lang='lat' dir='ltr'><strong>lcstis</strong></span> <span class='ocrx_word' id='word_1_740' title='bbox 2351 5129 2504 5200; x_wconf 81' lang='lat' dir='ltr'><strong>regni</strong></span> <span class='ocrx_word' id='word_1_741' title='bbox 2539 5130 2734 5199; x_wconf 88' lang='lat' dir='ltr'><strong>gaudia</strong></span> <span class='ocrx_word' id='word_1_742' title='bbox 2767 5128 2976 5184; x_wconf 90' lang='lat' dir='ltr'><strong>dilatet.</strong></span> <span class='ocrx_word' id='word_1_743' title='bbox 3019 5127 3137 5184; x_wconf 85' lang='lat' dir='ltr'><strong>Non</strong></span> <span class='ocrx_word' id='word_1_744' title='bbox 3183 5130 3238 5184; x_wconf 92' lang='lat' dir='ltr'><strong>in</strong></span> <span class='ocrx_word' id='word_1_745' title='bbox 3265 5130 3430 5186; x_wconf 90' lang='lat' dir='ltr'><strong>domo</strong></span> <span class='ocrx_word' id='word_1_746' title='bbox 3454 5142 3740 5202; x_wconf 83' lang='lat' dir='ltr'><strong>parentum</strong></span> 
     </span>
    </p>
   </div>
   <div class='ocr_carea' id='block_1_100' title="bbox 2172 5217 3740 5290">
    <p class='ocr_par' dir='ltr' id='par_1_100' title="bbox 2172 5217 3740 5290">
     <span class='ocr_line' id='line_1_100' title="bbox 2172 5217 3740 5290; baseline 0 -16"><span class='ocrx_word' id='word_1_747' title='bbox 2172 5229 2333 5274; x_wconf 91' lang='lat' dir='ltr'><strong>natus</strong></span> <span class='ocrx_word' id='word_1_748' title='bbox 2364 5227 2450 5274; x_wconf 89' lang='lat' dir='ltr'><strong>est</strong></span> <span class='ocrx_word' id='word_1_749' title='bbox 2486 5217 2772 5286; x_wconf 89' lang='lat' dir='ltr'><strong>Dominus,</strong></span> <span class='ocrx_word' id='word_1_750' title='bbox 2798 5228 2859 5274; x_wconf 93' lang='lat' dir='ltr'><strong>ut</strong></span> <span class='ocrx_word' id='word_1_751' title='bbox 2896 5220 3206 5276; x_wconf 89' lang='lat' dir='ltr'><strong>ostenderet</strong></span> <span class='ocrx_word' id='word_1_752' title='bbox 3231 5220 3491 5290; x_wconf 71' lang='lat' dir='ltr'><strong>quia_pcr</strong></span> <span class='ocrx_word' id='word_1_753' title='bbox 3519 5222 3740 5276; x_wconf 85' lang='lat' dir='ltr'><strong>humili-</strong></span> 
     </span>
    </p>
   </div>
   <div class='ocr_carea' id='block_1_101' title="bbox 2169 5312 3741 5385">
    <p class='ocr_par' dir='ltr' id='par_1_101' title="bbox 2169 5312 3741 5385">
     <span class='ocr_line' id='line_1_101' title="bbox 2169 5312 3741 5385; baseline -0.001 -16"><span class='ocrx_word' id='word_1_754' title='bbox 2169 5323 2334 5369; x_wconf 90' lang='lat' dir='ltr'><strong>tatem</strong></span> <span class='ocrx_word' id='word_1_755' title='bbox 2376 5321 2710 5382; x_wconf 88' lang='lat' dir='ltr'><strong>assumptam</strong></span> <span class='ocrx_word' id='word_1_756' title='bbox 2738 5313 2896 5384; x_wconf 87' lang='lat' dir='ltr'><strong>quasi</strong></span> <span class='ocrx_word' id='word_1_757' title='bbox 2926 5312 2984 5368; x_wconf 91' lang='lat' dir='ltr'><strong>in</strong></span> <span class='ocrx_word' id='word_1_758' title='bbox 3023 5313 3204 5369; x_wconf 90' lang='lat' dir='ltr'><strong>alieno</strong></span> <span class='ocrx_word' id='word_1_759' title='bbox 3249 5325 3602 5385; x_wconf 82' lang='lat' dir='ltr'><strong>nascebatur,</strong></span> <span class='ocrx_word' id='word_1_760' title='bbox 3629 5328 3741 5368; x_wconf 91' lang='lat' dir='ltr'><strong>non</strong></span> 
     </span>
    </p>
   </div>
   <div class='ocr_carea' id='block_1_102' title="bbox 2172 5403 3742 5475">
    <p class='ocr_par' dir='ltr' id='par_1_102' title="bbox 2172 5403 3742 5475">
     <span class='ocr_line' id='line_1_102' title="bbox 2172 5403 3742 5475; baseline -0.003 -13"><span class='ocrx_word' id='word_1_761' title='bbox 2172 5403 2471 5464; x_wconf 87' lang='lat' dir='ltr'><strong>secundum</strong></span> <span class='ocrx_word' id='word_1_762' title='bbox 2498 5410 2842 5475; x_wconf 86' lang='lat' dir='ltr'><strong>potestatem,</strong></span> <span class='ocrx_word' id='word_1_763' title='bbox 2883 5403 2982 5458; x_wconf 89' lang='lat' dir='ltr'><strong>sed</strong></span> <span class='ocrx_word' id='word_1_764' title='bbox 3019 5403 3319 5459; x_wconf 87' lang='lat' dir='ltr'><strong>secundum</strong></span> <span class='ocrx_word' id='word_1_765' title='bbox 3354 5412 3606 5459; x_wconf 90' lang='lat' dir='ltr'><strong>naturam</strong></span> <span class='ocrx_word' id='word_1_766' title='bbox 3637 5403 3742 5460; x_wconf 84' lang='lat' dir='ltr'><strong>bu-</strong></span> 
     </span>
    </p>
   </div>
   <div class='ocr_carea' id='block_1_103' title="bbox 2173 5495 3744 5571">
    <p class='ocr_par' dir='ltr' id='par_1_103' title="bbox 2173 5495 3744 5571">
     <span class='ocr_line' id='line_1_103' title="bbox 2173 5495 3744 5571; baseline 0 -19"><span class='ocrx_word' id='word_1_767' title='bbox 2173 5497 2472 5554; x_wconf 89' lang='lat' dir='ltr'><strong>Inanitatis.</strong></span> <span class='ocrx_word' id='word_1_768' title='bbox 2517 5495 2652 5552; x_wconf 86' lang='lat' dir='ltr'><strong>Nam</strong></span> <span class='ocrx_word' id='word_1_769' title='bbox 2695 5496 2764 5552; x_wconf 87' lang='lat' dir='ltr'><strong>de</strong></span> <span class='ocrx_word' id='word_1_770' title='bbox 2806 5505 3074 5568; x_wconf 82' lang='lat' dir='ltr'><strong>potestate</strong></span> <span class='ocrx_word' id='word_1_771' title='bbox 3108 5498 3229 5570; x_wconf 88' lang='lat' dir='ltr'><strong>ejus</strong></span> <span class='ocrx_word' id='word_1_772' title='bbox 3263 5500 3527 5571; x_wconf 86' lang='lat' dir='ltr'><strong>scriptum</strong></span> <span class='ocrx_word' id='word_1_773' title='bbox 3568 5505 3652 5555; x_wconf 90' lang='lat' dir='ltr'><strong>est</strong></span> <span class='ocrx_word' id='word_1_774' title='bbox 3684 5497 3744 5552; x_wconf 85' lang='lat' dir='ltr'><strong>in</strong></span> 
     </span>
    </p>
   </div>
   <div class='ocr_carea' id='block_1_104' title="bbox 2177 5587 3738 5662">
    <p class='ocr_par' dir='ltr' id='par_1_104' title="bbox 2177 5587 3738 5662">
     <span class='ocr_line' id='line_1_104' title="bbox 2177 5587 3738 5662; baseline -0.001 -18"><span class='ocrx_word' id='word_1_775' title='bbox 2177 5590 2437 5660; x_wconf 88' lang='lat' dir='ltr'><strong>propheta</strong></span> <span class='ocrx_word' id='word_1_776' title='bbox 2464 5603 2479 5644; x_wconf 89' lang='lat'><strong>:</strong></span> <span class='ocrx_word' id='word_1_777' title='bbox 2513 5606 2534 5640; x_wconf 69' lang='grc' dir='ltr'><em>α</em></span> <span class='ocrx_word' id='word_1_778' title='bbox 2569 5589 2636 5645; x_wconf 84' lang='grc' dir='ltr'><strong>Ει</strong></span> <span class='ocrx_word' id='word_1_779' title='bbox 2670 5589 2798 5662; x_wconf 88' lang='lat' dir='ltr'><strong>quia</strong></span> <span class='ocrx_word' id='word_1_780' title='bbox 2821 5589 3004 5646; x_wconf 89' lang='lat' dir='ltr'><strong>omnis</strong></span> <span class='ocrx_word' id='word_1_781' title='bbox 3027 5605 3158 5647; x_wconf 91' lang='lat' dir='ltr'><strong>caro</strong></span> <span class='ocrx_word' id='word_1_782' title='bbox 3185 5587 3369 5646; x_wconf 86' lang='lat' dir='ltr'><strong>fenum</strong></span> <span class='ocrx_word' id='word_1_783' title='bbox 3399 5589 3538 5662; x_wconf 71' lang='grc' dir='ltr'><strong>(Ιεα.</strong></span> <span class='ocrx_word' id='word_1_784' title='bbox 3570 5589 3682 5657; x_wconf 75' lang='grc' dir='ltr'><strong>ιι),</strong></span> <span class='ocrx_word' id='word_1_785' title='bbox 3715 5605 3738 5642; x_wconf 80' lang='lat' dir='ltr'><strong>I</strong></span> 
     </span>
    </p>
   </div>
   <div class='ocr_carea' id='block_1_105' title="bbox 2181 5678 3744 5739">
    <p class='ocr_par' dir='ltr' id='par_1_105' title="bbox 2181 5678 3744 5739">
     <span class='ocr_line' id='line_1_105' title="bbox 2181 5678 3744 5739; baseline 0.001 -6"><span class='ocrx_word' id='word_1_786' title='bbox 2181 5680 2356 5736; x_wconf 81' lang='lat' dir='ltr'><strong>factus</strong></span> <span class='ocrx_word' id='word_1_787' title='bbox 2395 5681 2556 5736; x_wconf 90' lang='lat' dir='ltr'><strong>homo</strong></span> <span class='ocrx_word' id='word_1_788' title='bbox 2602 5679 2765 5737; x_wconf 87' lang='lat' dir='ltr'><strong>Deus.</strong></span> <span class='ocrx_word' id='word_1_789' title='bbox 2822 5678 3031 5738; x_wconf 87' lang='lat' dir='ltr'><strong>Fenum</strong></span> <span class='ocrx_word' id='word_1_790' title='bbox 3071 5691 3321 5738; x_wconf 83' lang='lat' dir='ltr'><strong>nostrum</strong></span> <span class='ocrx_word' id='word_1_791' title='bbox 3349 5683 3514 5739; x_wconf 80' lang='lat' dir='ltr'><strong>venit</strong></span> <span class='ocrx_word' id='word_1_792' title='bbox 3540 5683 3595 5737; x_wconf 88' lang='lat' dir='ltr'><strong>in</strong></span> <span class='ocrx_word' id='word_1_793' title='bbox 3627 5680 3744 5736; x_wconf 57' lang='lat' dir='ltr'><strong>frob</strong></span> 
     </span>
    </p>
   </div>
  </div>
