4032 6396
260 379 378 434 οἹΠ

273 585 445 642 menti
473 584 677 642 cadens
705 581 758 636 in
792 591 992 637 terram
1039 593 1316 637 mortuum
1355 581 1519 638 fuerit
1554 583 1732 652 ipsum
1765 599 1858 638 so-

271 677 389 732 lum
417 683 602 730 manet
629 672 811 744 (Joan.
841 673 964 742 xu).
1000 691 1018 726 ι
1052 670 1206 727 Unde
1228 682 1282 727 et
1321 684 1485 727 natus
1511 672 1562 726 in
1597 672 1863 742 prmsepio

270 769 592 825 reclinatur.
645 765 948 821 Reclinavit
982 782 1212 836 puerum
1263 775 1458 821 mater.
1511 762 1710 834 Joseph
1765 780 1865 818 au-

274 869 384 917 tem
454 875 562 916 non
606 859 840 914 audebat
886 859 1152 928 attingere
1195 873 1358 929 quem
1404 857 1613 912 sciebat
1677 857 1744 911 dc
1805 871 1864 912 se

275 969 386 1011 non
430 969 552 1008 esse
582 963 922 1023 generatum.
954 951 1280 1021 Quicunque
1315 967 1376 1006 es
1419 967 1648 1022 pauper,
1678 949 1864 1020 accipe

276 1047 730 1102 consolationem.
762 1044 961 1116 Joseph
1007 1055 1062 1100 et
1090 1045 1256 1100 Maria
1289 1053 1463 1098 mater
1497 1042 1714 1096 Domini
1755 1058 1864 1098 non

279 1142 481 1196 habent
535 1142 836 1208 servulum,
884 1157 992 1196 non
1042 1141 1317 1207 ancillam,
1370 1155 1482 1194 non
1523 1139 1863 1208 jumentum;

280 1231 383 1302 ipsi
411 1240 542 1288 sunt
561 1231 768 1287 domini
793 1241 848 1286 et
875 1231 1086 1285 famuli.
1125 1229 1244 1285 Non
1275 1231 1438 1286 audet
1469 1239 1763 1300 paupertas
1793 1228 1864 1282 ti-

281 1325 427 1379 mida
453 1326 596 1380 inter
620 1325 816 1380 divites
844 1324 1123 1380 accedere.
1154 1323 1212 1378 In
1242 1324 1606 1379 diversorium
1640 1322 1866 1388 vadunt,

280 1417 526 1472 nascitur
558 1417 611 1470 in
659 1418 875 1472 stabulo
923 1417 1017 1486 qui
1053 1417 1120 1471 de
1166 1425 1408 1472 stercore
1450 1415 1666 1486 inopem
1705 1413 1864 1469 levat.

281 1509 340 1566 ln
368 1519 612 1566 stercore
642 1509 745 1564 Job
767 1510 989 1564 sedebat
1011 1518 1064 1563 et
1099 1519 1288 1579 postea
1316 1518 1611 1564 coronatus
1633 1517 1736 1572 est,
1760 1515 1864 1561 etc.

358 1621 376 1653 ‹
411 1601 477 1656 Et
519 1611 770 1672 pastores
811 1603 1054 1657 erantin
1094 1603 1318 1674 regione
1352 1602 1540 1657 eadem
1584 1600 1870 1670 vigilantes

282 1705 339 1751 et
363 1697 732 1752 custodientes
774 1697 988 1766 vigilias
1015 1697 1194 1751 noctis
1225 1711 1391 1766 super
1433 1709 1650 1766 gregem
1683 1709 1866 1748 suum.

282 1787 350 1842 Et
375 1803 501 1843 ecce
533 1789 760 1858 angelus
799 1786 1012 1842 Domini
1039 1788 1188 1842 stetit
1210 1789 1366 1857 juxta
1395 1786 1539 1850 illos,
1568 1795 1622 1840 et
1647 1786 1870 1840 claritas

1193 373 1768 432 DEFLORATIONES
1810 375 1910 430 SS.
1957 371 2271 430 PATRUM.
2317 401 2384 410 -—-
2423 369 2551 425 LIB.
2596 370 2614 422 ι

270 503 516 552 mentum
543 492 638 563 qui
673 492 742 548 de
786 492 1079 561 semetipso
1121 491 1195 546 ait
1222 508 1233 543 :
1268 511 1285 542 ι
1321 489 1436 546 Nisi
1484 508 1715 563 granum
1748 491 1862 546 fru-
1890 497 1937 554 Α
1965 489 2205 554 coruus.)
2236 487 2507 554 Quoniam
2534 486 2811 558 peccando
2841 487 3086 543 extranei
3114 503 3354 559 eramus,
3379 491 3412 547 a
3435 491 3547 551 Deo
3590 532 3598 538 -
3667 526 3674 536 -

3449 361 3550 424 7ἷ8

1964 593 2255 637 extraneos
2279 595 2380 635 nos
2409 580 2586 651 angeli
2609 580 2964 651 deputabant.
2993 579 3098 638 Sed
3119 583 3249 653 quia
3281 599 3547 653 recogno—

1962 674 2144 730 vimus
2192 689 2372 744 regem
2428 682 2702 742 nostrum,
2740 687 3175 747 recognovernnt
3221 693 3324 734 nos
3368 681 3548 751 angeli

1966 766 2111 822 cives
2166 781 2316 822 suos.
2364 765 2430 820 Et
2479 767 2633 822 timet
2681 767 2907 840 angelus
2955 769 3024 823 ab
3064 770 3304 826 humana
3351 781 3550 828 natura

1965 858 2185 914 adorari
2217 875 2382 930 quam
2415 859 2468 914 in
2501 874 2603 915 suo
2646 875 2773 931 rege
2813 861 3126 916 considerat
3161 880 3174 916 :
3207 863 3336 918 hinc
3366 861 3467 918 Lot
3496 873 3551 918 et

1964 947 2132 1006 Josue
2174 967 2279 1005 non
2309 953 2571 1022 prohibiti
2605 961 2734 1008 sunt
2763 953 2994 1008 adorare
3030 954 3275 1025 angelos.
3307 954 3548 1011 Joannes

1964 1057 2095 1098 vero
2140 1043 2193 1096 in
2229 1041 2558 1115 Apocalypsi
2591 1045 2900 1115 prohibitus
2949 1058 3052 1102 est.
3107 1067 3126 1100 ι
3163 1047 3316 1116 Vide,
3349 1051 3548 1122 inquit,

1967 1150 2036 1189 ne
2065 1133 2282 1203 feceris,
2307 1151 2607 1192 conservus
2633 1136 2777 1192 enim
2806 1147 2934 1193 tuus
2960 1155 3079 1194 sum
3100 1149 3155 1196 et
3172 1140 3403 1198 fratrum
3431 1154 3552 1200 tuo-

1968 1242 2090 1280 rum
2126 1226 2312 1298 (Apoc.
2347 1231 2508 1299 xxn).
2543 1248 2561 1280 ι
2599 1228 2665 1283 Et
2707 1228 2912 1285 factum
2956 1239 3041 1286 est
3081 1241 3141 1286 ut
3181 1233 3555 1292 discesserunt

1967 1319 2036 1372 ab
2055 1319 2135 1374 eis
2159 1320 2332 1390 angeli
2369 1320 2422 1375 in
2462 1322 2683 1376 cmlum.

2397 1409 2563 1465 ITEM
2612 1411 2679 1466 IN
2719 1411 2952 1468 EODEM
2993 1414 3126 1470 DIE.

2047 1525 2068 1558 ‹
2099 1504 2358 1563 Pastores
2385 1508 2752 1579 loquebantur
2778 1512 2847 1566 ad
2881 1511 3150 1566 invicem:
3185 1510 3558 1570 Transeamus

1968 1613 2146 1669 usque
2191 1599 2530 1668 Bethlehem,
2573 1610 2628 1656 et
2665 1603 2949 1660 videamus
2989 1605 3094 1660 hoc
3142 1607 3366 1661 verbum
3410 1607 3560 1678 quod

1973 1687 2175 1744 factum
2220 1700 2325 1758 est,
2364 1693 2510 1762 quod
2556 1691 2684 1748 fecit
2716 1692 2982 1750 Dominus
3021 1703 3076 1749 et
3122 1696 3363 1752 ostendit
3399 1697 3560 1752 nobis

1975 1780 2130 1850 (Luc.
2177 1783 2238 1852 ι).
2283 1801 2302 1834 ι
2355 1781 2474 1838 Νοη
2519 1783 2775 1840 dixerunt
2823 1786 3108 1842 videamus
3155 1804 3408 1858 puerum,
3465 1791 3561 1846 sed

281 1877 378 1934 Dei
407 1879 774 1934 circumfulsit
803 1877 944 1934 illos.
978 1905 997 1931 ι
1033 1876 1174 1932 Nato
1201 1878 1434 1932 Domino
1461 1886 1708 1948 pastores
1733 1875 1870 1947 vigi-
1902 1861 1944 1918 Β
1974 1869 2214 1926 Verbum
2242 1891 2256 1940 ;
2301 1890 2365 1928 ac
2397 1875 2442 1930 si
2467 1876 2710 1930 dicerent
2746 1895 2759 1931 :
2791 1876 3029 1932 Verbum
3057 1889 3170 1934 erat
3207 1880 3260 1934 in
3289 1880 3560 1952 principio

281 1969 432 2037 lant,
475 1986 803 2041 gregemque
855 1987 1015 2026 suum
1076 1971 1392 2025 custodiunt
1445 1979 1505 2025 ut
1552 1969 1870 2024 ostendamr

282 2067 480 2120 adesse
518 2072 731 2132 tempus
775 2064 920 2133 quod
951 2065 1068 2133 ipse
1101 2063 1231 2118 olim
1272 2063 1604 2134 promiserat
1632 2064 1820 2118 dicens
1854 2082 1866 2119 :

288 2175 309 2208 e
349 2156 487 2212 Ecce
511 2173 610 2227 ego
635 2158 748 2227 ipse
780 2155 1052 2227 requiram
1085 2171 1215 2210 oves
1242 2171 1412 2220 meas,
1441 2164 1494 2210 et
1521 2155 1752 2209 visitabo
1777 2170 1871 2212 eas

283 2247 429 2303 sicut
458 2248 646 2302 visitat
689 2255 876 2317 pastor
901 2262 1119 2318 gregem
1153 2261 1313 2300 suum
1347 2244 1564 2316 (Ezcclt.
1600 2245 1866 2315 xxxrv).qr

285 2338 387 2394 Per
411 2355 626 2410 gregem
661 2339 913 2410 populus,
944 2355 1038 2409 per
1069 2347 1284 2394 noctem
1331 2337 1615 2404 saeculum,
1651 2353 1749 2408 per
1778 2353 1874 2408 pa-

287 2442 466 2489 stores
508 2433 888 2502 signiﬁcantur
936 2431 1250 2488 sacerdotes
1286 2430 1581 2486 animabus
1625 2430 1875 2502 pervigili

287 2541 418 2582 cura
466 2526 759 2597 provisuri.
806 2525 1046 2598 Angelus
1085 2541 1209 2580 cum
1252 2533 1403 2579 tanto
1445 2523 1654 2578 lumine
1705 2509 1874 2594 appa4

288 2634 438 2682 rens,
469 2618 614 2688 quod
640 2617 694 2671 in
728 2626 838 2672 tota
870 2616 1205 2672 Testamenti
1235 2613 1448 2670 Veteris
1475 2615 1616 2672 serie
1637 2631 1746 2671 non
1787 2616 1874 2670 in-

291 2713 532 2778 venitur,
563 2712 788 2782 mystice
819 2711 1144 2782 praemonuit
1175 2710 1322 2782 quod
1348 2711 1645 2782 Apostolus
1689 2719 1878 2782 postea

290 2813 478 2874 aperte
519 2803 694 2857 dixit:
747 2821 766 2853 ι
810 2800 925 2856 Nox
970 2803 1270 2872 prmeessit,
1298 2801 1414 2859 dies
1451 2812 1633 2858 autem
1682 2817 1884 2874 appro-

291 2895 578 2967 pinquabit
603 2893 776 2965 (Rom.
807 2894 948 2964 xm).
985 2915 1002 2946 ι

366 3007 386 3040 ι
420 2986 486 3041 Et
517 2987 816 3043 timuerunt
844 2989 1039 3043 timore
1075 3004 1290 3059 magno.
1312 2987 1380 3043 Et
1407 2989 1545 3044 dixit
1575 2989 1684 3044 illis
1715 3003 1881 3060 ange-

288 3080 377 3137 lus
409 3079 623 3137 :Nolite
686 3083 900 3137 timere.
965 3081 1104 3138 Ecce
1153 3083 1300 3137 enim
1356 3083 1672 3154 cvangelizo
1724 3083 1880 3137 vobis

290 3175 550 3247 gaudium
589 3192 870 3248 magnum,
899 3177 1046 3247 quod
1076 3177 1182 3231 erit
1203 3177 1353 3232 omni
1381 3179 1604 3248 populo,
1628 3176 1756 3247 quia
1787 3191 1881 3230 na-

291 3277 380 3324 tus
411 3278 497 3324 est
533 3269 688 3324 vobis
720 3270 878 3324 hodie
912 3269 1184 3334 Salvator,
1228 3271 1323 3342 qui
1355 3279 1440 3326 est
1482 3270 1737 3325 Christus
1767 3267 1876 3323 Do-

293 3365 504 3434 minus,
529 3365 581 3419 in
605 3365 824 3420 civitate
858 3363 1078 3420 David.)
1111 3363 1272 3420 Omni
1295 3365 1497 3435 populo
1527 3364 1786 3430 ﬁdelium,
1811 3363 1879 3418 de

290 3453 504 3509 cunctis
541 3453 950 3508 diversitatibus
991 3455 1237 3526 gentium
1275 3455 1680 3526 congreganda,
1723 3464 1880 3510 teter-

293 3561 425 3601 num
461 3547 718 3616 gaudium
764 3547 1066 3600 nuntiatur.
1119 3545 1256 3602 Cum
1300 3563 1408 3602 nox
1451 3557 1616 3612 esset,
1648 3563 1758 3601 non
1805 3547 1882 3601 ait

291 3637 543 3710 angelus,
575 3637 678 3692 hac
708 3647 888 3702 noete,
935 3637 1029 3691 sed
1067 3638 1249 3702 hodie,
1281 3639 1410 3708 quia
1440 3653 1698 3708 magnum
1743 3653 1879 3709 gau-

293 3727 446 3784 dium
477 3729 791 3794 nuntiabat;
831 3730 920 3782 ubi
967 3738 1148 3784 autem
1188 3730 1364 3785 tristia
1413 3739 1676 3801 geruntur
1708 3731 1882 3786 noctis

291 3821 504 3878 mentio
543 3820 680 3874 solet
723 3819 862 3888 ﬁeri,
896 3830 956 3874 ut
995 3821 1068 3874 ibi
1101 3839 1116 3876 :
1165 3840 1184 3873 ‹
1216 3821 1535 3877 scandalum
1579 3821 1684 3874 hac
1727 3831 1884 3876 nocte

292 3911 580 3986 patiemini
633 3910 854 3980 (Matth.
901 3914 1074 3983 xxvi).
1109 3932 1127 3964 ι
1173 3942 1246 3952 -
1291 3931 1308 3964 ι
1344 3910 1411 3966 Ει
1456 3912 1562 3966 hoc
1614 3913 1768 3967 vobis
1809 3913 1886 3968 si-

295 4021 462 4076 gnum
495 4023 508 4061 :
539 3999 831 4058 Invenietis
860 4003 1122 4060 infantem
1146 4005 1342 4076 pannis
1367 4005 1668 4060 involutum
1710 4015 1763 4061 et
1788 4022 1887 4076 po-

296 4098 461 4152 situm
495 4097 549 4151 in
586 4098 875 4168 prtesepio.
910 4117 928 4149 ι
969 4097 1196 4168 Signum
1247 4098 1441 4153 salutis
1483 4107 1568 4153 est
1615 4098 1885 4165 ﬁdelibus,

296 4191 580 4248 hunilitas
606 4189 930 4259 Salvatoris,
961 4207 1083 4262 quae
1109 4201 1196 4247 est
1221 4192 1466 4263 opposita
1499 4192 1768 4264 superbiae
1791 4209 1889 4265 per

295 4295 463 4353 quam
493 4298 665 4338 mors.

374 4395 394 4425 ς
425 4373 493 4429 Et
522 4376 702 4430 subito
736 4375 876 4431 facta
916 4385 1002 4431 est
1030 4393 1156 4432 cum
1202 4376 1395 4448 angelo
1425 4377 1720 4432 multitudo
1745 4377 1890 4432 mili-

299 4467 393 4524 tia:
417 4467 658 4524 celestis
688 4468 1032 4524 laudantium
1063 4468 1233 4524 Deum
1257 4480 1310 4525 et
1329 4471 1627 4526 dicentium
1656 4489 1669 4526 :
1705 4470 1889 4526 Gloria

299 4562 352 4616 ir
388 4561 674 4616 altissimis
704 4561 835 4628 Deo,
880 4561 1015 4615 etin
1056 4569 1200 4616 terra
1241 4577 1345 4631 pax
1389 4561 1706 4617 hominibus
1736 4563 1892 4617 home
1925 4578 1969 4633 ι)

299 4655 620 4709 voluntatis.
657 4672 676 4706 ›
723 4651 846 4709 Uno
885 4655 1295 4723 cvangelizante
1345 4653 1558 4725 angelo,
1591 4655 1884 4709 multitudo

302 4749 356 4803 in
403 4763 704 4804 consonam
750 4747 965 4802 laudem
1015 4747 1340 4817 prorumpit,
1391 4755 1444 4800 et
1493 4746 1729 4802 ollicinm
1776 4745 1886 4802 Deo

301 4840 625 4912 impendens
673 4848 729 4894 et
775 4854 878 4894 nos
922 4839 1235 4906 instituens,
1284 4847 1344 4894 ut
1395 4840 1614 4910 quoties
1671 4854 1887 4895 sacram

300 4933 668 4990 eruditionem
718 4949 783 4988 ex
838 4932 1026 4988 fratris
1073 4948 1169 4988 ore
1219 4933 1496 5001 audimus,
1542 4931 1653 4987 Deo
1699 4929 1890 4987 laudes

301 5026 490 5092 corde,
521 5042 616 5082 ore
656 5035 712 5081 et
751 5042 914 5096 Opere
956 5026 1269 5081 reddamus.
1307 5023 1462 5080 Unde
1493 5026 1699 5080 militiae
1727 5025 1892 5080 cmic-

303 5122 406 5177 stis
436 5121 642 5176 dictum
671 5109 776 5176 est
804 5120 933 5190 quia
961 5119 1053 5188 (illi
1080 5119 1407 5188 militabant,
1435 5119 1528 5190 qui
1555 5127 1745 5174 contra
1776 5134 1894 5172 ma—

303 5212 488 5284 Iignos
522 5213 751 5284 spiritus
797 5213 863 5267 ad
900 5212 1126 5266 tutelam
1174 5221 1417 5268 nostram
1448 5212 1769 5283 angelorum
1799 5227 1893 5266 or-

305 5303 530 5361 dinabat
578 5304 869 5360 exercitus.
928 5302 1065 5371 Quia
1111 5318 1244 5358 vero
1298 5302 1441 5357 Deus
1493 5311 1548 5357 et
1583 5303 1748 5357 homo
1797 5317 1900 5356 na-

308 5407 400 5453 tus
445 5406 549 5466 est,
591 5398 909 5452 hominibus
961 5413 1104 5466 pax,
1147 5406 1200 5452 et
1243 5395 1354 5451 Deo
1410 5395 1579 5468 gloria
1638 5395 1896 5460 canitur,

306 5487 403 5558 qui
434 5488 504 5542 ab
537 5488 745 5559 angelis
788 5503 890 5558 pro
931 5496 1118 5544 nostra
1143 5487 1514 5558 redemptione
1539 5487 1896 5558 gloriﬁcatur.

305 5579 376 5638 Et
401 5580 532 5650 quia
559 5595 736 5650 neque
762 5579 959 5647 Judaei,
992 5594 1172 5652 neque
1192 5579 1420 5650 gentiles
1450 5594 1638 5649 pacem
1666 5579 1898 5646 habent;

310 5695 332 5730 ε
353 5688 467 5735 non
488 5681 569 5733 est
587 5673 731 5728 enim
753 5688 855 5744 pax
879 5673 1079 5744 impiis,
1101 5673 1232 5729 dicit
1253 5671 1518 5730 Dominus
1537 5671 1674 5742 (Isa.
1691 5672 1855 5743 LVII);
1877 5690 1896 5724 ι

304 5769 430 5836 ideo
452 5767 818 5827 determinate
833 5767 1062 5834 dicitur,
1096 5786 1114 5818 ‹
1145 5761 1634 5828 hominibusbonte
1649 5767 1902 5822 volunta-

305 5864 401 5929 tis,
429 5883 448 5918 ο
477 5865 573 5936 qui
597 5867 805 5920 scilicet
846 5871 1034 5918 natum
1073 5860 1352 5916 Christum
1383 5859 1708 5929 suscipiunt.
1737 5857 1903 5929 (Ges-

630 5962 904 6023 PATBOL.
953 5957 1086 6020 CLV
1109 5954 1186 6016 II.

1973 1971 2025 2016 et
2057 1961 2260 2018 factum
2293 1974 2377 2020 est
2403 1981 2530 2020 caro
2563 1965 2744 2038 (Joan.
2787 1967 2850 2039 ι).
2883 1970 3038 2034 Quod
3069 1969 3357 2038 Dominus,
3391 1971 3446 2026 id
3477 1982 3564 2028 est

1973 2052 2154 2122 Pater,
2185 2065 2238 2110 et
2269 2056 2449 2127 ipsum
2485 2055 2746 2126 Verbum,
2793 2071 2848 2116 et
2880 2061 3117 2131 Spiritus
3155 2074 3380 2121 sanctus
3411 2064 3561 2134 fecit,

1975 2149 2029 2204 id
2061 2159 2147 2204 cst
2174 2150 2452 2206 incarnari
2494 2154 2798 2221 constituit,
2838 2163 2893 2211 et
2938 2157 3019 2212 sic
3061 2155 3264 2214 factum
3301 2161 3563 2229 ostendit,

1975 2242 2123 2312 quod
2152 2242 2205 2296 in
2238 2242 2440 2300 deitate
2469 2245 2640 2300 videri
2672 2263 2779 2302 non
2817 2251 3068 2320 poterat?

2053 2351 2071 2383 ι
2108 2331 2172 2388 Et
2210 2345 2476 2390 venerunt
2514 2336 2852 2408 festinantes,
2876 2351 2931 2396 et
2962 2342 3286 2401 invenerunt
3311 2345 3564 2415 Mariam,

1975 2432 2028 2477 et
2056 2421 2278 2496 Joseph,
2308 2436 2362 2482 et
2387 2427 2650 2484 infantem
2675 2432 2914 2501 positum
2946 2434 3001 2490 in
3043 2439 3326 2509 praesepio.
3367 2438 3570 2496 Viden-

1978 2524 2060 2571 tes
2090 2528 2270 2573 autem
2302 2533 2676 2590 cognoverunt
2703 2524 2770 2580 de
2801 2527 2968 2582 verbo
3009 2530 3158 2599 quod
3199 2532 3408 2588 dictum
3450 2543 3571 2592 erat

1980 2609 2087 2664 illis
2118 2611 2184 2666 de
2218 2628 2392 2683 puero
2420 2613 2543 2670 hoc.
2585 2635 2604 2668 ι
2645 2615 2904 2674 Nonnulli
2931 2632 3237 2692 quatrentes
3261 2623 3567 2695 Christum,

1980 2719 2090 2759 non
2139 2705 2445 2777 inveniunt,
2492 2711 2620 2781 quia
2671 2713 2940 2770 desidiose
2984 2729 3259 2786 quarunt.
3314 2719 3572 2780 Pastores

1981 2807 2162 2853 autem
2195 2801 2542 2872 invenerunt,
2583 2806 2711 2876 quia
2760 2807 2866 2864 ﬁde
2890 2825 2998 2864 non
3029 2811 3152 2867 ﬁcta
3182 2825 3568 2872 cucurrerunt.

1984 2889 2075 2946 Sic
2103 2891 2360 2949 Ecclesia:
2390 2905 2658 2966 pastores,
2701 2899 2811 2956 imo
2842 2903 3070 2972 quilibet
3105 2903 3313 2974 ﬁdeles,
3361 2908 3575 2964 cmlesti

1982 2983 2230 3040 doctrina
2261 2987 2459 3055 allecti,
2503 2991 2660 3060 quasi
2691 3002 2878 3062 portas
2901 2994 3213 3052 Bethlebem
3250 2999 3572 3068 subeuntes,

1984 3077 2264 3145 reperiunt
2291 3076 2592 3135 Ecclesiam
2633 3082 2972 3141 Catholicam
3004 3090 3164 3160 quasi
3208 3088 3458 3156 Mariam,
3519 3101 3576 3149 ct

1985 3179 2188 3224 coetum
2217 3171 2505 3228 doctorum
2533 3176 2693 3245 quasi
2721 3175 2947 3249 Ioseph,
2973 3189 3138 3251 atque
3175 3182 3434 3238 humilem
3463 3173 3578 3240 Me-

1981 3263 2208 3320 diatoris
2233 3266 2526 3322 adventum
2555 3267 2852 3340 Scriptura:
2873 3273 3084 3344 paginis
3105 3275 3390 3344 insertum,
3416 3278 3576 3349 quasi

1980 3357 2034 3411 in
2063 3358 2348 3428 praesepio.
2372 3356 2631 3416 Videntes
2660 3377 2888 3430 puerum
2917 3376 3292 3435 cognoverunt
3312 3369 3379 3423 de
3408 3370 3573 3423 verbs

1980 3449 2124 3520 quod
2151 3450 2355 3505 dictum
2387 3459 2525 3519 erat,
2569 3461 2623 3507 et
2662 3469 2765 3510 nos
2803 3469 2898 3524 per
2943 3455 3103 3512 ﬁdem
3155 3456 3574 3528 Incarnationis,

1981 3541 2266 3598 veniemus
2291 3541 2359 3597 ad
2390 3544 2619 3615 gloriam
2650 3544 2812 3602 Verbi
2843 3549 3230 3604 contuendam.
3265 3548 3576 3608 Notandum

1983 3633 2111 3702 quia
2152 3633 2283 3704 ipsa:
2336 3650 2425 3690 res
2467 3636 2741 3692 interdum
2779 3637 2958 3710 dignae
3001 3640 3152 3695 dictu
3197 3651 3361 3714 atque
3402 3645 3578 3701 relatu

1983 3725 2150 3780 verba
2180 3734 2468 3782 vocantur.
2496 3726 2651 3783 Unde
2677 3728 2730 3782 in
2762 3727 2902 3785 Isaia
2929 3749 2942 3786 ε
2979 3751 2997 3783 ‹
3025 3730 3146 3788 Non
3190 3732 3294 3790 fuit
3325 3735 3578 3804 verbum,

1986 3817 2040 3872 id
2064 3827 2148 3873 est
2173 3834 2261 3874 res
2289 3819 2451 3890 digna
2483 3821 2724 3887 nomine,
2765 3823 2910 3892 quod
2949 3841 3056 3879 non
3098 3828 3407 3884 ostenderet
3443 3827 3582 3884 Eze-

1987 3909 2146 3982 c_hias
2181 3910 2453 3966 Chaldaeis
2481 3910 2618 3983 (lsa.
2649 3914 2862 3982 χχιιι).
2899 3935 2918 3967 ›
2963 3915 3226 3974 Similiter
3261 3921 3454 3976 dicunt
3488 3923 3582 3978 hic

1987 4009 2237 4071 pastores
2263 4019 2276 4056 :
2305 3999 2599 4058 Videamus
2624 4005 2730 4059 hoc
2767 4003 3005 4061 Verbum
3045 4011 3193 4078 quod
3239 4011 3444 4066 factum
3472 4023 3580 4081 est,

1990 4092 2044 4148 id
2071 4103 2156 4149 est
2196 4093 2357 4151 istam
2395 4111 2509 4150 rem
2553 4095 2720 4150 verbo
2765 4099 3097 4155 narrationis
3139 4101 3382 4172 dignam,
3415 4119 3581 4174 quam

1992 4184 2123 4240 fecit
2152 4186 2267 4256 ipse
2289 4186 2554 4243 Dominus
2577 4187 3116 4260 excellentissimam,
3165 4203 3220 4249 et
3253 4194 3585 4266 significavit

1990 4278 2152 4334 nobis
2177 4294 2273 4349 per
2301 4279 2546 4350 angelos.
2578 4278 2682 4334 Ubi
2723 4295 2853 4336 vero
2895 4281 3131 4340 dicitur:
3161 4305 3181 4339 ‹
3209 4299 3586 4358 cognoverunt

1993 4372 2061 4428 de
2112 4373 2277 4429 verbo
2305 4374 2452 4444 quod
2490 4375 2698 4431 dictum
2741 4384 2879 4443 erat,
2911 4393 2929 4429 ι
2984 4379 3170 4450 accipe
3213 4382 3440 4438 verbum
3481 4398 3584 4453 pro

1993 4463 2290 4520 locutione.

2073 4579 2090 4612 ε
2125 4557 2192 4614 Et
2217 4574 2410 4615 omnes
2435 4560 2529 4630 qui
2556 4561 2842 4617 audierant
2871 4561 3052 4619 mirati
3077 4573 3208 4621 sunt
3244 4566 3313 4622 de
3343 4567 3429 4623 his
3461 4583 3585 4639 quae

1986 4653 2128 4710 dicta
2155 4661 2314 4709 erant
2341 4668 2371 4707 a
2397 4655 2708 4724 pastoribus
2738 4657 2805 4712 ad
2835 4657 3006 4727 ipsos.
3042 4678 3060 4712 ι
3111 4659 3378 4716 Mirantur
3421 4672 3476 4718 et
3515 4661 3585 4720 de

1987 4746 2249 4820 mysterio
2280 4744 2678 4803 Incarnationis
2697 4789 2713 4814 ,
2745 4759 2799 4805 et
2827 4751 2895 4805 de
2921 4759 3200 4821 pastorum
3236 4755 3587 4814 attestatione

1987 4847 2161 4905 tanta,
2190 4839 2286 4910 qui
2321 4837 2502 4894 fucate
2550 4841 2733 4895 audita
2783 4843 3076 4910 nescirent,
3119 4845 3212 4901 sed
3250 4845 3487 4919 simplici
3511 4847 3591 4905 la-

1991 4931 2194 5014 cundia
2231 4930 2396 4986 verba
2435 4929 2816 5000 praedicarent.
2862 4931 2954 4989 Sic
2995 4934 3284 5005 Dominus,
3311 4956 3420 4995 non
3453 4941 3587 4997 rhe-

1995 5033 2164 5093 tores,
2193 5026 2289 5082 sed
2323 5026 2624 5096 piscatores
2653 5026 2722 5083 ad
2761 5029 3243 5100 evangelizandum
3268 5033 3585 5092 destinavit.

1996 5115 2090 5174 Sic
2117 5126 2170 5173 et
2204 5118 2258 5172 in
2292 5117 2466 5173 Veteri
2481 5118 2834 5176 Testamento
2855 5137 2968 5178 sua:
2996 5123 3426 5194 dispensationis
3451 5143 3589 5186 nun-

1997 5209 2122 5275 tios,
2144 5218 2393 5278 pastores
2419 5211 2692 5267 ordinavit
2717 5231 2730 5267 :
2763 5211 2886 5268 ideo
2912 5228 3021 5269 non
3041 5226 3120 5272 est
3149 5217 3590 5290 parvipendenda

1996 5311 2277 5373 pastorum
2315 5304 2610 5358 attestatio.

2075 5411 2094 5443 ‹
2130 5391 2297 5446 Maria
2327 5402 2506 5447 autem
2533 5394 2890 5449 conservabat
2923 5395 3109 5450 omnia
3128 5397 3294 5453 verba
3319 5398 3437 5453 haec
3457 5413 3592 5452 con-

2001 5481 2183 5560 ferens
2211 5482 2264 5538 in
2307 5483 2474 5538 corde
2510 5499 2630 5538 suo.
2672 5502 2690 5536 ι
2720 5483 2890 5540 Maria
2921 5502 3030 5542 non
3065 5488 3250 5545 minus
3279 5505 3372 5544 ore
3395 5490 3591 5559 pudica

2001 5591 2167 5644 quam
2192 5589 2422 5644 corpore
2452 5575 2614 5629 tacita
2643 5577 2856 5632 oonfert
2878 5593 2942 5632 ea
2971 5595 3095 5647 quae
3120 5580 3332 5635 viderat
3361 5580 3504 5636 circa
3530 5597 3592 5638 se

2003 5678 2146 5734 acta,
2173 5676 2229 5723 et
2260 5683 2383 5738 quze
2424 5667 2627 5739 legerat
2649 5669 2703 5724 in
2737 5668 3037 5740 Scripturis
3075 5673 3304 5744 agenda.
3360 5673 3594 5746 Legerat

2004 5766 2059 5821 in
2101 5763 2239 5820 Isaia
2283 5777 2297 5816 :
2342 5751 2526 5816 «Ecce
2574 5761 2731 5834 virgo
2778 5765 3048 5835 concipiet
3091 5775 3146 5821 et
3195 5767 3367 5838 pariet
3417 5767 3590 5826 ﬁlium

2006 5857 2145 5932 (Isa.
2198 5859 2317 5930 vn).
2352 5875 2370 5910 ι
2414 5855 2682 5925 Legerat:
2715 5856 2869 5915 «Bos
2919 5859 3173 5927 cognovit
3213 5875 3590 5930 possessorem

3194 5955 3275 6017 25
