4032 6396
506 271 610 332 Τῖθ

496 483 663 540 debat
684 485 738 540 in
765 482 1028 554 praesepio
1054 479 1150 536 Dei
1179 479 1398 549 Filium,
1425 496 1586 536 suum
1613 477 1837 548 Filium,
1859 479 2086 537 unicum

497 569 698 630 Filium
750 575 1076 646 vagientem.
1131 571 1357 628 Videbat
1377 587 1438 628 se
1464 571 1533 628 de
1561 572 1732 644 stirpe
1778 572 1948 628 David
1994 587 2087 628 or-

497 679 632 738 tam,
663 669 730 724 de
754 667 960 739 Spiritu
1001 675 1192 723 sancto
1235 666 1292 721 in
1329 664 1600 721 Nazareth
1640 666 1979 736 concepisse,
2028 664 2084 719 in

495 759 810 816 Bethlehem
853 759 1151 830 peperisse,
1193 773 1430 828 quorum
1476 757 1724 814 omnium
1769 757 2084 814 testimonia

495 854 550 909 in
579 852 864 924 prophetia
898 852 1121 923 legerat.
1159 850 1454 922 Comparat
1489 866 1617 922 ergo
1645 850 1810 906 verba
1844 849 2082 921 prophe-

495 954 673 1002 tarum
705 943 888 1010 factis,
919 953 973 999 et
1011 945 1067 999 in
1095 944 1352 999 omnibus
1385 943 1550 998 habet
1583 951 1904 1014 argumenta
1932 941 2078 997 ﬁdei.

493 1035 554 1094 Si
581 1036 751 1092 Maria
788 1052 819 1092 a
845 1035 1160 1107 pastoribus
1183 1034 1392 1102 didicit,
1416 1034 1696 1090 discamus
1726 1043 1780 1089 et
1810 1048 1910 1089 nos
1939 1049 1969 1088 a
1993 1049 2083 1090 sa-

493 1132 828 1188 cerdotibus.
858 1150 877 1182 (
901 1129 968 1186 Et
990 1129 1194 1185 reversi
1218 1137 1347 1185 sunt
1367 1137 1613 1199 pastores
1638 1127 2003 1198 glorificantes
2027 1136 2082 1183 et

490 1223 779 1280 laudantes
819 1221 988 1278 Deum
1021 1222 1075 1276 in
1109 1221 1366 1276 omnibus
1392 1236 1515 1292 quae
1538 1220 1824 1276 audierant
1847 1228 1902 1274 et
1930 1219 2081 1274 vide-

490 1327 638 1385 rant,
665 1317 809 1373 sicut
848 1316 1055 1371 dictum
1083 1323 1168 1370 est
1194 1313 1260 1369 ad
1301 1314 1444 1369 illos.
1476 1333 1494 1364 ι
1515 1311 1591 1367 De
1624 1312 1712 1368 his
1743 1328 1866 1382 quae
1899 1311 2082 1368 audie—

490 1418 616 1465 rant
659 1410 728 1465 ab
753 1408 960 1480 angelis
986 1405 1280 1462 laudabant
1316 1403 1510 1470 Deum,
1539 1412 1594 1459 et
1626 1403 1693 1459 de
1722 1403 1810 1458 his
1849 1417 1972 1474 quae
1999 1402 2080 1456 vi-

490 1501 686 1557 derant
714 1500 769 1555 in
796 1497 1107 1553 Bethlebem
1151 1495 1526 1567 glori‘ﬁcabant
1553 1510 1700 1551 eum.
1742 1491 1848 1550 Sed
1878 1502 1934 1549 et
1961 1508 2080 1548 ma.

489 1593 647 1666 gistri
695 1589 1061 1662 spiritualium
1105 1603 1332 1660 gregum
1385 1587 1548 1643 modo
1597 1586 1840 1642 ﬁdelium
1895 1595 2077 1643 castra

489 1686 747 1752 lustrant,
772 1681 1057 1754 probitatis
1080 1680 1329 1751 exempla
1356 1679 1668 1750 quaerendo,
1699 1679 1863 1734 modo
1892 1679 1958 1734 ad
1981 1694 2078 1748 pa-

488 1778 691 1834 storale
730 1775 968 1830 oliicium
993 1773 1225 1829 redeunt
1259 1773 1524 1828 docendo.
1567 1771 1838 1827 Praeterea
1880 1778 2075 1826 notan-
2106 1757 2150 1812 Β

485 1872 642 1938 dum,
669 1885 840 1942 quare
861 1867 1036 1922 Filius
1068 1865 1273 1922 missus
1303 1873 1384 1920 est
1413 1863 1594 1936 potius
1617 1879 1784 1934 quam
1807 1862 1968 1919 Pater
1989 1863 2076 1918 vel

487 1963 727 2037 Spiritus
754 1970 999 2020 sanctus.
1047 1958 1173 2016 ldeo
1213 1958 1385 2014 Filius
1416 1957 1621 2013 missus
1642 1965 1745 2024 est,
1775 1972 1883 2011 non
1914 1955 2077 2012 Pater

483 2067 583 2114 aut
609 2056 846 2127 Spiritus
873 2061 1118 2120 sanctus,
1161 2051 1290 2122 quia
1333 2050 1724 2107 inconveniens
1745 2058 1863 2104 erat
1887 2058 1945 2102 ut
1973 2047 2077 2102 Pa-

485 2159 567 2204 ter
592 2149 662 2204 ab
692 2148 801 2202 alio
832 2146 1139 2202 mitteretur
1175 2144 1268 2214 qui
1301 2159 1412 2198 non
1439 2141 1648 2198 eratab
1675 2141 1801 2197 alio.
1836 2139 1892 2195 Si
1923 2140 2073 2196 enim

482 2243 554 2298 ab
577 2242 686 2297 alio
708 2239 1036 2304 mitteretur,
1059 2236 1128 2292 ab
1167 2237 1260 2291 illo
1295 2236 1480 2291 venire
1503 2234 1728 2290 haberet
1751 2249 1782 2288 a
1813 2249 1923 2304 quo
1947 2233 2074 2289 mit-

481 2343 710 2401 teretur,
741 2342 794 2388 et
825 2339 970 2388 esset
997 2332 1075 2386 illi
1109 2329 1267 2402 quasi
1310 2329 1586 2400 quoddam
1625 2326 1953 2399 principium
2003 2327 2073 2383 ab

482 2425 578 2482 illo
603 2441 633 2482 a
673 2439 784 2496 quo
809 2425 1133 2479 mitteretur.
1162 2420 1458 2492 Propterea
1493 2435 1624 2492 ergo
1671 2419 1832 2474 Pater
1865 2419 1934 2474 ab
1963 2419 2074 2476 alio

481 2503 626 2576 mitti
656 2534 765 2573 non
789 2517 972 2584 habet,
1015 2515 1145 2586 quia
1183 2515 1253 2570 ab
1287 2515 1396 2570 alio
1431 2529 1552 2570 esse
1573 2528 1683 2568 non
1715 2513 1898 2568 habet.
1943 2511 2074 2569 Mis-

483 2626 580 2668 sus
615 2611 712 2666 est
758 2618 940 2664 autem
965 2607 1202 2678 primum
1239 2605 1434 2672 Filius,
1467 2607 1614 2676 quia
1639 2605 1755 2661 solo
1777 2604 1939 2663 Patre
1965 2611 2070 2673 est,

481 2704 681 2762 deinde
705 2704 868 2760 etiam
903 2701 1140 2772 Spiritus
1162 2709 1406 2766 sanctus,
1429 2698 1524 2769 qui
1552 2706 1636 2754 est
1665 2714 1696 2754 a
1721 2697 1881 2754 Patre
1908 2707 1962 2753 et
1981 2699 2073 2752 Fi-

481 2800 578 2854 lio.
617 2795 865 2852 Primum
901 2793 1076 2850 Filius
1119 2792 1269 2848 venit
1293 2800 1354 2847 ut
1386 2791 1756 2847 liberarentur
1797 2791 2068 2847 homines.

481 2890 678 2948 Postea
705 2888 950 2960 'Spiritus
985 2892 1210 2942 sanctus
1239 2882 1390 2939 venit
1419 2891 1480 2937 ut
1510 2882 1760 2937 homines
1786 2881 2070 2937 beatiﬁca-

481 2995 692 3042 rentur.
719 2983 963 3038 Primum
989 2981 1078 3036 ille
1100 2995 1131 3034 a
1156 2978 1300 3033 malo
1341 2976 1610 3044 liberavit,
1643 2985 1830 3048 postea
1877 2975 1978 3032 iste
2001 2976 2070 3032 ad

481 3082 628 3138 bona
682 3076 978 3132 revocavit.
1034 3072 1126 3127 Ille
1175 3070 1401 3127 abstulit
1439 3069 1585 3141 quod
1639 3069 2066 3135 sustinebantur,

1647 269 1975 330 WERNERI
2011 273 2306 332 ABBATIS
2344 278 2401 332 S.
2441 276 2664 334 BLASll

499 405 686 460 suum,
710 398 766 446 et
803 389 993 446 asinus
1029 403 1269 460 praesepe
1301 387 1508 444 domini
1545 387 1630 444 sui
1660 387 1798 461 (Ira.
1828 389 1891 462 ι).
1923 407 1942 443 ι
1991 382 2086 444 Vi-
2116 394 2164 452 Α

3689 281 3816 374 περ

2404 389 2558 456 Quod
2593 388 2736 445 solus
2779 388 2958 446 Filius
2996 405 3212 446 carnem
3257 401 3562 462 tusccpcnt.

2260 480 2420 548 Quod
2459 482 2612 537 solus
2640 480 2812 538 Filius
2833 492 3055 538 carnem
3085 481 3389 552 susceperit
3415 481 3488 538 ab
3525 482 3668 540 hinc
3713 486 3815 540 vi-

2187 573 2428 630 dendum
2468 573 2593 628 erit.
2639 573 2745 629 Sed
2779 573 2920 631 forte
2959 574 3128 645 aliqui
3151 583 3315 630 erunt
3351 577 3447 647 qui
3473 577 3675 632 dicant
3698 598 3716 634 :
3748 576 3818 635 Si

2187 662 2573 734 inseparabilia
2605 674 2732 720 sunt
2773 681 2940 737 opera
2980 659 3288 734 Trinitatis,
3336 683 3468 740 ergo
3512 670 3816 743 quidquid

2186 754 2320 812 facit
2340 754 2532 823 Filius,
2563 756 2694 813 facit
2723 750 2904 814 Pater.
2949 757 3004 814 Si
3033 766 3216 814 autem
3248 774 3412 815 omne
3431 762 3584 831 quod
3618 761 3813 818 Filius

2185 845 2336 916 facit,
2363 846 2496 902 facit
2520 856 2575 902 et
2622 847 2785 903 Pater
2829 847 3010 919 (Joan.
3043 849 3120 920 v),
3169 865 3320 922 ergo,
3354 851 3403 907 si
3443 846 3630 910 Filius
3673 869 3814 910 car.

2184 954 2310 994 nem
2355 941 2675 1011 assumpsit,
2707 951 2761 996 et
2790 939 2951 997 Pater
3000 957 3225 998 carnem
3273 946 3602 1015 assumpsit,
3655 923 3808 1018 quia

2183 1030 2357 1088 Filius
2389 1033 2509 1088 sine
2547 1031 2708 1089 Patre
2749 1050 2972 1090 carnem
3019 1051 3304 1092 assumere
3343 1054 3452 1094 non
3493 1041 3706 1109 potuit,
3755 1042 3808 1097 si

2183 1125 2318 1180 nihil
2362 1125 2480 1183 sine
2513 1126 2675 1183 Patre
2705 1127 2887 1185 facere
2923 1130 3123 1200 potuit.
3167 1130 3270 1185 Sed
3302 1130 3393 1186 hic
3430 1131 3620 1202 primo
3661 1149 3810 1188 con—

2182 1219 2534 1276 siderandum
2587 1230 2693 1287 est,
2746 1221 2900 1293 quia,
2959 1239 3085 1279 cum
3129 1223 3334 1280 dicitur
3379 1223 3564 1282 facere
3615 1227 3806 1284 Filius

2181 1324 2346 1366 omne
2375 1313 2522 1382 quod
2549 1312 2712 1369 Pater
2747 1312 2898 1383 facit,
2925 1315 2993 1370 de
3026 1315 3118 1370 illa
3152 1317 3413 1372 nimirum
3457 1320 3801 1388 operatione

2181 1403 2588 1478 intelligendum
2619 1416 2704 1463 est
2728 1424 2837 1479 qua
2861 1419 3166 1465 creaturam
3199 1427 3355 1466 suam
3381 1413 3592 1478 condit,
3620 1424 3682 1468 et
3707 1431 3801 1470 rc-

2181 1498 2276 1569 git,
2305 1509 2360 1555 et
2388 1499 2626 1569 disponit
2653 1502 2906 1557 conditor
2932 1511 2986 1557 et
3021 1502 3198 1572 opifex
3233 1501 3396 1559 Deus.
3423 1503 3479 1558 ln
3519 1522 3634 1576 qua
3659 1523 3799 1578 ope-

2179 1591 2394 1646 ratione
2427 1591 2587 1649 Pater
2630 1603 2684 1649 et
2733 1593 2908 1650 Filius
2932 1602 2986 1650 et
3013 1593 3250 1666 Spiritus
3286 1606 3510 1652 sanctus
3553 1599 3800 1654 omnino

2179 1685 2423 1754 separari
2457 1701 2565 1740 non
2607 1695 2859 1756 possunt,
2897 1687 3026 1758 quia
3071 1687 3126 1742 in
3178 1687 3378 1744 deitate
3421 1706 3531 1744 una
3584 1691 3644 1744 in
3679 1708 3796 1762 qua

2177 1785 2231 1832 et
2251 1792 2346 1846 per
2373 1794 2538 1849 quam
2569 1789 2867 1848 operantur
2909 1796 3079 1835 unum
3123 1789 3273 1836 sunt.
3319 1779 3444 1836 Haec
3465 1793 3660 1835 autem
3707 1783 3794 1836 id-

2178 1869 2325 1924 circo
2362 1869 2428 1924 de
2473 1869 2658 1926 divina
2713 1873 3032 1941 Operatione
3071 1873 3490 1944 distinguimus,
3543 1889 3614 1929 ne
3659 1874 3794 1946 quis

2177 1969 2368 2016 contra
2402 1961 2454 2016 id
2493 1962 2638 2032 quod
2659 1963 2864 2018 dictum
2887 1972 2972 2019 est
3002 1983 3016 2020 :
3053 1984 3072 2017 ι
3100 1963 3298 2020 Omnia
3335 1981 3460 2036 qua:
3493 1965 3629 2021 facit
3683 1964 3794 2022 Pa-

2181 2061 2283 2120 ter,
2312 2053 2510 2132 [necet
2547 2053 2719 2110 Filius
2773 2054 2923 2124 facit,
2955 2075 2976 2110 ι
3024 2060 3410 2128 opponendum
3450 2067 3609 2128 putet
3655 2059 3794 2130 qui:

2175 2142 2337 2198 Pater
2374 2143 2566 2215 gignit,
2595 2145 2744 2215 quod
2771 2145 2944 2202 Filius
2980 2163 3089 2202 non
3123 2147 3284 2216 facit,
3326 2158 3379 2203 et
3400 2147 3481 2203 Fil
3507 2166 3578 2204 us
3603 2150 3792 2222 gigni-

2178 2245 2289 2302 tur,
2321 2235 2464 2307 quod
2490 2234 2649 2292 Pater
2668 2253 2777 2292 non
2807 2237 2956 2294 facit.
2993 2238 3049 2294 Si
3073 2240 3219 2295 enim
3252 2240 3425 2298 Filius
3451 2243 3600 2298 sicut
3622 2243 3793 2300 Pater

2175 2328 2438 2400 gigneret,
2462 2326 2623 2384 Pater
2643 2339 2807 2396 esset,
2831 2319 2885 2386 et
2915 2331 2962 2386 si
2989 2330 3152 2387 Pater
3183 2333 3322 2389 sicut
3367 2333 3544 2390 Filius
3591 2338 3789 2408 gigne-

2175 2429 2346 2487 retur,
2373 2420 2544 2476 Filius
2561 2430 2726 2477 esset.
2745 2420 2934 2492 Itaque
2956 2440 3025 2478 ne
3050 2424 3196 2494 quis,
3212 2435 3498 2496 prepterea
3519 2431 3659 2498 quia
3691 2429 3784 2484 Fi-

2174 2511 2282 2568 lius
2312 2527 2423 2567 non
2451 2512 2643 2584 gignit,
2671 2514 2817 2584 quod
2839 2513 3002 2570 Pater
3024 2513 3177 2584 facit,
3205 2517 3548 2574 existimaret
3576 2519 3785 2576 Filium

2174 2618 2284 2658 non
2314 2603 2494 2660 facere
2513 2621 2854 2676 qumcunque
2881 2606 3043 2662 Pater
3064 2607 3216 2676 facit,
3247 2609 3484 2665 dicimus
3510 2613 3646 2682 quia
3680 2613 3787 2672 hoc

2174 2695 2242 2751 de
2269 2697 2359 2752 illa
2389 2697 2707 2768 operatione
2729 2699 3140 2772 intelligendum
3173 2711 3255 2757 est
3295 2718 3403 2772 qua
3447 2705 3534 2758 vel
3559 2715 3788 2761 creatu-

2175 2803 2292 2843 ram
2309 2800 2596 2860 operatur,
2626 2800 2686 2846 ut
2713 2793 2862 2862 quod
2890 2809 3000 2848 non
3031 2803 3150 2849 erat
3174 2809 3295 2851 esse
3333 2796 3582 2867 incipiat,
3611 2801 3698 2854 vel
3727 2801 3784 2856 in

2173 2891 2424 2936 creatura
2451 2891 2726 2952 operatur,
2756 2892 2814 2938 ut
2849 2883 2996 2954 quod
3039 2883 3245 2940 factum
3292 2897 3377 2942 est
3419 2888 3475 2942 in
3515 2904 3586 2944 eo
3627 2891 3782 2960 quod

2174 2973 2380 3028 factum
2405 2984 2490 3030 est
2510 2976 2794 3032 subsistat.
2817 2975 2892 3032 lbi
2916 2978 3062 3033 enim
3089 2987 3199 3034 tota
3221 2979 3460 3036 Trinitas
3485 2983 3783 3054 insepara-

2172 3065 2355 3120 biliter
2399 3078 2676 3136 operatur,
2703 3067 2797 3123 ubi
2839 3083 2942 3124 nec
2966 3067 3129 3125 Pater
3153 3086 3186 3125 a
3223 3069 3385 3137 Filio,
3413 3089 3514 3128 nec
3537 3073 3719 3132 Filius
3747 3092 3782 3132 a

479 3176 585 3232 iste
615 3169 849 3228 reddidit
871 3167 1016 3240 quod
1053 3165 1486 3236 perdideramus.
1521 3161 1680 3217 Venit
1708 3161 1880 3218 Filius
1911 3170 2071 3216 natu-
2097 3143 2140 3201 (ἶ
2174 3157 2355 3240 Patre,
2380 3175 2480 3216 nec
2501 3159 2744 3230 Spiritus
2766 3170 2992 3218 sanctus
3019 3162 3088 3217 ab
3115 3173 3347 3234 utroque
3367 3165 3422 3218 in
3451 3169 3783 3236 operatione

479 3265 615 3324 ralis
636 3264 843 3320 missus
875 3278 904 3316 a
928 3259 1088 3316 Patre
1115 3268 1175 3315 ut
1203 3257 1546 3328 adoptandos
1591 3256 1646 3311 in
1695 3255 2068 3311 haereditatem

477 3365 719 3424 vocaret,
768 3362 823 3411 et
863 3367 1194 3410 consensum
1236 3366 1398 3407 suum
1448 3359 1508 3404 ut
1543 3349 1715 3421 gratia
1761 3347 2070 3417 adoptionis

479 3448 883 3521 comprobaret.
925 3443 1112 3514 Neque
1137 3443 1284 3498 enim
1315 3443 1432 3497 sine
1450 3455 1722 3496 consensu
1759 3440 1879 3495 Filii
1909 3457 1940 3496 a
1960 3439 2070 3496 Pa-

477 3550 562 3594 tre
595 3537 759 3594 alieni
793 3537 847 3592 in
877 3533 1251 3590 haereditatem
1276 3530 1508 3586 ducendi
1547 3539 1723 3585 erant.
1764 3529 1913 3586 Misit
1937 3545 2068 3602 ergo

475 3625 642 3684 Pater
664 3642 764 3698 pro
795 3623 942 3690 ﬁliis,
977 3622 1126 3677 venit
1167 3620 1340 3677 Filius
1373 3635 1472 3691 pro
1507 3619 1790 3688 fratribus,
1837 3621 1967 3693 quia
2012 3621 2070 3677 in

477 3720 640 3775 Patre
665 3727 720 3775 et
756 3716 897 3773 Filio
946 3713 1292 3786 paternitatis
1324 3722 1380 3768 et
1407 3713 1686 3769 ﬁliationis
1712 3729 1910 3769 nomen
1936 3729 2070 3770 con-

476 3819 607 3878 stat,
645 3819 704 3864 ut
731 3807 854 3863 Filii
878 3821 1078 3861 nomen
1125 3803 1421 3875 adoptandi
1471 3805 1833 3874 perciperent,
1875 3812 1930 3860 et
1969 3819 2069 3875 per

475 3897 632 3959 illum
661 3899 822 3971 cujus
856 3905 974 3953 erat
993 3905 1047 3952 et
1065 3895 1136 3952 ab
1162 3895 1258 3951 illo
1279 3911 1310 3952 a
1339 3910 1450 3967 quo
1471 3903 1608 3951 erat.
1658 3894 1820 3952 Venit
1851 3896 2068 3967 sapien-

474 3997 574 4064 tia,
598 4001 660 4052 ut
692 3994 868 4050 hostis
906 3993 1117 4049 ratione
1163 3992 1494 4057 vinceretur,
1521 4000 1576 4047 et
1602 4000 1661 4047 ut
1690 3991 2067 4048 habitaculum

473 4104 639 4146 suum
669 4087 786 4159 ipsa
808 4085 1130 4153 vindicaret,
1157 4084 1305 4157 quod
1332 4083 1539 4139 malitia
1571 4083 1908 4154 possidebat.
1961 4083 2067 4151 Qui

472 4183 620 4240 enim
651 4181 855 4238 astutia
882 4179 1107 4245 vicerat,
1146 4178 1358 4248 justum
1380 4176 1484 4232 fuit
1505 4185 1689 4234 utnon
1720 4177 2063 4244 fortitudine,

472 4273 569 4332 sed
597 4271 885 4345 prudentia
906 4271 1241 4336 vinceretur,
1263 4277 1324 4323 ut
1344 4268 1399 4322 in
1427 4268 1618 4322 eodem
1665 4267 1720 4321 in
1766 4282 1878 4338 quo
1907 4282 1966 4322 se
1987 4267 2068 4322 vi-

472 4359 593 4424 ctor
629 4373 876 4420 erexerat
905 4364 1084 4418 victus
1117 4370 1472 4417 sterneretur.
1517 4357 1718 4414 Factus
1759 4368 1844 4414 est
1893 4358 2066 4414 Filius

2173 3237 2474 3319 separatur.
2517 3247 2576 3304 In
2607 3265 2770 3322 opere
2801 3251 3004 3322 quippe
3054 3254 3300 3323 operatio
3355 3257 3579 3326 proprie
3622 3259 3777 3314 desi-

2171 3349 2388 3411 gnatur.
2426 3339 2563 3396 Nam
2592 3342 2648 3396 in
2687 3359 2754 3399 eo
2789 3344 2938 3414 quod
2974 3343 3182 3400 factum
3226 3361 3336 3400 non
3367 3356 3474 3414 est,
3515 3349 3780 3418 quodest

2171 3433 2318 3490 Deus
2351 3449 2458 3489 non
2491 3433 2622 3490 facit
2650 3435 2786 3506 ipse,
2825 3435 2921 3491 sed
2961 3445 3172 3492 tantum
3221 3446 3327 3493 est.
3376 3437 3432 3493 ln
3480 3455 3548 3494 eo
3583 3451 3776 3497 autem

2170 3528 2317 3599 quod
2339 3528 2540 3584 factum
2563 3539 2667 3598 est,
2693 3529 2762 3584 ab
2806 3530 2900 3584 illo
2931 3531 3122 3601 utique
3145 3530 3351 3587 factum
3386 3541 3470 3588 est
3505 3548 3536 3587 a
3559 3549 3675 3604 quo
3699 3534 3780 3589 fa-

2171 3634 2317 3678 ctum
2359 3632 2443 3679 est
2477 3639 2642 3679 omne
2680 3624 2828 3694 quod
2876 3623 3081 3679 factum
3113 3633 3217 3682 est.
3259 3624 3356 3682 Hic
3407 3641 3540 3699 ergo
3580 3629 3776 3686 omnia

2168 3729 2292 3784 qua:
2319 3713 2644 3782 facitPater,
2668 3725 2720 3770 et
2749 3713 2922 3772 Filius
2945 3715 3079 3772 facit
3111 3717 3364 3772 similiter
3386 3717 3569 3788 (Joan.
3595 3723 3675 3790 v).
3707 3709 3792 3775 Ini

2169 3805 2274 3861 hac
2299 3807 2484 3877 itaque
2511 3807 2849 3876 operatione,
2882 3809 3009 3879 quia
3049 3809 3231 3864 carnis
3275 3810 3585 3881 assumptio
3612 3812 3772 3869 inve-

2169 3899 2341 3966 nitur,
2366 3900 2646 3970 qnomodo
2670 3900 2770 3955 soli
2795 3899 2935 3956 Filio
2951 3901 3240 3957 conveniat
3257 3911 3310 3957 et
3337 3918 3446 3956 non
3475 3894 3626 3958 Patri
3651 3919 3768 3960 non

2168 3991 2617 4047 inconvenienter
2657 3993 2943 4064 quaeritur.
2995 3993 3136 4048 Cum
3187 3993 3334 4048 enim
3379 3995 3582 4050 dicitur
3630 3997 3769 4066 quia

2167 4082 2338 4140 Filius
2365 4098 2588 4139 carnem
2627 4067 2945 4156 assumpsit,
2989 4101 3128 4156 opus
3173 4087 3364 4157 utique
3420 4087 3770 4158 signiﬁcatur

2166 4177 2311 4247 quod
2342 4174 2516 4232 Filius
2557 4174 2710 4244 facit,
2737 4191 2769 4231 a
2797 4191 2908 4247 quo
2936 4191 3102 4247 opere
3137 4178 3184 4234 si
3223 4177 3386 4233 Pater
3428 4180 3765 4246 excluditur,

2167 4283 2277 4322 non
2307 4268 2492 4322 omnia
2524 4283 2648 4338 qua:
2695 4267 2828 4324 facit
2872 4268 3068 4337 Filius,
3123 4269 3284 4326 Pater
3333 4281 3616 4342 operatur.
3675 4267 3786 4328 Atr

2165 4357 2308 4416 forte
2341 4360 2471 4430 quia
2514 4359 2723 4415 dictum
2752 4375 2862 4416 non
2891 4370 2996 4427 est,
3025 4363 3212 4417 omnia
3255 4378 3378 4434 qua:
3409 4361 3538 4418 fecit
3565 4361 3763 4429 Filius,

468 4461 567 4518 Dei
593 4460 742 4515 ﬁlius
785 4455 1048 4522 hominis,
1074 4461 1133 4508 ut
1154 4452 1298 4507 ﬁlios
1319 4451 1604 4505 hominum
1633 4450 1774 4506 ﬁlios
1799 4449 1896 4504 Dei
1919 4450 2066 4507 face-
2095 4493 2142 4548 ο
2167 4451 2326 4508 Pater
2355 4452 2502 4522 fecit,
2536 4453 2632 4509 sed
2665 4468 3007 4524 quaecunque
3042 4453 3203 4510 Pater
3250 4454 3402 4522 facit,
3450 4455 3568 4510 haec
3595 4465 3650 4510 et
3678 4454 3769 4510 Fi-

467 4563 574 4616 ret,
599 4561 654 4609 et
675 4565 742 4604 ne
764 4547 886 4603 Filii
904 4560 1103 4601 nomen
1134 4544 1200 4600 ad
1222 4543 1446 4598 alteram
1468 4542 1727 4597 transiret
1749 4557 2058 4612 personam,

467 4653 524 4699 et
542 4651 728 4699 essent
757 4642 812 4696 in
841 4637 1108 4694 Trinitate
1129 4635 1240 4691 duo
1271 4633 1389 4702 ﬁlii,
1415 4641 1469 4689 et
1489 4631 1917 4690 confunderetur
1939 4632 2062 4688 Tri-

469 4735 655 4790 nitatis
677 4732 958 4790 discretio.
993 4727 1050 4785 Si
1079 4727 1226 4784 enim
1255 4725 1418 4782 Pater
1451 4741 1673 4782 carnem
1721 4726 2060 4797 assumpsis-

468 4841 572 4893 set,
623 4828 765 4884 idem
812 4829 928 4899 ipse
969 4835 1022 4882 et
1054 4822 1218 4881 Pater
1255 4831 1311 4879 et
1351 4819 1523 4878 Filius
1546 4832 1725 4878 esset:
1748 4818 1910 4876 Pater
1937 4817 2060 4874 Filii

468 4925 634 4993 quem
673 4921 860 4992 genuit
894 4937 960 4976 ex
986 4921 1308 4986 aeternitate,
1352 4925 1409 4974 et
1434 4915 1610 4973 Filius
1649 4915 1842 4972 matris
1875 4930 1908 4971 a
1948 4930 2058 4985 qua

467 5013 686 5087 genitus
709 5020 855 5068 esset
879 5028 948 5068 ex
969 5021 1232 5083 tempore.
1273 5011 1333 5068 Si
1355 5019 1537 5067 autem
1563 5007 1800 5078 Spiritus
1833 5015 2058 5064 sanctus

467 5113 690 5164 carnem
713 5105 1120 5176 assumpsisset,
1162 5104 1273 5160 duo
1310 5101 1432 5157 Filii
1463 5101 1519 5156 in
1542 5099 1809 5156 Trinitate
1849 5108 2055 5156 essent.

467 5197 618 5258 Alter
659 5196 833 5254 Filius
871 5196 1053 5254 Patris
1083 5197 1201 5254 sine
1241 5205 1438 5265 matre,
1479 5195 1615 5251 alter
1654 5183 1827 5250 Filius
1863 5194 2074 5250 matris

462 5298 585 5353 sine
606 5303 778 5366 patre.
821 5290 899 5347 Ne
919 5305 1052 5362 ergo
1093 5287 1607 5345 incommunicabile
1623 5303 1824 5344 nomen
1855 5287 2059 5343 divide-

454 5375 638 5454 retur,
669 5387 839 5443 Filius
868 5385 1022 5442 solus
1044 5397 1265 5438 carnem
1293 5382 1555 5453 suscepit,
1578 5391 1640 5439 ut
1667 5397 1810 5438 unus
1833 5389 1888 5437 et
1911 5381 2054 5436 idem

464 5473 610 5540 esset
633 5490 687 5536 et
709 5478 879 5534 Filius
907 5476 1022 5544 Dei,
1054 5484 1108 5532 et
1135 5475 1279 5530 ﬁlius
1310 5475 1551 5530 hominis
1581 5494 1594 5530 :
1621 5474 1793 5531 Filius
1832 5472 1923 5529 Dei
1964 5488 2054 5530 se-

465 5571 704 5626 cundum
729 5569 1068 5624 divinitatem
1095 5567 1309 5639 genitus
1335 5581 1371 5635 ‘a
1397 5563 1581 5632 Patre,
1613 5564 1786 5622 Filius
1817 5564 2055 5619 hominis

463 5663 766 5721 SBCundum
800 5660 1193 5719 humanitatem
1221 5670 1378 5717 natus
1410 5674 1474 5716 ex
1500 5666 1694 5715 matre.

2167 4545 2274 4600 lius
2317 4544 2467 4612 facit,
2502 4544 2927 4600 existimandum
2967 4555 3051 4602 est
3085 4546 3269 4601 omnia
3300 4545 3520 4617 quidem
3559 4545 3764 4601 Filium

2165 4631 2349 4689 facere
2379 4648 2504 4704 quae
2524 4631 2686 4689 Pater
2713 4633 2866 4702 facit,
2911 4635 3160 4705 quaedam
3207 4644 3393 4690 autem
3425 4634 3625 4690 Filium
3674 4635 3762 4689 fa-

2163 4740 2286 4782 cere
2307 4724 2599 4797 quaaPater
2623 4726 2898 4798 nonfacit.
2927 4726 3105 4794 Absit,
3134 4728 3227 4784 sed
3247 4729 3430 4784 omnia
3455 4744 3578 4799 quae
3595 4726 3763 4784 Pater

2160 4815 2473 4875 facitFilius
2489 4816 2697 4886 facit,et
2723 4819 2909 4874 omnia
2932 4835 3054 4891 quae
3070 4818 3243 4876 Filius
3258 4819 3576 4886 facit,Pater
3601 4819 3758 4885 facit,

2159 4912 2289 4984 quia
2310 4910 2367 4966 in
2393 4925 2461 4966 eo
2493 4911 2641 4983 quod
2664 4910 2720 4966 in
2751 4909 2961 4968 Deitate
2989 4927 3158 4968 unum
3189 4922 3337 4982 sunt,
3359 4915 3412 4968 in
3435 4915 3761 4985 operatione

2159 5002 2405 5076 separari
2436 5017 2548 5058 non
2569 5012 2822 5074 possunt.
2854 5001 3030 5058 Omne
3056 5019 3187 5074 ergo
3219 5006 3367 5075 quod
3389 5004 3562 5062 Filius
3600 5003 3759 5074 facit,

2158 5093 2321 5152 Pater
2345 5095 2498 5165 facit,
2519 5095 2649 5167 quia
2672 5095 2730 5152 in
2764 5095 3050 5152 divinitate
3083 5112 3194 5168 qua
3224 5096 3402 5154 Filius
3434 5109 3520 5154 est
3549 5098 3757 5170 Patris,

2159 5188 2289 5260 quia
2318 5203 2444 5245 cum
2474 5187 2635 5244 Patre
2656 5203 2828 5243 unum
2852 5197 2956 5255 est,
2979 5189 3116 5243 nihil
3138 5189 3269 5246 facit
3291 5191 3412 5247 sine
3431 5191 3757 5262 operatione

2157 5279 2359 5336 Patris.
2424 5279 2576 5336 Fecit
2629 5279 2879 5350 qutedam
2937 5278 2992 5334 in
3054 5279 3396 5337 humanitate
3445 5283 3776 5338 secundum‘

2158 5388 2322 5444 quam
2347 5371 2521 5430 Filius
2548 5371 2731 5427 Patris
2760 5385 2870 5427 non
2897 5380 3036 5441 erat,
3065 5373 3196 5444 quia
3228 5375 3510 5430 nascendo
3533 5388 3567 5430 a
3588 5372 3753 5432 Patre

2156 5484 2267 5524 non
2307 5475 2608 5536 acceperat.
2670 5463 2803 5533 Qua:
2842 5476 3126 5536 propterea
3153 5466 3221 5522 ad
3249 5467 3424 5523 solam
3453 5483 3751 5539 personam

2156 5559 2277 5614 Filii
2296 5558 2630 5628 referuntur,
2654 5557 2782 5630 quia
2812 5573 2876 5614 ea
2913 5559 2966 5613 in
3008 5558 3097 5614 illa
3148 5571 3205 5616 et
3245 5561 3548 5617 secundum
3597 5561 3750 5616 illam

2157 5663 2410 5707 naturam
2451 5649 2598 5716 fecit,
2649 5665 2816 5721 quam
2853 5665 2978 5705 cum
3029 5650 3190 5707 Patre
3239 5667 3590 5708 communem
3636 5667 3748 5706 non

2160 5743 2367 5812 habuit,
2401 5743 2494 5798 sed
2531 5743 2684 5800 salus
2707 5757 2772 5799 ex
2806 5751 3048 5818 tempore
3077 5746 3354 5816 propriam
3393 5743 3748 5818 singulariter
