4032 6396
217 425 312 480 τδι

1145 419 1720 479 DEFLOBATIONES
1761 421 1860 479 SS.
1902 421 2214 479 PATRUM.
2259 452 2325 462 —-—
2366 421 2497 477 LIB.
2539 420 2580 476 l.

3396 375 3402 382 α

215 538 446 610 accepit.
477 536 868 593 Verumtamen
914 538 1099 593 omnia
1124 539 1323 608 qttzeiu
1359 537 1665 606 divinitate,
1693 539 1816 596 ideo
1843 547 1890 604 Α
1917 540 2047 611 quia
2074 541 2180 596 alia
2218 548 2381 596 esset.
2423 537 2578 594 Nunc
2623 546 2804 593 autem
2847 547 2901 594 et
2947 536 3159 604 eadem,
3203 543 3258 592 et
3302 537 3493 593 eodem

216 631 372 688 solus
399 646 506 684 non
538 628 684 695 fecit,
718 629 848 699 quia
890 629 945 684 in
991 629 1274 685 divinitate
1324 630 1476 686 solus
1521 645 1631 686 non
1682 630 1806 698 fuit,

217 725 316 784 sed
357 725 499 781 idem
539 740 664 779 cum
695 724 815 793 ipso
836 721 986 791 fecit,
1017 725 1144 794 quia
1171 740 1297 780 cum
1336 724 1457 794 ipso
1493 723 1636 778 idem
1682 722 1806 779 fuit.

292 819 350 874 Si
377 833 509 890 ergo
537 816 710 872 Filius
743 817 797 871 in
835 817 1120 872 divinitate
1161 817 1556 872 humanitatem
1595 831 1810 873 assum-

218 911 348 983 psit,
377 910 657 982 quomodo
679 911 733 964 in
763 911 954 966 eadem
989 911 1275 966 divinitate
1313 909 1476 965 Pater
1507 909 1651 965 idem
1681 925 1809 966 cum

219 1004 339 1074 ipso
381 1020 488 1059 non
533 1003 680 1068 fecit,
706 1003 955 1074 quicum
993 1004 1111 1073 ipso
1141 1003 1284 1058 idem
1334 1002 1456 1058 fuit.
1505 1003 1591 1057 An
1649 1001 1809 1070 forte,

219 1111 346 1152 cum
369 1095 572 1151 dicitur
599 1094 774 1150 Filius
803 1110 1023 1151 carnem
1055 1094 1356 1166 assumpsit
1382 1108 1448 1148 ex
1491 1093 1540 1148 vi
1587 1093 1811 1150 relatio-

220 1189 308 1244 nis
333 1203 441 1258 qua
465 1187 788 1258 intelligitur
811 1187 940 1258 quia
979 1187 1080 1242 sibi
1109 1187 1308 1256 univit,
1356 1186 1500 1242 idem
1541 1185 1609 1241 de
1651 1185 1814 1243 Patre

223 1294 333 1334 non
363 1278 582 1343 dicitur,
617 1278 744 1348 quia
783 1277 831 1332 si
863 1277 1005 1332 idem
1037 1277 1332 1343 diceretur,
1372 1293 1482 1331 non
1513 1275 1680 1344 idem,
1718 1276 1812 1332 sed

224 1371 371 1426 aliud
408 1370 846 1442 intelligeretur?
884 1369 942 1424 Si
978 1369 1121 1424 enim
1153 1369 1429 1425 diceretur
1459 1386 1473 1424 :
1506 1367 1668 1424 Pater
1693 1384 1816 1425 car-

225 1479 350 1519 nem
381 1463 701 1534 assumpsit,
742 1461 1138 1532 intelligeretur
1167 1461 1423 1518 similiter
1457 1461 1606 1532 qnod
1654 1459 1816 1516 Pater

228 1553 334 1608 sibi
379 1569 598 1608 carnem
649 1553 844 1620 univit,
887 1554 1032 1624 quod
1068 1553 1183 1624 jam
1214 1553 1359 1609 idem
1388 1569 1497 1608 non
1526 1561 1693 1620 esset,
1719 1553 1818 1609 sed

230 1645 402 1700 aliud.
443 1645 606 1702 Aliud
637 1645 838 1715 quippe
867 1653 1032 1713 esset,
1059 1646 1106 1700 si
1137 1644 1286 1700 Patri
1313 1659 1446 1702 caro
1491 1648 1644 1700 unita
1677 1646 1820 1702 dice-

227 1747 400 1806 retur,
426 1753 591 1809 quam
633 1753 757 1792 cum
792 1737 932 1791 Filio
962 1737 1116 1792 unita
1146 1736 1368 1804 dicitur,
1407 1738 1534 1810 quia
1566 1739 1710 1794 sicut
1735 1746 1821 1794 est

227 1829 370 1884 alius
392 1830 444 1883 in
468 1845 702 1900 persona
735 1827 918 1896 Pater,
941 1837 993 1884 et
1015 1829 1157 1884 alius
1178 1828 1374 1896 Filius,
1407 1831 1487 1886 sic
1510 1829 1658 1884 aliud
1684 1829 1821 1884 dici-

228 1931 340 1990 tur,
369 1937 495 1978 cum
525 1920 698 1976 Filius
726 1920 1047 1976 incarnatus
1094 1921 1315 1988 dicitur,
1350 1936 1516 1992 quam
1545 1921 1821 1977 diceretur
1851 1907 1894 1962 Β

229 2017 278 2072 si
323 2014 485 2070 Pater
540 2013 859 2069 incarnatus
887 2013 1180 2069 diceretur.
1224 2011 1382 2070 Nunc
1425 2013 1592 2085 igitur
1630 2028 1822 2068 conse-

228 2122 408 2178 quens
431 2115 534 2174 est,
569 2106 616 2161 si
641 2105 813 2161 Filius
843 2122 1060 2161 carnem
1091 2107 1411 2177 assumpsit,
1462 2105 1667 2162 idcirco
1697 2121 1822 2161 car-

230 2216 358 2256 nem
389 2199 756 2270 assumpsisse
781 2209 835 2255 et
862 2199 1100 2268 Patrem,
1145 2201 1288 2256 sicut
1334 2216 1677 2272 consequens
1713 2215 1822 2255 non

229 2302 332 2357 est,
363 2291 409 2347 si
440 2290 613 2348 Filius
642 2291 746 2346 sibi
772 2307 992 2346 carnem
1027 2291 1220 2359 univit,
1248 2307 1469 2348 carnem
1504 2292 1606 2347 sibi
1639 2291 1826 2347 unisse

233 2393 286 2440 et
312 2383 553 2439 Patrem.
607 2383 964 2456 Consequens
1014 2394 1202 2440 autem
1249 2394 1353 2450 est,
1393 2386 1521 2458 quia
1565 2385 1612 2442 si
1653 2384 1827 2442 Filius

241 2476 348 2531 sibi
373 2491 593 2532 carnem
621 2475 815 2544 univit,
855 2477 1105 2532 eamdem
1135 2492 1356 2532 carnem
1397 2478 1501 2548 ipsi
1537 2477 1676 2534 Filio
1705 2478 1830 2533 ιιιιὶ-

235 2568 383 2624 visse
411 2578 466 2624 et
498 2568 736 2636 Patrem,
765 2569 892 2640 quia
928 2570 1057 2624 dum
1098 2587 1208 2626 una
1245 2571 1534 2642 utriusque
1584 2570 1830 2640 Operatio

237 2660 565 2726 ostenditur,
595 2677 697 2716 nec
725 2659 895 2715 Filius
918 2661 1036 2717 sine
1060 2660 1242 2729 Patre,
1270 2677 1372 2718 nec
1407 2660 1569 2717 Pater
1591 2661 1712 2717 sine
1739 2660 1830 2715 Fi—

235 2752 315 2806 lio
334 2760 591 2821 operatus
616 2752 1044 2808 demonstratur.
1087 2750 1143 2806 Si
1172 2760 1356 2808 autem
1390 2751 1551 2809 Pater
1572 2734 1677 2809 sibi
1704 2767 1828 2808 car-

238 2859 366 2898 nem
419 2843 706 2910 induisset,
737 2852 791 2898 et
829 2844 1001 2899 Filius
1041 2844 1170 2912 sibi,
1209 2861 1320 2901 non
1351 2845 1456 2901 hoc
1490 2845 1630 2901 idem
1662 2853 1831 2912 esset,

241 2935 336 2992 sed
387 2935 554 3002 aliud,
594 2937 855 3007 quoniam
902 2937 957 2991 in
986 2952 1053 2992 eo
1082 2937 1201 3008 ipso
1226 2954 1336 2994 non
1376 2937 1564 2995 eadem
1607 2938 1834 2995 demon-

241 3037 510 3084 straretur
526 3031 790 3099 operatio,
823 3031 969 3101 quod
1012 3046 1122 3085 non
1157 3030 1226 3086 ad
1260 3031 1512 3087 eumdem
1542 3041 1835 3104 utrumque

243 3121 384 3178 facta
409 3123 730 3194 probaretur
755 3123 967 3179 relatio.
1009 3122 1165 3180 Nunc
1191 3134 1372 3180 autem
1402 3126 1834 3196 assumptionem

209 3211 362 3270 'sive
405 3217 660 3271 unionem
712 3217 896 3272 carnis
934 3225 989 3272 et
1034 3217 1194 3274 Pater
1249 3225 1509 3288 operatus
1557 3228 1661 3286 est,
1704 3219 1834 3290 quia

245 3323 413 3362 carne
460 3308 635 3363 induit
673 3307 894 3375 Filium,
931 3319 986 3366 et
1027 3309 1202 3367 Filius
1248 3320 1507 3382 operatus
1559 3322 1663 3379 est,
1703 3314 1834 3383 quia

243 3413 411 3455 carne
433 3400 609 3456 induit
635 3401 1010 3471 semetipsum;
1027 3402 1194 3458 etfuit
1230 3419 1339 3458 una
1364 3401 1497 3458 unio
1512 3411 1566 3458 et
1585 3404 1834 3474 operatio

246 3507 379 3547 una.
428 3491 721 3562 Propterea
751 3492 884 3546 unio
908 3508 1040 3560 una,
1082 3494 1211 3566 quia
1259 3495 1404 3564 quod
1460 3495 1673 3549 unitum
1728 3505 1834 3562 est,

247 3584 344 3639 uni
375 3585 586 3640 unitum
616 3595 734 3651 est;
776 3593 1061 3654 propterea
1087 3585 1331 3655 operatio
1365 3601 1496 3652 una,
1526 3586 1654 3656 quia
1688 3586 1836 3656 quod

248 3678 454 3733 factum
493 3686 578 3733 est
608 3677 661 3731 in
689 3692 800 3732 uno
829 3676 1032 3732 factum
1055 3686 1158 3733 est.
1201 3677 1336 3734 Tres
1370 3680 1756 3749 operabantur,
1783 3687 1840 3734 et

248 3788 359 3827 non
394 3772 538 3837 tria;
570 3769 663 3825 sed
699 3785 868 3825 unum
888 3769 1273 3841 operabantur,
1303 3781 1357 3826 et
1395 3771 1543 3841 quod
1583 3771 1745 3826 fiebat
1785 3781 1840 3826 et

249 3863 418 3916 unius
451 3869 587 3927 erat,
617 3869 882 3931 quantum
916 3861 983 3915 ad
1011 3861 1164 3915 illum
1193 3861 1370 3916 solum
1398 3861 1602 3918 factum
1640 3872 1743 3930 est,
1786 3871 1842 3918 et

249 3951 416 4008 trium
448 3959 586 4016 erat,
613 3959 878 4020 quantum
909 3951 977 4006 ab
1000 3951 1105 4006 illis
1132 3950 1358 4007 factum.

325 4043 550 4115 Legitur
600 4043 655 4098 in
715 4043 855 4097 libro
892 4042 1145 4099 Judicum
1190 4044 1319 4114 quia
1368 4043 1565 4099 Manno
1612 4060 1838 4100 uxorem

252 4136 463 4206 accepit
488 4135 597 4190 filio
623 4151 726 4191 suo
749 4133 980 4191 Samson
1008 4135 1209 4206 (Judic.
1243 4136 1386 4208 xui),
1405 4153 1505 4192 nec
1525 4145 1707 4193 tamen
1736 4136 1842 4193 sibi

254 4243 482 4283 uxorem
517 4228 746 4298 accepit,
779 4229 906 4298 quia
952 4228 1065 4283 filio
1110 4243 1336 4284 uxorem
1377 4229 1605 4299 accepit.
1647 4227 1714 4283 Et
1741 4243 1842 4299 po-

255 4320 497 4376 stulabat
518 4320 662 4376 filius
685 4330 916 4391 patrem,
941 4329 1002 4375 ut
1026 4319 1128 4376 sibi
1153 4337 1379 4377 uxorem
1402 4321 1654 4392 accipiat,
1684 4321 1842 4392 quasi

256 4427 356 4484 per
383 4427 442 4468 se
474 4412 626 4468 solus
651 4413 756 4467 hoc
783 4410 963 4467 facere
993 4426 1102 4466 non
1133 4413 1326 4484 possit,
1361 4421 1415 4468 et
1441 4429 1604 4469 nemo
1638 4423 1722 4469 est
1750 4413 1845 4484 qui

256 4513 668 4577 argumentctur
691 4513 753 4559 ut
778 4504 942 4560 dicat.
972 4503 1028 4559 Si
1056 4513 1210 4575 pater
1235 4506 1346 4560 lilio
1368 4521 1593 4561 uxorem
1616 4506 1843 4577 accepit,

1911 633 2076 688 modo
2105 640 2384 703 operatur,
2414 640 2475 686 ut
2497 631 2632 685 nihil
2669 630 2738 686 sit
2767 639 2861 685 aut
2895 629 3064 697 aliud,
3123 637 3218 684 aut
3259 630 3415 684 aliter
3441 630 3496 685 in

1910 725 2230 794 Operatione
2262 725 2427 780 illius.
2469 721 2706 779 Ostende
2754 723 2888 777 mihi
2922 722 3128 790 aliquid
3176 723 3324 793 quod
3369 721 3501 787 facit

1913 815 2096 884 Pater,
2122 817 2168 872 si
2200 826 2380 872 tamen
2408 815 2762 887 quaerendum
2785 824 2869 870 est
2891 815 3022 886 quid
3047 814 3176 871 facit
3197 816 3291 886 qui
3324 824 3500 870 totum

1912 909 2064 966 facit.
2106 908 2256 965 Pone
2293 918 2476 964 tamen
2512 907 2747 978 exempli
2777 923 2941 963 causa
2986 923 3156 962 unum
3187 907 3390 979 aliquid
3433 923 3501 963 ex

1913 1001 2172 1058 omnibus
2218 1017 2341 1071 qua:
2389 999 2520 1055 facit
2570 997 2750 1054 Pater.
2801 998 2934 1055 Dico
2991 999 3118 1070 quia
3168 998 3340 1055 Filius
3394 999 3502 1055 hoc

1914 1094 2096 1166 ipsum
2142 1093 2290 1150 facit.
2331 1092 2516 1163 Neque
2555 1093 2745 1163 utique
2797 1090 2901 1146 hoc
2951 1091 3130 1162 ipsum
3175 1091 3300 1148 dico
3344 1092 3505 1162 quasi

1915 1187 2094 1243 simile
2119 1187 2228 1254 ille,
2257 1186 2350 1242 sed
2375 1186 2516 1241 idem
2546 1185 2744 1256 ipsum.
2785 1181 2924 1238 Cum
2977 1183 3122 1238 enim
3167 1183 3327 1239 dico:
3355 1183 3504 1239 Idem

1916 1277 2062 1335 facio
2095 1278 2242 1350 quod
2277 1288 2333 1334 tu
2355 1276 2514 1344 facis,
2538 1277 2666 1348 quia
2688 1275 2828 1331 forte
2856 1275 3080 1331 domum
3111 1276 3340 1343 :edilico,
3366 1276 3510 1332 sicut

1919 1379 1975 1428 tu
2010 1371 2246 1427 aediﬁcas
2265 1369 2510 1436 domum,
2533 1377 2730 1424 etcum
2755 1369 2859 1422 alia
2892 1368 2963 1423 sit
2993 1368 3188 1423 domus
3224 1377 3319 1423 tua
3341 1384 3506 1439 quam

1919 1473 1975 1520 tu
1999 1464 2257 1531 aedificas,
2279 1478 2444 1534 quam
2481 1462 2568 1516 illa
2599 1461 2797 1517 domus
2836 1475 2954 1516 mea
3017 1477 3182 1532 qttam
3231 1475 3333 1531 ego
3380 1460 3508 1516 aedi-

1919 1555 2044 1623 fico,
2095 1565 2279 1610 tamen
2333 1553 2476 1609 idem
2516 1567 2605 1606 me
2654 1549 2836 1606 facere
2868 1551 2992 1606 dico
3039 1551 3185 1621 quod
3233 1559 3289 1605 tu
3347 1549 3508 1614 facis.

1920 1646 2181 1719 quoniam
2229 1645 2282 1700 id
2321 1645 2466 1716 quod
2494 1643 2636 1700 facio
2686 1657 2809 1716 ego,
2859 1643 3160 1700 secundum
3201 1644 3406 1715 aliquid
3436 1644 3514 1700 si-

1922 1740 2053 1795 mile
2100 1748 2185 1794 est
2215 1738 2292 1792 illi
2329 1737 2477 1808 quod
2526 1745 2581 1792 tu
2615 1735 2770 1804 facis,
2820 1751 2928 1791 non
2969 1737 3050 1792 sic
3098 1736 3338 1809 intelligo
3385 1751 3512 1792 cum

1923 1831 2047 1887 dico
2074 1831 2201 1902 quia
2232 1829 2405 1885 Filius
2437 1829 2544 1885 hoc
2569 1829 2747 1900 ipsum
2772 1827 2900 1884 facit
2920 1827 3067 1899 quod
3090 1827 3249 1884 Pater
3273 1827 3423 1884 facit.
3454 1827 3511 1883 Si

1921 1933 2103 1980 autem
2130 1939 2233 1994 ego
2258 1923 2482 1978 domum
2505 1923 2851 1988 tedilicarem,
2873 1929 2928 1976 et
2949 1929 3005 1975 tu
3028 1922 3272 1976 eamdem
3300 1936 3514 1976 mecum

1923 2017 2223 2072 atdilicares
2275 2015 2522 2081 domum,
2583 2013 2707 2068 dico
2752 2013 2897 2084 quod
2935 2012 3076 2068 idem
3111 2010 3320 2067 faceres
3367 2011 3515 2082 quod

1925 2125 2048 2179 ego.
2104 2107 2283 2164 Etiam
2333 2107 2520 2162 verius
2574 2121 2776 2170 unttm,
2833 2103 2961 2176 quia
3015 2104 3252 2175 idipsum
3304 2111 3358 2158 et
3406 2119 3515 2157 non

1925 2201 2109 2268 aliud;
2148 2215 2251 2256 nec
2286 2207 2467 2254 tamen
2498 2213 2628 2254 vere
2651 2198 2832 2254 adhuc
2871 2213 3040 2252 unum
3069 2197 3197 2268 quia
3224 2205 3280 2252 tu
3308 2206 3515 2268 partem

1927 2310 2118 2360 unam,
2148 2301 2202 2348 et
2231 2308 2334 2364 ego
2360 2290 2622 2358 alteram;
2654 2299 2711 2345 tu
2739 2289 3118 2346 instrum’entis
3143 2289 3273 2358 tuis,
3300 2305 3400 2362 ego
3435 2289 3519 2345 itt-

1929 2385 2251 2444 strumentis
2283 2384 2450 2452 meis;
2487 2391 2544 2439 tu
2577 2382 2832 2439 manibus
2856 2391 2910 2438 et
2930 2382 3148 2438 lacertis
3180 2382 3309 2450 tuis,
3339 2391 3394 2438 et
3418 2397 3519 2454 ego

1929 2481 2086 2535 meis.
2113 2477 2358 2549 Denique
2382 2485 2441 2532 tu
2471 2475 2683 2532 viribus
2709 2475 2840 2542 tuis,
2859 2488 2960 2545 ego
2989 2473 3127 2530 meis
3156 2492 3170 2529 :
3202 2481 3256 2530 et
3273 2473 3388 2544 jam
3410 2489 3522 2530 non

1930 2587 2057 2626 vere
2091 2586 2285 2636 unum,
2315 2569 2410 2624 sed
2437 2569 2493 2623 in
2521 2568 2630 2623 alio
2656 2576 2710 2622 et
2731 2582 2828 2639 per
2847 2565 2975 2621 alia.
3006 2564 3262 2638 Nunquid
3288 2567 3368 2622 sic
3399 2566 3523 2621 dico

1932 2657 2056 2720 cuin
2085 2663 2242 2729 dico;
2289 2662 2417 2732 quia
2450 2659 2625 2716 Filius
2661 2660 2766 2715 hoc
2798 2657 3144 2730 ipsum,facit
3176 2659 3322 2730 quod
3361 2658 3526 2716 Pater

1934 2755 2100 2812 facit?
2130 2753 2272 2825 Ergo
2313 2753 2420 2808 alia
2447 2761 2530 2809 est
2565 2767 2764 2808 manus
2792 2749 2938 2818 Filii,
2969 2759 3024 2806 et
3067 2743 3282 2807 aliaest
3308 2749 3523 2821 Patris;

1933 2848 2082 2903 aliud
2109 2845 2397 2902 brachium
2428 2843 2575 2912 Filii,
2607 2852 2660 2900 et
2685 2843 2834 2899 aliud
2857 2843 3144 2899 brachium
3173 2843 3384 2912 Patris;
3415 2844 3528 2901 alia

1933 2941 2111 2996 virtus
2160 2938 2305 3005 Filii,
2352 2937 2457 2992 alia
2496 2937 2672 2992 vii-tus
2702 2935 2902 3001 Patris,
2934 2951 3058 2992 cum
3091 2935 3209 3007 ipse
3249 2935 3423 2992 Filius
3470 2946 3526 2992 et

1936 3047 2156 3098 manus,
2181 3038 2237 3087 et
2261 3029 2570 3097 brachium,
2597 3037 2651 3083 et
2674 3029 2850 3084 virtus
2873 3028 2945 3083 sit
2963 3025 3174 3084 Patris?
3198 3026 3354 3084 Sicut
3381 3027 3525 3084 idem

1937 3124 2186 3196 estquod
2217 3125 2384 3180 homo
2410 3138 2572 3178 manu
2609 3120 2758 3188 facit,
2793 3129 2849 3177 et
2876 3121 3022 3193 quod
3065 3137 3262 3178 manus
3285 3122 3528 3178 hominis

1939 3217 2111 3286 facit;
2153 3226 2208 3274 et
2235 3216 2383 3289 quod
2420 3216 2588 3271 homo
2624 3214 2851 3270 brachio
2907 3213 3057 3280 facit,
3103 3223 3157 3270 et
3207 3213 3357 3286 quod
3398 3215 3526 3270 bra-

1939 3312 2126 3368 chium
2167 3310 2410 3366 hominis
2441 3307 2613 3375 facit;
2641 3316 2695 3363 et
2729 3306 2876 3378 quod
2908 3306 3075 3362 homo
3101 3305 3421 3363 fortitudine
3444 3305 3530 3362 fa-

1937 3405 2031 3471 cit,
2075 3413 2131 3460 et
2164 3403 2310 3475 quod
2347 3401 2614 3458 fortitudo
2656 3399 2900 3456 hominis
2944 3398 3096 3454 facit.
3131 3398 3224 3455 Sic
3258 3399 3401 3456 idem
3446 3410 3533 3456 est

1937 3494 2087 3567 quod
2133 3493 2295 3550 Pater
2327 3492 2476 3558 facit,
2502 3501 2557 3548 et
2595 3491 2742 3562 quod
2788 3489 2962 3546 Filius
3007 3489 3164 3558 facit;
3209 3491 3339 3563 quia
3368 3507 3533 3548 omne

1939 3588 2087 3660 quod
2123 3586 2282 3643 Pater
2306 3585 2456 3652 facit,
2498 3600 2594 3655 per
2630 3584 2828 3640 Filium
2871 3583 3020 3641 facit.
3059 3582 3118 3639 Si
3152 3586 3390 3642 essentia
3421 3603 3531 3642 una

1937 3688 2044 3745 est,
2068 3678 2115 3734 si
2140 3688 2334 3734 natura
2361 3693 2491 3744 una,
2517 3677 2562 3732 si
2592 3675 2858 3732 fortitudo
2887 3693 3018 3746 una,
3051 3677 3097 3735 si
3121 3679 3375 3735 voluntas
3398 3695 3530 3744 una,

1939 3771 2217 3842 quomodo
2243 3785 2352 3826 non
2383 3779 2465 3826 est
2494 3785 2601 3824 una
2625 3753 2904 3839 operatio?
2931 3769 3078 3826 Dicis
3099 3771 3228 3842 quia
3259 3773 3375 3828 haec
3403 3771 3534 3828 facit

1939 3860 2120 3918 Pater.
2143 3861 2254 3934 Ego
2270 3862 2416 3918 dico;
2438 3860 2553 3916 lloc
2576 3860 2754 3931 ipsum
2787 3860 2967 3928 Pater,
2995 3862 3101 3918 hoc
3133 3863 3311 3934 ipsum
3341 3863 3536 3936 Filius,

1944 3962 2119 4011 totum
2165 3955 2323 4010 Pater
2350 3963 2404 4010 et
2439 3963 2611 4009 totum
2645 3953 2836 4009 Filius.
2881 3953 3064 4025 ipsum
3117 3955 3298 4012 facere
3330 3957 3530 4024 Patris,

1947 4047 2067 4104 Filii
2098 4056 2202 4104 est.
2249 4047 2370 4103 Noli
2414 4062 2646 4118 pensare
2675 4046 2832 4118 quasi
2885 4047 3025 4103 duas
3072 4047 3337 4116 actiones,
3366 4065 3534 4106 unam

1948 4139 2234 4210 majorem,
2267 4155 2434 4193 unam
2466 4138 2767 4205 minorem;
2818 4145 2914 4194 aut
2939 4137 3081 4194 forte
3105 4139 3302 4195 similis
3328 4141 3535 4212 ponde-

1949 4231 2026 4287 ris
2053 4230 2293 4302 mquales
2318 4230 2486 4298 duas;
2519 4231 2702 4286 unitas
2735 4230 2840 4286 sibi
2867 4239 2970 4300 est,
2997 4230 3137 4286 nihil
3162 4232 3488 4304 multiplices
3519 4253 3531 4290 :

1949 4337 2058 4376 una
2093 4329 2178 4376 est
2204 4321 2350 4377 actio
2379 4321 2613 4376 duarum
2639 4321 2694 4376 in
2725 4336 2858 4390 uno,
2888 4321 3080 4390 trium,
3108 4322 3250 4378 actio
3275 4340 3404 4389 una,
3432 4325 3542 4381 sic-

1951 4423 2011 4469 ut
2033 4413 2208 4470 deitas
2235 4429 2345 4470 una
2367 4432 2381 4481 ;
2407 4424 2461 4470 et
2483 4414 2536 4469 in
2561 4430 2671 4470 una
2701 4415 2918 4471 actione
2945 4424 3078 4482 tres,
3109 4430 3218 4471 non
3243 4423 3354 4472 tres
3376 4433 3542 4490 agen-

1952 4514 2032 4560 tes
2067 4514 2213 4572 sunt,
2253 4505 2348 4561 sed
2376 4521 2520 4562 unus
2549 4521 2740 4578 agens,
2772 4507 2916 4563 sicut
2945 4508 2999 4562 in
3035 4507 3236 4563 deitate
3262 4523 3369 4563 una
3402 4517 3536 4576 tres,

256 4613 390 4670 ergo
416 4613 642 4652 uxorem
679 4597 886 4668 accepit
916 4605 1087 4668 pater,
1133 4604 1188 4653 et
1233 4598 1527 4652 contendat
1554 4607 1845 4652 uxoratum
1879 4611 1924 4666 ι)
1954 4612 2062 4652 non
2097 4605 2209 4653 tres
2230 4596 2306 4653 dii
2340 4604 2488 4663 sunt,
2516 4598 2610 4654 sed
2639 4615 2802 4654 unus.
2827 4597 3007 4665 Pater,
3034 4608 3086 4656 et
3115 4598 3306 4667 Filius,
3334 4611 3387 4656 et
3411 4598 3540 4672 θρεο-

257 4705 382 4747 esse
411 4699 642 4760 patrem,
673 4689 804 4760 quia
823 4689 936 4745 lilio
966 4689 1175 4760 accepit
1205 4705 1451 4745 uxorem.
1492 4689 1672 4756 Quare
1717 4703 1848 4760 ergo

261 4782 582 4838 incarnatus
617 4781 830 4836 dicatur
852 4796 974 4838 esse
1003 4780 1183 4849 Pater,
1220 4782 1350 4852 quia
1401 4781 1540 4837 Filio
1574 4798 1676 4838 suo
1723 4798 1849 4838 car-

260 4889 388 4930 nem
423 4873 619 4942 univit,
671 4874 815 4930 sicut
864 4874 982 4944 ipse
1034 4873 1207 4931 Filius
1252 4875 1570 4930 incarnatus
1627 4876 1848 4943 dicitur,

259 4967 390 5038 quia
420 4967 525 5022 sibi
568 4981 791 5022 carnem
829 4967 1137 5036 copulavit?
1176 4967 1388 5038 Sponsa
1432 4968 1653 5038 quippe,
1687 4966 1851 5024 Verbi

260 5073 393 5114 caro
414 5065 518 5126 est,
553 5066 608 5112 et
647 5058 945 5128 assumpsit
970 5057 1116 5113 illam
1147 5056 1387 5112 Verbum
1417 5057 1544 5124 sibi,
1596 5065 1651 5112 et
1693 5055 1855 5113 Pater

262 5147 429 5205 Verbi
470 5149 722 5206 similiter
770 5148 948 5206 Verbo
999 5165 1102 5206 suo
1137 5149 1314 5205 univit
1367 5164 1521 5217 eam,
1556 5157 1612 5204 et
1646 5149 1854 5219 operati

262 5251 395 5299 sunt
441 5243 551 5299 duo
601 5259 795 5312 unum,
845 5251 900 5299 et
943 5241 1047 5298 fuit
1087 5243 1141 5298 in
1190 5257 1302 5298 uno
1333 5241 1590 5312 'operatio
1619 5241 1854 5297 duorum

263 5347 396 5388 una.
415 5331 709 5404 Propterea
733 5333 847 5388 ait:
879 5351 898 5385 ι
921 5331 1272 5403 ραιεειιιιιιιιε
1292 5331 1453 5386 Pater
1480 5330 1628 5398 facit,
1664 5333 1778 5388 haec
1801 5338 1858 5388 et

263 5425 440 5483 Filius
467 5427 720 5484 similiter
751 5428 901 5485 facit.
934 5447 954 5481 ι
999 5427 1144 5494 Haec,
1169 5427 1366 5498 inquit,
1391 5437 1446 5483 et
1464 5425 1635 5484 Filius
1657 5427 1856 5483 simili-

263 5528 350 5576 ter
379 5519 530 5576 facit.
572 5520 714 5588 Quid
741 5530 828 5577 est
861 5540 880 5574 ι
900 5521 1016 5577 haec
1037 5521 1060 5575 ?
1079 5539 1098 5572 ι
1129 5517 1250 5574 Non
1278 5519 1406 5574 alia.
1447 5518 1588 5586 Quid
1616 5527 1702 5575 est
1731 5537 1750 5571 ι
1780 5519 1858 5577 si—

265 5611 512 5668 militer?
541 5631 560 5666 ι
595 5611 715 5669 Non
740 5613 918 5669 aliter.
944 5611 1063 5670 Non
1085 5619 1298 5682 poterat
1316 5610 1499 5666 unitas
1522 5610 1858 5681 operationis

266 5701 566 5775 perfectius
613 5705 1000 5762 demonstrari.
1047 5703 1167 5760 Non
1197 5703 1324 5759 alia.
1365 5701 1484 5758 Non
1534 5703 1732 5759 aliter:
1765 5717 1859 5758 ea-

269 5797 394 5852 dem
419 5807 477 5854 et
499 5798 690 5856 eodem
732 5799 914 5856 modo.
957 5798 1016 5854 Si
1059 5799 1246 5855 eadem
1293 5804 1630 5869 operaretur,
1661 5806 1717 5854 et
1747 5813 1858 5852 non

269 5889 462 5947 eadem
511 5892 674 5950 modo
724 5902 1058 5965 operaretur.
1099 5889 1353 5959 Operatio
1409 5905 1516 5946 una
1567 5905 1675 5947 non
1715 5900 1860 5948 esset

1951 4689 2091 4743 ritus
2139 4697 2387 4756 sanctus,
2427 4697 2536 4745 tres
2563 4704 2812 4760 personae
2848 4698 2996 4757 sunt,
3027 4690 3124 4746 sed
3165 4698 3276 4747 tres
3311 4690 3387 4747 dii
3429 4707 3537 4748 non

1951 4791 2100 4846 sunt,
2130 4797 2232 4837 nec
2261 4791 2370 4839 tres
2397 4790 2692 4846 creatores,
2725 4798 2826 4838 nec
2872 4791 2980 4838 tres
3022 4781 3278 4848 factores,
3319 4785 3447 4854 quia
3482 4784 3536 4840 in

1953 4887 2020 4928 eo
2046 4873 2191 4943 quod
2206 4887 2393 4942 ,unum
2438 4880 2586 4938 sunt,
2608 4872 2776 4927 dividi
2819 4888 2928 4928 non
2960 4881 3210 4943 possunt.
3252 4874 3543 4942 Quacum-

1955 4981 2064 5038 que
2107 4981 2239 5038 ergo
2265 4964 2428 5020 Pater
2463 4963 2612 5032 facit,
2655 4965 2772 5020 haec
2798 4973 2855 5021 ει
2894 4964 3068 5021 Filius
3093 4963 3224 5022 facit
3245 4966 3430 5038 (Joan.
3461 4971 3542 5042 ν).

1957 5057 2240 5124 Similiter,
2276 5056 2408 5129 quid
2453 5056 2628 5128 magis
2656 5056 2836 5113 simile
2873 5071 2995 5114 esse
3023 5066 3203 5128 potest
3228 5075 3397 5132 quam
3419 5063 3548 5118 uni-

1956 5151 2076 5206 tas?
2103 5147 2390 5216 Quomodo
2429 5146 2598 5204 dividi
2640 5156 2819 5218 potest
2851 5148 2998 5219 quod
3027 5150 3374 5222 multiplicari
3432 5167 3542 5208 nou

1958 5250 2156 5314 potest,
2184 5249 2279 5297 aut
2299 5241 2577 5312 quomodo
2598 5257 2630 5298 a
2646 5257 2706 5298 se
2721 5241 2975 5298 recedere
3001 5251 3182 5314 potest
3205 5245 3350 5315 quod
3373 5261 3542 5300 unum

1959 5333 2077 5403 est}?
2105 5332 2184 5389 Ne
2217 5349 2348 5405 ergo
2376 5333 2616 5402 mireris,
2664 5333 2712 5390 si
2747 5335 3177 5407 assumptionem
3213 5336 3396 5392 carnis
3423 5353 3547 5406 qua:

1960 5427 2031 5484 ad
2053 5426 2232 5483 solum
2263 5425 2459 5480 Filium
2489 5424 2745 5494 refertur,
2777 5441 2887 5483 non
2914 5428 3066 5484 solus
3091 5427 3264 5486 Filius
3289 5437 3548 5500 operatus

1958 5527 2065 5587 est,
2094 5519 2187 5575 sed
2210 5534 2338 5575 cum
2365 5517 2506 5574 Filio
2535 5517 2698 5573 Pater
2726 5519 2889 5576 etiam
2928 5529 2984 5576 et
3015 5519 3250 5591 Spiritus
3298 5530 3544 5578 sanctus.

1958 5609 2147 5683 Neque
2179 5610 2385 5666 idcirco
2412 5621 2525 5667 tres
2547 5611 2858 5668 incarnatos
2883 5611 3107 5678 dixeris,
3129 5611 3262 5682 quia
3288 5612 3534 5668 incarnao

1961 5702 2166 5758 tionem
2192 5701 2356 5758 unius
2380 5690 2489 5758 tres
2509 5703 2717 5773 operati
2739 5713 2888 5772 sunt,
2909 5704 3038 5775 quia
3068 5703 3308 5759 Trinitas
3340 5713 3550 5764 natura:

1964 5793 2378 5864 inseparabilem
2411 5793 2540 5850 facit
2562 5795 2961 5866 operationem,
2987 5803 3042 5851 et
3089 5795 3390 5866 proprietas
3420 5812 3538 5868 per~

1964 5901 2111 5942 sonte
2136 5885 2466 5958 singularem
2499 5887 2949 5958 assumptionem.
