3964 6450
478 424 586 483 ἳεὸ

790 533 868 586 De
893 532 1159 593 assumpta
1184 533 1339 572 came
1370 514 1421 566 in
1454 509 1744 566 Christum.

546 625 823 697 Quaeritur
882 612 1154 690 quomodo
1210 609 1409 672 homo,
1471 595 1830 672 personaliter
1879 587 2066 645 unitus

552 676 791 697 ις’-π---ν-
898 676 914 690 .

478 718 685 785 Verbo,
708 717 824 772 sine
846 717 1067 783 peccato
1097 700 1271 775 potuit
1297 694 1505 753 assumi
1536 691 1604 747 de
1628 703 1810 744 massa
1841 676 2067 739 lmmani

474 811 734 886 generis:
760 803 903 875 quod
932 810 1105 857 totum
1138 800 1479 862 corruptum,
1507 794 1559 841 et
1586 781 1743 854 quasi
1778 776 2070 833 fermenta-

1339 884 1345 886 Α
1505 879 1516 886 ,
1762 872 1776 886 ,
1817 880 1828 886 Α
1932 864 2066 886 ML.

472 864 593 959 :llm
616 909 700 956 est
722 864 945 970 peccato
971 893 1025 946 in
1050 888 1244 943 Adam.
1272 884 1350 939 Ad
1374 879 1520 953 quod
1546 872 1903 945 respondetur
1924 864 2070 937 quod

477 994 649 1067 Virgo
693 962 861 1045 hiaria
914 1000 1009 1057 per
1050 981 1211 1036 fidem
1251 976 1448 1032 futurae
1486 970 1679 1027 mortis
1708 962 1913 1022 Christi
1947 967 2073 1013 ante

480 1056 895 1156 conceptionem
926 1056 1189 1131 mundata
1224 1068 1389 1124 fuerit
1415 1082 1444 1121 a
1474 1071 1716 1134 peccato.
1754 1057 1956 1129 Nempe
1981 1056 2075 1108 dc-

480 1192 613 1237 cens
635 1145 755 1232 erat
787 1181 850 1227 ut
875 1185 937 1225 ea
964 1166 1204 1239 puritate
1240 1177 1347 1233 qua
1378 1158 1553 1228 major
1578 1154 1682 1210 sub
1711 1151 1822 1207 Deo
1850 1145 2075 1218 intelligi

482 1268 696 1339 nequit,
722 1263 879 1335 virgo
909 1260 1000 1316 illa
1025 1257 1242 1321 niteret,
1269 1251 1358 1308 cui
1388 1249 1531 1303 Deus
1551 1245 1713 1301 Pater
1739 1243 1959 1299 unicum
1990 1239 2078 1293 Fi-

485 1361 619 1416 lium
638 1371 821 1421 suum,
836 1365 1020 1423 quem,
1045 1348 1111 1404 de
1133 1343 1411 1401 corde’suo
1427 1338 1688 1413 genitum,
1704 1334 1809 1389 sibi
1830 1346 2080 1401 coarqua-

484 1454 616 1519 lem,
648 1461 908 1518 tanquam
961 1442 1202 1512 seipsum
1234 1434 1514 1505 diligebat,
1560 1431 1635 1486 ita
1665 1430 1797 1483 dare
1825 1427 2082 1497 dispone-

487 1545 603 1610 bat,
638 1551 697 1597 ut
744 1517 1065 1595 naturaliter
1100 1540 1246 1588 esset
1289 1542 1451 1583 unus.
1477 1524 1730 1593 idemque
1775 1517 2082 1575 communis

489 1609 597 1691 Dei
622 1631 799 1687 Patris
840 1636 895 1685 et
944 1623 1183 1696 Virginis
1230 1619 1425 1685 Filius,
1457 1626 1512 1672 et
1551 1629 1717 1686 quam
1761 1613 1877 1683 ipse
1913 1609 2084 1664 Filius

492 1716 1136 1785 substantialiter'facere
1162 1711 1265 1769 sibi
1287 1716 1516 1765 matrem
1540 1705 1790 1778 eligebat,
1809 1702 1950 1758 etde
1978 1715 2085 1772 qna

494 1817 733 1890 Spiritus
766 1820 988 1869 sanctus
1019 1807 1235 1864 volebat
1267 1814 1321 1859 et
1349 1810 1606 1873 operatus
1634 1807 1771 1863 erat,
1805 1804 1864 1851 ut
1897 1793 2087 1851 conci—

490 1886 715 1983 piaretur
753 1912 809 1960 et
846 1908 1164 1957 nasceretur
1193 1897 1302 1963 ille,
1341 1896 1408 1950 de
1447 1908 1557 1965 quo
1595 1891 1708 1961 ipse
1742 1886 2088 1960 procedebat,

496 2015 669 2077 quare
711 1999 779 2053 de
822 1993 1185 2052 mundissima
1236 1988 1445 2060 virgine
1487 1985 1665 2057 potuit
1706 1983 1823 2039 sine
1869 1986 2093 2051 peccato

496 2091 717 2163 concipi
748 2088 921 2144 Filius
951 2085 1067 2151 Dei,
1105 2092 1160 2138 et
1198 2080 1353 2137 nasci
1388 2094 1485 2150 per
1516 2075 1733 2134 unitum
1774 2073 1877 2130 sibi
1911 2071 2093 2127 homi-

498 2201 646 2243 nem.
696 2183 932 2251 Exccpta
982 2184 1170 2235 sancta
1214 2172 1432 2245 Virgine
1460 2170 1654 2237 Maria,
1685 2168 1752 2223 de
1802 2181 1932 2238 qua,
1962 2179 2095 2233 pro»

500 2288 623 2352 pter
649 2277 917 2331 honorem
944 2267 1186 2333 Domini,
1218 2264 1422 2320 nullam
1453 2274 1682 2333 prorsus
1710 2272 1836 2314 cum
1865 2254 1932 2310 de
1967 2269 2094 2324 pec-

501 2344 644 2428 catis
671 2366 869 2439 agitur,
901 2360 1091 2418 haberi
1130 2357 1252 2413 volo
1280 2352 1662 2427 quaestionem,
1693 2348 1900 2405 scimus
1949 2344 2095 2400 enim

502 2460 654 2536 quod
679 2435 731 2515 ei
754 2458 875 2528 plus
901 2454 1087 2527 gratiae
1115 2451 1187 2508 sit
1211 2449 1472 2506 collatum
1501 2444 1567 2500 ad
1596 2440 1926 2498 vincendum
1948 2435 2097 2493 omni

504 2534 575 2611 ex
600 2561 756 2625 parte
784 2557 1090 2621 peccatum.
1121 2544 1252 2599 Inde
1294 2539 1442 2613 quod
1488 2534 1778 2604 concipere
1812 2545 1876 2585 ac
1910 2542 2101 2600 parere

507 2645 733 2713 meruit,
785 2657 947 2713 quem
996 2644 1215 2696 constat
1266 2633 1477 2690 nullum
1526 2626 1785 2684 habuisse
1817 2629 2100 2693 peceatum

511 2739 893 2810 (Auccsrtnus.
950 2732 1025 2786 De
1074 2738 1186 2784 nat.
1235 2735 1284 2783 et
1336 2734 1501 2797 grat.,
1551 2736 1600 2777 c.
1646 2717 1759 2788 '56).
1807 2714 1920 2770 Hac
1974 2729 2103 2783 ergo

509 2831 723 2903 virgine
748 2834 994 2897 excepta,
1032 2822 1079 2880 si
1110 2835 1302 2878 omnes
1339 2814 1515 2873 sancti
1547 2821 1601 2869 et
1632 2817 1834 2867 sancta:
1878 2821 2107 2877 congre-

512 2896 629 2994 gari
662 2896 905 2991 possent,
936 2914 1069 2986 quid
1096 2909 1509 2982 responderent,
1536 2902 1642 2959 nisi
1686 2900 1830 2972 quod
1870 2896 2108 2953 Joannes

509 3015 634 3069 ait:
667 3030 686 3064 ε
745 3010 804 3065 Si
833 3007 1136 3064 dixerimus
1189 3001 1317 3073 quia
1354 3005 1635 3070 peccatum
1678 3008 1785 3049 non
1820 2991 2105 3054 habemus,

512 3120 618 3163 nos
644 3105 795 3175 ipsos
825 3095 1182 3157 seducimus?
1231 3114 1249 3147 ι
1288 3090 1342 3164 (Ι
1369 3090 1531 3144 Joan.
1567 3087 1630 3157 ι.)
1664 3084 1919 3156 Legimus
1950 3101 1962 3136 :
1996 3079 2110 3135 Ma-

516 3173 869 3254 riam—totam
902 3186 1205 3258 repleverat
1236 3180 1473 3252 Spiritus
1502 3176 1676 3234 sancti
1707 3173 1900 3245 gratia,
1937 3179 2108 3226 totam
2139 3190 2180 3245 ο

518 3285 880 3345 incanduerat
907 3279 1124 3336 divinus
1155 3290 1331 3340 amor,
1361 3274 1436 3328 ita
1466 3269 1612 3344 quod
1638 3268 1693 3323 in
1724 3282 1787 3322 ea
1815 3265 1949 3320 nihil
1969 3272 2115 3319 esset

519 3377 834 3437 mundanus
868 3370 1014 3444 quod
1040 3368 1272 3424 violaret
1314 3363 1563 3429 allectus,
1610 3360 1703 3416 sed
1748 3356 1912 3412 ardor
1939 3354 2116 3411 conti-

522 3483 667 3526 nuus
695 3475 749 3521 et
789 3463 1027 3518 ebrietas
1070 3456 1282 3530 profusi
1318 3455 1542 3510 amoris.
1593 3447 2000 3521 (Aucusrtsns).
2056 3445 2116 3502 Si

525 3559 792 3632 Spiritum
822 3554 917 3609 Dei
943 3551 1124 3607 omnis
1150 3549 1324 3603 virtus
1374 3543 1693 3613 angelorum
1725 3546 1961 3604 constat,
1986 3536 2118 3591 bea-

526 3627 640 3709 tam
665 3658 721 3706 et
747 3646 1041 3720 gloriosam
1072 3640 1368 3713 Virginem,
1394 3641 1447 3691 in
1470 3649 1635 3707 quam
1660 3630 1971 3703 supervenit
1990 3627 2106 3699 Spi-

529 3746 671 3802 ritus
700 3748 948 3805 sanctus,
971 3743 1024 3791 et
1051 3742 1199 3789 totus
1232 3734 1373 3787 Deus
1399 3730 1626 3800 illapsus
1652 3732 1899 3797 portatur
1923 3735 2119 3776 novem

529 3835 816 3895 mensibus
844 3831 898 3886 in
934 3838 1113 3894 utero,
1170 3823 1500 3881 credendum
1545 3827 1629 3876 est
1658 3816 1865 3887 majora
1903 3828 2122 3885 prome-

529 3929 712 3988 ruisse
740 3925 1003 3980 virtutum
1029 3917 1334 3990 privilegia,
1358 3923 1414 3971 et
1433 3910 1742 3986 percepisse
1771 3906 2024 3981 gratiam,
2053 3905 2123 3960 ab

532 4019 740 4093 angelis
766 4016 931 4072 etiam
962 4011 1347 4069 collaudatam.

606 4089 859 4180 Suscepit
890 4105 1145 4162 Christus
1170 4102 1239 4157 de
1268 4109 1414 4155 terra
1438 4105 1664 4162 terram,
1701 4092 1834 4165 quia
1881 4089 1949 4145 de
1978 4098 2122 4144 terra

533 4218 665 4261 caro
700 4210 803 4267 est,
836 4208 892 4255 et
920 4198 987 4253 de
1016 4210 1183 4252 carne
1223 4190 1409 4246 Mariae
1436 4202 1658 4244 carnem
1697 4182 1925 4253 accepit,
1973 4191 2027 4236 et
2068 4179 2121 4234 in

534 4297 650 4367 ipsa
681 4307 847 4349 carne
875 4289 965 4345 hic
990 4284 1309 4347 ambulavit,
1342 4290 1395 4336 et
1419 4281 1592 4350 ipsam
1617 4290 1839 4331 carnem
1869 4274 2027 4328 nobis
2056 4271 2124 4328 ad

535 4363 981 4444 manducandum
1014 4379 1079 4435 ad
1109 4377 1340 4433 salutem
1364 4371 1529 4427 dedit.
1571 4388 1590 4420 ι
1618 4366 1935 4438 Apostolus.
1974 4383 1993 4417 ι
2023 4363 2125 4431 Qui

536 4482 717 4538 factus
757 4486 843 4534 est
873 4476 924 4532 ei
956 4489 1025 4529 ex
1076 4470 1285 4526 semine
1333 4462 1500 4519 David
1554 4460 1853 4517 secundum
1906 4471 2125 4511 carnem

541 4575 716 4647 (Rom.
743 4575 806 4643 t).
838 4589 857 4623 ι
887 4567 1022 4622 Nam
1052 4565 1195 4621 sicut
1222 4560 1365 4615 Deus
1386 4573 1450 4613 ex
1477 4552 1781 4612 substantia
1805 4549 1984 4605 Patris
2005 4557 2131 4604 ante

542 4637 740 4719 saecula
766 4637 940 4714 'natus
976 4660 1080 4720 est,
1111 4651 1185 4705 ita
1214 4650 1379 4704 homo
1408 4661 1475 4701 ex
1516 4641 1822 4700 substantia
1849 4638 2042 4693 matris
2073 4637 2129 4692 in

543 4753 747 4812 szeculo
783 4758 965 4805 natus.
1012 4742 1149 4799 Nam
1192 4740 1239 4796 si
1287 4740 1354 4794 de
1387 4736 1561 4792 nihilo
1607 4733 1785 4788 factus
1832 4738 1995 4797 esset,
2042 4728 2133 4785 ille

544 4846 714 4902 homo
747 4841 936 4897 unitos
965 4835 1078 4892 Deo
1107 4830 1486 4905 personaliter,
1518 4826 1661 4883 sicut
1707 4821 1954 4878 nonnulli
1983 4837 2138 4878 asse-

545 4944 698 5000 runt,
729 4933 815 4987 vel
851 4931 919 4986 de
961 4928 1069 4983 alio
1106 4937 1302 4995 genere
1330 4935 1494 4992 quam
1539 4919 1606 4973 de
1644 4914 1851 4970 Adam?
1886 4913 2135 4970 Humana

548 5036 744 5083 natura
767 5038 889 5096 qua:
922 5030 1036 5077 tota
1061 5018 1256 5074 eratin
1287 5015 1483 5074 Adam.
1514 5019 1569 5066 et
1592 5009 1667 5064 ibi
1694 5007 1960 5085 peccavit,
1987 5006 2137 5062 nullo

548 5120 715 5176 modo
763 5114 1118 5172 satisfecisset
1158 5112 1268 5167 Deo
1317 5124 1417 5181 pro
1448 5114 1669 5178 peccato
1706 5119 1829 5171 suo,
1859 5102 1989 5175 quia
2037 5115 2139 5156 nec

550 5214 669 5285 ipse
709 5211 905 5277 Adam,
933 5223 1033 5264 nec
1062 5204 1263 5276 aliquis
1287 5203 1354 5259 de
1389 5214 1587 5271 genere
1632 5197 1780 5253 illius
1807 5205 1967 5251 natus
1988 5192 2139 5249 debi-

550 5317 669 5364 tum
711 5304 844 5360 illud
875 5300 1147 5361 solvisset.
1194 5295 1261 5351 Et
1289 5294 1336 5351 si
1363 5291 1618 5348 Christus
1656 5290 1869 5346 alienus
1903 5295 2046 5343 esset
2071 5285 2140 5340 ab

551 5401 794 5457 humano
838 5409 1036 5469 genere
1098 5389 1242 5461 quod
1290 5393 1627 5457 peccaverat,
1681 5380 1982 5438 satisfactio
2019 5379 2141 5449 ejus

551 5492 701 5549 nulla
743 5489 959 5546 ratione
983 5484 1281 5555 pertineret
1311 5478 1377 5532 ad
1410 5477 1606 5542 Adam,
1646 5484 1700 5531 et
1726 5491 1792 5530 ex
1815 5488 1881 5529 eo
1907 5472 2138 5545 genitos,

551 5598 607 5640 et
637 5598 745 5638 non
781 5581 864 5635 eis
894 5574 1185 5634 subvenire
1213 5584 1375 5643 posse
1396 5568 1673 5622 videretur
1715 5566 1949 5635 amplius
1974 5578 2141 5633 quam

553 5674 824 5731 diabolus.
873 5666 1282 5740 (Δυςυετικυε.)
1322 5659 1381 5716 In
1410 5661 1570 5716 vulva
1611 5656 1853 5729 Virginis
1895 5653 2143 5728 genitalis

557 5765 780 5837 sanguis
810 5770 875 5817 et
910 5759 1181 5815 femineus
1206 5757 1407 5809 humor
1452 5752 1572 5807 fuit.
1610 5750 1750 5805 llnic
1781 5747 2028 5820 sanguini
2059 5746 2143 5799 vel

558 5856 780 5914 humori
809 5852 1048 5907 Verbum
1078 5865 1136 5904 se
1164 5846 1403 5913 miscuit,
1433 5855 1486 5901 et
1516 5842 1879 5902 substantiam
1924 5838 2145 5910 sangui-

1615 385 1937 448 WERNEN
1975 376 2270 437 ABBATIS
2311 374 2370 431 S.
2413 367 2631 426 BLASII

2088 499 2135 558 Α
2168 491 2254 547 nis
2301 488 2355 542 in
2402 498 2621 543 carnem
2649 476 2985 550 congelatam
3035 468 3180 526 fecit.
3220 465 3455 521 Accessit
3495 465 3698 537 ὃρὶτὶιιιε

3606 357 3690 416 τδι

2171 590 2419 642 sanctus,
2451 576 2642 632 ethzcc
2667 586 2788 642 qua:
2831 567 3047 622 fuerant
3101 558 3263 615 Verbi
3316 557 3529 628 glutinio
3573 573 3697 618 om-

2169 681 2432 737 massata,
2467 663 2761 723 animando
2789 657 3065 723 formavit,
3105 660 3159 709 et
3202 651 3428 706 formata
3474 649 3699 709 distinxit.

2171 764 2385 839 (Βευλ.)
2436 760 2710 815 Numerus
2766 769 2892 810 XLVI
2950 762 3220 805 annorum
3269 742 3567 815 perfectioni
3618 746 3705 802 Dc.

2172 853 2362 911 minici
2393 848 2641 921 corporis
2688 843 2970 916 aptissime
3021 834 3293 907 congruit.
3349 831 3704 908 (Auccsrmus.)

2177 946 2425 1002 Tradunt
2443 943 2588 1001 enim
2627 936 2957 995 naturalium
3000 930 3292 1000 scriptores
3308 924 3704 992 rerum,l‘ormatn

2176 1038 2420 1110 corporis
2443 1032 2670 1092 humani
2698 1039 2774 1085 tot
2795 1028 3005 1083 dierum
3033 1023 3209 1094 spatio
3232 1018 3435 1091 perfici,
3457 1020 3571 1088 quia
3588 1020 3708 1074 vide-

2177 1126 2585 1202 licet‘proximis
2608 1139 2703 1180 sex
2726 1137 2756 1177 a
2779 1117 3135 1188 conceptione
3156 1112 3369 1176 diebus,
3392 1109 3535 1165 lactis
3554 1112 3711 1168 habeat

2180 1221 2618 1285 similitudinem,
2667 1211 3023 1285 sequentibus
3072 1219 3269 1261 novem
3318 1211 3635 1258 convertatur
3667 1204 3713 1258 in

2182 1313 2536 1385 sanguinem,
2561 1307 2757 1363 deinde
2789 1320 2864 1358 xu
2895 1303 3177 1363 solidetur,
3221 1294 3445 1364 reliquis
3476 1311 3592 1349 xvtn
3627 1295 3715 1350 for-

2184 1419 2364 1462 metur
2394 1417 2567 1473 usque
2599 1399 2665 1455 ad
2689 1395 2924 1470 perfecta
2956 1392 3275 1447 liniamenta
3315 1388 3545 1442 omnium
3579 1402 3717 1441 mein-

2186 1499 2434 1563 brornm,
2466 1503 2519 1548 et
2544 1492 2671 1547 hinc
2690 1490 2802 1560 jam
2835 1485 3046 1555 reliquo
3073 1492 3317 1552 tempore
3339 1493 3505 1549 usque
3528 1478 3584 1532 ad
3606 1488 3718 1533 tem-

2186 1605 2289 1660 pus
2328 1593 2537 1658 partus,
2570 1577 2945 1652 magnitudine
2996 1582 3283 1646 augeatur.
3342 1567 3449 1624 Sex
3486 1578 3639 1623 autem
3678 1578 3721 1623 et

2190 1696 2267 1747 ιι,
2291 1687 2345 1734 et
2372 1692 2447 1732 xu
2478 1683 2533 1731 et
2555 1689 2712 1741 xvttt,
2746 1686 2846 1725 χιον
2887 1668 3119 1723 faciunt.
3165 1664 3379 1732 Quibus
3409 1662 3452 1716 si
3477 1677 3618 1716 unum
3646 1661 3724 1715 ad-

2187 1770 2505 1842 jecerimus,
2551 1766 2604 1820 id
2639 1772 2723 1820 est
2768 1762 2946 1832 ipsum
2997 1758 3140 1814 diem
3186 1772 3298 1828 quo
3343 1755 3604 1811 discretum
3644 1768 3725 1824 per

2193 1861 2438 1918 membra
2473 1872 2673 1928 corpus
2703 1863 3040 1909 crementum
3072 1865 3291 1906 sumere
3335 1848 3532 1916 incipit,
3558 1856 3626 1900 tot
3661 1848 3729 1899 ni.

2194 1955 2397 2010 mirum
2426 1951 2542 2007 dies
2575 1950 2630 2003 in
2656 1944 3015 2002 aedificatione
3051 1940 3298 2012 corporis
3323 1938 3553 2005 Domini,
3576 1953 3665 2007 quo
3684 1938 3729 1995 in

2196 2044 2551 2101 fabricatione
2586 2038 2770 2109 templi
2793 2052 2968 2092 annos
2994 2035 3325 2090 invenimus.

2269 2130 2678 2209 (Αυςυετικυε.)
2729 2129 2848 2185 Νοιι
2908 2128 2965 2182 in
2995 2136 3149 2181 utero
3189 2122 3438 2194 Virginis
3480 2119 3612 2191 prius
3630 2134 3732 2174 con-

2198 2236 2350 2298 cepta
2386 2234 2488 2291 est,
2518 2232 2570 2279 et
2616 2218 2963 2293 postmodum
2992 2216 3249 2271 divinitas
3285 2213 3437 2268 venit
3464 2211 3515 2265 in
3539 2225 3735 2275 carnem,

2202 2320 2295 2376 sed
2322 2333 2448 2373 mox
2476 2325 2535 2371 ut
2555 2314 2706 2370 venit
2731 2311 2971 2368 Verbum
3002 2310 3055 2364 in
3093 2317 3247 2362 utero
3276 2304 3463 2377 (Joan.
3490 2306 3545 2374 ι),
3564 2309 3735 2358 servato

2203 2412 2437 2484 propria:
2468 2416 2678 2464 natura:
2724 2405 3006 2469 varietate,
3041 2401 3244 2456 factum
3288 2407 3377 2454 est
3410 2412 3549 2460 caro,
3570 2404 3614 2450 et
3640 2409 3741 2464 per-

2203 2503 2376 2560 fectus
2400 2503 2585 2568 homo,
2614 2498 2667 2553 id
2697 2507 2779 2554 est
2808 2497 2864 2550 in
2892 2496 3119 2550 veritate
3145 2493 3331 2549 carnis
3370 2500 3426 2546 et
3451 2488 3639 2550 animae,
3666 2501 3742 2539 na-

2202 2605 2293 2652 tus
2318 2603 2402 2682 est
2426 2594 2494 2649 de
2533 2606 2697 2648 carne
2745 2589 2856 2655 illa,
2901 2587 2987 2644 cui
3019 2587 3234 2642 unitum
3275 2594 3362 2640 est
3398 2581 3632 2638 Verbum.
3672 2578 3746 2633 Est

2205 2671 2422 2758 quoque
2467 2684 2571 2739 alia
2618 2681 2795 2737 ratio:
2843 2679 3057 2734 Dictum
3099 2689 3182 2733 est
3211 2677 3477 2732 nimirum
3505 2673 3616 2727 alibi
3646 2671 3747 2741 quia

2206 2779 2312 2833 hoc
2337 2775 2483 2848 quod
2528 2773 2830 2830 assumitur
2859 2772 2926 2827 ad
2972 2770 3180 2841 prolem
3220 2768 3288 2824 de
3326 2775 3546 2839 parente
3585 2764 3750 2819 nullam

2207 2871 2372 2926 habet
2397 2860 2731 2925 voluntatem
2761 2886 2774 2922 :
2802 2867 3032 2936 ideoque
3054 2864 3262 2919 nullum
3288 2868 3585 2933 peccatum.
3602 2854 3754 2926 Itaque

2208 2965 2558 3036 perspicuum
2599 2969 2703 3028 est,
2732 2960 2994 3031 quoniam
3044 2958 3100 3013 in
3130 2973 3196 3012 eo
3228 2956 3379 3026 quod
3412 2952 3577 3008 Filius
3598 2949 3682 3005 Dei
3709 2948 3756 3002 in

2212 3072 2369 3113 suam
2398 3071 2693 3127 personam
2731 3052 3049 3124 assumpsit,
3082 3049 3148 3106 de
3175 3047 3409 3120 Virgine
3450 3046 3586 3101 nulla
3617 3041 3759 3115 potuit

2210 3161 2333 3204 esse
2388 3146 2601 3202 macula
2642 3146 2869 3217 peccati.
2906 3143 3318 3214 (AUGUSTINUSJ
3380 3133 3763 3194 Incommutabi-

2215 3240 2283 3295 lis
2305 3239 2505 3294 veritas
2528 3254 2622 3309 per
2648 3235 2899 3308 spiritum
2925 3236 3188 3299 animam,
3218 3242 3273 3288 et
3298 3249 3399 3304 per
3421 3233 3642 3287 animam
3665 3240 3764 3282 cor-

2215 3347 2320 3405 pus
2346 3332 2673 3402 suscipiens,
2707 3338 2823 3385 toto
2853 3329 3073 3384 homine
3110 3337 3402 3397 assumpto
3457 3326 3523 3380 ab
3550 3320 3770 3379 omnibus

2217 3438 2341 3478 eum
2387 3421 2798 3477 infirmitatibus
2828 3421 3097 3476 liberavit.
3138 3418 3421 3491 Quidquid
3456 3416 3594 3473 enim
3624 3410 3771 3468 homi-

2220 3516 2308 3572 nis
2331 3531 2439 3571 non
2470 3515 2524 3570 in
2563 3531 2622 3571 se
2648 3514 2969 3585 assumpsit,
3000 3529 3099 3568 nec
3139 3512 3419 3567 liberavit.
3455 3510 3601 3566 Sicut
3620 3515 3779 3563 autem

2221 3607 2275 3663 in
2322 3607 2575 3677 sepulcro
2606 3621 2825 3662 carnem
2871 3621 3028 3661 suam
3074 3603 3369 3659 moriendo
3409 3619 3521 3658 non
3550 3598 3775 3662 deseruit,

2222 3698 2303 3753 sic
2345 3697 2399 3751 in
2441 3707 2599 3753 utero
2638 3695 2882 3766 Virginis
2914 3710 3035 3750 eam
3079 3693 3359 3750 nascendo
3406 3692 3673 3749 formavit.
3702 3686 3780 3743 Sic

2221 3803 2352 3861 ergo
2383 3804 2493 3843 non
2522 3789 2835 3844 discedente
2863 3787 2996 3854 vita,
3027 3795 3278 3842 mortuus
3306 3794 3413 3853 est,
3450 3785 3589 3842 sicut
3615 3793 3780 3854 passus

2222 3888 2326 3945 est,
2354 3896 2461 3937 non
2486 3889 2745 3951 pereunte
2783 3881 2908 3934 vita:
2927 3879 3188 3950 potentia.
3234 3878 3509 3946 Quamvis
3533 3892 3653 3948 ergo
3681 3886 3787 3928 rato

2224 3973 2505 4044 reliquerit
2530 3976 2792 4040 animam,
2818 3981 2873 4030 et
2894 3971 3243 4043 expiraverit,
3269 3971 3453 4028 deitas
3481 3979 3655 4025 tamen
3677 3980 3789 4021 neu-

2223 4078 2369 4124 trum
2398 4068 2635 4138 reliquit,
2660 4083 2723 4123 ex
2755 4083 2866 4138 quo
2894 4065 3130 4122 Verbum
3160 4081 3292 4121 caro
3321 4064 3534 4121 factum
3561 4071 3656 4118 est.
3680 4057 3789 4126 Qui-

2226 4160 2352 4216 dam
2381 4159 2626 4231 ﬂagitart
2646 4159 2750 4215 sibi
2776 4159 2929 4214 reddi
2961 4158 3225 4214 rationem
3253 4157 3541 4228 quomodo
3566 4153 3699 4209 Deus
3717 4151 3794 4203 lto-

2229 4252 2363 4309 mini
2409 4252 2704 4323 permistus
2737 4251 2829 4317 sit,
2863 4260 2923 4306 ut
2961 4267 3067 4306 una
3108 4265 3342 4321 persona
3384 4247 3599 4303 Christi
3645 4247 3795 4305 ﬁeret,

2229 4357 2354 4397 cum
2392 4342 2495 4397 hoc
2525 4342 2691 4397 semel
2736 4342 2853 4397 ﬁeri
2904 4342 3162 4413 potuerit,
3206 4341 3367 4411 quasi
3413 4340 3675 4394 rationem
3708 4332 3799 4402 ipsi

2232 4436 2461 4491 reddant
2488 4435 2555 4490 de
2586 4450 2644 4490 re
2667 4450 2789 4506 quas
2814 4436 3057 4506 quotidie
3105 4434 3185 4501 fit,
3215 4433 3505 4504 quomodo
3535 4431 3803 4485 misceatur

2159 4529 2205 4583 D
2235 4529 2419 4583 anima
2445 4528 2682 4598 corpori,
2721 4536 2777 4582 ut
2810 4543 2916 4582 una
2963 4541 3195 4595 persona
3239 4526 3335 4580 fiat
3378 4524 3644 4581 hominis.
3690 4517 3809 4572 Nam

2235 4621 2378 4677 sicut
2405 4620 2459 4674 in
2505 4622 2712 4675 unitate
2745 4635 2994 4690 personae
3036 4619 3219 4673 anima
3259 4618 3438 4672 utitur
3476 4627 3725 4686 corpore,
3761 4616 3812 4661 ιιι

2236 4712 2402 4767 homo
2458 4711 2529 4768 sit
2572 4711 2643 4767 ita
2689 4712 2743 4765 in
2785 4711 2996 4766 unitate
3036 4726 3313 4780 personas;
3350 4709 3505 4764 Deus
3536 4709 3705 4763 utitur
3732 4704 3817 4756 hc-

2236 4807 2405 4874 mine,
2429 4813 2490 4860 ut
2518 4803 2773 4860 Christus
2802 4804 2892 4858 sit.
2923 4802 2980 4857 ln
3012 4803 3102 4856 illa
3125 4802 3292 4873 igitur
3308 4816 3579 4872 persona.
3610 4797 3818 4853 mistura

2236 4910 2320 4956 est
2340 4896 2537 4953 animae
2556 4904 2610 4951 et
2636 4894 2902 4965 corporis,
2926 4901 2980 4949 et
3022 4892 3075 4948 in
3101 4893 3204 4948 hac
3228 4907 3469 4963 persona
3500 4892 3735 4945 mistura
3756 4894 3827 4939 est

2240 4991 2335 5047 Dei
2368 5001 2423 5048 et
2445 4991 2706 5058 hominis,
2758 4988 2804 5045 si
2832 4998 3013 5045 tamen
3045 4987 3265 5042 recedat
3294 4987 3523 5041 auditor
3547 5001 3581 5039 τι
3612 4994 3826 5039 consue-

2239 5083 2427 5140 tudine
2456 5097 2768 5152 corporum,
2796 5081 2926 5152 quia
2956 5080 3134 5135 solent
3163 5079 3275 5134 duo
3302 5080 3566 5149 liquores
3611 5077 3688 5131 ita
3717 5072 3838 5129 mis-

2238 5175 2372 5244 ceri,
2396 5177 2666 5245 utzneuter
2688 5182 2863 5230 servet
2884 5172 3250 5244 integritatem
3288 5187 3475 5237 suam,
3503 5178 3834 5241 quamquam

2239 5279 2294 5326 et
2320 5269 2456 5341 ipsis
2501 5268 2823 5339 corporibus
2866 5265 3008 5320 aeris
3036 5265 3130 5320 lux
3159 5264 3491 5336 incorporea
3526 5264 3841 5319 misceatur.
3928 5276 3929 5323 ι

2241 5364 2384 5437 Ergo
2411 5379 2643 5435 persona
2673 5361 2912 5417 hominis
2936 5361 3167 5416 mistura
3196 5368 3282 5416 est
3312 5348 3522 5413 animae
3572 5366 3635 5412 et
3662 5367 3844 5421 cmpe-

2243 5459 2337 5516 ris.
2377 5456 2513 5511 Cum
2549 5455 2694 5510 enim
2738 5453 2980 5509 Verbum
3010 5449 3103 5506 Dei
3140 5451 3471 5522 permistum
3522 5458 3622 5504 est
3666 5446 3853 5502 animae
3928 5474 3929 5522 ᾗ

2243 5550 2468 5607 ιιωνθηιὶ
2493 5564 2714 5619 corpus,
2742 5547 2907 5602 simul
2935 5555 2986 5601 et
3016 5546 3257 5600 animam
3283 5541 3529 5612 suscipit
3560 5551 3619 5596 et
3635 5550 3848 5606 corpus.
3928 5541 3929 5589 1

2242 5642 2378 5700 Illud
2403 5642 2646 5714 quotidie
2675 5640 2734 5695 fit
2757 5640 2822 5695 ad
2859 5639 3228 5710 procreandos
3268 5636 3539 5691 homines
3577 5654 3594 5690 :
3642 5635 3754 5689 hoc
3782 5648 3864 5683 se-

2245 5737 2350 5793 mel
2380 5736 2581 5791 factum
2612 5744 2687 5789 est
2712 5734 2778 5789 ad
2807 5731 3118 5787 liberandos
3143 5731 3416 5787 homines.
3438 5727 3865 5784 Verumtamta
3928 5748 3929 5751 η

2245 5834 2477 5890 duarum
2530 5843 2709 5883 rerum
2764 5827 3209 5895 inem-porearum
3262 5820 3603 5879 commistio
3654 5816 3878 5876 facibus
3928 5796 3929 5813 ‘
