3964 6470
266 428 367 490 ⁸185

1204 415 1776 502 uerto‘nuionss
1817 448 1915 504 ss.
1959 446 2266 505 PATRUM.
2308 481 2376 490 -
2412 450 2542 508 1.11:.
2585 450 2626 508 1.

3445 457 3557 514 786

269 554 413 611 credi
462 554 664 611 debuit
707 570 875 627 quam
906 553 1069 609 unius
1092 555 1145 609 in
1175 570 1419 627 corpore.
1447 556 1582 613 Nam
1613 559 1659 615 si
1683 561 1866 617 anima
1894 581 1942 638 Α
1972 578 2186 633 regum,
2217 563 2463 634 ejusdem
2495 566 2663 621 ductu
2702 564 2872 622 stella
2915 565 3349 642 Hierosolymam
3385 589 3551 628 vene-

275 649 324 703 in
354 647 442 704 sui
492 654 700 702 natura
726 662 838 702 non
865 645 1090 713 fallitur,
1124 646 1502 718 incorpoream
1540 663 1599 704 se
1625 664 1866 720 compre-

276 739 479 795 hendit.
505 737 683 793 Multo
719 738 895 811 magis
932 747 1016 794 est
1064 739 1447 809 incorporeum
1476 737 1713 794 Verbum
1747 739 1861 808 Dei,

280 847 338 886 ac
384 845 481 901 per
524 831 633 884 hoc
661 829 824 885 Verbi
881 829 976 884 Dei
1005 839 1058 885 et
1100 829 1295 884 animae
1323 829 1636 885 credibilior
1679 830 1866 886 debuit

278 937 393 979 esse
424 922 715 993 permistio
742 937 907 994 quam
938 923 1135 976 anima:
1163 930 1216 975 et
1249 920 1514 989 corporis.

506 1013 746 1069 SERMO
784 1013 872 1067 DE
908 1011 1330 1066 NATIVITATE
1366 1010 1624 1067 DOMINI.

344 1104 485 1173 Quia
534 1105 700 1159 hodie
730 1103 1059 1174 Redemptor
1102 1110 1264 1157 natus
1296 1102 1352 1155 in
1396 1101 1662 1155 mundum
1703 1101 1867 1157 modo

279 1198 470 1255 salutis
491 1205 711 1252 aeterna:
728 1196 1028 1251 remedium
1057 1195 1255 1260 attulit,
1279 1192 1581 1248 nativitatis
1605 1207 1718 1247 sua:
1737 1201 1868 1247 tem.

278 1304 378 1360 pus
427 1288 616 1343 multis
659 1287 1051 1342 miraculorum
1087 1285 1383 1341 declaravit
1425 1283 1753 1355 insignibus.
1786 1282 1867 1338 Ex

278 1380 549 1436 universis
568 1388 750 1434 autem
775 1379 1009 1449 primum
1023 1377 1320 1433 Dominiae
1335 1376 1631 1432 nativitatis
1648 1376 1866 1446 signum

278 1479 412 1537 erat,
441 1471 588 1540 quod
621 1485 688 1526 eo
710 1479 954 1541 tempore
978 1485 1090 1542 quo
1120 1469 1375 1528 Christus
1400 1480 1562 1526 natus
1587 1479 1692 1537 est,
1717 1469 1870 1525 solus

278 1562 460 1618 Caesar
483 1562 764 1632 Augustus
787 1562 948 1617 nimis
969 1562 1230 1632 paciﬁcus
1252 1571 1368 1617 toto
1416 1561 1623 1616 mundo
1651 1558 1869 1630 praefuit

281 1655 433 1725 (Luc.
468 1658 531 1726 11)
566 1674 581 1710 :
620 1655 767 1724 quod
800 1662 958 1710 antea
981 1654 1285 1711 inauditum
1317 1654 1421 1710 fuit
1451 1663 1530 1709 tot
1554 1653 1786 1724 populos
1816 1660 1870 1707 et

282 1750 529 1803 rationes
557 1764 728 1802 unum
757 1763 918 1819 posse
960 1747 1069 1818 pati
1100 1748 1406 1804 dominum.
1432 1746 1510 1802 Ex
1542 1747 1647 1802 hoc
1686 1754 1866 1801 autem

235 1900 242 1911 θ
280 1839 513 1894 Czesaris
536 1840 768 1910 Augusti
796 1839 1101 1909 principatu
1138 1855 1262 1896 vere
1283 1838 1670 1910 designabatur
1715 1836 1866 1891 illum

1970 664 2119 709 runt.
2147 653 2355 710 Dehinc
2382 657 2521 712 duce
2549 658 2738 713 eadem
2761 656 3096 728 Bethlehem,
3126 678 3224 717 x111
3269 664 3358 720 die
3386 680 3554 721 vene—

1968 756 2118 811 runt,
2141 746 2326 817 ibique
2352 746 2523 803 Deum
2543 750 2785 820 mysticis
2817 752 3138 809 muneribus
3162 755 3550 813 adoraverunt.

1967 834 2092 893 Haec
2115 839 2270 894 stella
2301 839 2643 911 signiﬁcabat
2665 842 3048 902 illustrationis
3073 846 3271 904 divinae
3293 850 3549 919 gratiam,

1965 942 2073 998 qua
2104 926 2371 985 Dominus
2394 930 2450 985 in
2479 946 2644 986 carne
2672 940 2835 989 natus
2860 934 3207 992 illuminabat
3227 954 3321 995 eos
3345 941 3438 1009 qui
3460 956 3548 996 se-

1966 1018 2167 1074 dcbant
2194 1020 2248 1075 in
2270 1021 2510 1078 tenebris
2532 1033 2585 1078 et
2612 1023 2665 1078 in
2695 1025 2894 1080 umbra
2919 1029 3133 1085 mortis.
3161 1028 3388 1086 Sextum
3415 1048 3548 1088 vero

1966 1110 2183 1183 signum
2208 1120 2328 1169 erat
2352 1113 2593 1172 circulus
2614 1132 2848 1186 magnus
2868 1133 3038 1174 aureo
3088 1122 3322 1179 rutilans
3360 1123 3548 1195 Splen-

1966 1202 2120 1268 dore,
2158 1204 2253 1275 qui
2306 1203 2463 1262 fulsit
2522 1207 2670 1263 circa
2727 1208 2896 1265 solem
2927 1250 2945 1277 ,
2981 1219 3093 1267 tota
3147 1213 3234 1269 die
3303 1215 3395 1270 illa
3439 1231 3547 1286 qua

1966 1294 2221 1353 Christus
2256 1307 2420 1356 natus
2470 1309 2574 1368 est,
2627 1302 2947 1373 significans
2996 1304 3127 1361 illa:
3164 1305 3327 1363 Nasci
3358 1324 3552 1365 verum

1967 1386 2139 1441 solem
2157 1384 2404 1457 justitize,
2428 1389 2523 1460 qui
2546 1405 2645 1445 sua
2676 1392 2848 1459 gratia
2874 1392 3170 1450 illustraret
3197 1411 3418 1451 omnem
3448 1397 3552 1451 ho-

1968 1476 2168 1532 minem
2201 1478 2507 1534 venientem
2553 1480 2608 1535 in
2640 1481 2787 1538 hunc
2837 1484 3104 1539 mundum
3153 1483 3337 1556 (Joan.
3372 1487 3435 1557 1).
3478 1485 3555 1543 De

1968 1580 2080 1636 quo
2115 1565 2406 1623 Psalmista
2428 1569 2504 1624 ait
2539 1589 2553 1624 :
2589 1590 2606 1622 ι
2638 1569 2902 1628 Exortum
2948 1582 3032 1630 est
3075 1574 3131 1631 in
3188 1576 3430 1633 tenebris
3471 1578 3557 1632 lu-

1967 1673 2093 1713 men
2133 1659 2298 1716 rectis
2346 1662 2530 1730 corde,
2556 1664 2875 1722 misericors
2895 1675 2949 1721 et
2977 1668 3270 1725 miserator
3292 1676 3347 1723 et
3369 1668 3555 1739 justus

1968 1750 2233 1808 Dominus
2257 1752 2430 1825 (Psal.
2456 1756 2590 1828 0x1).
2628 1776 2650 1810 ι
2687 1756 2990 1829 Septimum
3038 1759 3255 1832 signum
3285 1770 3404 1815 erat
3447 1774 3556 1830 quo

1970 1852 2079 1899 tota
2110 1843 2200 1901 die
2230 1846 2532 1905 nativitatis
2576 1847 2895 1919 Dominicae,
2945 1850 3097 1907 rivus
3144 1851 3250 1907 olei
3311 1852 3368 1907 in
3419 1850 3557 1906 urbe

282 1940 572 1986 venturum
602 1931 658 1986 in
690 1947 877 1997 carne,
911 1932 1004 2003 qui
1038 1933 1190 1988 solus
1214 1931 1352 2003 regit
1378 1940 1433 1986 et
1457 1930 1721 2002 gubernat
1751 1944 1870 1985 om-
1899 1936 1943 1992 B
1972 1931 2146 1990 Roma
2168 1933 2352 1992 Tiberi
2376 1937 2643 1995 eﬁ‘usione
2687 1940 2983 1997 emanavit.
3041 1940 3234 1995 Oleum
3284 1940 3560 2012 signiﬁcat

285 2023 395 2091 nia,
421 2023 518 2093 qui
552 2038 696 2078 unus
727 2029 926 2092 praeest
953 2022 1211 2077 omnibus
1255 2039 1271 2077 :
1314 2036 1439 2093 quae
1471 2028 1602 2077 sunt
1638 2020 1692 2075 in
1729 2019 1870 2075 cmlo

280 2124 331 2170 et
358 2114 413 2169 in
442 2112 939 2170 terra.Secundum
971 2114 1187 2184 signum
1216 2122 1355 2178 erat,
1384 2112 1531 2184 quod
1558 2123 1692 2168 tunc
1721 2120 1870 2167 tanta

281 2222 381 2278 pax
407 2216 527 2261 erat
553 2206 609 2261 in
640 2215 811 2273 terra,
835 2214 1041 2277 quanta
1065 2206 1151 2267 .ad
1182 2205 1315 2260 illud
1343 2204 1560 2275 temp'us
1594 2220 1626 2260 a
1667 2204 1870 2259 saeculo

281 2316 384 2355 non
406 2308 494 2355 est
524 2299 732 2365 audita,
768 2298 843 2353 ita
873 2306 934 2354 ut
959 2312 1122 2353 nemo
1170 2298 1225 2352 in
1276 2305 1393 2352 toto
1417 2297 1623 2352 mundo
1649 2297 1873 2352 auderet

282 2390 483 2445 bellum
507 2404 749 2456 movere,
774 2389 866 2445 sed
890 2404 1081 2444 omnes
1101 2389 1353 2444 homines
1373 2388 1618 2443 viverent
1638 2387 1742 2443 sub
1762 2402 1871 2443 una

280 2495 331 2539 et
363 2485 660 2556 tranquilla
688 2498 820 2554 pace
848 2491 903 2538 et
930 2483 1134 2552 quiete.
1162 2481 1447 2551 Completa
1483 2480 1573 2535 illa
1605 2479 1873 2534 veraciter

276 2572 433 2632 Isaiae
473 2575 802 2646 prophetia:
856 2591 879 2626 ι
911 2571 979 2628 Et
1023 2572 1340 2629 conﬁabunt
1382 2570 1592 2642 gladios
1632 2583 1764 2625 suos
1815 2569 1871 2623 in

277 2684 555 2736 vomeres,
581 2676 635 2722 et
658 2668 879 2725 lanceas
903 2680 1036 2721 suas
1063 2666 1118 2719 in
1146 2664 1315 2720 falces
1343 2662 1481 2726 (ιω.
1517 2664 1635 2734 ιι).ι
1669 2660 1871 2717 Verum

273 2760 609 2833 signiﬁcavit
638 2760 729 2814 illa
755 2774 881 2830 pax,
931 2758 1087 2813 illum
1126 2757 1181 2813 in
1213 2772 1380 2813 carne
1408 2765 1620 2823 natum,
1648 2755 1742 2826 qui
1771 2754 1875 2809 hu-

273 2867 507 2909 manum
546 2867 719 2922 genus
742 2850 1135 2917 reconciliavit,
1165 2849 1261 2920 qui
1286 2848 1510 2919 angelos
1543 2856 1598 2903 et
1624 2847 1875 2902 homines

271 2946 442 3003 unica
489 2958 624 3015 pace
652 2941 954 3012 conjunxit,
1003 2942 1099 3013 qui
1140 2940 1399 2997 omnibus
1440 2954 1626 2994 veram
1684 2953 1871 3009 pacem

265 3036 628 3095 servantibus
672 3042 996 3106 potestatem
1034 3034 1177 3089 ﬁlios
1220 3032 1316 3089 Dei
1346 3032 1463 3088 ﬁeri
1502 3032 1743 3097 donavit,
1790 3031 1876 3087 di-

262 3146 407 3186 cens
435 3147 451 3183 :
502 3147 522 3180 ι
552 3128 963 3198 Beatipaciﬁei,
993 3126 1255 3197 quoniam
1280 3125 1375 3180 ﬁlii
1401 3124 1497 3180 Dei
1532 3125 1875 3180 vocabuntur

260 3219 503 3292 (Manli.
523 3220 600 3290 ν).
621 3238 641 3271 ι
669 3217 822 3274 Unde
849 3227 903 3273 et
925 3217 1102 3289 angeli
1126 3217 1219 3272 Dei
1250 3218 1353 3272 hac
1375 3224 1531 3272 nocte
1550 3215 1755 3271 Christi
1774 3230 1875 3271 na-

255 3314 548 3368 tivitatem
580 3311 968 3366 annuntiantes
993 3316 1353 3365 cantaverunt
1384 3326 1398 3362 :
1429 3328 1448 3360 ι
1487 3308 1672 3364 Gloria
1694 3308 1750 3363 in
1775 3324 1873 3364 ex»

253 3405 438 3461 celsis
460 3403 578 3459 Deo
595 3403 746 3475 (Luc.
773 3402 857 3475 11).
880 3423 899 3456 ι
920 3402 1163 3459 Tertium
1186 3402 1400 3474 signum
1425 3411 1561 3469 erat,
1583 3401 1731 3472 quod
1754 3402 1874 3472 ipso

254 3497 485 3553 Caesari
531 3496 884 3563 concedente,
929 3496 1332 3565 unusquisque,
1381 3493 1496 3549 sive
1530 3493 1731 3548 nobilis
1762 3494 1877 3549 sive

253 3590 565 3662 ignobilis,
589 3590 726 3645 liber
753 3598 850 3645 aut
874 3603 1091 3655 servus,
1112 3587 1158 3642 si
1185 3586 1351 3642 fuerit
1374 3586 1431 3641 in
1454 3585 1783 3656 captivitate,
1808 3586 1877 3641 ad

254 3683 504 3755 propria
532 3683 722 3753 jussus
769 3689 855 3737 est
906 3680 1105 3747 redire,
1152 3687 1207 3733 et
1234 3677 1533 3748 unicuique
1566 3677 1874 3744 haereditas,

252 3773 506 3846 prapria
536 3772 881 3838 reddebatur,
919 3778 974 3826 et
994 3768 1194 3840 singuli
1217 3784 1277 3825 se
1297 3783 1499 3824 census
1529 3767 1732 3824 Caesari
1755 3768 1878 3823 red-

255 3866 501 3920 dituros
534 3863 949 3933 proﬁtebantur,
986 3870 1040 3917 et
1069 3859 1160 3916 ille
1183 3875 1383 3916 census
1419 3860 1587 3915 trium
1632 3859 1880 3914 denario-

254 3972 396 4016 rum
432 3955 633 4011 habuit
665 3954 1008 4027 pensionem,
1036 3969 1160 4025 quae
1184 3953 1448 4008 drachma
1482 3949 1873 4022 appellabatur.

259 4046 367 4105 liis
394 4048 573 4103 rebus
603 4047 735 4117 quid
762 4047 907 4101 aliud
940 4044 1370 4117 signiﬁcabatur,
1398 4043 1506 4099 nisi
1534 4042 1681 4114 quod
1711 4056 1881 4113 quan-

259 4140 360 4197 diu
388 4141 450 4195 in
475 4139 688 4194 mundo
699 4154 892 4194 sumus
910 4137 1323 4209 peregrinamnr
1345 4152 1377 4192 a
1405 4135 1534 4203 Deo,
1552 4150 1731 4206 usque
1749 4135 1877 4190 dum

263 4249 369 4305 per
400 4231 716 4287 nativitatis
742 4230 1039 4287 Dominiac
1066 4232 1294 4304 gratiam
1322 4232 1388 4287 ad
1416 4229 1655 4300 paradisi
1685 4230 1879 4301 gaudia

268 4326 630 4392 reducimnr,
678 4333 843 4396 atque
894 4325 963 4380 ab
992 4325 1220 4395 antiquo
1249 4324 1407 4379 hoste
1432 4322 1651 4378 liberati
1684 4322 1882 4377 divina:

271 4419 541 4476 servituti
588 4418 948 4488 subjicimur?
1004 4417 1220 4474 Census
1268 4431 1417 4485 vero,
1467 4431 1628 4487 quem
1675 4414 1881 4471 Caesari

272 4512 516 4568 reddere
558 4511 932 4582 proﬁtebatur,
976 4509 1249 4581 signiﬁcat
1283 4509 1443 4565 ﬁdem
1474 4517 1675 4563 sancta:
1700 4506 1884 4562 Trini-

1971 2025 2439 2096 miserieordiam;
2472 2038 2525 2084 et
2570 2028 2625 2083 in
2653 2029 2757 2085 hoc
2781 2030 3287 2100 demonstrabatur,
3319 2030 3467 2102 quod
3498 2030 3557 2085 in

1971 2114 2062 2170 illa
2093 2114 2182 2171 die
2232 2126 2395 2173 natus
2435 2128 2519 2173 est
2567 2119 2659 2190 qui
2693 2120 2810 2176 sola
2858 2119 2946 2176 sui
2988 2120 3362 2177 misericordia
3405 2119 3557 2176 venit

1971 2224 2219 2279 quaerere
2247 2218 2301 2265 et
2324 2211 2536 2267 salvum
2565 2210 2748 2269 facere
2766 2213 2911 2284 quod
2938 2214 3195 2284 perierat.
3220 2212 3383 2269 Juxta
3404 2212 3557 2285 quod

1971 2299 2176 2358 Paulus
2203 2301 2280 2358 ait
2307 2304 2374 2359 ad
2400 2302 2747 2361 Timotheum
2789 2306 3115 2377 discipulum
3149 2323 3310 2362 suum
3348 2325 3362 2362 :
3388 2325 3408 2359 ι
3440 2307 3556 2377 Ap-

1972 2394 2157 2465 paruit
2187 2394 2497 2467 benignitas
2548 2404 2603 2453 et
2659 2398 2977 2456 humanitas
3009 2398 3309 2455 Salvatoris
3359 2398 3556 2465 nostri,

1973 2501 2085 2541 non
2113 2503 2180 2543 ex
2212 2489 2472 2559 operibus
2494 2489 2724 2561 justitiae
2745 2506 2869 2561 quae
2901 2490 3133 2549 fecimus
3161 2507 3284 2558 nos,
3333 2492 3426 2547 sed
3465 2506 3558 2548 se-

1974 2579 2215 2634 cundum
2245 2597 2401 2636 suam
2435 2582 2869 2638 misericordiam
2911 2584 3092 2641 salvos
3131 2599 3234 2640 nos
3261 2583 3393 2639 facit
3418 2582 3552 2655 (Tit.

1975 2668 2082 2739 1h).
2120 2689 2137 2723 ι
2170 2669 2296 2726 Istis
2333 2679 2389 2726 et
2436 2673 2558 2729 aliis
2618 2673 3116 2731 innumerabilibus
3167 2676 3341 2746 signis
3385 2674 3562 2731 voluit

1977 2756 2123 2814 Deus
2149 2774 2304 2814 suam
2335 2761 2672 2818 nativitatem
2704 2764 3005 2832 declarare,
3031 2778 3091 2820 ut
3105 2765 3171 2821 de
3203 2765 3394 2822 mundi
3429 2781 3561 2821 con-

1974 2851 2310 2921 cupiscentia
2341 2869 2441 2908 nos
2466 2854 2693 2911 reducat
2722 2856 2789 2911 ad
2813 2857 3088 2913 caelestem
3114 2858 3366 2928 patriam.
3396 2856 3563 2915 Juxta

1974 2943 2123 3013 quod
2175 2943 2379 3001 Paulus
2436 2945 2569 3002 dicit
2600 2964 2613 3001 :
2650 2966 2669 2998 ι
2721 2947 3085 3004 Renovamini
3122 2950 3319 3020 spiritu
3358 2951 3563 3007 mentis

1973 3040 2169 3092 v’estrze
2192 3038 2246 3092 in
2272 3037 2484 3107 justitia
2515 3046 2568 3094 et
2598 3041 2890 3096 sanctitate
2917 3039 3132 3112 (Ephes.
3159 3041 3237 3112 4).
3259 3060 3278 3094 ι

2047 3123 2218 3182 Hodie
2258 3125 2424 3199 Virgo
2459 3130 2647 3199 genuit
2682 3149 2701 3183 ι
2735 3130 3048 3196 Christum,
3095 3129 3298 3188 Iudaeis
3336 3133 3560 3203 quidem

1978 3218 2317 3287 scandalum,
2336 3221 2589 3292 gentibus
2613 3231 2794 3277 autem
2819 3223 3173 3295 stultitiam(l
3198 3224 3320 3279 Cor.
3347 3228 3441 3295 1).»
3458 3224 3559 3280 Ju-

1975 3309 2076 3365 daei
2104 3326 2170 3365 ex
2200 3311 2866 3382 impossibilitatenatura:
2891 3326 3174 3386 opponunt
3203 3325 3258 3373 et
3279 3312 3562 3387 Virginem

1977 3416 2086 3456 non
2112 3416 2274 3472 posse
2302 3418 2512 3474 parere,
2565 3420 2664 3461 nec
2692 3407 3032 3462 attendentes
3062 3408 3209 3477 quod
3243 3407 3297 3461 in
3326 3408 3442 3478 lege
3463 3421 3562 3463 eo-

1975 3506 2097 3546 rum
2131 3493 2393 3564 scriptum
2426 3495 2733 3565 reperitur:
2765 3513 2784 3548 1
2830 3495 2967 3552 Ecce
2999 3496 3158 3570 Virgo
3194 3498 3465 3569 concipiet
3507 3506 3565 3555 et

1976 3585 2154 3655 pariet
2186 3584 2382 3654 ﬁlium,
2405 3595 2459 3641 et
2501 3588 2791 3643 vocabitur
2835 3604 3034 3644 nomen
3062 3591 3183 3659 ejus
3218 3589 3562 3658 Emmanuel,

1977 3677 2124 3747 quod
2148 3676 2536 3749 interpretatur
2563 3682 2838 3735 nobiscum
2872 3680 3014 3737 Deus
3065 3681 3202 3753 (Isa.
3240 3684 3359 3754 v11).
3393 3700 3411 3733 ι
3444 3677 3563 3737 Hoc

1979 3768 2298 3825 testimonio
2319 3768 2492 3837 Isaiae,
2519 3771 2676 3827 beata
2701 3772 2868 3829 Maria
2895 3783 3052 3845 partu
3074 3774 3416 3830 fecundauda
3440 3787 3564 3828 esse

1978 3859 2314 3929 perhibetur.
2363 3859 2628 3933 Praecepit
2675 3879 2914 3933 namque
2967 3863 3234 3921 Dominus
3267 3864 3438 3937 Moysi
3494 3863 3565 3921 de

1980 3951 2214 4023 singulis
2244 3951 2498 4007 tribubus
2545 3953 2727 4025 virgas
2777 3955 2981 4010 afferri.
3013 3957 3204 4011 Allata:
3233 3966 3364 4013 sunt
3400 3957 3565 4028 virgae

1980 4038 2291 4108 duodecim,
2343 4040 2484 4095 inter
2522 4058 2661 4114 quas
2699 4052 2819 4097 erat
2847 4043 2999 4114 virga
3032 4046 3213 4098 Aaron
3261 4044 3565 4102 sacerdotis

1981 4132 2156 4201 posita
2184 4132 2238 4185 in
2262 4133 2675 4189 tabernaculum
2700 4135 3021 4191 testimonii.
3046 4135 3229 4190 Altera
3262 4144 3442 4191 autem
3474 4137 3564 4193 die

1982 4224 2201 4279 inventa
2259 4226 2410 4298 virga
2468 4228 2651 4282 Aaron
2704 4228 2992 4297 ﬁoruisse,
3041 4238 3097 4284 et
3143 4228 3364 4285 frondes
3429 4228 3561 4301 pro-

1982 4316 2229 4383 duxisse,
2264 4333 2542 4390 nucesque
2571 4321 2872 4392 peperisse.
2902 4320 3007 4388 Qui
3038 4321 3248 4391 virgam
3274 4321 3438 4387 hanc,
3469 4335 3563 4375 ra-

1983 4412 2103 4466 dice
2126 4412 2415 4482 privatam,
2454 4427 2622 4470 succo
2669 4414 2957 4481 siccatam,
2991 4402 3336 4469 frondescere
3371 4412 3562 4483 jussit,

1984 4513 2039 4560 et
2068 4507 2183 4576 ipse
2210 4521 2394 4561 veram
2421 4507 2687 4578 virginem
2716 4507 2974 4577 praeclare
2994 4508 3274 4578 gravidam
3308 4505 3454 4563 fecit.
3488 4504 3567 4565 De

276 4605 434 4670 tatis,
466 4619 637 4675 quam
660 4619 755 4659 rex
785 4614 973 4660 noster
998 4605 1229 4675 requirit
1255 4605 1322 4661 ab
1347 4605 1602 4660 omnibus
1632 4604 1762 4676 :qui
1789 4619 1881 4658 no-
1912 4619 1959 4677 υ
1986 4597 2089 4653 hac
2110 4597 2262 4669 virga
2289 4598 2415 4654 item
2447 4596 2616 4654 Isaias
2641 4600 2716 4655 ait
2744 4619 2756 4654 :
2796 4619 2814 4651 ι
2850 4597 3171 4671 Egredietnr
3200 4600 3351 4670 virga
3382 4598 3448 4654 de
3482 4615 3566 4654 1a-

280 4697 452 4751 minis
499 4710 627 4752 esse
674 4696 927 4752 videntur
971 4696 1289 4752 Christiani.
1346 4694 1612 4764 Quartum
1659 4696 1876 4767 signum

281 4797 422 4856 erat,
452 4803 569 4859 quo
612 4788 800 4843 Caesar
838 4788 1119 4860 Augustus
1149 4802 1342 4844 omnes
1365 4804 1571 4855 servos,
1595 4788 1689 4860 qui
1732 4786 1880 4857 fugi-

286 4882 383 4936 tivi
406 4892 587 4945 erant,
613 4879 680 4935 ad
703 4880 956 4935 dominos
983 4879 1236 4950 proprios,
1260 4877 1385 4934 fecit
1410 4880 1607 4946 redire,
1636 4889 1689 4934 ct
1711 4893 1775 4932 ex
1800 4879 1880 4933 cis

284 4973 383 5042 qui
410 4974 519 5028 hoc
545 4973 784 5028 edictum
812 4971 1181 5044 neglexerant,
1204 4980 1257 5025 et
1286 4986 1414 5025 suos
1438 4980 1759 5040 spreverunt
1780 4970 1880 5025 do-
1914 5025 1919 5031 ,

287 5067 494 5131 minos,
520 5080 631 5121 una
660 5064 751 5120 die
775 5078 883 5117 xxx
918 5063 1032 5118 fere
1054 5062 1220 5117 millia
1258 5062 1384 5116 fecit
1412 5062 1653 5116 interire.

362 5156 420 5211 In
453 5159 557 5212 hoc
585 5170 715 5227 ergo
753 5154 973 5211 decreto
1002 5154 1367 5226 signiﬁcatum
1389 5161 1472 5208 est
1506 5168 1880 5224 unumquem-

290 5267 402 5321 que
440 5250 744 5317 hominem,
790 5247 1112 5319 postpositis
1163 5245 1619 5315 concupiscentiis
1669 5247 1876 5313 saeculi,

293 5343 363 5398 all
399 5357 561 5397 suum
589 5342 870 5397 caelestem
891 5339 1188 5395 Dominum
1231 5339 1452 5394 reverti.
1486 5336 1578 5394 Ille
1614 5354 1745 5395 vero
1785 5339 1877 5409 qui

294 5433 401 5488 hoc
425 5434 773 5504 neglexerit:
811 5446 938 5487 cum
979 5431 1198 5486 diabolo
1238 5437 1293 5484 et
1320 5429 1527 5500 angelis
1559 5428 1680 5499 ejus
1718 5439 1878 5484 aeter-

297 5542 381 5581 na:
401 5525 747 5581 damnationi
801 5523 1128 5594 subiacebit.
1183 5521 1449 5588 Quintum
1498 5521 1717 5591 signum
1764 5528 1883 5576 erat

299 5618 453 5673 stella
486 5618 609 5672 novi
649 5614 794 5688 signi
817 5624 871 5671 et
894 5615 1100 5671 insoliti
1132 5613 1385 5685 fulgoris,
1424 5612 1519 5683 qui
1563 5612 1751 5667 eadem
1778 5627 1881 5667 no-

292 5716 402 5778 cte,
452 5709 762 5780 eademque
803 5709 934 5764 hora
984 5723 1092 5779 qua
1137 5705 1393 5761 Christus
1440 5713 1603 5760 natus
1660 5713 1765 5771 est,
1825 5703 1881 5761 in

287 5803 519 5861 Oriente
541 5805 663 5860 visa
691 5812 777 5859 est
803 5818 835 5859 a
869 5801 1039 5873 Magis
1063 5799 1286 5871 (Matth.
1320 5799 1402 5869 ιι).
1424 5798 1504 5853 Ex
1533 5798 1695 5869 cujus
1730 5799 1883 5855 inso-

287 5899 391 5956 lito
422 5896 651 5971 fulgore
684 5896 787 5969 ipsi
843 5902 1236 5968 cognoscentes
1276 5902 1464 5950 natum
1514 5909 1635 5952 esse
1679 5890 1879 5964 Regem

1982 4690 2100 4746 dice
2136 4689 2311 4755 Iesse,
2340 4699 2393 4746 et
2423 4690 2523 4748 ﬁos
2568 4691 2637 4748 de
2694 4691 2879 4748 radice
2935 4693 3056 4763 ejus
3095 4692 3353 4748 ascendet
3401 4689 3560 4763 (Isa.

1980 4784 2081 4851 x1).
2112 4803 2131 4834 ι
2159 4781 2312 4839 Iesse
2340 4793 2492 4854 pater
2517 4782 2686 4839 David
2708 4785 2872 4857 regis,
2895 4785 2961 4839 de
2986 4786 3144 4855 cujus
3167 4785 3374 4840 semine
3388 4783 3566 4857 virga,

1980 4877 2137 4931 beata
2168 4876 2342 4946 virgo,
2379 4877 2586 4931 scilicet
2637 4860 2808 4931 Maria
2853 4876 3140 4947 processit,
3183 4887 3236 4932 et
3266 4877 3397 4933 ﬁore
3436 4879 3563 4933 vitae

1980 4967 2259 5023 Christum
2291 4968 2534 5037 protulit.
2560 4966 2640 5022 Ex
2680 4967 2849 5023 David
2874 4969 3048 5039 gratia
3104 4978 3158 5024 et
3193 4968 3564 5026 miserationis

1986 5059 2154 5126 Dens,
2196 5061 2362 5114 homo
2388 5058 2588 5127 factus,
2613 5068 2674 5115 ut
2700 5060 2843 5116 idem
2877 5060 3046 5118 Isaias
3073 5062 3149 5116 ait
3178 5080 3191 5117 :
3218 5081 3236 5114 ι
3266 5060 3388 5133 Ipse
3416 5062 3564 5117 enim

1981 5154 2194 5209 salvum
2225 5152 2386 5209 faciet
2406 5153 2665 5223 populum
2695 5168 2854 5209 suum
2874 5169 2905 5208 a
2931 5154 3168 5224 peccatis
3194 5170 3386 5209 eorum
3421 5151 3560 5225 (Isa.

1980 5248 2102 5310 vn).
2135 5265 2154 5297 ι
2184 5244 2323 5301 Vere
2375 5246 2636 5316 populum
2683 5262 2843 5301 suum
2873 5248 3083 5303 salvum
3111 5245 3273 5302 faciet
3309 5261 3340 5302 a
3371 5262 3566 5317 pecca-

1982 5340 2055 5395 tis
2081 5352 2297 5403 eorum,
2326 5338 2457 5408 quia
2504 5338 2818 5409 quicunque
2847 5336 3067 5394 Christo
3100 5338 3329 5393 ﬁdeliter
3368 5335 3563 5399 credit.

1981 5432 2223 5487 cohaeres
2249 5428 2369 5499 ejus
2391 5431 2445 5483 in
2469 5445 2638 5500 regno
2656 5427 2836 5484 Patris
2862 5430 2948 5485 sui
2971 5429 3093 5494 erit,
3120 5447 3138 5479 ι
3160 5428 3252 5498 qni
3289 5425 3435 5481 eruit
3461 5440 3566 5482 nos

1968 5525 2050 5580 de
2072 5531 2337 5595 potestate
2367 5523 2742 5591 tenebrarum,
2778 5531 2833 5577 et
2862 5521 3139 5576 transtulit
3163 5519 3215 5573 in
3248 5532 3416 5588 regno
3440 5515 3565 5572 Filii

1982 5614 2267 5672 charitatis
2291 5630 2405 5669 suae
2426 5612 2624 5686 (Calas.
2652 5618 2712 5678 1).
2746 5632 2764 5665 ι
2802 5608 3067 5667 Similiter
3095 5609 3268 5663 voluit
3295 5606 3566 5686 Dominus

1982 5707 2321 5764 nativitatem
2348 5721 2503 5762 suam
2534 5704 2813 5761 declarare
2837 5702 3153 5759 testimonio
3190 5701 3424 5755 dicentis
3473 5682 3566 5753 Je-

1985 5798 2169 5854 remize
2198 5817 2211 5851 :
2250 5817 2268 5849 c
2299 5795 2398 5852 Hie
2421 5803 2507 5851 est
2537 5794 2679 5850 Deus
2709 5802 2915 5858 noster,
2963 5800 3017 5847 et
3056 5805 3163 5846 non
3201 5786 3566 5845 aestimabitur

1988 5892 2127 5947 alius
2162 5890 2370 5961 absque
2416 5903 2501 5955 eo,
2533 5887 2625 5959 qui
2662 5885 2868 5940 invenit
2907 5897 3122 5940 omnem
3168 5882 3310 5937 viam
3346 5866 3597 5955 sapiam.
3642 5947 3652 5957 1
