3964 6452
484 365 588 421 787

479 484 588 541 tim.
624 485 756 544 Post
775 490 890 546 haec
914 489 965 545 in
994 491 1152 547 terris
1173 491 1324 548 visus
1354 499 1455 559 est,
1493 502 1546 547 et
1574 510 1699 550 cum
1743 496 2060 558 hominibus

476 589 830 634 canversatus
863 589 948 635 est
992 582 1246 651 (Barac/2.
1293 583 1395 653 tu).
1437 603 1456 636 ι
1487 581 1658 641 Judaei
1706 604 1927 646 rursum
1971 590 2059 648 di-

474 679 610 726 cant
636 673 873 728 nondum
914 675 1129 730 venisse
1175 676 1454 732 Christum
1481 697 1495 745 ;
1531 681 1621 735 sed
1653 683 1832 740 adhuc
1862 695 2058 740 ventu-

476 778 622 827 rum,
662 778 770 817 non
803 765 1143 822 attendentes
1173 765 1452 824 Danielem
1497 772 1593 841 qui
1638 774 1777 829 dixit
1811 794 1824 830 :
1863 795 1882 827 ι
1920 776 2058 832 Cum

473 854 682 910 venerit
734 855 968 912 Sanctus
1003 868 1317 916 sanctorum
1367 864 1606 920 cessabit
1649 868 1836 922 unctio
1890 869 2055 940 (Dan.

472 948 572 1015 rx).
610 965 628 998 ι
667 945 838 1002 Judzei
865 949 1034 1019 igitur
1079 953 1126 1006 si
1171 955 1508 1012 contendunt
1548 956 1829 1014 Christum
1878 961 2058 1018 adhuc

468 1046 796 1106 venturum,
831 1040 1391 1116 demonstrentquem
1418 1048 1656 1105 habeant
1695 1052 1762 1106 dc
1785 1068 1899 1108 suae
1927 1055 2056 1108 stir-

468 1132 553 1200 pis
578 1147 760 1204 regem
789 1137 1092 1205 proprium.
1129 1136 1184 1192 Si
1221 1140 1368 1196 hunc
1409 1151 1470 1197 ut
1519 1141 1735 1199 Patrem
1778 1156 2057 1217 nequeunt

467 1233 817 1292 monstrare,
880 1227 1105 1284 credant
1159 1227 1439 1287 Christum
1509 1235 1603 1304 qui
1668 1247 1751 1292 est
1820 1235 2054 1296 Sanctus

465 1324 786 1372 sanctorum
848 1319 1085 1376 venisse.
1148 1322 1444 1379 Attendant
1499 1335 1679 1381 autem
1731 1329 1876 1398 quod
1927 1341 2054 1386 ante

465 1421 716 1481 tempora
753 1413 990 1471 Danielis
1024 1415 1193 1472 Jacob
1222 1420 1531 1489 patriarcha
1573 1423 1743 1490 dixit,
1771 1427 2053 1496 corporeis

466 1501 688 1571 quidem
747 1505 922 1562 oculis
949 1507 1230 1577 privatus,
1272 1511 1573 1580 prophetia?
1622 1523 1803 1570 autem
1857 1517 2051 1587 spiritu

470 1595 664 1661 plenus
699 1615 712 1651 :
753 1615 771 1648 ι
800 1595 918 1652 Non
950 1598 1231 1656 auferetur
1266 1613 1542 1673 sceptrum
1567 1605 1633 1660 de
1658 1605 1819 1671 Juda,
1857 1619 1912 1664 et
1940 1610 2051 1664 dux

465 1685 534 1740 de
563 1683 771 1743 femore
799 1688 941 1758 ejus,
969 1689 1143 1746 donec
1171 1691 1354 1747 veniat
1384 1697 1478 1763 qui
1508 1695 1804 1753 mittendus
1840 1708 1958 1765 est;
1998 1710 2053 1755 ct

465 1777 585 1847 ipse
617 1779 723 1834 erit
745 1782 1081 1850 exspectatio
1110 1784 1351 1854 gentium
1379 1785 1530 1857 (Gen.
1567 1791 1740 1858 xux).
1774 1808 1793 1841 ι
1825 1788 2053 1846 Demon-

465 1868 732 1924 strabitur
759 1871 923 1926 etiam
952 1871 1269 1930 Dominicus
1296 1875 1563 1934 adventus
1595 1879 1647 1934 in
1674 1880 1818 1935 facto
1845 1881 2053 1938 Gedeo-

463 1961 553 2016 nis
583 1959 859 2018 Israelita).
887 1963 1025 2019 Cum
1057 1966 1202 2021 enim
1249 1967 1345 2021 lilii
1375 1967 1542 2024 lsrael
1588 1972 1757 2026 multa
1803 1973 1943 2030 mala
1995 1975 2050 2030 in

461 2063 759 2123 conspectu
789 2053 1006 2110 Domini
1045 2055 1316 2126 facerent,
1360 2061 1590 2132 ideoque
1631 2063 1682 2118 in
1732 2063 1947 2120 llladian
1998 2076 2053 2121 et

462 2145 690 2203 Amalec
724 2148 932 2215 traditi,
961 2149 1258 2208 durissime
1280 2155 1740 2223 opprimerentur,
1782 2158 2054 2214 clamave-

465 2250 596 2296 runt
625 2242 692 2296 ad
723 2241 916 2309 Deum,
953 2245 1295 2315 postulantes
1338 2248 1406 2301 ai;
1442 2264 1509 2303 eo
1564 2251 1852 2308 auxrlium.
1893 2251 2054 2307 Com-

460 2342 648 2388 motus
674 2345 854 2390 autem
888 2335 1153 2392 Dominus
1178 2339 1416 2396 clamore
1436 2357 1648 2408 eorum,
1668 2345 1919 2412 apparuit
1943 2345 2051 2400 Gc-

461 2430 602 2479 deon
639 2434 694 2480 ct
741 2426 879 2481 dixit.
908 2429 1035 2499 quia
1068 2446 1166 2500 per
1196 2448 1322 2487 eum
1355 2434 1515 2489 vellet
1537 2435 1678 2490 filios
1712 2435 1874 2492 lsrael
1916 2438 2052 2508 libe-

463 2531 588 2570 rare
633 2517 699 2571 de
744 2521 1100 2588 oppressione
1143 2522 1354 2579 Madian
1401 2535 1454 2580 et
1505 2525 1747 2583 Amalec.
1801 2528 2052 2600 Dixitque

462 2607 684 2663 (iedeon
718 2610 783 2663 ad
816 2609 1109 2668 Dominum
1148 2634 1159 2668 :
1199 2634 1216 2666 ‹
1251 2615 1326 2672 Da
1354 2618 1486 2672 mihi
1525 2619 1740 2688 signum
1766 2621 1874 2683 hoc
1905 2621 2050 2696 ξΡοο

462 2715 590 2754 nam
615 2701 789 2757 vellus
811 2702 949 2758 lanae
984 2704 1039 2758 in
1077 2721 1281 2775 aream,
1318 2717 1374 2764 et
1415 2711 1462 2765 si
1503 2711 1679 2767 solum
1727 2714 1900 2776 vellus
1947 2716 2052 2772 erit

464 2805 592 2846 rore
638 2791 923 2861 perfusum
949 2803 1002 2850 et
1025 2805 1173 2854 terra
1206 2798 1261 2853 in
1308 2800 1541 2856 circuitu
1567 2803 1736 2871 sicea,
1768 2805 1884 2861 scio
1921 2807 2054 2877 quia.

459 2896 559 2952 per
586 2899 813 2940 manum
867 2903 1046 2944 meam
1111 2890 1373 2949 liberabis
1426 2893 1591 2964 lsrael
1623 2895 1825 2969 (Judic.
1883 2901 1981 2970 vr).
2025 2919 2043 2952 ι

459 2974 617 3040 Quod
650 2992 774 3032 cum
800 2977 943 3036 Deus
976 2982 1043 3037 ad
1068 2992 1255 3039 votum
1300 2985 1572 3043 Gedeonis
1598 2988 1865 3064 impleret,
1899 3008 2052 3063 roga-

459 3069 759 3125 vititet‘um
784 3082 864 3138 ut,
917 3076 1116 3132 vellere
1175 3076 1309 3134 foris
1361 3083 1564 3151 posito,
1615 3085 1787 3148 vellus
1839 3087 2049 3143 siccum

459 3172 726 3218 maneret.
761 3165 917 3232 Quod
948 3183 1074 3223 cum
1115 3169 1258 3227 Deus
1281 3172 1536 3229 similiter
1569 3175 1910 3246 adimpleret,
1943 3179 2049 3234 hoc

458 3253 619 3325 signo
665 3256 944 3314 animatus
992 3260 1232 3329 Gedeon,
1266 3274 1523 3322 conserto
1555 3284 1684 3323 cum
1736 3268 2049 3327 Madianitis

457 3347 962 3420 praelio,copiosam
996 3355 1397 3413 multitudinem
1427 3374 1552 3415 cum
1581 3376 1756 3431 pauco
1769 3363 1939 3419 milite
1953 3364 2051 3428 de-

463 3440 614 3509 levit,
642 3451 697 3498 et
723 3445 806 3501 sic
835 3446 1051 3504 liberati
1097 3460 1228 3506 sunt
1272 3452 1366 3507 filii
1393 3451 1559 3509 lsrael
1592 3455 1662 3512 ab
1693 3461 2070 3528 oppressione,

459 3533 760 3592 durissima
792 3553 958 3608 quam
985 3543 1132 3611 passi
1164 3552 1293 3600 sunt
1316 3561 1348 3600 a
1387 3547 1789 3606 crudelissimis
1829 3551 2046 3608 Madian

458 3632 515 3678 et
534 3624 777 3682 Amalec.
820 3628 1036 3686 Madian
1059 3649 1191 3690 vero
1213 3645 1268 3691 et
1297 3637 1521 3695 Amalec
1549 3683 1564 3709 ,
1591 3642 1685 3712 qui
1717 3644 1858 3701 ﬁlios
1881 3643 2046 3701 lsrael

460 3715 600 3772 dure
623 3719 953 3790 aﬂlixerunt,
995 3725 1310 3796 significant
1360 3731 1648 3802 antiquum
1700 3735 1914 3791 hostem
1952 3738 2048 3807 qui

466 3811 773 3869 humanum
816 3832 990 3886 genus
1028 3828 1154 3876 ante
1183 3822 1478 3880 adventum
1525 3825 1742 3882 Domini
1768 3829 2048 3885 servitutis

457 3901 596 3974 jugo
637 3907 933 3976 oppressit,
965 3910 1059 3980 qui
1125 3911 1286 3972 illatis
1321 3918 1786 3988 concupiscentiis
1835 3920 2043 3976 afﬂixit.

459 3993 683 4064 cheon
722 4015 848 4055 vero
892 4001 1173 4062 Christum
1218 4006 1510 4078 significat,
1543 4010 1638 4080 qui
1669 4011 1935 4067 mundum
1977 4013 2048 4069 ab

459 4088 674 4162 antiqui
697 4090 870 4148 hostis
901 4095 1174 4151 subtraxit
1195 4096 1446 4168 imperio.
1492 4099 1650 4166 Quod
1691 4116 1824 4158 vero
1867 4101 2048 4159 Domi-

459 4178 623 4236 nicus
680 4181 947 4240 adventus
995 4185 1050 4256 in
1100 4188 1300 4252 vellere
1341 4190 1772 4260 demonstratur,
1809 4193 2050 4250 declarat

457 4270 750 4355 P‘salmista
781 4276 970 4334 dicens
995 4295 1012 4345 τ,
1045 4298 1064 4332 ι
1092 4277 1395 4342 Descendet
1423 4282 1566 4339 sicut
1588 4285 1770 4355 pluvia
1796 4285 1850 4340 in
1874 4287 2047 4343 vellus

459 4351 639 4433 (Psal.
665 4369 841 4439 uxr).
886 4389 905 4423 ι
942 4369 1210 4433 Dominus
1233 4374 1378 4430 sicut
1400 4351 1673 4444 pluvia-in
1707 4378 1884 4434 vellus
1922 4379 2048 4436 des-

456 4459 671 4525 cendet,
715 4460 862 4517 sicca
899 4463 1081 4519 adhuc
1107 4465 1510 4537 circumjacens
1562 4478 1704 4526 terra
1727 4511 1744 4538 ,
1777 4487 1902 4528 cum
1930 4473 2042 4528 Do-

459 4549 644 4604 minus
667 4551 848 4606 adhuc
875 4553 976 4608 soli
1004 4555 1205 4626 popqu
1252 4554 1420 4625 lsrael
1477 4559 1738 4628 innotuit,
1802 4578 1928 4618 cum
1978 4564 2045 4619 de

461 4640 631 4711 stirpe
655 4641 970 4698 Judaeorum
997 4645 1101 4718 sibi
1126 4655 1179 4702 et
1207 4656 1436 4712 matrem
1463 4651 1530 4708 de
1559 4668 1665 4723 qua
1703 4663 2043 4721 nasceretur,

458 4742 515 4788 et
539 4733 839 4805 discipulos
875 4753 1015 4806 quos
1045 4739 1113 4793 ad
1136 4741 1547 4812 [medicandum
1589 4745 1828 4801 mitteret
1856 4747 2041 4818 elegit.

458 4827 743 4883 Adventus
778 4828 1097 4887 Dominieus
1128 4833 1314 4888 velleri
1353 4835 1522 4902 sicco,
1550 4845 1605 4892 et
1659 4846 1818 4893 terrae
1859 4838 2049 4910 rigata;

457 4919 860 4990 circumpositae
910 4937 1286 5002 comparatur,
1334 4944 1460 4984 cum
1491 4928 1695 4985 Christi
1746 4929 1882 4986 fides
1933 4941 2046 4987 toto

457 5011 666 5066 mundo
695 5012 950 5082 innotuit,
974 5025 1028 5070 et
1072 5018 1250 5074 solum
1269 5021 1742 5092 gensJudazorum
1777 5031 1837 5080 ut
1875 5041 2041 5093 nunc,

457 5103 676 5160 videtur
705 5106 879 5174 arida,
905 5119 958 5164 et
981 5109 1261 5177 incredula
1293 5117 1617 5185 permansit.

533 5198 690 5256 llunc
716 5202 961 5273 quidem,
984 5206 1120 5282 quia
1158 5207 1304 5278 Deus
1339 5224 1404 5268 ea
1427 5225 1551 5280 quae
1575 5210 1643 5265 de
1671 5225 1774 5265 suo
1810 5212 2044 5268 adventu

455 5305 557 5362 per
586 5294 928 5362 patriarchas
957 5306 1011 5364 et
1037 5299 1334 5369 prophetas
1357 5300 1521 5355 rebus
1546 5309 1601 5355 et
1630 5303 1811 5359 verbis
1841 5305 2048 5373 promi-

460 5383 686 5454 sit,jam
745 5385 911 5442 homo
948 5386 1210 5461 implevit,
1261 5399 1656 5459 pertractemus
1700 5393 1940 5448 solliciti.
1989 5393 2046 5450 Si

461 5473 610 5532 Deus
629 5479 780 5534 venit
823 5481 879 5534 in
924 5480 1073 5550 hunc
1120 5481 1412 5548 mundum.
1456 5490 1515 5536 ut
1541 5499 1643 5539 nos
1673 5484 1877 5540 faceret
1900 5487 2048 5541 cives

457 5569 802 5640 angelorum,
837 5587 905 5627 ne
926 5587 1033 5638 nos,
1056 5572 1162 5646 ipsi
1193 5587 1359 5628 causa
1401 5571 1574 5629 simus
1615 5586 1816 5632 nostra:
1861 5577 2045 5647 perdi-

458 5661 654 5728 tionis,
683 5663 731 5717 si
757 5678 856 5717 nos
880 5663 933 5718 in
961 5664 1223 5734 peccandi
1253 5665 1714 5734 concupiscentiis
1753 5668 2048 5738 persisten-

459 5751 554 5817 do,
579 5768 610 5806 a
635 5752 746 5806 Deo
776 5753 1048 5808 salvatore
1084 5763 1278 5808 nostro
1302 5754 1762 5826 elongaverimus,
1779 5773 2048 5814 exuamus

465 5852 705 5902 veterem
740 5843 1041 5920 hominem,
1064 5855 1117 5900 et
1159 5846 1455 5903 induamus
1498 5863 1700 5906 novum
1743 5848 2044 5924 hominem.

1615 375 1938 438 WERNERI
1971 383 2266 444 ABBATIS
2306 389 2362 445 S.
2403 388 2626 448 BLASll

3604 412 3685 474 788

2089 508 2134 562 Α
2163 506 2258 574 qui
2313 507 2506 563 salutis
2549 518 2752 565 nostra:
2782 525 2946 566 causa
3001 521 3163 568 natus
3204 523 3289 570 est
3343 513 3394 569 in
3437 525 3684 592 mundum.

2166 592 2462 657 Videamus
2485 613 2744 672 quantam
2771 604 3087 675 dignitatem
3130 607 3290 662 nobis
3320 611 3552 672 nativitas
3597 620 3686 679 Do-

2163 691 2296 744 mini
2329 695 2681 750 conccsserit.
2711 693 2871 751 Prius
2896 696 3041 750 enim
3089 712 3254 766 quam
3287 696 3586 775 Redemptor
3609 728 3691 767 no-

2163 788 2276 834 ster
2314 797 2412 850 per
2442 798 2664 838 carnem
2711 795 3049 852 nasceretur,
3083 788 3292 842 alienos
3327 806 3357 844 a
3385 807 3477 848 suo
3502 811 3690 857 censor.

2159 873 2236 927 tio
2260 890 2362 930 nos
2389 877 2724 932 damnabant
2753 878 2950 949 angeli,
2982 880 3108 949 quia
3143 883 3413 950 peccando
3442 901 3533 944 nos
3553 893 3688 949 caele-

2160 973 2297 1019 stem
2326 967 2560 1036 patriam
2604 969 2912 1038 perdidisse
2954 972 3223 1028 sciebant.
3261 973 3537 1046 Postquam
3587 1001 3688 1040 vero

2161 1057 2487 1129 Redemptor
2536 1071 2739 1116 terram
2793 1073 2996 1120 nostrae
3034 1066 3219 1120 carnis
3273 1074 3569 1141 assumpsit,
3612 1094 3690 1132 no-

2159 1161 2330 1213 stram
2364 1152 2717 1223 fragilitatem
2753 1156 2844 1211 illa
2878 1159 3124 1228 angelica
3181 1159 3443 1216 celsitudo
3493 1181 3587 1221 non
3620 1170 3690 1224 de-

2157 1243 2357 1312 spexit,
2384 1255 2436 1299 et
2461 1262 2601 1316 quos
2625 1247 2780 1317 prius
2808 1247 3082 1302 habebant
3103 1249 3406 1319 despectos,
3429 1251 3530 1322 jam
3558 1272 3692 1311 vene-

2156 1343 2348 1388 rantur
2383 1345 2442 1390 ut
2498 1337 2700 1394 socius.
2759 1337 2898 1394 llinc
2946 1340 3050 1408 ipsi
3101 1341 3300 1411 angeli,
3339 1342 3436 1398 hac
3473 1358 3606 1403 nocte
3637 1352 3691 1406 de

2153 1425 2358 1482 Christi
2389 1429 2669 1485 nativitate
2698 1439 2753 1485 ct
2784 1431 2851 1485 de
2890 1441 3076 1488 nostra
3111 1433 3474 1503 redemptione
3494 1438 3695 1508 glorian-

2157 1528 2257 1586 tes,
2284 1530 2690 1577 cantaverunt:
2734 1541 2752 1573 ι
2792 1523 2979 1578 Gloria
3033 1525 3088 1578 in
3144 1526 3380 1581 excelsis
3410 1526 3527 1592 Deo,
3563 1542 3608 1586 et
3645 1535 3690 1588 in

2155 1620 2297 1666 terra
2316 1628 2418 1682 pax
2447 1614 2764 1670 hominibus
2782 1615 2936 1670 bonze
2957 1615 3253 1670 voluntatis
3276 1615 3425 1686 (Luc.
3449 1622 3521 1690 ιι),
3541 1639 3557 1673 ι
3578 1620 3693 1678 Hine

2152 1705 2400 1774 estquod
2433 1703 2538 1760 Lot
2568 1705 2722 1778 (Gen.
2754 1707 2892 1776 XIX),
2939 1715 2995 1762 et
3034 1706 3203 1763 Josue
3238 1707 3439 1778 (Judic.
3476 1717 3521 1781 ν)
3551 1729 3691 1784 θυεμ

2155 1798 2235 1854 los
2265 1797 2655 1866 adoraverunt,
2678 1809 2733 1856 et
2755 1809 2936 1857 tamen
2964 1801 3196 1856 adorare
3225 1818 3338 1857 non
3367 1805 3691 1872 prohibentur.

2086 1878 2126 1932 Β
2154 1890 2397 1947 Joannes
2417 1907 2548 1948 vero
2583 1894 2836 1965 angelum
2863 1895 3093 1950 adorare
3115 1896 3313 1960 voluit,
3362 1904 3415 1950 et
3439 1907 3594 1952 tamen
3615 1915 3695 1953 an-

2153 1985 2309 2055 gelus
2347 1986 2495 2053 hunc
2518 2001 2587 2048 ne
2611 2001 2669 2045 se
2700 1987 2932 2052 adorare
2954 1988 3151 2043 debeat
3181 1989 3656 2058 compescitdicens
3680 2010 3692 2045 :

2158 2098 2176 2130 ι
2217 2077 2348 2134 Vide
2376 2095 2445 2134 ne
2482 2078 2676 2138 feceris
2709 2095 3052 2136 :conservus
3092 2080 3240 2136 enim
3298 2089 3429 2136 tuus
3476 2097 3611 2146 sum;
3652 2091 3697 2137 et

2151 2169 2384 2239 fratrum
2440 2179 2658 2226 tuorum
2700 2172 2886 2243 (Apoc.
2923 2173 3039 2242 χιχ)
3093 2193 3111 2224 ι
3164 2171 3537 2244 (ϐηεδοκιιτε).
3575 2172 3698 2230 Post-

2151 2279 2318 2335 quam
2351 2278 2480 2319 vero
2507 2263 2687 2335 angeli
2714 2264 3110 2326 humanitatem
3145 2265 3198 2318 in
3229 2263 3351 2319 Deo
3377 2266 3696 2335 conspiciunt,

2152 2374 2212 2419 se
2235 2358 2464 2413 adorare
2493 2358 2564 2413 ab
2590 2357 2814 2413 homine
2839 2359 3256 2428 pertimescunt,
3292 2373 3400 2414 nec
3427 2359 3603 2413 habere
3619 2357 3697 2413 de-

2150 2449 2444 2519 dignantur
2474 2449 2750 2504 hominem
2773 2450 3220 2520 consocium,qui
3245 2465 3419 2520 super
3439 2465 3494 2504 se
3512 2450 3702 2505 adorant

2152 2541 2433 2603 hominem
2463 2542 2654 2597 Deum.
2688 2540 3050 2602 Obtineamus
3083 2558 3218 2613 ergo
3278 2544 3524 2598 moribus
3556 2542 3703 2613 digni-

2153 2643 2318 2692 tatem
2352 2643 2620 2701 nostram,
2674 2635 2825 2689 nulla
2876 2651 2979 2691 nos
3020 2634 3238 2696 luxuria
3283 2635 3547 2705 inquinet,
3581 2633 3703 2687 nulla

2153 2742 2256 2783 nos
2277 2727 2455 2798 turpis
2486 2727 2750 2798 cogitatio
2790 2735 3036 2791 accuset,
3077 2743 3188 2794 non
3240 2726 3455 2781 malitia
3503 2734 3704 2780 mentem

2153 2819 2422 2885 mordeat,
2454 2834 2562 2873 non
2590 2819 2792 2874 invidia
2846 2827 3159 2884 consumat,
3194 2834 3310 2873 non
3358 2816 3517 2874 elatio
3564 2815 3704 2881 inﬂet,

2155 2927 2263 2967 non
2293 2911 2522 2967 ambitio
2552 2911 2799 2966 dilaniet.
2826 2909 2931 2978 Qui
2958 2911 3105 2965 enim
3129 2909 3224 2970 Dei
3248 2909 3559 2966 cohaeredes
3579 2906 3704 2962 elci-

2150 3021 2248 3062 ves
2273 3004 2593 3076 angelorum
2619 3019 2742 3060 esse
2764 3002 3030 3059 debemus
3055 3001 3326 3067 mundam
3353 3012 3407 3057 et
3443 3000 3707 3071 angelicam

2150 3097 2320 3152 vitam
2346 3098 2636 3152 ducamus.
2668 3095 2826 3163 Quod
2879 3095 2996 3166 ipse
3051 3103 3321 3165 praestare
3351 3095 3590 3166 dignetur
3629 3091 3709 3162 qui

2154 3187 2300 3244 Deus
2357 3187 2524 3242 homo
2571 3186 2748 3249 factus
2794 3196 2880 3242 est
2929 3202 3098 3246 causa
3149 3195 3363 3243 nostra:
3407 3183 3712 3251 salutis,.le-

2154 3227 2300 3244 uc...
2357 3227 2523 3242 ..νων
2571 3227 2748 3249 ........λ.,
2795 3227 2880 3242 νο.
2930 3227 3098 3246 .,.....,..
3151 3227 3363 3243 ...,.,.....
3407 3227 3687 3251 ,πη-...ηπ

2077 3227 2122 3290 C
2153 3294 2250 3336 sus
2287 3278 2543 3335 Christus
2569 3321 2584 3345 ,
2627 3279 2892 3336 Dominus
2939 3288 3146 3346 noster,
3201 3282 3305 3350 qui
3342 3297 3466 3337 cum
3493 3279 3636 3335 Patre
3667 3289 3715 3334 et

2161 3370 2375 3442 Spiritu
2399 3381 2592 3432 sancto
2620 3371 2755 3428 vivit
2775 3381 2830 3427 et
2854 3382 3046 3442 regnat
3069 3388 3164 3444 per
3184 3375 3380 3433 omnia
3418 3373 3604 3429 saecula
3627 3388 3739 3427 εει

2151 3463 2422 3519 culorum.

2381 3664 2614 3723 SERMO
2654 3666 2742 3722 DE
2780 3665 3204 3721 NATIVITATE
3246 3664 3512 3723 DOMINI.

2230 3843 2248 3878 ι
2271 3825 2540 3897 Apparuit
2562 3823 2868 3895 benignitas
2897 3835 2952 3882 et
2973 3827 3293 3892 humanitas
3320 3823 3617 3881 Salvatoris
3641 3835 3722 3874 no-

2152 3920 2252 3974 stri
2277 3919 2394 3987 Dei,
2429 3935 2538 3974 non
2565 3935 2632 3975 ex
2660 3920 2924 3990 operibus
2948 3920 3180 3991 justitia:
3209 3937 3343 3990 quae
3371 3921 3600 3976 fecimus
3619 3932 3725 3977 nos,

2151 4012 2246 4067 sed
2281 4011 2585 4068 secundum
2623 4027 2784 4078 suam
2823 4011 3265 4075 misericordiam
3314 4013 3506 4068 salvos
3531 4025 3625 4064 nos
3662 4005 3727 4060 fe-

2151 4104 2225 4158 cit
2251 4103 2385 4175 (Tit.
2416 4104 2519 4173 ut).
2555 4123 2574 4156 ι
2603 4103 2987 4174 Acquisiverat
3013 4104 3146 4174 sibi,
3172 4104 3386 4161 fratres
3418 4097 3732 4164 charissimi,

2152 4212 2324 4268 genus
2354 4197 2654 4252 humanum
2687 4197 2890 4252 astutia
2913 4196 3201 4252 diabolicae
3222 4195 3474 4262 fraudis,
3497 4191 3732 4249 subdide-

2151 4300 2351 4347 rateos
2375 4306 2491 4346 suae
2529 4291 2831 4346 conditioni
2879 4305 2976 4360 per
3023 4299 3250 4361 peccata
3287 4289 3470 4360 primi
3495 4284 3731 4358 parentis.

2152 4381 2424 4436 Dominus
2453 4396 2583 4436 vero
2609 4380 2794 4451 justus
2822 4379 3125 4451 judex,qtti
3157 4395 3263 4434 nec
3291 4377 3622 4435 adversario
3645 4383 3734 4428 suo

2151 4470 2356 4540 aliquid
2382 4469 2647 4539 injustum
2683 4470 2794 4524 vult
2823 4469 3089 4542 irrogarc,
3131 4469 3226 4526 sed
3275 4469 3485 4526 omnia
3523 4467 3636 4523 sive
3658 4477 3741 4534 per

2080 4575 2124 4629 1)
2154 4560 2590 4616 misericordiam
2616 4559 2731 4614 sive
2761 4575 2856 4630 per
2879 4561 3155 4629 justitiam
3211 4560 3434 4628 facere,
3469 4558 3553 4615 sic
3590 4557 3742 4609 voluit

2150 4669 2324 4724 genus
2356 4653 2657 4708 humanum
2689 4669 2787 4723 per
2811 4654 3044 4724 gratiam
3083 4655 3366 4710 redimere
3395 4697 3413 4721 ,
3448 4665 3514 4708 ut
3542 4667 3642 4708 nec
3674 4649 3747 4701 iu-

2143 4744 2419 4816 justitiam
2444 4744 2724 4810 videretur
2749 4744 2958 4800 inferre
2995 4745 3238 4800 diabolo.
3275 4744 3436 4801 Cum
3473 4757 3608 4814 ergo
3658 4737 3749 4792 Sa-

2152 4847 2310 4892 tanas
2334 4845 2523 4891 contra
2555 4836 2836 4891 hominem
2865 4845 3045 4892 astute
3073 4836 3280 4909 egisset
3312 4853 3424 4908 per
3462 4832 3753 4895 fallaciam,

2149 4931 2322 4985 voluit
2375 4928 2644 4984 Dominus
2684 4939 2876 4984 contra
2951 4928 3120 4984 Satan
3179 4938 3425 5000 propter
3482 4927 3753 4984 hominem

2149 5023 2446 5093 prudenter
2473 5039 2634 5102 agere
2663 5039 2761 5093 per
2777 5024 3122 5094 sapientiam.
3139 5023 3257 5078 Tali
3279 5023 3475 5094 igitur
3498 5020 3760 5079 Dominus

2148 5115 2260 5185 egit
2300 5115 2533 5170 consilio
2561 5115 2628 5170 de
2665 5117 2905 5171 humana
2962 5116 3340 5187 reparatione,
3373 5113 3758 5171 necessarium

2148 5215 2270 5260 erat
2311 5214 2373 5261 ut
2393 5215 2587 5262 contra
2617 5207 2898 5263 diabolum
2931 5217 3273 5278 pugnaturus
3319 5206 3469 5262 talis
3509 5205 3755 5261 mittere-

2152 5309 2261 5366 tur,
2291 5300 2387 5370 qui
2415 5316 2516 5356 nec
2550 5301 2956 5366 succumberet,
2982 5302 3075 5356 sed
3103 5301 3539 5356 rationabiliter
3567 5307 3764 5370 ageret,

2149 5402 2204 5447 et
2252 5407 2378 5447 eum
2429 5393 2697 5463 sapientia
2760 5394 2946 5449 omnia
3001 5402 3277 5449 tractaret.
3352 5393 3558 5450 Adam
3605 5405 3771 5462 purus

2152 5485 2318 5541 homo
2349 5496 2490 5553 erat,
2514 5495 2570 5553 et
2594 5487 2714 5542 ideo
2737 5504 2804 5544 ex
2833 5488 3073 5556 humana
3097 5486 3414 5559 fragilitate
3450 5482 3770 5542 tentationi-

2149 5576 2253 5632 bus
2280 5577 2482 5633 diaboli
2505 5579 2820 5646 succubuit,
2844 5589 2900 5635 et
2923 5587 3210 5650 propterea
3258 5594 3466 5647 purus
3505 5579 3686 5634 homo
3713 5572 3776 5629 ad

2150 5670 2582 5742 redemptionem
2643 5682 2889 5729 nostram
2927 5673 3228 5736 mittendus
3283 5687 3421 5726 non
3461 5683 3640 5736 erat,
3689 5669 3776 5740 qui

2150 5762 2233 5817 vel
2258 5779 2352 5832 per
2387 5779 2445 5818 se
2479 5779 2602 5819 eum
2640 5773 2958 5830 tentaretur,
3005 5779 3230 5834 peccare
3256 5763 3782 5834 potuisset.Quale

2079 5831 2082 5834 i
2153 5831 2332 5908 autem
2356 5865 2641 5929 peccatum
2671 5855 2842 5910 Adam
2875 5856 3190 5911 commisit’
3215 5853 3356 5910 Tale
3391 5859 3612 5926 utique
3664 5872 3782 5925 pec-
