3964 6458
247 419 344 477 πθ
1191 427 1764 487 DEFLORATIONES
1805 429 1905 486 ss.
1947 425 2257 485 runtur.
2301 394 2373 466 ζ
2409 426 2534 482 LIB.
2576 425 2594 478 l

3435 429 3540 488 700

259 546 452 606 catum,
478 543 640 610 quod
671 543 854 615 ajus
879 543 1081 599 mundo
1121 553 1258 600 erat.
1292 543 1400 600 Sex
1427 545 1575 602 enim
1594 547 1852 602 crimina—
1880 553 1927 610 Α
1953 542 2098 601 cavit
2124 543 2180 598 in
2203 541 2479 614 superbia.
2499 539 2680 608 Quare
2710 551 2819 595 nou
2849 539 3052 596 creavit
3075 540 3240 598 alium
3263 542 3540 604 hominem

261 631 326 686 lia
344 630 560 703 llagitia
593 635 652 688 in
677 651 792 691 uno
813 635 1042 691 crimine
1069 635 1308 700 admisit,
1338 638 1541 708 quibus
1577 653 1674 695 sex
1717 647 1848 694 teta-

266 734 337 780 tes
361 739 478 779 sua:
501 729 933 795 posterioritatis
954 729 1116 783 morti
1144 729 1392 784 involvit.
1416 729 1664 786 Primum
1687 747 1847 786 nam-

271 833 366 888 que
389 819 652 888 superbia
676 819 802 887 fuit,
841 835 967 875 eum
1001 819 1113 874 Deo
1147 820 1383 891 aequalis
1414 836 1537 877 esse
1565 821 1756 888 voluit,
1793 830 1855 878 et

271 909 387 964 ideo
415 908 596 965 factus
625 919 713 965 est
749 911 996 966 omnium
1045 911 1267 967 intimus
1308 913 1403 984 qui
1445 912 1550 967 fuit
1591 914 1849 969 omnibus

272 1001 539 1073 praelatus.
603 999 923 1058 Secundum
991 1003 1355 1059 inobedientia
1427 1005 1664 1072 exstitit,
1721 1021 1846 1060 cum

272 1093 584 1148 mandatum
637 1095 954 1164 pmterivit,
987 1105 1044 1150 et
1071 1094 1195 1151 ideo
1237 1095 1382 1153 facta
1429 1106 1560 1153 sunt
1602 1098 1767 1153 etiam
1797 1099 1848 1154 ei

271 1187 448 1241 omnia
507 1187 877 1244 inobedientia
938 1204 1061 1260 quae
1125 1189 1279 1259 prius
1355 1197 1512 1246 erant
1575 1191 1840 1262 subjecta.

270 1277 508 1334 Tertium
561 1279 790 1334 avaritia
840 1287 991 1345 erat,
1049 1295 1174 1334 cum
1234 1281 1564 1352 plusquam
1621 1297 1850 1339 conces-

269 1389 385 1428 sum
413 1380 534 1427 erat
561 1373 932 1442 concupierat,
963 1379 1018 1428 et
1047 1371 1169 1427 ideo
1196 1373 1382 1428 omnia
1410 1373 1560 1443 juste
1585 1390 1855 1432 concessa

268 1463 542 1518 amiserat.
580 1462 849 1529 Quartum
897 1471 1017 1518 erat
1057 1465 1428 1534 sacrilegium,
1460 1480 1596 1520 cum.
1616 1465 1847 1521 vetitum

269 1556 322 1610 in
351 1571 513 1610 sacro
542 1555 666 1610 loco
695 1555 854 1625 quasi
896 1571 993 1626 per
1037 1554 1244 1611 furtum
1274 1557 1568 1628 subripuit,
1627 1567 1682 1614 et
1725 1559 1847 1615 ideo

267 1647 328 1702 de
359 1649 606 1702 sacrario
636 1647 852 1702 excludi
899 1648 1118 1703 meruit.
1150 1647 1416 1715 Quintum
1448 1650 1710 1720 spiritalis
1731 1649 1848 1730 for-

269 1738 467 1794 nicatio
491 1738 613 1794 fuit.
647 1738 844 1794 Anima
872 1739 1016 1794 enim
1049 1739 1197 1795 illius
1233 1750 1354 1796 erat
1382 1741 1494 1797 Deo
1530 1742 1842 1814 conjuncta.

271 1829 372 1884 Sed
399 1845 526 1883 cum
580 1838 764 1899 spreto
794 1828 906 1884 Deo
942 1829 1222 1886 diabolum
1253 1831 1498 1897 admisit,
1533 1811 1690 1905 quasi
1718 1849 1846 1891 eum

1953 637 2022 692 de
2047 643 2213 702 terra,
2235 644 2290 690 et
2318 634 2610 691 misiteum
2638 646 2737 703 pro
2769 632 3015 704 perdito?
3043 633 3105 690 Si
3132 650 3334 693 novum
3361 639 3541 696 homi-

1956 743 2082 782 nem
2114 725 2258 783 Deus
2286 734 2530 782 creasset
2562 734 2617 780 et
2645 724 2906 793 misisset,
2944 733 3076 782 tunc
3113 727 3180 782 ad
3213 744 3385 799 genus
3408 731 3543 790 Adae

1953 819 2258 889 redemptio
2286 832 2398 873 non
2427 817 2740 888 pertineret.
2777 815 2853 870 De
2880 832 2982 872 suo
3006 817 3152 873 enim
3183 834 3379 892 genere
3415 837 3542 881 esse

1951 911 2138 968 debuit
2174 911 2269 982 qui
2307 927 2408 982 pro
2432 910 2655 966 homine
2698 907 3058 966 satisfaceret.
3091 911 3202 966 Cur
3245 929 3364 971 non.
3387 915 3538 972 misit

1948 1004 2320 1077 patriarcham
2372 1003 2457 1058 vel
2499 1001 2863 1073 prophetam?
2912 1001 3246 1061 Patriarchaa
3304 1015 3359 1063 et
3391 1023 3540 1078 pro-

1949 1097 2130 1170 phetae
2181 1097 2237 1153 in
2281 1096 2522 1168 peccatis
2572 1096 2820 1168 concepti
2850 1104 2903 1152 et
2957 1099 3069 1152 nati
3093 1109 3271 1166 erant,
3325 1110 3380 1156 et
3415 1101 3539 1159 ideo

1951 1203 2125 1261 genus
2144 1187 2449 1244 humanum
2492 1187 2762 1243 redimere
2779 1201 2887 1243 non
2915 1196 3207 1258 poterant.‘
3220 1189 3390 1262 Igitur
3409 1195 3541 1263 quia

1951 1279 2178 1351 angelus
2212 1278 2482 1335 redimere
2508 1294 2619 1334 non
2659 1277 2866 1345 debuit,
2917 1285 2972 1334 et
3018 1280 3186 1336 homo
3221 1283 3542 1342 satisfacere

1952 1385 2065 1428 non
2095 1371 2292 1442 potuit,
2317 1369 2414 1426 Dei
2451 1370 2596 1426 filius
2651 1385 2749 1441 per
2781 1385 2947 1441 quem
2979 1373 3186 1440 omnia,
3238 1382 3298 1429 ut
3342 1384 3399 1430 et
3452 1392 3541 1432 re-

1953 1463 2194 1534 demptio
2235 1478 2332 1534 per
2397 1477 2523 1518 eum
2577 1461 2730 1517 fieret
2776 1464 3076 1534 assumpsit
3105 1465 3325 1536 plenum
3358 1468 3540 1522 homio

1951 1569 2102 1620 nem,
2129 1553 2265 1609 etin
2303 1553 2518 1609 duabus
2539 1551 2752 1608 naturis
2793 1551 2972 1610 factus
3015 1564 3098 1610 est
3125 1571 3232 1610 una
3284 1571 3538 1626 persona.

1952 1644 2019 1700 Et
2040 1644 2097 1700 in
2125 1645 2216 1700 illa
2265 1653 2459 1700 natura
2489 1659 2599 1717 qua
2625 1644 2770 1704 Deus
2801 1655 2939 1715 erat,
2989 1647 3120 1702 vicit
3157 1648 3456 1716 diabolum,
3481 1662 3542 1707 ut

1954 1735 2076 1807 ipse
2116 1735 2325 1792 vicerat
2369 1735 2669 1804 hominem,
2723 1746 2778 1794 et
2839 1739 3096 1795 omnibus
3144 1740 3546 1812 praidestinatis

1953 1827 2154 1884 celum
2205 1829 2420 1900 aperuit
2460 1837 2515 1884 et
2545 1831 2755 1902 angelis
2805 1833 3154 1904 coaequavit:
3195 1834 3342 1905 quod
3388 1835 3540 1891 solus

268 1921 1237 1990 extraneoadulterinmeommisit,et
1260 1923 1854 1986 ideoverisoonsiami—
1883 1919 1926 1975 Β
1954 1915 2100 1974 Deus
2128 1916 2308 1974 facere
2344 1917 2540 1990 potuit.
2581 1915 2638 1974 In
2682 1935 2746 1976 ea
2771 1934 2951 1977 autem
2999 1931 3195 1979 natura
3223 1940 3331 1995 Qua
3374 1925 3540 1981 homo

269 2014 444 2069 citiam
462 2013 668 2069 amisit.
702 2014 868 2070 Sexto
893 2015 1255 2072 homicidium.
1279 2019 1628 2087 perpetravit,
1657 2035 1768 2089 quo
1791 2034 1850 2075 se

267 2116 318 2161 et
351 2122 516 2161 omne
571 2122 744 2176 genus
771 2108 1072 2162 humanum
1127 2108 1184 2164 in
1214 2119 1443 2164 mortem
1472 2110 1846 2182 praecipitavit.

269 2197 421 2254 Unde
479 2206 534 2254 et
585 2200 832 2256 interiori
889 2201 1111 2256 homine
1159 2216 1289 2258 mox
1337 2212 1421 2259 est
1476 2212 1748 2272 mortuus,
1794 2212 1850 2259 et

263 2291 433 2362 jacuit
465 2291 520 2345 in
573 2292 826 2361 sepulcro
878 2294 1130 2363 corporis
1157 2296 1425 2365 sepultus.
1478 2294 1857 2362 Quamobrem.

267 2383 469 2454 duplici
513 2384 670 2454 culpa
698 2393 782 2440 est
829 2385 1125 2442 obstrictus
1164 2405 1179 2442 :
1223 2404 1332 2443 una
1368 2404 1475 2459 qua
1515 2388 1685 2444 Deum
1723 2404 1851 2445 conv

268 2480 488 2550 tempsit
530 2489 586 2534 et
623 2495 762 2551 opus
791 2481 1115 2536 obedientia:
1155 2481 1433 2548 deseruit;
1483 2481 1590 2536 alia
1624 2496 1732 2552 qua
1764 2479 1850 2535 fo-

265 2584 418 2624 veam
444 2570 639 2626 mortis
669 2571 876 2636 incidit,
905 2579 960 2626 et
981 2586 1040 2626 se
1064 2571 1386 2640 adjunctum
1423 2586 1561 2642 opus
1590 2571 1848 2641 impotem

266 2659 410 2716 fecit.
449 2659 609 2728 Quali
635 2671 817 2717 autem
848 2662 1012 2717 modo
1043 2664 1285 2733 Oportuit
1313 2678 1438 2718 eum
1471 2663 1710 2718 reverti?
1737 2661 1850 2718 Ho—

263 2767 454 2808 norem
481 2769 643 2822 quem
666 2752 778 2808 Deo
802 2754 1266 2810 abstulitreddere
1290 2756 1496 2823 debuit,
1518 2764 1572 2811 et
1593 2771 1692 2827 pro
1717 2771 1849 2826 pec-

254 2831 387 2916 fcato
411 2843 731 2902 satisfacere
758 2846 902 2917 quod
931 2845 1078 2902 fecit.
1120 2845 1287 2902 Valde
1330 2847 1475 2902 enim
1503 2847 1712 2918 justum
1744 2857 1846 2911 est,

252 2921 342 3012 int,
375 2937 470 3006 qui
499 2937 590 2992 alii
622 2953 718 2992 sua
749 2938 1052 3002 abstulerit,
1083 2947 1137 2993 et
1157 2939 1334 2994 ablata
1373 2940 1644 3007 restituat,
1673 2949 1727 2995 et
1752 2955 1852 3011 pro

257 3029 469 3097 injuria
499 3029 648 3084 illata
679 3029 1000 3086 satisfaciat.
1034 3029 1176 3097 Quid
1203 3031 1430 3086 abstulit
1473 3031 1637 3087 homo
1691 3029 1802 3086 Deo
1828 3030 1851 3084 ?

247 3119 472 3190 gTotum
517 3122 663 3192 quod
717 3125 1004 3193 proposuit
1033 3123 1087 3178 in
1118 3140 1217 3179 sua
1240 3140 1374 3179 cura
1403 3125 1472 3180 de
1505 3125 1625 3194 ejus
1650 3141 1847 3196 genere

245 3203 474 3269 facere.
513 3213 760 3280 Qualiter
809 3215 1048 3270 ablatum
1082 3215 1346 3271 honorem
1377 3217 1604 3271 reddere
1633 3217 1852 3272 debuit?

250 3304 560 3360 Diabolum
605 3305 679 3359 ita
723 3305 941 3361 vincere
986 3316 1044 3360 ut
1090 3307 1207 3377 ipse
1237 3308 1413 3363 victus
1460 3317 1544 3364 est
1575 3309 1644 3364 ab
1670 3324 1756 3372 eo,
1795 3319 1849 3365 et

248 3399 510 3468 Seipsum
553 3413 852 3468 omnesque
899 3400 1310 3470 praedestinatos
1375 3401 1444 3457 ad
1490 3403 1657 3458 vitam
1718 3405 1852 3460 tales

245 3489 553 3544 restituere
600 3490 788 3560 quales
809 3489 977 3546 futuri
1047 3501 1224 3559 erant,
1278 3493 1324 3548 si
1399 3495 1848 3563 permansissent.

245 3581 513 3649 Qualiter
537 3591 719 3636 autem
761 3581 948 3638 debuit
995 3583 1358 3640 satisfacere?
1398 3585 1534 3653 Quia
1567 3598 1850 3657 peccatum

245 3677 443 3746 majus
478 3675 686 3730 mundo
711 3678 1006 3740 commisit,
1039 3678 1244 3748 aliquid
1277 3681 1454 3750 majus
1492 3682 1696 3737 mundo
1742 3683 1852 3738 Deo

243 3768 480 3822 solvere
516 3767 723 3822 debuit.
772 3768 878 3823 Sed
928 3786 1054 3826 cum
1108 3771 1307 3826 horum
1367 3782 1636 3829 neutrum.
1673 3774 1853 3830 facere

244 3867 446 3928 posset
494 3858 643 3913 nulla
697 3861 930 3928 ratione,
981 3862 1102 3916 ideo
1133 3863 1434 3932 permansit
1467 3864 1521 3918 in
1568 3873 1759 3920 morte.
1789 3865 1853 3921 Et

244 3966 351 4006 cur
381 3951 608 4021 penitus
635 3967 740 4006 non
766 3953 943 4022 periit,
973 3955 1104 4024 quia
1131 3963 1394 4010 statutum
1426 3955 1519 4011 Dei
1575 3957 1852 4012 immutari

245 4055 365 4095 non
397 4041 602 4110 potuit.
635 4042 919 4112 Dreposuit
955 4045 1101 4099 enim
1130 4060 1197 4099 ex
1223 4061 1420 4116 genere
1480 4046 1611 4102 Atla:
1647 4048 1847 4103 electo»

248 4148 378 4187 tum
429 4150 724 4190 numerum
769 4136 1012 4205 implore.
1062 4136 1203 4204 Quid
1243 4140 1415 4210 ergo?
1441 4140 1580 4206 Quia
1609 4139 1850 4197 debitum

251 4225 536 4280 honorem
593 4243 701 4282 non
753 4228 937 4294 solvit,
993 4227 1139 4285 Deus
1194 4231 1264 4284 ab
1311 4246 1378 4285 eo
1404 4231 1575 4286 invito
1615 4235 1848 4303 accepit,

253 4329 386 4370 cum
423 4331 553 4370 eum
586 4316 766 4386 panis
825 4317 1060 4388 subegit.
1109 4317 1190 4373 Ad
1244 4335 1406 4390 quem
1439 4320 1600 4375 finem
1632 4323 1848 4376 tandem

253 4409 551 4476 pervenire
598 4408 830 4462 debuit?
863 4408 1132 4474 Quoniam
1182 4409 1466 4481 transfuga
1503 4427 1694 4469 servus
1723 4429 1850 4470 cum

255 4496 409 4553 furto
445 4498 664 4554 Domini
701 4501 786 4556 sui
815 4499 880 4555 ad
911 4501 1271 4557 saevissimum
1309 4502 1622 4574 profugerat
1662 4513 1850 4577 tyran-

1950 2018 2068 2066 erat
2091 2025 2191 2082 pro
2211 2009 2415 2082 injuria
2457 2011 2636 2082 majus
2659 2013 2865 2069 mundo
2892 2014 3076 2082 solvit,
3135 2032 3262 2072 cum
3305 2028 3539 2075 mortem

1951 2099 2244 2158 iudebitam
2279 2103 2469 2172 subiit,
2525 2105 2671 2173 quod
2714 2104 2867 2161 solus
2897 2105 3063 2162 homo
3108 2106 3288 2164 facere
3328 2109 3536 2168 debuit.

1950 2193 2132 2262 Quare
2157 2210 2286 2268 ergo
2309 2211 2420 2252 non
2446 2205 2531 2252 est
2552 2198 2754 2254 missus
2781 2197 2962 2268 Pater,
2995 2216 3096 2256 nec
3121 2199 3358 2272 Spiritus
3378 2219 3540 2261 sanc-

1951 2296 2043 2343 tus
2071 2305 2087 2355 ;
2122 2288 2218 2344 sed
2259 2289 2410 2346 solus
2440 2289 2480 2344 F
2485 2291 2614 2347 ilius
2670 2299 2756 2347 est
2804 2291 3142 2350 incarnatus.
3175 2294 3232 2350 Si
3267 2295 3427 2353 Pater
3454 2299 3544 2358 vel

1955 2377 2191 2450 Spiritus
2213 2390 2438 2438 sanctus
2467 2381 2876 2450 incarnaretur,
2914 2383 3025 2440 duo
3055 2385 3150 2440 filii
3179 2386 3234 2441 in
3271 2385 3544 2444 Trinitate

1951 2479 2408 2542 eomputarentur
2447 2492 2461 2528 :
2505 2491 2649 2530 unus
2689 2475 2835 2531 ﬁlius
2869 2474 3110 2549 Virginis
3155 2477 3426 2549 quiesset
3451 2481 3544 2537 in-

1951 2571 2231 2630 carnatus,
2257 2563 2396 2619 alter
2419 2563 2734 2622 FiliusDei.
2770 2566 2837 2622 Et
2865 2567 2973 2624 alia
3003 2584 3168 2624 causa
3196 2578 3332 2625 erat.
3365 2570 3548 2628 Filius

1949 2663 2033 2712 est
2059 2654 2152 2712 Dei
2176 2657 2496 2725 similitudo,
2521 2660 2748 2731 angelus
2769 2669 2951 2716 autem
2969 2671 3021 2717 et
3038 2662 3203 2716 homo
3225 2678 3541 2736 assumpse-

1950 2757 2076 2803 rant
2095 2749 2199 2804 sibi
2225 2749 2636 2806 similitudinem
2655 2751 2770 2808 Dei.
2788 2751 3126 2825 Debuitergo
3149 2754 3237 2808 ille
3261 2755 3539 2812 inearnari

1951 2839 2041 2896 cui
2067 2841 2379 2909 specialiter
2408 2842 2612 2914 injuria
2642 2841 2785 2898 facta
2819 2843 3018 2911 fuerat,
3055 2853 3117 2900 ut
3171 2844 3335 2901 istum
3369 2847 3563 2918 mise-y

1950 2931 2238 2988 ricorditer
2285 2942 2547 3002 servaret,
2604 2933 2758 2990 illum
2814 2936 2978 2992 etiam
3012 2936 3161 3007 justo
3231 2938 3533 2996 damnaret.

1952 3021 2136 3090 Quare
2219 3041 2351 3097 ergo
2423 3025 2598 3084 Filius
2655 3029 2806 3084 solus
2880 3038 2966 3086 est
3024 3031 3342 3088 incarnatus
3407 3033 3538 3105 quia

1951 3125 2143 3172 contra
2171 3118 2428 3174 astutiam
2465 3119 2690 3188 diaboli,
2718 3121 2992 3193 agendum
3030 3134 3150 3180 erat
3173 3140 3270 3196 per
3315 3127 3540 3197 sapien~

1955 3209 2087 3264 tiam
2138 3210 2280 3282 ejus.
2313 3211 2593 3284 Sapientia
2643 3225 2826 3270 autem
2872 3225 2928 3272 et
2971 3219 3312 3289 providentia
3358 3220 3544 3278 Patris

1957 3311 2042 3356 est
2075 3300 2248 3358 Filius
2276 3318 2372 3373 per
2399 3319 2562 3375 quem
2590 3305 2773 3361 omnia
2827 3305 2977 3363 facta
3020 3318 3150 3364 sunt
3172 3319 3228 3365 et
3292 3311 3535 3382 provisa.

1956 3391 2096 3460 Quia
2122 3393 2289 3465 igitur
2311 3395 2648 3466 providentia
2682 3407 2785 3465 est,
2811 3398 2920 3470 egit
2946 3400 3241 3470 prudenter
3269 3410 3324 3458 et
3363 3403 3545 3460 ration.

1956 3483 2230 3551 nabiliter,
2277 3493 2332 3540 et
2380 3485 2510 3556 quia
2553 3487 2820 3556 sapientia
2851 3499 2956 3556 est,
2996 3490 3108 3562 egit
3141 3492 3450 3562 sapienter;
3482 3505 3540 3552 et

1954 3577 2084 3647 quia
2115 3576 2259 3633 Deus
2292 3579 2528 3645 exstitit,
2577 3595 2805 3651 peccare
2843 3598 2952 3637 non
2997 3583 3195 3654 potuit,
3221 3586 3424 3643 missus
3453 3599 3540 3646 est

1953 3683 2092 3740 ergo
2117 3669 2311 3726 Filius.
2332 3669 2436 3738 Qui
2451 3688 2576 3726 eum
2589 3682 2735 3729 esset
2757 3675 3118 3745 providentia,
3141 3677 3540 3736 rationabiliter

1953 3762 2086 3833 egit,
2113 3778 2240 3819 cum
2267 3773 2414 3820 esset
2435 3765 2724 3836 sapientia,
2754 3767 3028 3839 sapienter
3048 3771 3232 3826 omnia
3252 3773 3536 3842 tractavit;

1954 3868 2080 3910 cum
2119 3865 2268 3912 esset
2313 3857 2460 3914 Deus
2518 3874 2746 3929 peccare
2790 3876 2900 3916 non
2934 3864 3112 3932 potuit
3145 3882 3157 3919 :
3191 3865 3284 3921 sed
3333 3865 3537 3922 rationi

1954 3960 2261 4016 congruum
2317 3957 2456 4013 erat,
2491 3957 2552 4004 ut
2592 3950 2735 4005 sicut
2787 3951 2954 4007 homo
3004 3963 3294 4024 superatus
3344 3965 3537 4027 captus

1953 4044 2090 4102 erat,
2121 4035 2202 4090 sic
2229 4046 2283 4092 et
2304 4036 2493 4104 homo,
2518 4032 2827 4108 superando
2858 4049 3136 4109 naturam,
3156 4043 3432 4099 hominem
3465 4045 3539 4100 li-

1955 4128 2193 4184 lieraret.
2249 4127 2371 4184 Non
2419 4145 2551 4200 ergo
2581 4145 2754 4201 purus
2786 4130 2930 4187 Deus
2958 4132 3164 4188 missus
3203 4143 3306 4202 est,
3356 4135 3450 4192 sed
3477 4145 3536 4193 et

1954 4219 2099 4276 Deus
2119 4229 2175 4276 et
2204 4220 2388 4277 homo.
2425 4219 2603 4278 Homo
2641 4223 2735 4294 qui
2765 4233 3068 4294 pugnaret:
3104 4223 3250 4281 Deus
3277 4226 3372 4298 qui
3395 4242 3536 4297 pug-~

1953 4322 2175 4368 nantem
2213 4323 2566 4370 sustentaret.
2595 4313 2692 4370 Est
2712 4323 2766 4370 et
2792 4314 2897 4382 alia
2921 4315 3080 4370 ratio.
3107 4315 3300 4387 Magna
3325 4317 3538 4377 discors

1953 4405 2044 4464 dia
2075 4413 2195 4462 erat
2224 4404 2366 4461 inter
2392 4404 2562 4460 Deum
2578 4413 2633 4461 et
2658 4403 2937 4460 hominem
2968 4421 3064 4476 per
3087 4415 3323 4466 veterem
3352 4407 3539 4462 homi~

1954 4514 2104 4566 nem,
2133 4497 2284 4560 facta
2308 4507 2397 4554 est
2418 4497 2715 4554 concordia
2767 4512 2866 4569 per
2911 4513 3116 4555 novum
3154 4498 3534 4557 mediatorem.

258 4607 430 4654 num,
461 4591 610 4646 ﬁlius
643 4593 785 4663 regis
816 4593 1019 4648 missus
1047 4602 1132 4649 est
1166 4593 1234 4649 de
1263 4594 1463 4664 palatio
1493 4596 1546 4650 in
1577 4611 1852 4652 carcerem
1884 4599 1932 4660 Ι)
1960 4592 2066 4650 Sed
2091 4609 2216 4650 cum
2254 4593 2522 4649 mediator
2543 4601 2711 4660 esset,
2734 4592 2960 4663 dignum
2991 4601 3206 4660 erat,nt
3229 4609 3353 4649 cum
3382 4602 3536 4649 utro-

251 4692 392 4753 post
433 4685 681 4739 exsulem
743 4700 984 4752 servum,
1043 4686 1139 4756 qui
1197 4695 1489 4758 tyrannum
1523 4697 1851 4757 contereret,

249 4784 319 4830 et
373 4775 661 4847 fugitivum
719 4793 940 4834 servum
981 4792 1106 4834 cum
1133 4779 1298 4836 rebus
1339 4781 1392 4834 in
1423 4781 1652 4853 gratiam
1710 4783 1854 4854 regis

249 4868 572 4926 reduceret.

344 4961 522 5030 Quare
545 4965 711 5020 homo
732 4979 842 5020 non
873 4966 1051 5036 potuit
1079 4965 1259 5022 redire
1281 4965 1431 5022 solus
1450 4975 1575 5038 post
1603 4968 1855 5039 lapsum?

245 5053 412 5122 Quia
433 5056 574 5112 sicut
598 5072 706 5111 non
730 5071 824 5126 per
853 5072 935 5124 se,
967 5058 1062 5114 sed
1091 5074 1188 5129 per
1227 5059 1394 5114 alium
1424 5059 1692 5129 impulsus
1711 5062 1855 5116 ceci-

241 5149 380 5213 dit,
405 5148 480 5203 ita
503 5149 730 5220 dignum
758 5156 898 5215 erat,
934 5163 1061 5205 cum
1091 5165 1190 5220 per
1217 5164 1276 5206 se
1302 5163 1412 5205 non
1455 5160 1640 5220 posset
1660 5159 1714 5205 et
1742 5151 1854 5206 vel-

239 5239 374 5302 let,
400 5253 494 5308 per
532 5238 702 5293 alium
738 5238 961 5309 adjutus
1004 5248 1335 5310 resurgeret.
1389 5241 1502 5295 Cur
1544 5255 1656 5296 non
1703 5241 1855 5297 misit

1955 4704 2064 4760 que
2089 4689 2406 4744 affinitatem
2457 4688 2700 4745 haberet.
2733 4689 2920 4761 Itaque
2945 4705 3070 4745 cum
3124 4690 3398 4746 hominem
3426 4688 3538 4747 Deo

1956 4782 2408 4839 reeoneiliaturus
2427 4791 2565 4848 erat,
2594 4782 2688 4852 qui
2715 4792 2833 4838 erat
2861 4782 3001 4838 inter
3034 4790 3354 4854 utrumque,
3392 4781 3537 4840 Deus

1953 4883 2010 4931 et
2035 4875 2200 4930 homo
2225 4873 2415 4929 debuit
2441 4888 2584 4929 esse.
2624 4893 2642 4926 ι
2671 4875 2936 4946 Apparuit
2965 4875 3132 4946 igitur
3155 4875 3463 4947 benignitas
3483 4886 3540 4933 et

1956 4967 2270 5023 humanitas
2301 4966 2602 5023 Salvatoris
2631 4967 2806 5022 nostri
2832 4966 2948 5032 Dei,
2989 4985 3010 5020 ι
3049 4975 3156 5023 etc.
3193 4965 3250 5023 ω
3282 4975 3367 5022 est
3390 4965 3539 5024 Deus

1955 5069 2009 5116 et
2030 5061 2195 5115 homo
2223 5078 2236 5114 :
2261 5075 2370 5114 non
2396 5067 2579 5116 tamen
2609 5074 2677 5115 ex
2704 5059 2965 5129 operibus
2991 5057 3221 5130 iustitiae
3261 5074 3383 5129 qua:
3405 5058 3540 5117 feei-

1955 5167 2081 5208 mus
2105 5167 2227 5219 nos,
2263 5153 2358 5210 sed
2381 5150 2683 5210 secundum
2710 5167 2868 5208 suam
2896 5149 3329 5208 misericordiam
3356 5150 3538 5208 salvos

1955 5259 2058 5301 nos
2100 5242 2248 5300 fecit.
2298 5242 2430 5316 (Tit.
2465 5243 2574 5315 ιιι.)
2627 5243 2773 5300 Bene
2823 5243 2948 5299 ait:
2984 5242 3270 5314 Apparuit,
3297 5241 3402 5299 hoc
3454 5251 3540 5298 est

234 5332 529 5400 angelum
556 5341 617 5386 ut
642 5346 768 5386 eum
809 5331 1147 5387 redimeret!
1191 5332 1250 5387 Si
1304 5333 1532 5403 angelus
1573 5332 1851 5388 hominem

235 5422 614 5488 redemisset,
645 5431 774 5477 tunc
793 5422 940 5477 illius
967 5423 1129 5478 etiam
1161 5438 1354 5479 servus
1366 5431 1528 5480 esset.
1555 5422 1729 5478 Homo
1751 5439 1854 5479 au-

228 5529 387 5573 tem
431 5516 512 5572 sic
559 5516 775 5572 restitui
821 5517 1009 5572 debuit
1063 5525 1124 5572 ut
1168 5516 1396 5587 aequalis
1441 5517 1650 5587 angelis
1685 5526 1851 5575 esset.

223 5607 340 5663 Et
385 5607 530 5664 aliud
585 5609 795 5665 eberat.
849 5608 1091 5680 Angelus
1129 5609 1184 5664 in
1225 5609 1311 5665 sui
1351 5618 1546 5665 natura
1582 5609 1854 5667 invalidus

217 5710 393 5759 erat
451 5703 732 5758 hominem
783 5703 1068 5759 redimere.
1141 5701 1198 5758 Si
1250 5710 1432 5758 autem
1492 5703 1660 5758 homo
1703 5703 1855 5759 fleret

215 5795 458 5852 minus
483 5803 690 5867 posset.
721 5795 958 5864 Angelus
985 5797 1148 5852 etiam
1195 5794 1491 5851 mittendus
1515 5811 1627 5852 non
1654 5804 1771 5851 erat
1798 5795 1852 5851 iu

211 5890 380 5947 hac
419 5887 634 5955 militia,
684 5887 811 5959 quia
843 5903 1066 5959 peccare
1091 5889 1378 5960 potuisset,
1406 5887 1499 5959 qni
1547 5889 1696 5962 prius
1727 5903 1852 5962 pec-

1955 5337 2023 5394 de
2052 5336 2273 5409 Virgine
2301 5336 2454 5393 nasci
2482 5335 2672 5391 voluit.
2698 5334 2810 5391 Cur
2831 5343 3013 5392 autem
3051 5335 3118 5392 de
3147 5334 3392 5416 Mariam
3411 5349 3538 5399 non

1956 5429 2027 5484 ab
2055 5429 2208 5484 alia?
2247 5426 2388 5495 Quia
2443 5427 2560 5483 hare
2599 5427 2774 5498 prima
2824 5426 2880 5482 in
2912 5426 3118 5482 mundo
3167 5424 3536 5496 virginitatem

1955 5521 2122 5577 vovit.
2155 5518 2441 5586 Quomodo
2465 5518 2646 5588 potuit
2677 5517 2826 5574 nasci
2849 5518 2968 5573 sine
2990 5524 3213 5588 peccato
3254 5514 3321 5568 de
3342 5513 3534 5568 'massa

1956 5611 2256 5682 peecatriee
2280 5611 2304 5666 ?
2331 5609 2414 5665 Ab
2442 5610 2597 5665 initio
2618 5609 2760 5665 Deus
2791 5608 3057 5679 quosdam
3088 5605 3178 5677 qui
3205 5621 3262 5661 se
3301 5601 3533 5660 familiae

1957 5703 2074 5760 rius
2101 5704 2362 5771 colerent,
2399 5702 2467 5758 de
2510 5701 2636 5758 aliis
2668 5697 2996 5772 segregavit,
3052 5697 3120 5754 de
3148 5697 3351 5768 quibus
3376 5694 3533 5766 vir-go
3582 5746 3592 5780 τ

1958 5796 2117 5867 quasi
2142 5797 2208 5852 de
2258 5795 2401 5851 linea
2441 5795 2602 5851 ducta
2657 5791 2961 5866 pullulavit.
3019 5788 3154 5856 Quae
3207 5788 3357 5843 velut
3403 5787 3535 5842 olim
3579 5787 3590 5792 ”

1956 5889 2107 5964 virga
2149 5889 2298 5947 arida
2335 5888 2452 5946 sine
2481 5888 2711 5944 humore
2749 5883 2961 5948 ﬂorem,
3000 5881 3070 5938 ita
3113 5881 3231 5937 sine
3276 5879 3538 5980 concepi:
3614 5883 3617 5886 '
