4032 6396
502 371 599 441 1's:

1644 385 1971 443 WERNERI
2008 389 2300 444 ABBATIS
2341 388 2397 444 S.
2442 388 2661 444 ΒιΑειι

501 497 708 550 scentis
739 497 952 556 umndo
977 499 1146 555 edidit
1177 498 1535 556 Salv-storem.
1569 502 1813 569 Qualiter
1857 505 2044 576 genuit
2069 505 2093 558 ἲ
2122 520 2162 572 Α
2196 505 2316 560 luce
2346 506 2688 574 apparuisset.
2716 504 2962 574 angelus,
2989 503 3116 574 quia
3147 503 3316 558 solem
3337 501 3576 572 justitizs
3605 502 3816 558 lumen

501 588 635 644 Sine
663 592 826 646 sorde
851 602 906 648 et
934 593 1054 649 sine
1080 594 1288 650 dolore.
1315 594 1536 663 {Clausa
1568 597 1713 650 enim
1732 596 1900 667 janua
1926 615 1940 664 ;
1966 597 2089 652 tha-

499 679 715 738 lamum
755 685 895 740 uteri
928 686 1195 754 introivit,
1243 696 1298 742 et
1345 687 1643 742 humanam
1677 698 1930 744 naturam
1957 689 2088 752 {sibi

499 776 842 847 conjunxit;
891 782 1078 836 clausa
1118 790 1296 852 porta,
1349 789 1411 835 ut
1460 797 1697 852 sponsus
1726 784 1793 838 de
1845 783 2090 838 thalamo

498 872 792 940 processit.
820 871 932 927 Cur
960 889 1155 928 novem
1183 888 1402 928 menses
1423 874 1645 930 clausus
1676 875 1778 930 fuit
1820 877 1874 930 in
1901 874 2091 931 utero?

498 970 564 1018 ut
627 965 880 1021 homines
930 967 1024 1037 qui
1073 976 1233 1022 erant
1285 968 1457 1024 clausi
1522 969 1576 1022 in
1640 969 1882 1025 miseriis
1919 969 2089 1040 hujus

505 1058 693 1111 mundi
723 1073 818 1113 seu
847 1057 1070 1125 inferni,
1103 1060 1389 1116 reduceret
1413 1060 1481 1116 ad
1520 1063 1862 1117 consortium
1891 1079 2087 1119 novem

502 1149 760 1204 ordinum
796 1150 1137 1222 angelorum.
1185 1151 1301 1219 Qua
1354 1154 1490 1210 hora
1540 1165 1626 1210 est
1655 1155 1860 1210 natus?
1909 1155 2088 1211 Media

502 1250 681 1306 nocte,
710 1251 770 1296 ut
792 1242 994 1297 dicitur
1027 1261 1043 1298 :
1084 1263 1102 1296 ι
1138 1242 1276 1299 Dum
1307 1262 1414 1301 nox
1441 1246 1684 1301 medium
1710 1247 1812 1302 iter
1836 1247 2084 1314 haberet,

501 1331 850 1402 omnipotens
882 1348 1066 1388 sermo
1099 1343 1227 1390 tuus
1258 1350 1290 1390 a
1350 1335 1625 1406 regalibus
1675 1335 1900 1392 sedibus
1941 1336 2088 1392 venit

503 1418 657 1491 (Sap.
695 1425 908 1495 X\'lll.)b
962 1423 1093 1494 Cur,
1117 1426 1173 1480 in
1204 1427 1411 1483 nocte?
1451 1426 1638 1483 Primo
1661 1428 1788 1498 quia
1838 1429 2085 1486 occultus

502 1514 672 1581 venit,
702 1515 898 1570 deinde
924 1527 985 1572 ut
1011 1533 1107 1574 eos
1151 1521 1245 1590 qui
1279 1520 1333 1574 in
1365 1530 1524 1576 nocte
1556 1510 1762 1576 erroris
1809 1531 1988 1588 erant,
2017 1522 2084 1578 ad

501 1605 678 1661 lucem
711 1608 953 1664 veritatis
982 1612 1320 1680 perduceret.
1355 1612 1476 1668 ldeo
1501 1613 1754 1684 apparuit
1777 1613 2085 1686 benignitas

501 1706 557 1752 ct
593 1698 911 1756 humanitas
936 1700 1239 1760 Salvatoris
1267 1705 1440 1760 nostri
1465 1703 1583 1761 Dei.

1029 1854 1232 1897 DIVISIO
1271 1858 1550 1899 SEBIIOMS.

571 1968 886 2044 Bcnignitas
911 1985 964 2031 et
999 1977 1314 2034 humanitas
1342 1979 1517 2035 nostri
1570 1979 1871 2036 Salvatoris
1917 1997 2084 2051 appa-

499 2062 611 2118 ruit
644 2080 863 2136 quoque
903 2084 999 2138 per
1044 2081 1249 2141 septem
1301 2073 1557 2143 specialia
1587 2073 1872 2140 miracula,
1917 2072 1972 2127 id
2002 2082 2085 2128 est

496 2169 594 2225 per
649 2159 861 2214 stellam
913 2161 1078 2218 nimis
1149 2164 1524 2237 prmfulgidam
1592 2165 1810 2237 (Matth.
1841 2168 1923 2236 ιι),
1986 2181 2084 2236 per

497 2247 765 2306 circulum
815 2267 1043 2308 aureum
1072 2256 1157 2310 vel
1205 2273 1566 2327 purpureum,
1598 2259 1691 2328 qui
1726 2259 1868 2314 circa
1907 2259 2077 2314 solem

496 2338 717 2405 claruit,
766 2359 862 2412 per
885 2343 1092 2401 fontem
1147 2348 1252 2404 olei
1302 2351 1397 2420 qui
1451 2352 1519 2407 de
1575 2361 1717 2406 terra
1747 2351 1944 2421 erupit.
1979 2349 2082 2406 Per

496 2431 796 2488 maximam
847 2451 1037 2506 pacem
1091 2455 1213 2510 qua:
1261 2451 1392 2498 tunc
1434 2441 1557 2498 fuit.
1607 2442 1710 2498 Per
1757 2459 1982 2498 censum
2012 2443 2080 2497 ad

494 2535 659 2590 quem
709 2523 1015 2597 descriptus
1067 2540 1151 2587 est
1192 2532 1483 2590 universus
1533 2534 1705 2590 orbis.
1761 2533 1825 2588 Et
1848 2550 1945 2604 per
1974 2533 2080 2589 hoc

495 2612 646 2680 quod
678 2616 835 2671 multi
870 2634 1099 2675 censum
1155 2621 1501 2680 Dominicum
1534 2626 1758 2680 reddere
1791 2625 2080 2680 recusave-

497 2712 646 2771 runt,
675 2715 806 2761 sunt
841 2725 949 2764 una
979 2711 1068 2766 die
1098 2714 1289 2781 occisi,
1316 2726 1370 2770 et
1398 2732 1494 2786 per
1520 2717 1624 2772 hoc
1667 2716 1813 2788 quod
1857 2718 2076 2771 brutum

495 2795 700 2852 animal
752 2799 1082 2871 loquebatur
1136 2825 1150 2862 :
1193 2805 1337 2872 Quid
1390 2809 1574 2879 itaque
1616 2810 1908 2881 designant
1943 2809 2080 2864 ista?

495 2884 663 2942 Stella
713 2900 936 2948 sanctos
985 2895 1330 2966 signiﬁcavit.
1393 2895 1558 2954 Stella
1635 2915 1766 2971 ergo
1814 2900 2076 2970 praeclara

495 2978 692 3048 illuxit,
744 2985 871 3054 quia
931 2985 1168 3046 Sanetus
1227 3002 1544 3048 sanctorum
1597 2993 2077 3050 venit.’Circulus

493 3074 639 3130 circa
698 3078 868 3134 solem
924 3079 1362 3154 praefulsit,quia
1393 3085 1476 3140 sol
1522 3085 1750 3156 justitite
1776 3085 2074 3141 Ecclesiam

491 3179 631 3222 loro
681 3185 797 3225 suae
841 3171 1144 3230 divinitatis
1187 3175 1504 3245 illustrare,
1555 3187 1609 3232 et
1674 3193 1915 3248 purpura
1961 3194 2075 3234 sure

2192 605 2442 651 exortum
2470 595 2526 649 in
2561 595 2800 650 tenebris
2834 593 3149 650 declaravit.

2261 684 2582 742 Nuntiatum
2613 687 2928 758 pastoribus
2944 695 3048 753 est,
3080 687 3210 757 quia
3238 696 3399 741 natus
3421 695 3511 742 est
3535 687 3642 756 qui
3671 689 3766 741 ait
3789 702 3810 742 :

2197 797 2215 830 ι
2246 777 2361 848 Ego
2413 795 2536 834 sum
2585 771 2770 849 pastor
2801 779 2981 835 bonus
3029 777 3215 850 (Joan.
3264 781 3343 849 x).
3381 797 3402 831 ι
3432 777 3543 834 Per
3571 779 3810 836 stellam

2191 869 2445 938 apparuit
2474 870 2716 940 regibus,
2748 871 2877 940 quia
2906 879 3070 925 natus
3107 878 3192 924 est
3219 885 3312 924 rex
3341 879 3395 924 et
3433 869 3625 924 stella.
3675 868 3809 928 Rex

2191 961 2316 1015 inde
2363 961 2543 1016 dictus
2583 971 2687 1029 est,
2724 970 2782 1016 ut
2811 961 2882 1016 ibi
2915 979 2930 1016 :
2968 980 2988 1012 ι
3048 960 3164 1033 Ego
3214 970 3395 1016 autem
3446 962 3805 1018 constitutus

2190 1068 2311 1108 sum
2364 1069 2460 1109 rex
2533 1055 2604 1108 ab
2663 1070 2729 1110 eo
2788 1070 2954 1125 super
3009 1054 3142 1110 Sion
3205 1065 3446 1109 montem
3524 1067 3802 1110 sanctum

2191 1144 2365 1215 (Psal.
2397 1147 2480 1215 ιι).
2522 1166 2542 1199 ι
2585 1146 2752 1202 Stella
2799 1163 3022 1218 quoque
3054 1148 3188 1219 quia
3237 1149 3445 1202 orietur
3499 1148 3668 1203 stella
3729 1163 3802 1204 ex

2189 1237 2378 1294 Iacob.
2409 1237 2602 1296 Merito
2640 1240 2828 1311 itaque
2871 1241 3124 1311 apparuit
3175 1240 3496 1311 pastoribus
3533 1250 3596 1295 et
3643 1242 3802 1312 regi-

2189 1331 2312 1398 bus,
2341 1335 2470 1404 quia
2496 1335 2610 1404 ipse
2655 1341 2776 1390 erat
2820 1348 2918 1388 rex
2972 1343 3027 1388 et
3066 1334 3345 1398 sacerdos,
3403 1341 3459 1389 et
3506 1343 3684 1390 natus
3729 1335 3804 1390 de

2189 1424 2356 1495 regali
2413 1433 2468 1480 et
2518 1424 2843 1480 sacerdotali
2895 1425 3126 1481 semine.
3191 1423 3267 1480 Dc
3331 1425 3506 1495 regali
3571 1427 3802 1481 semine

2187 1519 2316 1589 quia
2339 1520 2406 1574 de
2431 1518 2622 1574 David.
2654 1517 2729 1574 De
2758 1518 3087 1575 sacerdotali
3119 1533 3342 1588 quoque
3382 1517 3664 1589 probatur
3689 1534 3796 1573 na-

2187 1621 2300 1668 tum
2325 1629 2465 1679 esse,
2499 1614 2628 1683 quia
2653 1613 2825 1667 Maria
2856 1622 2974 1668 erat
3011 1621 3244 1684 cognata
3269 1611 3549 1667 Elizabeth
3579 1613 3656 1667 de
3681 1629 3794 1684 qua

2187 1707 2383 1775 legitur
2403 1725 2416 1760 :
2433 1725 2468 1780 ,α
2491 1705 2556 1760 Et
2582 1715 2696 1761 erat
2723 1706 3002 1761 Zachariae
3017 1721 3158 1761 uxor
3177 1705 3244 1760 de
3261 1706 3476 1760 ﬁliabus
3497 1707 3716 1772 Aaron,
3737 1715 3796 1761 et

2187 1815 2385 1854 nomen
2411 1799 2531 1868 ejus
2561 1797 2840 1854 Elizabeth
2870 1797 3005 1869 (Luc
3027 1799 3122 1868 1).»
3153 1796 3300 1852 Satis
3325 1797 3793 1854 commendabilis

2117 1883 2160 1939 B
2187 1893 2541 1960 estnuntius,
2582 1893 2712 1963 quia
2764 1899 2819 1946 et
2870 1891 3098 1961 angelus
3153 1898 3362 1946 etcum
3402 1906 3608 1962 magna
3642 1892 3785 1947 luce.

2190 1984 2296 2040 Sed
2349 1985 2533 2041 audite
2583 1984 2715 2056 quid
2757 1985 2972 2040 attulit:
3011 2002 3030 2036 ι
3064 1981 3207 2040 Ecce
3255 1984 3576 2055 evangelizo
3627 1985 3790 2041 vobis

2183 2075 2441 2146 gaudium
2480 2091 2762 2148 magnum,
2791 2095 2813 2128 ι
2846 2085 2953 2131 etc.
3352 2137 3401 2146 ,ς

2260 2164 2395 2222 Vere
2423 2167 2681 2239 gaudium
2714 2182 2992 2238 magnum.
3026 2165 3240 2236 Captivi
3273 2181 3521 2232 eramus,
3553 2165 3612 2220 in
3659 2181 3786 2222 car-

2183 2271 2307 2313 cere
2343 2259 2683 2328 jacebamus,
2711 2267 2766 2314 et
2801 2259 2854 2314 in
2897 2259 3214 2313 inﬁrmitate
3256 2267 3418 2313 natus
3458 2267 3552 2313 est
3587 2257 3786 2314 Salva—

2185 2353 2290 2414 tor,
2335 2357 2496 2404 natus
2536 2357 2623 2404 est
2671 2349 2936 2404 medicus.
2989 2347 3132 2403 Ecce
3183 2349 3444 2418 gaudium
3489 2364 3786 2419 magnum.

2181 2435 2351 2494 Multo
2396 2439 2572 2510 magis
2622 2448 2740 2494 erat
2784 2439 3130 2512 gaudendum
3180 2439 3521 2506 hominibus,
3551 2456 3684 2496 cum
3733 2451 3789 2496 et

2181 2531 2357 2603 angeli
2389 2532 2690 2604 gauderent
2720 2540 2774 2587 et
2815 2533 3061 2588 dicerent
3095 2549 3111 2587 ;
3151 2550 3170 2583 ‹
3222 2531 3406 2586 Gloria
3441 2531 3498 2586 in
3543 2531 3786 2588 excelsis

2181 2622 2314 2689 Deo,
2351 2643 2369 2676 ι
2404 2633 2510 2680 etc.
2540 2624 2724 2680 Gloria
2770 2633 2888 2679 erat
2925 2624 3070 2694 apud
3121 2623 3345 2694 angelos
3391 2622 3448 2677 in
3492 2624 3738 2679 excelsis
3763 2640 3782 2674 έ

2180 2715 2257 2772 De
2290 2718 2688 2773 restauratione
2720 2716 2975 2772 diminuti
3023 2716 3255 2771 ordinis.
3303 2714 3558 2770 Laudant
3605 2715 3786 2772 Deum

2179 2813 2246 2868 de
2271 2815 2614 2883 reparatione
2644 2813 2930 2867 hominum
2954 2812 3020 2866 ad
3063 2810 3520 2867 restaurationem
3553 2811 3786 2881 angelo-

2179 2919 2322 2958 rum.
2355 2903 2420 2960 Et
2455 2904 2772 2960 hominibus
2799 2913 2883 2960 est
2917 2919 3040 2974 pax.
3069 2902 3266 2958 Pacem
3295 2903 3570 2957 nuntiavit
3595 2903 3780 2959 homi-

2179 2995 2342 3049 nibus
2369 2996 2461 3066 qui
2490 3011 2614 3050 cum
2659 2995 2772 3050 Deo
2801 3003 2856 3050 et
2892 2995 3098 3065 angelis
3124 2995 3278 3065 prius
3313 2994 3652 3049 discordiam
3683 2994 3781 3048 ha-

2179 3086 2420 3154 buimus,
2465 3088 2559 3143 sed
2609 3102 2706 3157 per
2754 3087 3108 3141 mediatorem
3169 3086 3504 3141 reconciliati
3558 3100 3776 3140 sumus.

2179 3176 2244 3231 Et
2271 3179 2399 3248 quia
2430 3177 2704 3247 peccando
2729 3177 2972 3232 extranei
3001 3193 3226 3234 eramus
3258 3193 3289 3231 a
3320 3175 3450 3243 Deo,
3483 3186 3779 3233 extraneos

489 3259 770 3328 passionis
804 3277 1072 3321 coronare
1103 3267 1270 3324 venit.
1305 3269 1451 3326 Fons
1489 3270 1592 3324 olei
1625 3247 1691 3325 de
1723 3247 1864 3324 terra
1896 3270 2072 3336 ﬁnxit,
2103 3247 2144 3304 (δ
2180 3247 2301 3324 nos
2324 3285 2355 3324 a
2398 3284 2502 3324 suo
2534 3269 2869 3338 deputabant
2896 3268 3072 3340 angeli
3104 3267 3402 3323 consortio.
3435 3267 3484 3320 A
3516 3266 3632 3322 Deo
3658 3268 3782 3322 vili-

489 3354 623 3424 quia
672 3354 798 3412 fons
833 3359 1226 3416 misericordiae
1254 3362 1320 3417 de
1350 3362 1561 3434 virgine
1587 3362 1846 3416 manavit.
1881 3360 2072 3417 Oleum

487 3445 638 3501 enim
661 3458 744 3504 est
767 3451 1162 3508 misericordia.
1193 3451 1306 3507 Pax
1351 3453 1542 3522 ingens
1565 3453 1790 3519 exstitit,
1819 3453 1945 3524 quia
1969 3468 2072 3522 pax

490 3547 617 3591 vere
640 3537 696 3592 in
734 3541 896 3596 terris
914 3543 1183 3610 apparuit.
1217 3541 1452 3596 Mundus
1500 3544 1568 3596 ad
1599 3559 1826 3597 censum
1857 3551 1942 3598 est
1975 3541 2074 3597 de-

491 3627 751 3696 scriptus,
776 3631 904 3699 quia
927 3632 994 3685 ad
1020 3648 1316 3702 supernum
1334 3650 1556 3705 regnum
1579 3650 1750 3704 genus
1771 3635 2071 3688 humanum

487 3724 573 3773 est
599 3717 896 3774 chrismate
921 3721 1324 3789 consignatum.
1356 3723 1458 3790 Qui
1485 3723 1828 3778 Dominicum
1850 3738 2073 3780 censum

488 3807 718 3864 reddere
749 3821 1074 3868 recusarunt
1108 3814 1274 3870 occisi
1306 3824 1455 3882 sunt,
1485 3817 1610 3887 quia
1639 3816 1732 3885 qui
1768 3816 2024 3871 dixerunt
2057 3834 2070 3870 :

495 3918 515 3954 ι
537 3899 805 3962 Nolumus
833 3919 1061 3974 regnare
1082 3908 1228 3963 hunc
1250 3923 1416 3979 super
1439 3924 1540 3965 nos
1567 3909 1721 3980 (Luc.
1748 3910 1889 3977 xix),
1914 3929 1932 3960 ι
1954 3909 2074 3964 dis--

486 3994 794 4064 perierunt.
817 3996 992 4055 Pecus
1016 3999 1362 4072 loquebatur,
1401 4004 1529 4074 quia
1560 4004 1794 4074 populus
1830 4003 2070 4074 gentium

487 4087 554 4143 ad
587 4087 802 4144 laudem
835 4089 931 4146 Dei
958 4094 1397 4150 convertebatur.
1429 4095 1696 4165 Apparuit
1723 4105 1777 4150 et
1829 4095 1946 4150 haec
1977 4110 2070 4149 na-

487 4181 669 4238 tivitas
699 4185 872 4240 nostri
904 4185 1224 4254 Salvatoris,
1267 4189 1382 4244 sive
1409 4189 1642 4243 revelata
1674 4198 1758 4244 est
1785 4204 1882 4259 per
1909 4204 2075 4257 ange—

483 4276 569 4330 los
589 4276 924 4346 pastoribus.
950 4277 1274 4336 Audivimus
1315 4281 1458 4336 enim
1495 4281 1551 4336 in
1581 4281 1894 4353 Evangelio,
1927 4282 2074 4352 quod

483 4379 736 4439 pastores
789 4379 948 4425 erant
983 4371 1038 4425 in
1066 4372 1289 4442 regione
1322 4372 1511 4426 eadem
1544 4373 1832 4443 vigilantes
1855 4382 1910 4428 ct
1948 4390 2075 4428 cus-

483 4462 752 4518 totlientcs
796 4463 1012 4534 vigilias
1061 4464 1238 4520 noctis
1291 4480 1455 4534 supra
1486 4480 1702 4535 gregem
1735 4480 1920 4519 suum.
1959 4485 1977 4516 ι
2011 4465 2074 4520 Et

482 4571 610 4611 ecce
661 4557 888 4628 angelus
916 4555 1132 4611 Domini
1169 4556 1498 4624 stctitjuxta
1538 4558 1691 4624 illos;
1744 4566 1799 4612 et
1847 4559 2068 4614 claritas
2101 4594 2144 4648 ι)

484 4648 578 4702 Dei
607 4649 972 4705 circumfulsit
1020 4649 1161 4713 illos,
1193 4658 1243 4704 et
1295 4650 1593 4705 timuerunt
1624 4650 1816 4704 timore
1846 4665 2064 4722 magno.

483 4739 547 4793 Et
572 4740 709 4795 dixit
736 4741 842 4797 illis
874 4741 1119 4812 angelus.
1147 4739 1323 4797 Nolite
1347 4741 1558 4808 timere,
1583 4756 1710 4796 ecce
1737 4741 1883 4796 enim
1910 4758 2072 4797 evan-

480 4829 655 4900 gelizo
705 4832 859 4887 vobis
927 4833 1186 4904 gaudium
1243 4849 1503 4904 magnum
1551 4833 1699 4904 quod
1757 4832 1862 4888 erit
1917 4834 2068 4888 omni

481 4923 706 4992 populo,
760 4925 889 4994 quia
947 4937 1108 4982 natus
1162 4935 1246 4982 est
1287 4927 1446 4982 nobis
1493 4926 1768 4994 Salvator,
1821 4927 1914 4998 qui
1984 4935 2071 4982 est

479 5012 738 5072 Chrisus
774 5013 1062 5085 Dominus,
1086 5020 1138 5073 in
1171 5019 1391 5075 civitate
1418 5018 1606 5083 David,
1643 5019 1694 5075 id
1715 5020 1875 5084 estin
1904 5017 2069 5074 Beth-

481 5104 642 5162 leem.
706 5107 773 5162 Et
814 5105 921 5162 hoc
947 5109 1105 5163 vobis
1149 5110 1366 5182 signum
1408 5130 1420 5164 :
1471 5109 1764 5164 Invenietis
1800 5108 2068 5166 infantem

481 5197 679 5268 pannis
710 5197 1036 5265 involutum,
1060 5208 1113 5254 et
1143 5201 1381 5270 positum
1411 5201 1466 5255 in
1496 5201 1778 5270 praesepio.
1803 5199 1870 5255 Et
1885 5202 2068 5256 subito

482 5289 626 5347 facta
667 5299 751 5347 est
795 5305 924 5347 cum
977 5291 1170 5362 angelo
1224 5293 1520 5347 multitudo
1578 5293 1786 5348 militia:
1827 5295 2068 5350 cmlestis

479 5384 752 5442 exercitus
777 5383 1116 5438 laudantium
1134 5393 1186 5438 et
1202 5384 1500 5440 dicentium
1523 5405 1535 5440 :
1561 5404 1578 5436 ι
1603 5385 1784 5442 Gloria
1811 5386 1864 5440 in
1883 5387 2067 5442 excel-

480 5479 562 5535 sis
599 5478 708 5534 Deo
738 5490 790 5536 ct
820 5478 873 5532 in
917 5486 1060 5534 terra
1084 5494 1190 5548 pax
1231 5478 1549 5535 hominibus
1573 5479 1733 5536 bonae
1771 5479 2068 5536 voluntatis

483 5571 636 5643 (Luc.
672 5574 754 5643 ιι).
797 5593 814 5624 ι
853 5571 965 5628 Hoc
995 5573 1276 5629 audientes
1310 5583 1558 5644 pastores
1585 5583 1856 5632 venerunt
1891 5591 2067 5646 usque

478 5667 820 5734 Bethlehcm,
843 5669 1241 5738 et_invenerunt
1262 5669 1401 5724 sicut
1428 5669 1602 5726 fuerat
1626 5671 1832 5727 dictum
1848 5671 1914 5725 ad
1945 5669 2067 5725 illos

477 5771 580 5831 per
637 5761 912 5830 angelum.
975 5759 1169 5815 Merito
1231 5761 1457 5832 angelus
1511 5762 1626 5818 haec
1697 5760 2063 5827 annuntiavit,

480 5850 612 5929 quia
663 5868 758 5908 rex
805 5852 1125 5923 angelorum
1195 5863 1356 5913 natus
1403 5865 1544 5925 erat,»
1599 5865 1660 5911 ut
1689 5869 1812 5913 cum
1868 5870 2060 5926 magna

2177 3361 2482 3431 pendebant
2509 3362 2686 3428 angeli
2720 3362 2990 3427 homines,
3015 3361 3162 3431 quod
3195 3375 3255 3414 se
3306 3360 3376 3414 ab
3418 3360 3504 3414 eis
3553 3361 3778 3416 adorari

2177 3453 2579 3523 permittebant.
2605 3452 2741 3509 Hinc
2761 3463 2845 3508 est
2865 3454 3010 3523 quod
3040 3454 3262 3524 angelos
3288 3451 3391 3506 Lot
3415 3462 3472 3507 et
3496 3452 3778 3508 Abraham

2177 3544 2404 3598 adorant
2431 3543 2584 3613 (Gen.
2609 3545 2748 3614 xux),
2778 3559 2877 3598 nec
2903 3544 3005 3614 ipsi
3034 3543 3392 3614 prohibentur
3415 3552 3545 3598 ante
3569 3544 3779 3600 Christi

2178 3634 2490 3690 adventum.
2529 3633 2636 3690 Sed
2688 3643 2818 3689 nato
2865 3634 3098 3688 Domino
3150 3650 3276 3689 cum
3325 3633 3569 3690 Joannes
3616 3635 3780 3691 vellet

2179 3725 2408 3780 adorare
2464 3727 2686 3796 angelos
2719 3725 2774 3780 in
2816 3725 3152 3797 apocalypsi,
3189 3726 3245 3780 id
3298 3734 3383 3781 est
3423 3726 3655 3796 angelus
3708 3741 3779 3782 ne

2181 3833 2239 3872 se
2262 3818 2455 3873 debeat
2484 3819 2714 3873 adorare
2746 3819 3085 3888 compescuit
3105 3817 3295 3874 dicens
3320 3834 3335 3871 :
3372 3839 3390 3870 ι
3423 3819 3560 3874 Vide
3590 3836 3662 3874 ne
3691 3819 3775 3875 fe-

2179 3910 2318 3965 ceris
2347 3925 2686 3966 :conservus
2722 3912 2870 3966 enim
2900 3921 3030 3966 tuus
3057 3927 3179 3965 sum
3203 3919 3260 3966 ct
3294 3910 3526 3967 fratrum
3549 3921 3776 3968 tuorum

2179 4001 2363 4073 (Apoc.
2397 4002 2532 4071 XIX).
2574 4020 2592 4052 ι
2623 3999 2783 4055 Prius
2829 4009 3080 4056 naturam
3113 4002 3411 4056 humanam
3441 4002 3778 4072 .despiciunt

2177 4093 2377 4164 angeli,
2426 4100 2489 4147 ut
2533 4090 2888 4158 inferiorem,
2935 4093 3031 4148 sed
3080 4102 3377 4164 postquam
3431 4110 3555 4150 eam
3609 4110 3775 4164 super

2177 4200 2235 4242 se
2280 4193 2619 4254 assumptam
2680 4184 3046 4254 conspiciunt,
3089 4195 3424 4254 prostratam
3457 4186 3564 4241 sibi
3587 4185 3773 4240 videre

2175 4279 2589 4348 pertimescunt,
2637 4293 2740 4333 nec
2789 4278 3146 4349 dedignantes
3196 4279 3476 4334 hominem
3531 4281 3766 4345 socium,

2175 4371 2270 4440 qui
2296 4386 2460 4440 super
2481 4387 2539 4426 se
2561 4371 2790 4424 adorant
2811 4370 3088 4425 hominem
3115 4368 3306 4425 Deum.
3339 4369 3452 4425 Pax
3482 4372 3771 4425 nuntiatur

2178 4463 2510 4530 hominibus,
2560 4464 2654 4519 sed
2704 4479 2812 4518 non
2859 4463 3116 4518 omnibus
3147 4463 3486 4527 hominibus,
3515 4464 3607 4518 sed
3641 4473 3767 4519 tan-

2176 4562 2291 4608 tum
2328 4555 2640 4610 hominibus
2679 4555 2833 4608 home
2859 4554 3176 4609 voluntatis.
3218 4554 3298 4608 Ae
3328 4555 3376 4607 si
3409 4557 3616 4610 diceret
3643 4572 3656 4605 :
3688 4553 3764 4610 liii

2173 4661 2232 4701 se
2260 4645 2372 4700 Deo
2419 4647 2867 4713 reconciliabunt,
2897 4647 2991 4716 qui
3039 4647 3240 4700 habent
3271 4647 3471 4700 bonam
3512 4647 3769 4702 volunta-

2170 4747 2276 4794 tem
2324 4741 2726 4795 reconciliandi.
2774 4740 2866 4794 llle
2901 4755 3029 4794 vero
3081 4739 3243 4794 habet
3297 4740 3633 4795 voluntatem
3679 4759 3765 4796 re-

2169 4830 2494 4886 conciliandi
2522 4831 2614 4902 qui
2657 4847 2716 4885 se
2751 4832 2937 4886 subdit
2965 4831 3233 4895 Creatori,
3268 4848 3368 4886 nec
3399 4833 3529 4888 facit
3557 4834 3764 4904 aliquid

2168 4924 2502 4980 contrarium
2554 4923 2675 4993 ejus
2729 4924 3015 4978 voluntati.
3084 4922 3394 4979 Notandum
3452 4936 3538 4982 est
3591 4941 3764 4996 quare

2167 5020 2368 5075 dixerit
2396 5020 2554 5076 bonae
2578 5018 2894 5085 voluntatis,
2929 5027 2984 5074 et
3024 5034 3132 5074 non
3163 5019 3416 5085 actionis,
3449 5019 3580 5089 quia
3607 5019 3763 5074 sudi-

2167 5110 2245 5167 cit
2276 5111 2418 5166 bona
2459 5111 2732 5173 voluntas,
2766 5110 2930 5164 etiam
2975 5109 3023 5164 si
3049 5108 3190 5164 desit
3212 5110 3554 5179 operationis
3587 5107 3767 5166 facul-

2169 5213 2273 5260 tas.
2311 5201 2496 5273 [taque
2525 5204 2666 5258 bona
2691 5202 2946 5257 voluntas
2989 5202 3131 5258 valet
3175 5201 3383 5271 aliquid
3415 5202 3536 5256 sine
3565 5214 3764 5272 opera-

2168 5297 2338 5362 tione,
2363 5296 2505 5351 bona
2529 5296 2774 5366 operatio
2813 5309 3094 5364 nunquam
3140 5294 3262 5349 sine
3286 5295 3429 5350 bona
3459 5293 3759 5349 voluntate.

2169 5386 2358 5442 Maluit
2377 5401 2503 5458 ergo
2534 5385 2715 5440 dicere
2743 5385 2901 5440 bonae
2938 5385 3258 5450 voluntatis,
3289 5383 3435 5455 quod
3467 5397 3762 5440 commune

2168 5493 2252 5538 est
2301 5483 2355 5537 in
2405 5480 2658 5536 omnibus
2699 5478 2941 5534 salvatis.
2989 5476 3365 5542 Ostendimus,
3397 5476 3594 5532 fratres
3623 5475 3759 5531 cha-

2169 5575 2394 5641 rissimi,
2440 5573 2595 5630 vobis
2654 5571 2931 5641 quomodo
3005 5570 3260 5641 apparuit
3321 5569 3654 5639 benignitas,
3705 5575 3759 5622 et

2169 5666 2502 5729 immanitas,
2536 5673 2664 5729 etc.,
2699 5663 2790 5719 sed
2813 5677 2921 5716 non
2943 5671 3027 5718 est
3055 5661 3300 5718 silendos
3330 5660 3613 5728 ordoejus
3641 5658 3760 5728 glo-

2167 5762 2327 5814 riosa:
2352 5758 2668 5814 nativitatis.
2681 5755 2978 5811 Prmdictus
2999 5764 3118 5810 erat
3137 5753 3256 5823 ejus
3277 5754 3544 5810 adventus
3571 5749 3758 5806 multis

2170 5864 2292 5910 ante
2341 5852 2700 5923 temporibus,
2741 5867 2768 5904 a
2813 5850 3092 5921 prophetis
3133 5849 3492 5921 przesignatus
3539 5856 3657 5901 erat
3698 5843 3755 5897 iu

3996 2750 4003 2960 1
