3964 6442
264 416 349 475 ῗθδ

1163 420 1741 479 DEFLORATIONES
1776 421 1875 478 SS.
1919 421 2228 479 PATRUM.
2272 454 2338 466 -—
2379 423 2505 479 LIB.
2550 423 2588 477 l.

3416 424 3520 485 794

261 530 427 588 multis
453 533 670 604 ﬁguris.
714 533 804 587 Ait
847 534 991 589 enim
1039 532 1206 589 lsaias
1236 551 1248 586 :
1284 554 1304 586 ι
1339 532 1657 606 Egredietur
1682 535 1831 604 virga
1862 540 1908 598 Α
1936 551 2125 592 mense
2158 553 2188 591 a
2237 538 2594 607 conceptione
2640 534 2887 603 Joannis,
2917 546 3210 608 conceptus
3239 547 3319 594 est
3362 539 3521 594 Chri-

248 623 314 678 ‘de
338 622 519 678 radice
551 622 728 690 Jesse,
756 633 810 679 et
836 608 937 678 llos
961 623 1030 679 de
1059 624 1240 679 radice
1260 624 1381 695 ejus
1408 625 1663 681 ascendet
1689 624 1828 695 (Isa.

258 713 341 783 ιι).
378 731 400 766 ι
427 710 528 770 Hic
554 716 721 770 etiam
751 716 959 785 primus
987 724 1241 771 ostensus
1261 716 1419 771 estin
1450 724 1692 786 tempore
1719 716 1830 770 Aa-

254 820 341 860 ron
368 805 423 860 in
450 805 646 877 ﬁgura.
682 806 945 861 Dominus
976 808 1121 862 enim
1149 807 1403 877 praecepit
1426 806 1599 878 Moysi
1623 808 1690 863 de
1717 808 1832 863 sin-

251 899 381 968 gulis
411 897 667 955 tribubus
693 901 873 969 virgas
908 900 1109 954 aﬁ'erri.
1157 900 1346 955 Allata:
1374 908 1503 954 sunt
1539 899 1828 954 duodecim

250 989 403 1060 virga:
434 1007 447 1043 ε
474 990 618 1045 inter
659 1006 799 1061 quas
824 993 986 1045 etiam
1020 1007 1125 1046 una
1170 992 1331 1046 allata
1356 1000 1460 1057 est,
1495 1007 1616 1061 quze
1644 993 1827 1045 Aaron

248 1079 418 1135 fuerat
446 1084 768 1140 sacerdotis.
810 1083 1005 1140 Posiae
1034 1094 1163 1140 sunt
1194 1100 1322 1155 ergo
1359 1101 1389 1139 a
1428 1094 1620 1141 sancto
1645 1083 1828 1156 Moyse

249 1172 300 1228 in
345 1175 757 1231 tabernaculum
811 1177 1132 1232 testimonii.
1196 1176 1357 1247 Virga
1407 1186 1590 1232 autem
1642 1177 1826 1233 Aaron

246 1272 362 1333 post
406 1266 633 1321 alteram
680 1268 825 1322 diem
872 1267 1149 1336 invenitur
1190 1267 1514 1339 produxisse
1564 1267 1725 1325 liores
1773 1278 1828 1325 et

245 1354 460 1412 [mandes
487 1367 541 1412 et
575 1358 850 1428 peperisse
878 1374 1045 1415 nuces
1088 1358 1278 1430 (Num.
1313 1359 1467 1429 xvu).
1503 1359 1643 1415 Ecce
1682 1376 1825 1432 quo-

244 1446 400 1501 modo
422 1448 758 1504 conveniunt
802 1450 1066 1520 propheta
1096 1458 1151 1504 et
1180 1450 1370 1520 ﬁgura.
1397 1448 1552 1505 Jesse
1597 1449 1698 1504 l'uit
1724 1466 1823 1521 pa-

236 1544 324 1592 ter
349 1536 538 1603 David,
565 1540 718 1593 radix
747 1538 901 1597 Jesse
932 1550 1017 1596 est
1064 1539 1269 1595 lamilia
1296 1536 1638 1607 .ludazorum,
1670 1540 1824 1611 virga

236 1638 320 1684 est
347 1626 554 1695 Maria;
583 1628 686 1685 ﬁos
731 1630 877 1688 ﬁlius
924 1632 1117 1702 ipsius,
1149 1647 1310 1702 super
1357 1646 1519 1702 quem
1544 1631 1825 1688 descendit

236 1715 473 1789 Spiritus
494 1728 717 1775 sanctus
744 1721 798 1775 in
830 1722 1009 1791 specie
1037 1723 1322 1779 columbae.
1370 1721 1634 1777 Similiter
1668 1722 1820 1793 virga

237 1812 415 1867 Aaron
443 1827 569 1882 qua
614 1813 736 1869 sine
786 1817 994 1871 semine
1033 1816 1259 1887 protulit
1303 1832 1493 1881 nuces,
1550 1815 1822 1886 signiﬁcat

1934 636 2071 684 stus.
2100 626 2221 695 Quo
2250 636 2512 699 concepto
2543 627 2676 682 abiit
2709 626 2877 684 Maria
2902 628 2957 683 in
2994 637 3249 684 montana
3278 646 3401 685 eum
3441 630 3522 687 l’e—

1930 717 2269 783 stinatione,
2319 726 2372 773 et
2429 718 2650 773 intravit
2701 718 2757 773 in
2817 718 3041 774 domum
3104 718 3417 788 Zacliarize,
3463 726 3521 781 et

1931 810 2187 865 salutavit
2236 809 2527 865 lilisaheth.
2574 809 2639 865 Et
2668 811 2851 866 audita
2899 813 3224 868 salutatione
3279 815 3522 872 exsulta—

1929 903 2009 956 vit
2036 900 2217 955 infans
2265 901 2318 955 in
2363 911 2520 956 utero
2555 901 2829 957 Elisabeth
2862 902 3013 974 (Luc.
3047 905 3110 975 ι).
3144 904 3321 976 Coepit
3349 903 3517 961 Joan-

1929 1010 2027 1049 nes
2055 1010 2175 1049 esse
2205 995 2467 1064 propheta
2504 1003 2796 1065 antequam
2828 1007 3173 1064 nasceretur;
3203 999 3518 1069 recognovit

1929 1100 2119 1141 servus
2153 1084 2465 1149 Dominum,
2482 1086 2823 1155 prophetarit
2848 1099 3145 1159 conceptus
3168 1100 3515 1161 conceptum,

1927 1186 1980 1231 et
2009 1192 2106 1246 per
2133 1177 2362 1247 gratiam
2398 1176 2551 1246 pueri
2588 1175 2793 1246 repleta
2831 1186 2915 1232 est
2958 1189 3132 1234 mater
3158 1181 3351 1251 spiritu
3381 1197 3516 1251 pro-

1928 1268 2141 1338 phetiae,
2169 1277 2223 1323 et
2249 1268 2387 1322 aitu
2431 1266 2583 1322 Unde
2608 1268 2712 1321 hoc
2737 1268 2893 1333 mihi,
2921 1275 2982 1322 ut
3003 1269 3181 1324 veniat
3208 1279 3382 1325 mater
3409 1270 3517 1326 Do-

1926 1359 2060 1413 mini
2093 1360 2198 1414 mei
2221 1360 2286 1413 ad
2314 1359 2425 1413 me?
2460 1358 2526 1413 Et
2554 1359 2757 1414 mansit
2788 1359 2861 1414 ibi
2898 1358 3067 1414 Maria
3100 1361 3274 1416 tribus
3310 1360 3515 1417 mensi-

1926 1449 2048 1516 bus,
2080 1458 2134 1503 et
2162 1464 2375 1504 reversa
2406 1458 2491 1505 est
2536 1450 2591 1504 in
2632 1450 2857 1504 domum
2904 1465 3062 1505 suam
3091 1450 3293 1521 (ibid.).
3330 1471 3349 1504 ι
3385 1450 3516 1510 Post

1924 1542 2042 1596 haec
2073 1541 2298 1612 contigit
2335 1541 2415 1596 ire
2452 1539 2653 1612 Joseph
2702 1540 3016 1597 Bethlehem
3062 1557 3187 1598 cum
3218 1560 3388 1599 uxore
3415 1544 3513 1601 sua

1922 1643 2256 1705 praegnante.
2303 1632 2552 1705 Cumque
2609 1633 2817 1705 impleti
2868 1642 3052 1690 essent
3096 1636 3212 1692 dies
3265 1646 3323 1692 ut
3353 1653 3512 1708 pare-

1924 1735 2026 1793 ret,
2057 1727 2276 1781 divertit
2318 1727 2375 1781 in
2429 1726 2729 1790 stabulum,
2772 1735 2826 1782 et
2869 1729 3077 1798 peperit
3123 1728 3243 1783 sine
3302 1728 3510 1799 dolore,

1922 1826 1976 1873 et
2016 1818 2210 1888 pannis
2234 1832 2360 1873 eum
2408 1816 2660 1883 involvit,
2693 1826 2748 1873 et
2772 1818 2955 1873 divina
2983 1819 3222 1889 potentia
3255 1829 3514 1889 operante

234 1904 620 1975 nariumque:
640 1906 761 1961 sine
783 1909 990 1963 semine
1011 1909 1197 1979 genuit
1222 1907 1504 1964 Christum
1531 1924 1544 1960 :
1575 1909 1626 1962 in
1656 1923 1815 1975 nuce,
1849 1911 1891 1966 Β
1922 1919 2083 1963 natus
2130 1917 2214 1964 est
2251 1908 2318 1964 de
2351 1908 2563 1979 virgine
2591 1907 2744 1980 (Luc.
2775 1908 2838 1979 ιι)
2887 1908 3053 1964 Maria
3094 1909 3371 1977 Christus,
3402 1926 3512 1966 non

230 2013 355 2069 qua
373 2002 645 2071 signiﬁcat
670 2000 1012 2057 Dominieum
1036 2015 1260 2070 corpus,
1290 2000 1393 2056 tria
1416 2007 1546 2056 sunt
1575 2019 1588 2055 :
1613 2010 1820 2066 cortex,

232 2100 388 2156 testa,
418 2094 667 2149 nucleus.
689 2093 885 2149 Cortex
907 2107 1128 2148 amarus
1143 2091 1411 2162 signiﬁcat
1434 2108 1679 2159 carnem,
1700 2107 1824 2162 qua:

232 2183 423 2239 habuit
481 2187 753 2256 passionis
811 2186 1251 2241 amaritudinem.
1322 2183 1484 2241 Testa
1551 2185 1821 2257 signiﬁcat

233 2291 388 2344 ossa;
410 2279 639 2334 nucleus
670 2279 916 2345 interior,
934 2281 1173 2333 animam
1198 2277 1484 2333 candidam
1505 2277 1815 2334 virtutibus.

228 2366 364 2423 Cum
406 2369 493 2425 his
518 2379 571 2425 et
608 2369 880 2425 similibus
935 2377 1081 2424 esset
1124 2367 1339 2422 Domini
1386 2368 1643 2423 nativitas
1691 2383 1819 2437 pro-

230 2462 474 2517 nuntiata
517 2471 573 2517 et
619 2462 1012 2525 demonstrata,
1044 2460 1216 2515 voluit
1252 2459 1518 2515 Dominus
1546 2459 1816 2530 promissa

229 2553 471 2623 implere.
505 2552 705 2610 Missus
730 2564 815 2610 est
842 2554 1025 2623 itaque
1049 2552 1272 2608 Gabriel
1302 2552 1370 2607 ad
1400 2550 1628 2606 Mariam
1663 2550 1817 2621 virgi-

227 2659 351 2700 nem
399 2648 454 2700 in
502 2644 793 2707 Nazareth.
834 2645 1180 2700 annuntiavit
1226 2644 1551 2699 descensum
1599 2639 1813 2696 Domini

229 2738 285 2792 in
319 2746 533 2792 uterum
563 2739 704 2807 ejus.
746 2737 977 2808 Dignum
1015 2745 1134 2793 erat
1166 2746 1224 2791 ut
1268 2735 1506 2801 Gabriel,
1534 2735 1627 2806 qui
1658 2734 1815 2805 forti-

231 2829 353 2883 tudo
377 2829 478 2883 Dei
499 2830 718 2895 dicitur,
753 2829 1106 2885 annuntiaret
1131 2827 1470 2883 nasciturum
1496 2826 1688 2892 Deum,
1716 2826 1811 2897 qui

230 2917 355 2974 forti
410 2935 575 2975 manu
620 2928 964 2991 pugnaturus
1012 2929 1201 2975 contra
1251 2919 1441 2973 mundi
1507 2918 1809 2989 principem

225 3021 359 3065 erat.
405 3011 473 3066 Et
519 3013 674 3066 valde
726 3012 1057 3067 conveniens
1103 3020 1241 3078 erat,
1291 3018 1347 3065 ut
1397 3009 1672 3073 Christus,
1711 3010 1808 3080 qui

224 3100 355 3158 ﬁere
386 3104 703 3175 supradicto
735 3105 1095 3176 praesignatns
1122 3113 1259 3168 erat,
1290 3103 1345 3157 in
1383 3101 1648 3158 Nazareth
1674 3118 1808 3157 eon-

225 3196 516 3265 ciperetur,
547 3213 670 3267 quae
696 3198 794 3267 ﬂos
819 3207 874 3253 et
900 3196 1185 3268 virgultum
1213 3197 1620 3265 interpretatur,
1654 3209 1807 3265 egre-

224 3288 371 3358 gium
439 3304 831 3357 praecursorem
903 3288 1112 3343 habuit.
1186 3286 1450 3358 Egregius
1510 3286 1809 3354 imperator

222 3378 487 3436 Joannem
509 3381 826 3452 Baptistam,
853 3382 944 3452 qui
972 3383 1041 3437 ab
1065 3390 1220 3437 utero
1246 3380 1437 3435 matris
1463 3379 1633 3434 Deum
1657 3392 1812 3432 reco-

222 3471 428 3542 gnovit,
469 3472 563 3540 qui
596 3488 688 3541 per
714 3473 964 3527 eumdem
1007 3472 1259 3542 angelum
1309 3469 1617 3526 Gabrielem
1667 3483 1811 3522 nun-

221 3564 387 3619 tiatus
416 3571 522 3627 est,
552 3572 607 3617 et
634 3571 824 3618 contra
864 3578 1021 3617 usum
1069 3572 1278 3617 natura:
1306 3561 1374 3616 de
1407 3559 1598 3625 sterili,
1635 3556 1811 3611 Elisa-

221 3655 346 3712 beth
393 3657 647 3713 videlicet
697 3665 927 3728 cognata
972 3655 1155 3711 Mariae
1198 3664 1361 3710 natus
1406 3662 1509 3709 est.
1554 3651 1614 3706 in
1654 3658 1808 3706 sexto

1926 2007 2111 2069 aperta
2159 1998 2388 2070 virginis
2428 2007 2606 2069 porta,
2640 1999 2769 2070 quia
2813 2000 2966 2071 virgo
3015 2011 3140 2056 ante
3188 2014 3426 2073 partum,
3456 2009 3514 2058 et

1922 2092 2078 2162 virgo
2107 2091 2161 2147 in
2191 2100 2373 2163 partu,
2403 2098 2457 2145 et
2488 2092 2641 2163 virgo
2683 2102 2805 2162 post
2833 2102 3068 2163 partum.
3109 2093 3185 2149 De
3218 2096 3320 2151 hac
3341 2095 3512 2168 virgi-

1922 2184 2010 2239 nis
2059 2194 2215 2254 porta
2264 2183 2401 2238 dixit
2435 2183 2701 2239 Dominus
2745 2184 2813 2238 ad
2870 2183 3206 2240 Ezechielem
3240 2206 3253 2241 :
3293 2206 3311 2239 ι
3345 2186 3513 2244 Porta

1921 2271 2037 2329 ltmc
2059 2290 2224 2344 quam
2260 2274 2411 2329 vides
2453 2274 2639 2329 clausa
2668 2275 2773 2329 erit
2795 2283 2849 2329 et
2879 2291 2988 2329 non
3018 2277 3312 2346 aperietur,
3341 2287 3395 2332 et
3427 2279 3513 2334 vir

1919 2380 2029 2420 non
2083 2367 2313 2422 transiet
2371 2383 2468 2439 per
2523 2383 2678 2435 eam,
2733 2367 2995 2438 quoniam
3044 2367 3308 2425 Dominus
3366 2370 3510 2428 Deus

1916 2450 2082 2509 lsrael
2114 2455 2396 2526 ingressus
2424 2466 2506 2511 est
2548 2472 2644 2526 per
2674 2471 2817 2519 eam,
2847 2466 2901 2511 et
2930 2472 3145 2528 semper
3171 2458 3278 2512 erit
3322 2460 3509 2515 clausa

1919 2544 2137 2617 (Ezech.
2166 2550 2333 2618 xuv).
2357 2566 2378 2601 ι
2406 2547 2659 2619 Magnum
2692 2550 2961 2619 meritum,
2998 2566 3251 2621 magnum
3280 2551 3508 2622 donum,

1912 2652 2112 2707 magna
2139 2640 2310 2708 gratia
2340 2656 2353 2692 :
2386 2639 2580 2694 ancilla
2613 2643 2821 2710 peperit
2841 2640 3033 2706 Deum,
3065 2652 3316 2701 creatura
3342 2642 3509 2698 Crea-

1913 2740 2109 2796 torem,
2145 2733 2253 2787 ﬁlia
2278 2742 2581 2803 parentem,
2615 2732 2722 2788 ﬁlia
2759 2734 3083 2801 divinitatis,
3114 2744 3287 2791 mater
3309 2736 3508 2791 huma-

1911 2822 2118 2878 nitatis.
2168 2820 2316 2878 Duas
2361 2824 2673 2880 nativitates
2720 2823 2936 2880 Domini
2988 2827 3308 2897 accipimus,
3341 2843 3507 2883 unam

1910 2914 2172 2982 divinam,
2197 2916 2421 2971 alteram
2436 2915 2734 2971 humanam
2764 2936 2777 2971 :
2800 2917 2946 2972 illam
2978 2919 3097 2974 sine
3121 2928 3315 2988 matre,
3343 2919 3507 2977 istam

1910 3006 2031 3061 sine
2074 3015 2248 3077 patre.
2298 3006 2492 3072 Hodie,
2541 3008 2738 3065 fratres
2785 3009 3116 3078 charissimi,
3164 3013 3506 3070 celebramus

1911 3099 2261 3168 temporalem
2293 3099 2628 3155 nativitatem
2654 3109 2873 3170 propter
2904 3115 3008 3156 nos
3036 3110 3337 3172 acceptam,
3365 3118 3505 3173 gau-

1910 3188 2138 3245 deamus
2184 3200 2405 3261 propter
2446 3191 2846 3261 reparationem
2879 3201 3145 3248 nostram.
3193 3192 3362 3249 Hodie
3401 3210 3501 3250 su-

1912 3281 2085 3349 seepit
2128 3283 2368 3337 mundus
2422 3281 2672 3338 inﬁrmus
2722 3284 3033 3351 sanitatem,
3066 3284 3228 3340 hodie
3257 3287 3504 3356 captivus

1910 3371 2239 3439 libertatem,
2290 3375 2450 3430 hodie
2504 3377 2847 3446 recuperavit
2903 3377 3059 3432 exsul
3109 3377 3500 3435 hereditatem.

1913 3463 2291 3533 Suscipiamus
2334 3465 2494 3520 hodie
2536 3463 2736 3535 Regem
2778 3466 3106 3532 venientem,
3136 3482 3504 3538 praeparemus

1911 3552 2223 3611 habitacula
2264 3565 2546 3628 pectorum
2580 3566 2770 3613 contra
2801 3560 2965 3614 talem
3007 3559 3411 3629 imperatorem,
3438 3568 3505 3619 ut

1910 3646 2165 3720 dignetur
2187 3667 2290 3708 nos
2316 3651 2559 3723 recipere
2591 3652 2645 3707 in
2676 3654 2886 3710 caelesti
2920 3652 3286 3711 Hierusalem.

317 3931 916 4043 DOMINICA
986 3928 1544 4024 PBOXIMA
1614 3926 1915 4019 POST
1999 3925 2834 4022 NATIVITATEM
2908 3932 3405 4027 DOMlNl.

295 4144 318 4178 ι
340 4124 496 4181 ibant
523 4134 675 4196 pater
710 4124 839 4181 Iesu
865 4135 919 4181 et
944 4133 1121 4179 mater
1143 4124 1479 4179 admirantes
1509 4136 1674 4191 super
1714 4119 1803 4174 his

221 4231 341 4286 qua:
388 4216 711 4271 dicebantur
753 4217 820 4272 de
869 4216 981 4283 illo,
1009 4224 1064 4271 et
1112 4214 1392 4270 tenedixit
1440 4213 1547 4267 illis
1580 4211 1803 4265 Simeon

220 4307 371 4377 (ιη.
389 4309 471 4380 ιι).
492 4327 515 4361 ι

288 4400 506 4472 (Βεω.)
552 4399 794 4471 Ioseph,
848 4402 974 4473 quia
1027 4401 1285 4457 nutritius
1336 4408 1473 4467 erat,
1520 4406 1575 4453 et
1621 4396 1805 4451 Mariae

219 4489 416 4548 famam
440 4495 765 4549 observabat
792 4493 1092 4549 secundum
1122 4493 1431 4563 opinionem
1462 4491 1627 4562 vulgi,
1646 4488 1804 4543 Pater

220 4581 517 4640 Salvatoris
546 4587 867 4656 appellatur.
1418 4590 1429 4600 ‘

296 4694 315 4726 ι
351 4674 413 4730 Ει
440 4676 579 4730 dixit
605 4676 672 4730 ad
710 4675 934 4730 Mariam
966 4685 1194 4731 matrem
1228 4675 1349 4745 ejus
1379 4694 1393 4729 :
1424 4673 1562 4729 Ecce
1587 4671 1798 4743 positus

213 4777 301 4822 est
326 4768 410 4824 hic
437 4769 493 4824 in
523 4770 737 4824 ruinam
764 4777 818 4823 et
845 4768 899 4823 in
932 4768 1385 4823 resurrectionem
1416 4766 1713 4821 multorum
1742 4765 1797 4818 in

213 4856 380 4918 Israel
405 4869 459 4916 et
490 4860 546 4915 in
572 4860 789 4932 signum
818 4860 907 4915 cui
933 4860 1356 4915 contradicetur.
1392 4878 1411 4910 ι

291 4950 344 5007 ιιι
383 4954 596 5008 ruinam
638 4953 936 5008 multorum
978 4951 1190 5023 positus
1228 4960 1314 5007 est
1356 4950 1639 5016 Dominus,
1670 4948 1798 5021 quia

212 5044 333 5113 ipse
347 5055 427 5101 est
441 5047 581 5116 lapis
596 5045 937 5113 oﬁ‘ensionis,
950 5055 1003 5099 et
1015 5055 1166 5116 petra
1183 5044 1446 5110 scaudali,
1461 5044 1511 5098 id
1529 5051 1612 5098 est
1628 5044 1801 5097 ruinae

210 5135 304 5191 his
329 5139 420 5209 qui
468 5138 753 5195 oﬂ‘endunt
794 5138 982 5204 verbo,
1030 5152 1130 5193 nec
1177 5138 1426 5193 credunt.
1478 5136 1556 5192 De
1598 5136 1800 5206 quibus

210 5226 336 5295 ipse
360 5212 487 5285 dicit
522 5249 537 5285 :
568 5249 589 5282 ι
642 5228 699 5284 Si
744 5245 854 5284 non
900 5230 1173 5284 venissem
1221 5237 1276 5284 et
1321 5228 1538 5283 locutus
1580 5227 1660 5282 eis
1687 5241 1796 5280 non

210 5317 460 5388 fuissem,
501 5328 787 5391 peccatum
832 5335 943 5375 non
988 5320 1249 5375 haberent
1287 5319 1468 5390 (Joan.
1516 5318 1628 5388 xv).
1686 5338 1705 5370 ι
1737 5316 1797 5372 In

209 5414 666 5471 resurrectionem
710 5422 891 5468 autem
938 5412 1151 5481 positus
1196 5421 1300 5477 est,
1330 5411 1457 5481 quia
1512 5411 1799 5465 credentes

208 5499 273 5556 in
302 5518 423 5559 eum
465 5513 891 5562 resurrexerunt
921 5520 952 5559 a
996 5504 1234 5573 peccatis
1278 5520 1375 5573 per
1398 5519 1546 5558 eum.
1587 5503 1643 5558 ln
1680 5504 1797 5559 suis

208 5595 657 5663 prtedicatoribus
704 5611 924 5666 quoque
990 5595 1200 5665 positus
1241 5603 1323 5651 est
1367 5595 1423 5649 in
1472 5596 1687 5649 ruinam
1742 5602 1797 5649 et

211 5689 667 5743 resurrectionem
688 5729 703 5755 ,
740 5696 801 5743 ut
834 5688 910 5743 ait
940 5687 1233 5757 Apostolus
1263 5706 1277 5742 :
1316 5707 1335 5740 ι
1381 5686 1587 5742 Christi
1617 5686 1796 5743 bonus

204 5774 350 5830 odor
370 5792 556 5836 sumus
589 5779 704 5835 Deo
740 5781 794 5835 in
822 5781 908 5835 bis
935 5780 1030 5850 qui
1060 5780 1195 5837 salvi
1220 5779 1381 5845 ﬁunt,
1404 5788 1459 5836 et
1500 5780 1554 5835 in
1586 5780 1674 5835 his
1700 5779 1797 5849 qui

206 5876 440 5931 pereunt
465 5869 555 5941 (11
585 5871 711 5928 Cor.
746 5874 828 5944 ιι).
870 5892 889 5925 ι
926 5870 1155 5943 Signum
1185 5874 1272 5928 cui
1297 5873 1705 5931 eontradicetur
1733 5873 1798 5927 ﬁ-

1905 4117 2029 4173 dem
2058 4117 2356 4176 Dominicae
2384 4136 2566 4177 crucis
2589 4122 2795 4192 accipe,
2826 4121 2894 4177 de
2918 4137 3025 4193 qua
3059 4120 3227 4177 Judaei
3256 4124 3321 4177 ad
3351 4122 3498 4180 Pau-

1906 4209 2021 4263 lum
2051 4209 2306 4264 dixerunt
2336 4230 2348 4266 :
2375 4210 2451 4266 De
2490 4212 2594 4267 hac
2623 4222 2769 4269 secta
2799 4222 2989 4268 notum
3024 4222 3108 4269 est
3130 4213 3309 4281 nobis,
3349 4216 3497 4285 quod

1872 4300 2109 4371 ‘ubique
2137 4302 2186 4357 ei
2216 4303 2637 4360 contradicetur.
2675 4323 2693 4356 ι
2731 4304 2797 4360 Et
2837 4314 2988 4361 tuam
3039 4306 3213 4377 ipsius
3254 4309 3494 4364 animam

1905 4395 2259 4462 pertransibit
2301 4395 2537 4466 gladius,
2578 4416 2597 4449 ι
2632 4398 2683 4453 id
2716 4407 2801 4454 est
2843 4399 2999 4454 dolor
3045 4399 3341 4455 Dominica:
3369 4416 3496 4470 pas-

1906 4485 2101 4552 sionis,
2126 4487 2254 4557 quia
2302 4502 2411 4547 non
2450 4490 2625 4559 potuit
2654 4489 2850 4545 Filium
2886 4491 3068 4548 videre
3102 4492 3341 4563 cruciligi
3372 4493 3492 4548 sine

1906 4576 2103 4633 affectu
2132 4581 2362 4635 materni
2388 4581 2612 4649 doloris,
2633 4584 2734 4639 etsi
2758 4586 3011 4655 sperabat
3030 4594 3486 4641 resurrecturum.

1908 4668 2090 4742 Usque
2132 4673 2201 4727 ad
2249 4674 2411 4728 ﬁnem
2455 4675 2638 4731 saeculi
2686 4678 2924 4733 animam
2969 4677 3223 4733 Ecclesia:
3280 4678 3494 4749 gladius

1902 4762 2273 4819 tribulationis
2294 4768 2608 4835 pertransit,
2646 4783 2770 4823 eum
2794 4771 2951 4840 signo
2981 4770 3105 4825 lidei
3132 4770 3202 4825 ab
3229 4769 3493 4840 improbis

1899 4856 2314 4923 contradicitur,
2342 4873 2467 4913 cum
2501 4861 2701 4916 multos
2731 4878 2893 4917 ruere
2920 4862 3082 4918 videt.
3116 4863 3305 4918 Aliter.
3340 4862 3495 4934 (Oni-

1899 4948 2110 5018 αδδεδ.)
2163 4946 2386 5004 Positus
2436 4958 2517 5004 est
2546 4949 2811 5006 Dominus
2859 4952 2913 5006 in
2956 4952 3172 5007 ruinam
3208 4954 3490 5021 vitiorum,

1898 5047 1954 5093 et
1998 5039 2052 5093 in
2086 5041 2541 5096 resurrectionem
2587 5042 2870 5111 virtutum,
2904 5060 3006 5100 nec
3057 5047 3112 5100 lit
3159 5047 3493 5102 resurrectio

1900 5129 2005 5185 nisi
2034 5132 2192 5186 ruina
2221 5134 2510 5203 praecedat.
2543 5132 2738 5190 Omnia
2768 5151 2891 5206 qua:
2915 5136 2983 5191 de
3010 5137 3231 5192 Christo
3261 5153 3494 5192 narran-

1899 5229 2009 5288 tur,
2045 5224 2191 5293 quod
2238 5233 2402 5280 natus
2439 5225 2507 5281 de
2546 5226 2775 5297 virgine,
2806 5227 2952 5298 quod
2984 5229 3302 5294 resurrexit,
3342 5228 3490 5298 quod

1893 5314 2079 5385 ianuis
2136 5317 2341 5372 clausis
2394 5317 2655 5383 intravit,
2707 5320 2914 5387 omnia,
2965 5319 3211 5389 inquam,
3271 5321 3489 5390 signum

1900 5416 2031 5462 sunt
2064 5407 2154 5463 cui
2188 5410 2587 5465 contradicitur
2618 5409 2687 5464 ab
2726 5411 3054 5465 inlidelibus.
3114 5410 3487 5480 (Ausnosws.)

1905 5519 1923 5551 ι
1958 5498 2130 5553 Tuam
2180 5500 2354 5570 ipsius
2397 5501 2635 5556 animam
2684 5501 3036 5572 pertransibit
3062 5500 3297 5571 gladius,
3336 5520 3354 5551 ι
3390 5500 3487 5570 qui

1897 5605 1979 5650 est
2024 5596 2250 5650 verbum
2284 5596 2395 5664 Dei,
2429 5599 2675 5654 revelans
2721 5598 2816 5653 tibi
2867 5596 3154 5667 mysteria;
3193 5613 3211 5645 ι
3242 5601 3301 5646 ιιι
3335 5607 3490 5646 reve-

1897 5687 2075 5743 lentur
2112 5704 2179 5743 ex
2238 5690 2426 5744 multis
2481 5690 2739 5744 cordibus
2795 5687 3170 5757 cogitationes.
3206 5703 3224 5736 ι
3269 5681 3484 5754 (Br-2m.)

1896 5782 2035 5836 Ante
2064 5789 2183 5836 erat
2220 5782 2507 5845 incertum,
2552 5782 2682 5851 quia
2730 5778 3040 5834 Judzeorum
3084 5775 3361 5830 Christum
3397 5789 3489 5828 re-

1898 5875 2171 5945 ciperent,
2206 5873 2300 5945 qui
2338 5882 2691 5943 respuerent;
2722 5870 2818 5927 sed
2852 5869 3037 5926 audita
3068 5867 3348 5925 nativitate
3392 5882 3484 5923 reo
