3964 6460
458 410 561 466 795

1600 397 1926 456 WERNERI
1965 399 2259 456 ABBATIS
2299 399 2358 456 S.
2410 399 2640 455 BLAS“
3627 403 3717 460 796

451 521 775 578 velabantur
799 518 1174 591 cegitationes,
1213 529 1339 570 eum
1379 512 1621 571 llerodes
1646 524 1701 571 et
1730 516 1815 572 sui
1847 516 2039 572 turba-
2067 522 2116 580 Α
2143 524 2230 572 est
2276 516 2393 588 ipsa
2440 515 2721 582 divinitas,
2745 531 2852 587 qua
2897 515 3088 588 plenus
3128 525 3267 584 erat,
3297 515 3475 587 gratia
3501 532 3624 572 vero
3648 529 3724 578 est

453 612 678 668 bantur.
714 611 906 666 Postea
953 623 1081 664 vero
1124 607 1375 662 doctrina
1417 606 1537 677 ejus
1563 615 1620 661 et
1646 606 1848 662 virtute
1885 606 2046 662 diffa-

452 712 622 766 mata,
647 702 738 756 alii
763 715 884 754 cum
916 698 1072 768 quasi
1099 698 1422 768 magistrum
1448 698 1694 753 veritatis
1712 698 2041 754 habuerunt.

450 793 558 848 Alii
590 794 659 849 ab
687 809 750 846 eo
777 791 933 861 quasi
959 806 989 844 a
1022 791 1309 846 seductore
1340 799 1704 846 recesserunt.

529 902 550 936 ι
584 882 650 936 Et
682 891 799 936 erat
825 882 978 936 Anna
1008 882 1351 952 prophetissa
1390 882 1498 937 lllia
1530 881 1776 938 Phanuel
1800 880 1868 937 de
1897 881 2045 938 tribu

449 976 608 1030 Aser.
649 973 772 1028 llzec
804 982 1144 1043 processerat
1174 974 1229 1028 in
1262 975 1456 1029 diebus
1498 975 1708 1040 multis,
1746 983 1802 1029 et
1835 959 2048 1028 vixerat

451 1082 576 1122 cum
605 1065 724 1120 viro
766 1079 870 1119 suo
918 1064 1080 1120 annis
1130 1080 1207 1119 vlt
1248 1080 1279 1119 a
1326 1065 1638 1136 virginitate
1684 1079 1804 1120 sua.
1834 1063 1900 1119 Et
1933 1063 2047 1121 haec

450 1158 618 1212 Vidua
647 1164 767 1211 erat
801 1172 974 1227 usque
1000 1157 1066 1211 ad
1098 1172 1276 1213 annos
1303 1173 1554 1224 Lxxxun,
1581 1173 1704 1227 quae
1730 1172 1838 1212 non
1869 1157 2047 1212 disce-

450 1250 612 1306 debat
637 1250 704 1304 de
733 1251 952 1319 templo,
975 1249 1202 1318 jejuniis
1227 1259 1282 1305 et
1302 1250 1774 1306 obsecrationibus
1801 1251 2046 1306 serviens

451 1341 567 1397 Deo
596 1341 684 1397 die
713 1356 777 1397 ac
805 1349 982 1397 nocte.
1021 1361 1039 1394 ι
1070 1340 1234 1396 Juxta
1278 1343 1563 1398 historiam
1610 1344 1767 1398 Anna
1794 1353 1849 1398 et
1877 1344 2045 1399 devo-

453 1441 522 1489 tae
543 1433 973 1488 conversationis
1000 1441 1056 1488 ct
1079 1434 1401 1489 venerandae
1437 1435 1614 1490 aetatis
1643 1434 1805 1498 digna
1835 1433 2046 1489 deseri-

453 1524 624 1592 bitur,
657 1541 778 1594 qua:
802 1523 1035 1579 Domino
1060 1525 1432 1580 testimonium
1464 1527 1800 1597 perhibebat.
1822 1525 2048 1598 Mystice

453 1626 636 1672 autem
678 1616 949 1687 signiﬁcat
980 1616 1298 1684 Eeclesiam,
1325 1634 1448 1688 quae
1494 1619 1548 1672 in
1603 1619 1857 1689 praesenti
1888 1617 2047 1688 quasi

455 1709 642 1780 sponsi
677 1709 888 1764 Domini
933 1709 1017 1764 sui
1064 1718 1240 1764 morte
1285 1710 1503 1765 viduata
1542 1719 1645 1767 est.
1681 1711 1892 1782 Septies
1946 1727 2044 1778 ιιι,

454 1818 685 1857 Lxxxnu
716 1802 944 1856 faciunt.
976 1801 1042 1856 Et
1071 1819 1146 1857 vn
1178 1804 1452 1872 pertinent
1476 1804 1543 1858 ad
1581 1819 1804 1858 cursum
1836 1804 2043 1869 saeculi,

2151 607 2468 678 coniunctio
2490 606 2790 662 divinitatis
2813 607 2866 661 in
2894 623 3056 663 unam
3080 623 3398 678 personam.
3428 607 3608 663 Gratia
3635 627 3725 668 au-

2150 706 2282 765 tem,
2303 700 2431 770 quia
2471 699 2643 755 eidem
2669 699 2952 756 mediatori
2983 699 3076 754 Dei
3110 709 3165 755 et
3192 699 3504 766 hominum,
3534 701 3724 761 homini

2148 788 2276 844 Jesu
2321 789 2541 846 Christo
2586 805 2782 862 magna
2818 791 2990 861 gratia
3016 789 3278 845 donatum
3309 798 3414 855 est,
3453 799 3513 844 ut
3537 806 3600 845 ex
3626 808 3724 862 quo

2149 881 2317 938 homo
2362 882 2479 938 ﬁeri
2522 883 2797 952 cmpisset,
2838 881 3109 953 perfectus
3152 891 3207 936 et
3236 881 3382 936 Deus
3434 892 3597 938 esset.
3627 883 3725 942 Hoc

2150 975 2437 1031 hominum
2470 986 2666 1031 natura
2697 991 2804 1031 non
2837 975 3047 1046 recipit,
3078 983 3138 1029 ut
3162 983 3288 1029 ante
3313 974 3602 1029 duodecim
3635 992 3722 1032 an-

2149 1081 2253 1121 nos
2275 1066 2540 1136 sapientia
2573 1067 2880 1138 impleatur.
2909 1065 3197 1133 Quomodo
3227 1066 3413 1120 omnia
3444 1065 3536 1122 illo
3572 1069 3713 1124 mira-

2148 1153 2278 1210 bilia
2317 1155 2568 1223 fuerunt,
2601 1157 2674 1212 ita
2705 1157 2934 1228 pueritia
2979 1156 3247 1212 mirabilis
3291 1155 3415 1224 fuit,
3443 1167 3505 1213 ut
3537 1156 3622 1216 Dei
3648 1173 3726 1220 sa-

2146 1246 2352 1317 pientia
2375 1248 2712 1318 impleretur.

2415 1339 2647 1396 SERMO
2682 1340 2770 1395 DE
2807 1329 3073 1396 TRIBUS'
3101 1339 3461 1397 SILENTHS.

2227 1450 2247 1485 ι
2284 1431 2423 1488 Dum
2470 1434 2708 1489 medium
2755 1434 3036 1490 silentium
3089 1441 3338 1488 tenerent
3377 1433 3584 1502 omnia,
3627 1443 3720 1492 etc.

2151 1523 2302 1595 (Sap.
2334 1525 2514 1596 xvnt).
2547 1544 2567 1578 ι
2604 1525 2732 1580 Tria
2756 1540 2887 1582 sunt
2915 1526 3131 1581 silentia
3159 1543 3173 1580 :
3201 1524 3450 1580 Primum
3473 1535 3557 1581 est
3585 1530 3722 1598 igno-

2149 1619 2329 1674 rantia
2374 1619 2682 1691 languoris;
2733 1619 3060 1684 secundum,
3094 1619 3405 1689 desperatio
3439 1621 3720 1689 curatoris;

2152 1710 2370 1789 tertium
2421 1711 2696 1766 silentium
2748 1720 2834 1766 est
2899 1711 3121 1782 adoptio
3175 1711 3446 1768 sanitatis.
3491 1711 3722 1769 Primum

2151 1801 2428 1857 silentium
2461 1801 2585 1869 fuit,
2614 1801 2835 1873 quando
2865 1809 3030 1858 homo
3059 1819 3166 1858 non
3218 1805 3442 1874 agnovit
3482 1804 3724 1860 morbum

452 1895 548 1966 qui
575 1895 768 1949 diebus
809 1903 1014 1964 septem
1045 1895 1280 1950 volvitur
1309 1913 1324 1961 ;
1373 1912 1449 1950 xu
1502 1911 1633 1950 vero
1679 1895 1952 1965 pertinent
1978 1896 2047 1951 ad
2078 1887 2120 1941 Β
2150 1907 2335 1961 suum,
2361 1903 2416 1948 et
2436 1893 2640 1950 idcirco
2667 1894 2881 1958 silebat,
2911 1909 3014 1950 nec
3039 1895 3391 1964 quaerebatur
3418 1896 3721 1956 remedium.

451 1982 842 2055 perfectionem
871 1983 1182 2053 apostolicae
1213 1983 1493 2041 doctrina).
1521 1983 1781 2055 Quisquis
1810 2001 1940 2056 ergo
1967 1995 2051 2040 to-

457 2085 572 2133 tum
596 2078 718 2132 vitm
741 2092 854 2132 suae
882 2085 1095 2147 tempus
1120 2077 1438 2147 apostolicis
1463 2079 1738 2149 mancipat
1760 2079 2048 2145 institutis,

453 2169 615 2239 quasi
646 2172 877 2224 Lxxxmi
912 2170 1072 2224 annis
1100 2170 1342 2224 etelestis
1373 2171 1558 2240 templi
1588 2170 1775 2230 limina
1806 2187 2046 2238 servare,

453 2271 509 2317 et
542 2260 755 2316 Domini
785 2261 1063 2330 postulare
1101 2261 1393 2318 adventum
1423 2260 1697 2327 laudatur,
1725 2260 1856 2315 dum
1887 2276 1917 2315 a
1943 2259 2050 2315 Do-

456 2354 608 2408 mino
641 2353 1038 2423 peregrinatur.
1078 2351 1295 2422 Septem
1340 2351 1470 2407 anni
1509 2353 1710 2422 quibus
1741 2367 1883 2406 anna
1921 2368 2047 2408 eum

454 2444 576 2500 viro
618 2458 720 2499 suo
748 2443 905 2509 vixit,
938 2444 1247 2515 signiﬁcant
1275 2442 1663 2514 perfectionem
1713 2443 1860 2498 illius
1909 2451 2048 2498 tem-

455 2536 606 2610 poris
634 2550 745 2606 quo
787 2551 817 2590 a
853 2535 1086 2592 Domino
1135 2536 1191 2591 in
1234 2551 1399 2592 carne
1428 2543 1787 2592 conversante
1825 2537 2052 2590 docetur

455 2627 719 2685 Ecclesia.
741 2626 845 2694 Qui
869 2629 998 2683 anni
1022 2635 1208 2698 postea
1232 2643 1327 2698 per
1345 2644 1420 2682 xu
1445 2627 1898 2696 multiplicantur,
1924 2642 2053 2696 pro-

457 2730 578 2794 pter
603 2723 958 2792 apostolicam
981 2722 1308 2790 doctrinam,
1335 2721 1530 2777 deinde
1557 2729 1831 2793 regentem
1860 2719 2050 2777 Eccle-

457 2813 620 2870 siam.

537 2925 556 2958 ι
587 2903 653 2959 Et
681 2905 796 2961 haec
827 2905 946 2974 ipsa
973 2904 1106 2960 hora
1130 2903 1520 2974 superveniens
1549 2901 1911 2958 conﬁtebatur
1942 2899 2051 2957 Do-

457 2996 632 3063 mino,
664 3005 718 3052 et
753 2996 1079 3066 loquebatur
1114 2997 1181 3052 de
1216 2996 1310 3050 illo
1339 2994 1598 3050 omnibus
1625 2995 1718 3065 qui
1761 3001 2052 3064 exspecta-

458 3089 592 3147 bant
620 3090 1076 3146 resurrectionem
1104 3088 1288 3144 Israel.
1324 3107 1344 3142 ο

462 3233 464 3235 ,
530 3183 651 3255 ipsa
689 3185 823 3240 hora
859 3200 967 3254 qua
1013 3182 1235 3238 Simeon
1265 3182 1474 3252 accepit
1515 3196 1748 3252 puerum
1791 3194 2052 3250 superve-

459 3277 618 3334 niens
638 3277 792 3331 Anna
823 3276 1202 3342 conﬁtebatur,
1227 3275 1279 3330 id
1295 3284 1376 3330 est
1393 3275 1649 3330 laudabat
1666 3273 1979 3339 Dominum,
1997 3279 2052 3326 et

461 3369 722 3426 omnibus
749 3368 1000 3425 ﬁdelibus
1034 3368 1128 3440 qui
1165 3368 1298 3440 jugo
1327 3366 1556 3423 Herodis
1585 3366 1902 3435 alienigenae
1930 3379 2054 3436 gra-

462 3461 574 3518 vati
597 3461 973 3518 liberationem
1007 3461 1416 3531 exspectabant,
1450 3458 1801 3530 promittebat
1830 3473 1926 3528 per
1952 3457 2052 3513 ad-

459 3563 681 3610 ventum
711 3552 915 3610 Christi
947 3553 1001 3608 in
1029 3553 1278 3623 proximo
1303 3551 1733 3622 redemptionem
1764 3550 1903 3606 ﬁeri.
1930 3546 2052 3604 Non

461 3647 639 3702 solum
673 3648 872 3716 angeli,
905 3647 998 3702 sed
1040 3655 1096 3702 et
1131 3647 1312 3703 omnis
1352 3654 1484 3702 aatas
1523 3654 1579 3701 et
1615 3661 1780 3702 sexus
1805 3644 2053 3701 testimo—

460 3738 615 3792 nium
643 3747 773 3791 nato
805 3737 1038 3793 reddidit
1074 3755 1263 3809 puero,
1291 3748 1344 3794 et
1383 3740 1525 3794 sicut
1568 3739 1638 3794 ab
1671 3738 1917 3794 omnium
1951 3753 2053 3794 sae-

461 3829 711 3885 culorum
766 3827 1012 3883 ﬁdelibus
1054 3829 1504 3902 przesagiebatur,
1544 3829 1618 3884 ita
1663 3829 1888 3885 veniens
1933 3845 2054 3885 om-

461 3922 616 3977 nium
656 3931 970 3977 sanctorum
1023 3922 1181 3977 laude
1228 3923 1574 3993 praedicatur.
1629 3920 1847 3992 (Βευλ.)
1895 3921 2053 3989 Quod

464 4013 685 4069 Simeon
733 4023 788 4069 et
833 4016 987 4070 Anna
1039 4016 1278 4086 provecti
1325 4014 1512 4072 Jesum
1543 4016 1823 4086 excipiunt
1850 4025 1904 4072 et
1933 4016 2052 4072 lau-

461 4105 614 4172 dant,
629 4107 1124 4178 signiﬁcatﬁdelem
1152 4109 1518 4182 Synagogam,
1547 4125 1669 4180 quae
1690 4120 1813 4180 post
1834 4111 2051 4182 longam

460 4200 928 4269 exspectationem
978 4202 1410 4272 promissionum
1458 4218 1568 4257 non
1617 4201 1742 4258 ﬁcta
1782 4202 1886 4258 tide
1923 4217 2050 4258 eum

461 4303 782 4362 receperunt
807 4295 900 4365 qui
923 4297 1408 4366 praenuntiabatur.

538 4402 558 4437 ‹
583 4384 1075 4457 Etutperfecerunt
1091 4389 1274 4444 omnia
1298 4388 1598 4446 secundum
1618 4388 1790 4458 legem
1812 4387 2049 4459 Domini,

460 4481 664 4536 reversi
695 4491 822 4537 sunt
848 4483 904 4536 in
944 4481 1220 4538 Galilaeam
1252 4483 1308 4537 in
1355 4482 1628 4537 civitatem
1675 4498 1829 4538 suam
1879 4481 2054 4538 Naza-

2153 1986 2258 2043 Sed
2290 2000 2578 2058 postquam
2615 1987 2700 2043 lex
2729 1987 3079 2054 subintravit,
3109 1996 3164 2044 et
3193 1988 3438 2043 ostendit
3471 1987 3722 2058 languidis

2150 2079 2374 2134 vulnera
2405 2095 2526 2145 sua,
2563 2080 2748 2136 statim
2775 2088 2997 2151 ruptum
3029 2088 3114 2134 est
3158 2079 3460 2146 silentium,
3485 2088 3542 2135 et
3568 2095 3723 2150 empe-

2150 2182 2280 2230 runt
2303 2189 2430 2229 mox
2462 2172 2590 2244 aegri
2619 2172 2850 2229 salutem
2873 2188 3140 2244 quaarere.
3176 2170 3281 2228 Sed
3309 2173 3440 2243 quia
3466 2188 3563 2243 per
3581 2188 3722 2243 opera

2150 2267 2287 2338 legis
2317 2265 2410 2321 ubi
2441 2265 2592 2321 salus
2630 2279 2741 2320 non
2766 2273 2850 2321 est
2878 2263 3062 2320 sanari
3093 2264 3372 2331 volebant,
3397 2263 3548 2335 quod
3587 2281 3719 2335 qua:-

2152 2356 2346 2411 rebant
2399 2370 2510 2410 non
2541 2363 2791 2425 poterant
2819 2353 3081 2411 invenire.
3131 2354 3373 2410 Tandem
3403 2371 3533 2426 ergo
3561 2356 3722 2411 consi-

2151 2446 2350 2504 derans
2384 2448 2570 2513 homo,
2604 2463 2702 2517 per
2731 2447 2902 2517 legem
2934 2447 3209 2503 neminem
3230 2446 3524 2516 iustiﬁcari
3566 2463 3722 2517 posse,

2153 2542 2313 2612 quasi
2345 2548 2470 2612 post
2507 2540 2796 2596 diuturnos
2824 2541 3090 2597 clamores
3121 2539 3403 2612 fatigatus,
3444 2541 3609 2595 etiam
3646 2555 3721 2595 se-

2151 2635 2389 2690 cundum
2416 2634 2716 2690 silentium.
2739 2633 3004 2689 Locutum
3031 2641 3115 2688 est
3136 2648 3351 2703 pacem,
3381 2632 3529 2687 dedit
3558 2633 3724 2703 despe-

2152 2743 2302 2795 rans,
2335 2727 2483 2798 loqui
2513 2742 2736 2782 rursum
2767 2726 3024 2791 eessavit,
3051 2733 3104 2780 et
3136 2725 3493 2780 subsecutum
3519 2733 3604 2780 est
3623 2740 3725 2796 gra-

2154 2820 2307 2886 tiam,
2335 2820 2620 2891 proposuit
2647 2819 3105 2884 misericordiam,
3129 2818 3384 2888 promisit
3412 2817 3645 2886 veniam,
3676 2825 3724 2872 et

2153 2919 2441 2980 emperunt
2475 2910 2602 2980 aegri
2634 2924 2857 2964 currere
2897 2909 2964 2964 ad
2996 2909 3291 2974 medicum,
3337 2916 3392 2963 et
3419 2907 3580 2978 quasi
3618 2921 3719 2962 rna-

2151 3001 2275 3072 gnis
2297 3001 2654 3068 clamoribus,
2683 3001 2763 3057 sic
2787 3016 2924 3072 pura
2950 2999 3052 3055 ﬁde
3081 2999 3263 3057 cordis
3285 3008 3340 3054 et
3367 3015 3492 3055 vera
3524 2997 3722 3054 confes-

2153 3092 2309 3149 sione
2343 3094 2457 3149 oris
2486 3093 2716 3164 flagitari
2749 3093 3074 3149 remedium.
3120 3090 3235 3146 Hoc
3265 3092 3450 3162 itaque
3496 3100 3553 3146 et
3597 3105 3724 3146 nunc

2155 3186 2209 3242 in
2249 3187 2360 3242 vita
2388 3186 2492 3243 hac
2536 3185 2792 3257 prtesenti
2821 3185 3018 3257 agitur,
3063 3196 3122 3240 ut
3167 3201 3292 3240 cum
3325 3185 3490 3239 homo
3527 3199 3621 3254 per
3641 3182 3726 3238 Dei

2157 3280 2388 3350 gratiam
2419 3279 2707 3335 sanitatem
2739 3278 3023 3349 receperit,
3047 3286 3102 3333 et
3128 3278 3195 3333 ad
3234 3278 3381 3332 illam
3429 3275 3724 3332 felicitatem

2155 3381 2400 3428 venturae
2453 3369 2881 3426 immortalitatis
2917 3368 3212 3440 perductus
3256 3366 3442 3434 fuerit,
3487 3383 3598 3422 non
3633 3365 3726 3422 erit

2156 3462 2392 3532 amplius
2420 3461 2552 3532 quid
2578 3469 2724 3531 petat
2749 3479 2764 3527 ;
2799 3469 2853 3516 et
2886 3469 3017 3516 tunc
3049 3459 3299 3530 sequitur
3327 3459 3549 3514 tertium
3575 3458 3726 3515 silen-

2157 3555 2316 3624 tium,
2343 3555 2488 3625 quod
2518 3570 2801 3626 nunquam
2840 3553 3001 3609 ﬁnem
3033 3551 3274 3608 habebit.
3322 3551 3467 3606 Inter
3502 3552 3726 3622 primum

2155 3653 2211 3701 ct
2247 3645 2488 3701 medium
2519 3646 2796 3702 silentium
2837 3646 3006 3700 multa
3037 3643 3200 3698 verba
3245 3653 3572 3710 sonuerunt,
3603 3644 3729 3698 inter

2157 3739 2396 3793 medium
2425 3749 2478 3793 et
2507 3739 2759 3793 ultimum
2787 3738 3062 3794 silentium
3089 3744 3248 3791 sonat
3276 3751 3448 3791 unum
3490 3737 3726 3792 verbum.

2155 3828 2324 3884 Multa
2373 3827 2596 3884 fuerunt
2638 3829 2960 3900 multiplicia
2990 3828 3123 3900 legis
3171 3827 3448 3892 mandata,
3477 3843 3604 3898 quae
3646 3842 3729 3897 per

2155 3917 2377 3994 Moysen
2407 3923 2532 3977 data
2564 3931 2666 3978 est.
2693 3921 2874 3977 Unum
2905 3921 3133 3977 verbum
3170 3929 3274 3987 est,
3306 3937 3416 3975 una
3445 3920 3538 3976 Dei
3573 3919 3729 3992 gratia

2155 4001 2278 4085 qua:
2319 4029 2417 4085 per
2450 4013 2634 4069 Jesum
2661 4012 2944 4069 Christum
2969 4013 3109 4068 facta
3137 4022 3241 4079 est,
3266 4013 3352 4067 vel
3378 4013 3563 4083 potius
3587 4011 3732 4068 Iesus

2154 4105 2406 4162 Christus
2429 4115 2528 4162 est.
2557 4106 2770 4179 Moyses
2793 4105 3032 4162 famulus
3055 4105 3154 4162 Dei
3178 4107 3350 4161 multa
3382 4106 3571 4173 verba,
3599 4104 3728 4160 mul-

2154 4208 2238 4255 tos
2289 4214 2572 4256 sermones
2609 4200 2809 4266 edidit;
2855 4199 3000 4256 Deus
3046 4198 3208 4254 Pater
3251 4215 3425 4256 unum
3481 4198 3731 4265 Verbum,

2154 4305 2325 4345 unum
2355 4306 2663 4346 sermonem
2697 4291 2866 4348 misit.
2901 4289 3006 4346 Sed
3025 4305 3311 4346 sermones
3335 4289 3731 4362 Moysisomni-

2153 4391 2400 4453 potentes
2450 4398 2560 4438 non
2604 4381 2846 4449 fuerunt,
2889 4383 3024 4454 quia
3055 4383 3202 4454 quod
3257 4382 3516 4439 dicebant
3566 4384 3730 4437 facere

2153 4492 2263 4532 non
2313 4484 2610 4548 potuerunt
2645 4495 2659 4532 :
2701 4476 2826 4532 ideo
2859 4476 3075 4532 tandem
3127 4476 3462 4549 quandoque
3509 4477 3566 4532 in
3611 4491 3731 4548 pro.

462 4573 640 4626 reth.»
679 4572 1038 4629 Praetermisit
1069 4575 1175 4630 hoc
1201 4575 1321 4630 loco
1362 4573 1560 4640 Lucas,
1590 4591 1711 4646 qua:
1743 4591 1775 4631 a
1815 4573 2054 4630 Mattheo
2086 4596 2130 4652 ι)
2156 4569 2420 4624 missione
2443 4568 2746 4625 deﬁciendo
2795 4568 3086 4624 siluerunt.
3126 4569 3193 4624 Et
3217 4577 3349 4624 tunc
3395 4569 3736 4639 omnipotens

459 4664 595 4720 satis
623 4665 874 4734 exposita
901 4676 1150 4732 noverat,
1177 4665 1466 4721 Dominum
1498 4667 1766 4733 videlicet,
1791 4668 2053 4738 posthaec

459 4772 528 4810 ne
576 4757 646 4811 ab
691 4755 902 4813 Herode
945 4759 1223 4814 necandus
1273 4757 1631 4826 inveniretur,
1677 4758 1974 4831 {Egyptum
2019 4775 2051 4815 a

458 4850 778 4920 parentibus
828 4865 952 4931 esse
998 4851 1258 4907 delatum.
1289 4850 1666 4923 Defunctoqne
1710 4851 1943 4918 Herode,
1972 4852 2054 4908 sic

459 4941 680 4996 demum
744 4942 1021 4998 Galilzeam
1084 4959 1396 5012 reversum,
1448 4942 1720 5000 Nazareth
1773 4945 2050 5000 civitatem

459 5048 618 5089 suam
663 5033 968 5090 inhabitare
997 5036 1248 5107 coepisse.
1293 5035 1482 5093 Solent
1521 5037 1666 5092 enim
1706 5037 2052 5109 evangelista}

460 5126 661 5197 singuli
683 5127 762 5183 sic
778 5127 1026 5183 omittere
1050 5131 1320 5200 quaedam,
1338 5146 1461 5201 qua:
1481 5131 1564 5185 vel
1579 5131 1647 5184 ab
1663 5131 1786 5185 aliis
1809 5145 2052 5186 commea

461 5228 577 5279 rata
606 5219 839 5274 viderint
868 5221 950 5276 vel
981 5221 1048 5276 ab
1074 5222 1196 5278 aliis
1238 5223 1719 5278 commemoranda
1748 5222 1802 5276 in
1854 5221 2049 5292 spiritu

460 5311 824 5381 praeviderint,
871 5322 930 5367 ut
975 5313 1293 5369 continuata
1344 5330 1458 5370 sua:
1508 5313 1840 5370 narrationis
1883 5315 2047 5382 serie,

459 5404 618 5473 quasi
664 5405 810 5460 nulla
863 5407 1278 5475 praetermisisse
1310 5407 1618 5461 videantur.
1678 5405 1815 5473 Quia
1868 5415 2048 5462 tamen

460 5497 684 5553 alterius
710 5499 1055 5569 evangelista
1077 5499 1423 5555 considerata
1458 5498 1763 5570 Scriptura,
1790 5515 1901 5571 quo
1931 5500 2050 5556 loco

460 5591 727 5645 transnlta
754 5590 975 5656 fuerint,
1005 5591 1236 5662 diligens
1268 5592 1439 5646 lector
1464 5592 1726 5648 inveniat.

535 5702 554 5734 ‹
594 5683 736 5739 Puer
777 5693 958 5739 autem
988 5684 1266 5741 crescebat
1312 5694 1365 5739 et
1414 5682 1829 5740 confortabatur
1857 5684 2050 5754 plenus

389 5797 399 5804 -
461 5777 746 5846 sapientia,
782 5785 835 5831 et
872 5776 1045 5847 gratia
1082 5776 1175 5833 Dei
1217 5786 1334 5832 erat
1371 5777 1426 5830 in
1456 5777 1602 5831 illo.»
1636 5775 1897 5832 Crescere
1928 5791 2050 5832 cor-

457 5881 590 5939 pore
610 5874 666 5924 et
689 5866 1000 5934 corfortari,
1029 5877 1186 5925 aetate
1219 5868 1458 5925 humana
1484 5866 1740 5949 intelligel.
1771 5863 2051 5947 Sapientia

2159 4660 2354 4718 Sermo
2410 4661 2579 4728 venit,
2619 4659 2714 4732 qui
2765 4675 2877 4715 non
2917 4659 3096 4715 solum
3145 4659 3304 4726 dixit,
3349 4659 3447 4716 sed
3485 4673 3735 4730 quacun-

2152 4771 2260 4826 que
2287 4755 2448 4821 dixit,
2477 4756 2588 4810 imo
2614 4769 2956 4826 quaecunque
2986 4753 3184 4820 voluit,
3211 4752 3363 4809 fecit.
3391 4753 3496 4810 Iste
3525 4751 3735 4817 Sermo,

2160 4849 2307 4905 istud
2339 4846 2577 4903 Verbum
2607 4847 2788 4902 adhuc
2816 4846 3080 4916 loquitur,
3114 4846 3362 4917 quandiu
3386 4847 3443 4901 in
3487 4844 3737 4901 ﬁdelibus

2151 4942 2267 4998 suis
2296 4939 2692 5013 promissiones
2729 4947 3006 5010 Operatur.
3039 4937 3143 4993 Sed
3195 4955 3321 4994 cum
3339 4938 3616 5009 promissa
3639 4936 3742 4991 im-

2149 5032 2398 5104 pleverit,
2425 5039 2557 5086 tune
2582 5029 2740 5102 quasi
2781 5029 3038 5085 cessavit.
3083 5028 3224 5084 Cum
3254 5038 3437 5084 autem
3469 5025 3740 5100 promissa

2150 5124 2356 5180 fuerint
2395 5123 2640 5193 impleta,
2684 5121 2814 5193 quia
2855 5122 3093 5193 amplius
3140 5121 3286 5192 quod
3332 5130 3565 5193 petatur,
3603 5117 3740 5176 nihil

2150 5219 2344 5286 deerit,
2359 5227 2488 5274 tunc
2509 5217 2634 5273 felix
2649 5226 2702 5273 et
2717 5217 3108 5288 sempiternum
3127 5217 3408 5274 silentium
3430 5215 3548 5271 erit.
3562 5213 3738 5268 «Dum

2149 5327 2280 5384 ergo
2331 5311 2574 5366 medium
2638 5309 2914 5365 silentium
2979 5308 3530 5385 tenerentpmnia.»
3594 5306 3744 5360 Bene

2151 5403 2336 5461 omnia
2367 5419 2380 5455 :
2415 5401 2530 5457 Hoc
2557 5416 2668 5456 non
2692 5401 2871 5456 solum
2902 5399 2980 5454 illi
3005 5398 3099 5470 qui
3143 5398 3197 5453 in
3244 5399 3507 5469 petitione
3537 5397 3741 5466 despe-

2153 5495 2367 5559 rabant,
2398 5492 2493 5548 sed
2515 5501 2569 5547 et
2598 5492 2690 5547 illa
2719 5506 2842 5562 quae
2867 5491 2923 5547 in
2956 5488 3326 5561 promissione
3351 5509 3364 5544 :
3409 5508 3429 5542 ‹
3460 5489 3522 5544 Et
3543 5503 3666 5544 nox
3688 5487 3743 5542 in

2153 5601 2254 5643 suo
2280 5600 2445 5641 cursu
2470 5584 2574 5638 iter
2597 5583 2838 5637 haberet.
2874 5601 2893 5634 ι
2923 5577 3041 5636 Nox
3072 5581 3126 5636 in
3150 5595 3309 5636 sacra
3332 5579 3617 5652 Scriptura
3640 5578 3745 5634 ali-

2153 5679 2372 5751 quando
2401 5693 2502 5750 pro
2531 5676 2771 5744 diabolo,
2797 5674 3093 5746 aliquando
3123 5689 3223 5745 pro
3250 5675 3468 5732 umbris
3491 5674 3639 5744 ejus,
3687 5671 3747 5726 in

2152 5771 2532 5843 peccatoribus
2559 5778 2612 5825 et
2636 5767 2860 5840 iniquis,
2903 5767 3196 5840 aliquando
3227 5783 3328 5839 pro
3359 5765 3623 5840 peccatis,
3643 5766 3748 5820 alio

2155 5863 2375 5940 quando
2418 5877 2517 5934 pro
2579 5859 2833 5934 praesenti
2879 5858 2986 5919 vita
3038 5859 3322 5934 accipitur.
3376 5860 3481 5919 Per
3516 5869 3752 5918 noctem
