4032 6396
285 359 390 418 797

1251 359 1825 426 οεηοιιΑτιοΝεε
1866 361 1966 419 SS.
2008 358 2321 418 PATRUM.
2361 391 2431 402 -—
2470 359 2598 416 LIB.
2642 359 2682 415 i.

3457 361 3562 419 798

283 491 416 548 ergo
446 473 501 530 in
534 474 640 531 hoc
667 475 808 544 loco,
832 471 1083 532 mor'talis
1111 475 1276 548 hujus
1301 478 1426 534 vitm
1450 479 1650 536 lluctus
1685 479 1869 550 signa-
1899 481 1946 538 A
1973 477 2118 546 quod
2155 487 2260 544 est,
2293 477 2546 534 credatur
2584 473 2730 546 quod
2780 489 2888 527 Itnn
2939 482 3042 530 est.
3091 471 3323 542 Quidam
3364 485 3563 546 putant

285 577 398 636 tur,
447 569 591 625 sicut
637 583 735 640 per
769 570 914 624 diem
964 571 1093 626 alibi
1143 570 1368 628 claritas
1415 572 1540 628 vitae
1575 580 1868 642 perpetuae.

285 662 536 718 Pnesens
578 677 710 734 ergo
733 662 840 717 vita
868 679 1018 720 mors
1059 673 1163 732 est,
1189 665 1299 720 vita
1329 682 1458 722 vero
1501 665 1685 722 futura
1733 664 1869 720 dies.

288 751 406 808 Nox
436 753 541 808 ista
573 751 768 808 habeat
795 755 1232 825 vesperam,dies
1255 756 1346 811 illa
1373 757 1570 812 habeat
1590 770 1869 811 auroram.

289 840 524 913 Vespera
555 842 720 912 hujus
751 845 927 900 noctis
955 844 1239 902 etiamfuit
1258 863 1324 902 ex
1350 863 1460 918 quo
1480 847 1652 902 Adam
1676 862 1872 917 pecca-

284 937 384 1001 vit,
414 937 591 991 donec
615 945 837 1007 accepta
863 939 1130 994 sententia
1158 939 1372 1006 mortis,
1408 954 1440 994 a
1471 939 1728 1009 paradiso
1753 939 1874 1009 pul-

286 1042 384 1083 sus
411 1037 495 1082 est
527 1027 580 1081 in
610 1027 863 1082 tenebras
907 1028 1074 1098 hujus
1105 1030 1316 1084 mundi.
1365 1029 1510 1084 Exiit
1541 1044 1741 1084 aurora
1786 1044 1874 1084 se-

285 1116 507 1190 quantis
539 1118 668 1185 diei,
693 1119 746 1174 id
768 1128 852 1174 est
875 1135 906 1174 a
945 1121 1348 1176 resurrectione
1369 1120 1575 1176 Christi
1605 1135 1780 1190 usque
1803 1119 1873 1176 ad

295 1209 456 1264 linem
485 1209 689 1264 saeculi.
737 1208 900 1265 Gutta
931 1210 1035 1266 ista
1067 1227 1176 1266 nox
1204 1220 1309 1267 est.
1350 1210 1455 1266 Sed
1479 1212 1604 1282 quis
1632 1221 1718 1268 est
1741 1227 1872 1268 cur-

286 1315 382 1355 sus
411 1299 574 1371 hujus
601 1301 768 1356 vitae?
807 1300 978 1373 Igitur
1004 1301 1113 1358 vita
1141 1303 1388 1358 mortalis
1412 1303 1670 1359 deorsum
1704 1313 1788 1359 est
1816 1305 1872 1359 in

286 1393 494 1458 inferis,
543 1394 686 1450 sicut
729 1396 834 1450 vita
880 1396 1210 1453 immortalis
1252 1412 1497 1452 sursum.
1549 1395 1705 1452 Item.
1764 1397 1874 1452 lter

285 1503 503 1544 sursum
531 1497 614 1543 est
641 1489 695 1548 in
725 1489 880 1544 cmlis
933 1487 1062 1544 item
1095 1489 1330 1544 medium
1358 1502 1441 1544 εει
1467 1489 1704 1544 stadium
1747 1489 1872 1545 vitae

283 1581 569 1650 pmsentis
624 1598 639 1636 :
684 1582 830 1652 quod
861 1580 1139 1636 nascendo
1172 1582 1464 1647 intramus,
1493 1580 1723 1636 vivendo
1749 1597 1872 1652 per-

284 1659 578 1739 currimus,
607 1674 892 1730 moriendo
921 1676 1156 1730 eximus.
1207 1673 1477 1740 Quoniam
1507 1687 1638 1742 ergo
1663 1687 1770 1727 nox
1816 1672 1870 1728 in

293 1781 394 1820 suo
442 1781 603 1821 cursu
638 1765 877 1820 medium
910 1766 1012 1820 iter
1041 1767 1286 1832 haberet,
1326 1766 1446 1820 ideo
1473 1764 1695 1834 quando
1723 1779 1872 1820 mors

284 1857 574 1912 universos
601 1872 740 1926 quos
771 1857 826 1910 in
857 1857 1034 1911 stadio
1070 1857 1193 1912 vitae
1219 1855 1502 1926 praesentis
1527 1854 1749 1924 reperit,
1780 1870 1870 1910 se-

281 1963 406 2004 cum
438 1948 504 2003 ad
542 1947 746 2003 inferos
779 1949 967 2013 traxit,
999 1957 1054 2004 et
1081 1964 1242 2003 nemo
1272 1948 1588 2003 mortalium
1615 1947 1682 2002 ad
1700 1946 1866 2002 vitam

283 2036 654 2091 immortalem
684 2037 980 2091 ascendere
1004 2037 1196 2107 potuit.
1227 2035 1378 2092 Unde
1404 2053 1500 2108 per
1533 2046 1745 2093 noctem
1775 2051 1871 2090 ac-

283 2129 468 2196 clpere
501 2143 798 2197 possumus
831 2139 1141 2198 peccatum.
1173 2129 1306 2195 Quae
1350 2129 1603 2185 videlicet
1647 2144 1755 2183 nox
1802 2129 1872 2183 ab

284 2217 542 2288 originali
592 2227 818 2287 peccato
851 2219 1036 2288 erepit,
1088 2228 1143 2273 et
1182 2234 1278 2289 per
1321 2219 1556 2274 actualia
1604 2218 1868 2274 cucurrit.

287 2313 518 2379 Quando
533 2312 826 2382 igiturpost
840 2313 1154 2381 originalem
1168 2312 1669 2383 prtevaricationem
1684 2311 1874 2382 prima:

287 2403 755 2476 praevaricationis
771 2413 895 2457 natu
907 2403 1033 2459 ralis
1046 2403 1201 2474 legis,
1227 2419 1291 2458 ac
1303 2401 1497 2457 deinde
1515 2402 1728 2471 scripta:
1738 2401 1872 2472 legis

289 2496 734 2565 praevaricatione
772 2494 1117 2560 succedente,
1150 2501 1434 2563 peccatum
1480 2491 1545 2546 ad
1593 2506 1871 2568 summum

287 2586 682 2642 incrementum
724 2596 976 2652 venerat,
1019 2585 1178 2656 quasi
1222 2601 1331 2639 nox
1387 2584 1440 2638 in
1483 2600 1585 2640 suo
1631 2583 1870 2638 medium

287 2697 453 2737 cursu
480 2682 580 2736 iter
613 2682 866 2736 habebat.
900 2680 1004 2735 Sed
1038 2680 1142 2735 ista
1168 2695 1274 2734 nox
1304 2693 1430 2733 vera
1461 2678 1579 2733 luce
1608 2693 1874 2747 apparen-

287 2783 372 2839 te,
425 2789 550 2828 mox
599 2773 854 2828 deorsum
908 2787 1132 2843 vergere
1195 2770 1398 2840 etrapit,
1452 2780 1506 2825 et
1557 2784 1664 2823 non
1714 2767 1873 2838 quasi

287 2844 524 2937 quadam
573 2867 782 2920 alterna
829 2865 1214 2919 immutatione
1259 2863 1520 2933 paulatim
1547 2863 1871 2918 decrescens

288 2960 528 3028 elongat,
551 2974 840 3028 quousque
886 2957 976 3010 lux
1021 2955 1318 3010 crescendo
1359 2956 1424 3010 ad
1477 2955 1688 3025 plenam
1726 2955 1869 3010 diem

287 3051 585 3122 perveniat.
612 3050 747 3106 Vide
774 3066 904 3121 ergo
925 3050 1392 3105 ordinatissimum
1415 3049 1612 3104 divinae
1648 3048 1870 3118 dispen-

288 3143 520 3199 sationis
541 3143 852 3198 consilium.
896 3141 1128 3208 Quando
1155 3141 1335 3197 omnis
1365 3141 1750 3210 recuperanda:
1789 3157 1874 3196 sa-

289 3235 420 3291 lutis
452 3251 577 3305 spes
601 3235 852 3305 perierat,
878 3243 932 3289 et
974 3251 1123 3290 mors
1166 3233 1351 3288 omnia
1397 3248 1581 3288 secum
1613 3233 1868 3288 deorsum

285 3325 552 3396 rapiebat,
604 3335 732 3382 tunc
781 3327 1124 3396 omnipotens
1173 3341 1356 3380 sermo
1407 3325 1474 3380 ad
1530 3325 1870 3380 liberandum

290 3416 545 3481 mittitur,
580 3424 640 3470 ut
663 3417 899 3486 amplius
929 3416 1126 3470 divina:
1151 3416 1341 3486 gratia:
1367 3432 1567 3471 munus
1594 3431 1873 3472 commen-

288 3508 466 3565 detur.
485 3507 662 3574 Venit,
688 3509 884 3578 inquit.
920 3507 1090 3574 Quis?
1116 3506 1308 3563 Sermo
1320 3509 1606 3576 Altissimi,
1631 3508 1869 3566 Verbum

289 3598 407 3668 Dei,
441 3600 636 3656 unicus
657 3599 856 3662 Patris,
883 3613 978 3653 rex
1019 3598 1165 3653 [ilius
1196 3600 1361 3670 regis.
1390 3597 1564 3666 Unde,
1594 3600 1679 3654 vel
1721 3600 1874 3670 quo?

289 3690 367 3747 De
419 3707 685 3746 concessu
740 3689 939 3754 Patris,
993 3689 1062 3744 ad
1109 3690 1495 3745 celebrandum
1553 3691 1873 3762 mysterium

289 3781 587 3854 passionis,
626 3781 694 3835 de
740 3781 1050 3852 aequalitate
1092 3780 1394 3849 majestatis
1450 3780 1518 3836 ad
1569 3782 1873 3850 patibulum

289 3873 496 3939 crucis,
538 3872 606 3928 de
649 3872 776 3927 sedc
808 3871 974 3942 regali
999 3871 1064 3926 ad
1108 3871 1378 3927 oliicinam
1427 3873 1656 3942 peccati,
1687 3873 1754 3927 de
1787 3873 1874 3925 lu-

291 3966 440 4020 mine
462 3964 586 4020 coeli
618 3979 792 4034 usque
841 3964 908 4018 ad
945 3964 1198 4020 tenebras
1229 3953 1447 4022 inferni.
1495 3963 1600 4028 Sed
1631 3966 1875 4036 nunquid

291 4057 416 4112 ideo
464 4072 692 4127 regnum
740 4056 992 4127 perdidit,
1046 4057 1158 4112 imo
1210 4072 1306 4113 eos
1367 4059 1460 4128 qui
1522 4058 1667 4114 servi
1724 4069 1879 4114 erant

296 4149 504 4222 peccati
536 4149 774 4205 liberans
806 4166 980 4220 usque
1005 4151 1073 4205 ad
1098 4152 1541 4222 conregnandum
1574 4152 1879 4232 sibisubli-

296 4243 484 4309 mavit,
530 4251 583 4298 et
633 4242 754 4298 ideo
785 4241 1038 4298 fortassis
1081 4260 1113 4298 a
1158 4244 1431 4314 regalibus
1458 4245 1678 4300 sedibus
1707 4244 1876 4311 venit,

294 4333 424 4404 quia
467 4334 521 4387 in
568 4333 734 4388 domo
778 4333 959 4389 Patris
1003 4334 1109 4388 mei
1147 4335 1464 4390 mansiones
1519 4335 1702 4390 multa:
1752 4344 1881 4390 sunt

295 4422 477 4493 (Joan.
509 4424 645 4494 xw),
671 4434 726 4480 et
757 4426 1062 4496 regnabunt
1086 4442 1210 4481 eum
1249 4427 1342 4481 illo
1367 4427 1420 4482 in
1447 4437 1878 4493 :eternum,'cum

1979 582 2204 623 carnem
2241 568 2390 622 illam
2420 582 2544 638 qua:
2567 574 2850 636 assumpta
2872 575 2956 620 est
2982 581 3013 619 ει
3044 564 3239 634 Verbo,
3263 566 3337 622 ita
3359 568 3430 622 ab
3459 567 3567 622 ini-

1977 661 2053 715 tio
2075 668 2129 714 et
2159 661 2212 714 in
2244 660 2422 730 primo
2449 668 2693 730 parente,
2733 658 2955 728 quando
2982 667 3095 713 tota
3141 674 3324 714 massa
3354 668 3566 715 natura

1977 752 2232 807 humanae
2274 767 2371 822 per
2414 758 2698 822 peccatum
2735 760 2991 820 corrupta
3019 759 3136 816 est,
3172 767 3203 806 a
3239 753 3564 822 contagione

1973 856 2028 901 ει
2053 862 2084 900 a
2115 846 2464 916 corruptione
2510 845 2717 915 peccati
2752 844 3049 899 immunem
3093 844 3265 902 fuisse
3319 848 3563 903 custodi-

1975 945 2108 1003 tam,
2140 945 2195 991 et
2225 937 2296 990 ab
2325 936 2444 1006 ipso
2485 937 2664 1006 primo
2688 946 2911 1006 parente
2940 953 3116 1008 usque
3147 939 3214 993 ad
3258 941 3562 1011 susceptio-

1975 1042 2098 1081 nem
2129 1027 2216 1082 sui
2241 1042 2270 1080 a
2305 1025 2508 1093 Verbo,
2538 1027 2762 1082 liberam
2792 1028 2862 1082 ab
2897 1029 3049 1082 omni
3072 1041 3296 1099 peccato
3324 1041 3379 1086 et
3401 1049 3562 1087 mun-

1974 1117 2100 1172 dam
2131 1119 2441 1182 deductam,
2477 1127 2538 1173 ut
2576 1134 2858 1189 nunquam
2890 1120 2996 1175 sub
3039 1131 3263 1190 peccato
3291 1121 3478 1190 fuerit,
3506 1129 3563 1178 et

1976 1211 2097 1266 ideo
2123 1226 2152 1265 a
2197 1219 2422 1281 peccato
2466 1227 2576 1266 non
2601 1213 2910 1278 liberatam,
2957 1214 3050 1268 sed
3089 1214 3338 1270 liberam.
3393 1215 3564 1271 Aiunt

1973 1303 2120 1358 enim
2147 1303 2278 1373 quia
2299 1303 2392 1358 illa
2421 1320 2549 1374 pars
2576 1312 2787 1359 naturae
2813 1305 3067 1359 humanae
3088 1305 3192 1360 sub
3221 1315 3446 1376 peccato
3472 1321 3564 1361 es-

1975 1410 2034 1451 se
2069 1410 2177 1450 non
2206 1394 2414 1462 debuit,
2445 1412 2545 1467 per
2593 1412 2758 1466 quam
2792 1397 2910 1467 ipsa
2945 1405 3140 1452 natura
3175 1397 3416 1453 humana
3466 1399 3561 1453 ubi

1973 1487 2210 1543 obnoxia
2253 1497 2476 1558 peccato
2517 1487 2716 1554 fuerat,
2747 1503 2776 1543 a
2829 1498 3053 1558 peccato
3089 1489 3369 1544 liberanda
3419 1498 3558 1546 erat.

1973 1581 2052 1636 Ad
2082 1581 2419 1651 probandam
2450 1598 2669 1653 quoque
2713 1582 2961 1637 eamdem
3007 1581 3426 1637 aestimationem
3459 1580 3561 1635 ad-

1973 1672 2182 1728 ducunt
2203 1673 2335 1729 illud
2363 1675 2508 1744 quod
2537 1674 2851 1744 Apostolus,
2894 1689 3019 1728 cum
3066 1681 3267 1728 novbm
3300 1673 3562 1728 sacerdo-

1977 1765 2112 1819 tium
2159 1766 2330 1819 veteri
2363 1764 2760 1835 prmferendum
2814 1772 3106 1830 assereret,
3138 1763 3561 1831 Melchisedech,

1974 1857 2069 1926 qui
2095 1865 2280 1928 typum
2309 1857 2481 1928 ipsius
2502 1857 2706 1912 Christi
2749 1872 2813 1911 ac
2844 1856 2970 1910 novi
3002 1855 3292 1911 sacerdotii
3317 1855 3561 1926 gerebat,

1975 1949 2044 2002 ab
2070 1948 2344 2003 Abraham
2377 1947 2619 2004 decimas
2642 1947 2916 2018 accepisse
2940 1947 3199 2014 ostendit,
3236 1947 3290 2001 in
3327 1963 3434 2018 qua
3465 1947 3564 2004 de-

1975 2037 2269 2094 cimatione
2294 2038 2457 2094 etiam
2488 2038 2637 2104 Levi,
2665 2055 2696 2093 a
2727 2053 2837 2108 quo
2857 2039 3056 2094 veteris
3081 2039 3371 2092 sacerdotii
3392 2039 3562 2095 mini-

1975 2141 2122 2188 stros
2151 2133 2502 2189 descendisse
2527 2133 2754 2188 dubium
2782 2147 2890 2186 non
2929 2139 3014 2186 est
3043 2131 3374 2186 decimatum
3409 2145 3565 2187 com-

1973 2225 2244 2296 probavit,
2293 2241 2358 2282 ac
2408 2241 2502 2295 per
2550 2225 2653 2280 hoc
2700 2232 2857 2279 vetus
2892 2223 3257 2278 sacerdotium
3302 2224 3446 2292 quod
3504 2227 3562 2277 in

1975 2315 2106 2372 Levi
2133 2317 2372 2372 decimas
2402 2315 2553 2372 dedit
2581 2314 2832 2381 inferius,
2864 2329 3065 2368 novum
3097 2323 3278 2367 autem
3321 2311 3468 2383 quod
3504 2312 3561 2367 in

1975 2407 2371 2466 Melchisedech
2398 2411 2491 2480 qui
2515 2408 2688 2465 forma
2704 2408 2908 2464 Christi
2934 2417 3038 2474 est,
3063 2407 3303 2461 decimas
3328 2405 3558 2476 accepit,

1975 2506 2227 2574 superius
2243 2513 2297 2558 et
2317 2504 2536 2576 dignius
2565 2503 2948 2558 aestimandum
2975 2499 3162 2568 (Hebr.
3189 2501 3309 2566 vn).
3342 2496 3443 2553 Ubi
3474 2507 3558 2554 ta-

1975 2610 2098 2650 men
2125 2596 2377 2651 Christus
2417 2596 2512 2666 qui
2539 2604 2668 2651 tunc
2701 2594 3002 2650 secundum
3048 2607 3268 2648 carnem
3304 2590 3562 2647 similiter

1974 2695 2036 2740 ut
2070 2685 2200 2741 Levi
2234 2687 2288 2740 in
2319 2685 2522 2740 lumbis
2549 2684 2783 2739 Abrahae
2809 2683 2932 2749 fuit,
2959 2683 3291 2738 decimatum
3338 2695 3446 2738 non
3475 2679 3561 2737 di-

1974 2777 2173 2843 cimus,
2204 2791 2273 2831 ne
2303 2775 2470 2832 simili
2514 2775 2724 2830 ratione
2752 2790 2956 2829 novum
3004 2773 3368 2829 sacerdotium
3412 2767 3560 2840 quod

1974 2869 2030 2925 in
2075 2868 2296 2925 Christo
2336 2877 2441 2933 est,
2481 2868 2680 2923 ibidem
2711 2867 2954 2924 decimas
3001 2867 3216 2922 dedisse
3267 2865 3561 2922 convinca-

1974 2977 2118 3016 mur.
2157 2959 2444 3028 Quomodo
2473 2969 2655 3016 autem
2689 2959 2816 3014 Levi
2848 2959 2942 3031 qui
2991 2959 3291 3015 secundum
3333 2973 3556 3014 carnem

1975 3053 2029 3106 in
2067 3053 2268 3107 lumbis
2317 3051 2496 3106 Patris
2531 3061 2662 3106 tunc
2693 3050 2797 3106 fuit
2825 3050 3129 3106 decimatus
3177 3059 3282 3114 est,
3315 3059 3368 3105 ct
3403 3048 3558 3105 Citrio

1975 3150 2114 3209 stus,
2140 3141 2236 3212 qui
2264 3142 2564 3197 secundum
2591 3155 2815 3196 carnem
2865 3139 3064 3195 ibidem
3104 3138 3226 3206 fuit,
3257 3139 3559 3195 decimatas

1974 3249 2084 3288 non
2132 3241 2238 3297 est,
2291 3232 2496 3286 nullam
2573 3247 2798 3286 causam
2873 3231 3036 3285 aliam
3098 3230 3331 3286 inveniri
3395 3245 3560 3300 posse

1974 3332 2187 3395 putant,
2213 3322 2318 3378 nisi
2353 3323 2482 3393 quia
2505 3337 2635 3377 caro
2664 3320 2792 3375 Levi
2816 3336 2940 3375 cum
2974 3320 3133 3390 culpa
3165 3319 3238 3373 ibi
3269 3317 3390 3384 fuit,
3425 3333 3556 3373 caro

1976 3415 2185 3473 Christi
2212 3431 2321 3471 non
2353 3414 2477 3481 fuit,
2504 3423 2666 3484 atque
2691 3413 2812 3469 ideo
2837 3412 2983 3483 quod
3013 3419 3234 3482 peccato
3261 3409 3559 3465 obnoxium

1973 3519 2111 3578 erat,
2137 3509 2448 3581 expiatione
2463 3507 2878 3579 eguisse;quod
2901 3515 3081 3562 autem
3108 3504 3372 3559 mundum
3395 3511 3562 3574 atque

1975 3601 2494 3672 apeccatoliberum
2524 3610 2660 3666 erat,
2677 3615 2784 3654 non
2813 3598 3048 3671 eguisse.
3079 3595 3196 3651 Tali
3221 3611 3350 3667 ergo
3377 3611 3437 3651 se
3465 3610 3559 3650 ra-

1975 3694 2120 3749 tione
2151 3694 2382 3764 probare
2408 3701 2621 3764 putant,
2643 3692 2788 3762 quod
2838 3706 2969 3746 caro
3019 3689 3131 3755 illa,
3159 3703 3282 3758 qua:
3311 3703 3343 3743 a
3388 3686 3562 3742 verbo

1975 3793 2256 3853 assumpta
2284 3793 2387 3849 est,
2425 3798 2704 3853 nunquam
2735 3782 2969 3837 obnoxia
3000 3789 3225 3852 peccato
3262 3778 3445 3844 fuerit,
3462 3779 3561 3836 sed

1977 3875 2046 3927 ab
2071 3873 2225 3926 initio
2252 3873 2365 3927 sive
2396 3872 2451 3925 in
2473 3887 2539 3926 eo
2569 3887 2598 3924 a
2627 3887 2738 3941 quo
2783 3871 3063 3926 descendit
3104 3870 3219 3924 sive
3261 3869 3316 3922 in
3349 3868 3434 3922 bis
3466 3881 3562 3937 per

1977 3979 2118 4034 quos
2146 3962 2448 4025 descendit,
2477 3961 2680 4015 munda
2709 3970 2922 4016 servata
2950 3961 3020 4015 sit
3049 3975 3079 4014 a
3107 3966 3352 4029 peccato,
3383 3965 3443 4012 ut
3465 3957 3562 4012 ali-

1979 4053 2203 4125 quando
2226 4067 2348 4107 esse
2377 4051 2551 4122 possit
2581 4052 2758 4106 hostia
2791 4066 2888 4120 pro
2910 4058 3154 4121 peccato.
3200 4048 3306 4104 Sed
3333 4046 3561 4104 catholi-

1979 4161 2057 4201 cae
2080 4143 2324 4199 veritatis
2349 4141 2598 4197 diliinitio
2629 4141 2824 4195 Filium
2853 4139 2948 4195 Dei
2979 4139 3072 4210 qui
3114 4153 3214 4210 pro
3252 4136 3558 4209 peccatori-

1979 4238 2082 4294 bus
2107 4244 2162 4292 et
2195 4236 2262 4292 de
2287 4235 2666 4306 peccatoribus
2695 4241 2857 4288 natus
2896 4240 2981 4287 est
3023 4231 3090 4286 de
3119 4245 3283 4286 carne
3323 4225 3560 4282 obnoxia

1980 4337 2202 4402 peccato
2230 4343 2450 4384 carnem
2491 4324 2854 4395 assumpsisse
2882 4322 3080 4378 asserit
3118 4321 3342 4376 liberam
3375 4335 3405 4374 a
3438 4333 3562 4389 pec-

1980 4433 2125 4490 cato,
2156 4431 2210 4478 et
2237 4423 2358 4477 ideo
2389 4421 2613 4476 liberam
2638 4419 2767 4490 quia
2815 4418 3120 4472 liberatam.
3169 4413 3293 4468 Ideo
3330 4412 3559 4467 liberam

293 4515 606 4586 acceperint
654 4533 881 4588 regnum
931 4517 1077 4588 quod
1127 4525 1380 4588 paratum
1409 4526 1493 4574 est
1549 4517 1618 4573 ab
1673 4517 1880 4589 origine
1912 4536 1956 4590 ι)
1985 4534 2094 4572 non
2121 4515 2250 4586 quia
2275 4516 2378 4570 sub
2399 4513 2492 4568 illo
2513 4527 2754 4582 unquam
2777 4509 2896 4576 fuit,
2931 4509 3022 4564 scd
3053 4507 3181 4579 quia
3205 4505 3306 4562 sub
3329 4504 3420 4558 illo
3440 4517 3562 4557 esse

296 4605 507 4660 mundi.

297 4717 375 4774 De
401 4736 461 4774 eo
491 4720 630 4791 quod
670 4718 894 4774 Verbum
924 4736 1134 4774 carnem
1171 4721 1398 4791 sumpsit
1425 4737 1544 4774 cum
1572 4738 1724 4790 paena
1766 4722 1880 4776 sine

523 4790 699 4860 culpa,
726 4807 844 4844 cum
877 4791 1202 4845 mortalitate
1226 4790 1338 4846 sine
1364 4792 1664 4862 iniquitate.

371 4881 464 4937 Dei
495 4882 678 4952 itaque
708 4881 878 4937 Filius
911 4898 1036 4937 cum
1066 4891 1210 4938 esset
1244 4883 1553 4954 unigenitus
1586 4883 1762 4939 Patris
1793 4883 1882 4938 Fi-

300 4973 408 5028 lius
436 4973 625 5028 volens
649 4974 753 5029 sibi
781 4973 980 5029 l'ratres
1003 4974 1334 5046 :adjungere,
1371 4974 1651 5032 descendit
1675 4977 1741 5031 ad
1779 4977 1882 5030 hu-

301 5081 524 5120 manum
547 5082 742 5136 genus,
759 5074 814 5122 et
835 5068 1132 5138 assumpsit
1153 5068 1455 5134 hominem,
1477 5077 1536 5123 ut
1557 5067 1757 5124 faceret
1777 5068 1880 5124 sibi

298 5156 518 5225 fratres,
536 5159 745 5214 nullum
771 5159 1164 5229 despiciens-in
1189 5158 1431 5214 fraterno
1456 5160 1575 5215 loco
1603 5159 1883 5229 suscipere

299 5265 460 5320 quem
487 5251 1097 5322 c0gnovitobedientem
1124 5251 1187 5306 iri
1212 5262 1604 5322 praeceptorum
1631 5265 1878 5304 suorum.

299 5342 454 5400 Multi
487 5353 669 5402 autem
693 5353 948 5416 quaerunt
967 5346 1035 5400 de
1063 5360 1228 5401 carne
1260 5345 1350 5399 illa
1372 5360 1536 5414 quam
1562 5341 1880 5411 assumpsit,

301 5437 536 5508 qualiter
577 5453 610 5493 a
659 5446 886 5508 peccato
933 5437 1135 5492 munda
1181 5435 1431 5501 fuerunt,
1483 5435 1716 5504 qualiter
1767 5433 1884 5488 sine

303 5537 528 5600 peccato
568 5545 784 5600 plenam
826 5529 1034 5600 peccati
1070 5528 1384 5600 portaverit.
1433 5525 1499 5580 Et
1525 5526 1593 5581 de
1637 5540 1704 5579 eo
1732 5522 1882 5593 quod

302 5622 538 5694 qualiter
562 5639 592 5678 a
616 5634 843 5694 peccato
866 5623 1070 5678 munda
1095 5622 1316 5678 fuerunt
1331 5621 1413 5676 vel
1440 5619 1719 5683 mundata,
1741 5631 1883 5686 quo-

303 5717 552 5772 rumdam
581 5718 993 5774 aestimationem
1020 5727 1197 5774 tacere
1216 5732 1324 5772 non
1346 5715 1628 5779 debemus,
1659 5726 1726 5766 ne
1747 5709 1886 5765 forte

306 5811 354 5867 si
385 5828 494 5866 non
539 5823 843 5882 exponetur
885 5827 991 5866 non
1023 5810 1290 5875 videatur,
1330 5816 1384 5864 et
1425 5807 1467 5864 si
1495 5820 1603 5862 non
1637 5803 1886 5860 videatur

1983 4607 2276 4678 aliquando
2299 4605 2555 4662 cessavit.
2589 4603 2822 4671 Quando
2849 4609 3131 4672 assumpta
3163 4607 3267 4664 est,
3300 4595 3561 4651 mundata

1982 4711 2083 4756 est.
2120 4699 2226 4755 Per
2269 4698 2514 4754 eamdem
2571 4697 2770 4766 quippe
2802 4694 3034 4765 gratiam
3085 4698 3281 4746 natura
3315 4687 3560 4742 humana

1982 4793 2242 4848 mundata
2269 4800 2354 4846 est
2384 4799 2444 4845 ut
2473 4789 2639 4844 verbo
2673 4787 2768 4841 Dei
2799 4787 2964 4840 libera
2994 4801 3023 4839 a
3046 4795 3268 4854 peccato
3291 4778 3560 4834 uniretur.

1983 4880 2086 4936 Per
2116 4895 2281 4950 quem
2303 4877 2652 4933 Christianus
2676 4891 2707 4930 a
2738 4884 2960 4945 peccato
2986 4873 3268 4934 liberatur,
3293 4877 3354 4922 ut
3385 4866 3562 4921 eidem

1985 4981 2195 5026 natura:
2220 4968 2568 5024 Christianus
2597 4967 2652 5020 in
2684 4965 2906 5021 Christo
2935 4963 3110 5033 capite
3149 4959 3409 5016 societur.
3451 4956 3564 5025 Ap-

1984 5069 2173 5132 pareat
2213 5061 2399 5130 itaque
2442 5057 2622 5122 nobis,
2652 5056 2794 5111 sicut
2819 5054 2948 5110 dicit
2973 5053 3165 5108 beatus
3199 5047 3561 5120 Augustinus,

1985 5155 2154 5227 gratia
2207 5154 2261 5208 in
2303 5164 2491 5208 nostro
2521 5149 2720 5220 capite,
2764 5149 2908 5204 unde
2956 5145 3258 5202 secundum
3297 5140 3564 5195 uniuscu-

1979 5249 2180 5319 jusque
2209 5261 2522 5301 mensuram
2553 5260 2610 5298 sc
2639 5259 2734 5313 per
2763 5249 2958 5297 cuncta
2988 5238 3233 5295 membra
3260 5235 3380 5304 ejus
3401 5230 3565 5286 diffu—

1985 5339 2083 5394 dit.
2115 5337 2188 5392 Ea
2217 5337 2389 5408 gratia
2412 5335 2470 5390 [it
2489 5335 2558 5388 ab
2586 5334 2740 5388 initio
2766 5332 2889 5387 ﬁdei
2919 5346 3031 5386 suae
3055 5330 3220 5384 homo
3249 5325 3564 5396 quicunque

1984 5430 2352 5495 Christianus,
2377 5443 2484 5498 qua
2512 5426 2685 5498 gratia
2729 5426 2898 5480 homo
2939 5423 3030 5478 ille
3062 5422 3131 5476 ab
3161 5418 3318 5474 initio
3347 5431 3448 5472 suo
3481 5413 3564 5468 l'a-

1986 5532 2108 5578 ctus
2133 5531 2216 5577 est
2243 5520 2514 5575 Christus.
2567 5517 2642 5572 De
2672 5518 2792 5588 ipso
2818 5515 3011 5586 spiritu
3039 5523 3092 5567 et
3117 5512 3205 5566 hic
3232 5516 3456 5562 renatus
3495 5505 3564 5560 de

1987 5632 2098 5687 quo
2125 5623 2211 5670 est
2239 5613 2329 5668 ille
2358 5621 2520 5668 natus
2549 5611 2737 5667 eodem
2773 5607 2966 5678 spiritu
3001 5605 3057 5659 lit
3087 5604 3141 5658 in
3174 5601 3334 5656 nobis
3361 5598 3562 5654 remis-

1988 5710 2072 5765 sio
2105 5716 2472 5779 peccatorum,
2509 5719 2619 5776 quo
2650 5702 2840 5774 spiritu
2891 5698 3092 5754 factum
3132 5704 3216 5750 est
3245 5702 3304 5748 ut
3352 5691 3562 5746 nullum

1988 5802 2212 5859 haberet
2239 5801 2327 5857 ille
2356 5807 2657 5873 peccatum.
2709 5787 2799 5852 Sic
2829 5808 2958 5863 ergo
2984 5791 3184 5847 factum
3210 5797 3290 5845 est
3320 5801 3416 5858 per
3435 5801 3561 5858 gra—
