3964 6448
497 384 602 444 799

1638 366 1965 439 transeat
2002 379 2297 437 sumus
2334 380 2391 435 s.
2438 381 2564 435 BLA
2576 380 2659 436 su
3649 386 3733 443 eoo

488 504 649 569 tiam,
678 510 739 558 ut
763 517 892 561 caro
920 502 1008 557 illa
1044 517 1072 556 a
1100 510 1346 571 peccato,
1366 499 1469 555 sub
1491 513 1603 569 quo
1633 498 1702 554 ab
1736 498 1947 569 origine
1973 511 2071 552 sua
2103 502 2149 558 Α
2177 496 2383 553 debuit.
2418 496 2558 564 Quia
2585 510 2716 567 ergo
2744 495 2997 551 Christus
3027 496 3082 550 in
3112 496 3321 552 lumbis
3346 495 3583 551 Abrahae
3608 513 3738 558 suam

489 604 632 665 erat,
662 595 1033 659 mundaretur,
1074 600 1129 647 ct
1160 592 1421 646 mundata
1465 591 1520 645 in
1563 591 1654 646 illo
1687 591 1783 662 qui
1823 590 1962 645 liber
2006 589 2075 645 ab

489 688 640 740 omni
670 695 910 755 peccato,
944 683 997 738 in
1029 698 1091 739 ea
1131 683 1355 740 futurus
1385 692 1521 751 erat,
1554 700 1584 738 a
1629 691 1857 753 peccato
1902 683 2072 738 libera

488 784 881 840 assumeretur,
911 782 972 829 ut
1010 789 1110 830 nec
1140 775 1313 845 gratia
1342 774 1681 845 corruptioni
1706 780 1915 828 natura:
1935 787 2076 843 prte-

481 867 751 937 judicium
773 865 993 930 faceret,
1018 882 1122 922 nec
1154 867 1439 938 corruptio
1465 878 1676 922 naturae
1705 866 1934 937 gratiam
1970 866 2076 919 im-

484 960 711 1029 pediret.
749 958 1037 1025 Quomodo
1065 975 1216 1032 ergo,
1246 960 1525 1031 inquiunt,
1553 959 1810 1015 Christus
1849 959 1903 1013 in
1930 958 2072 1013 lum-

482 1050 570 1105 bis
614 1050 847 1105 Abrahae
874 1050 1183 1109 decimatus
1217 1069 1325 1109 non
1374 1051 1497 1118 fuit,
1531 1051 1579 1106 si
1609 1066 1740 1107 caro
1786 1051 1907 1120 ejus
1940 1067 2070 1122 pec-

483 1151 608 1197 cato
633 1142 870 1196 obnoxia
899 1142 1047 1198 fuit?
1077 1141 1183 1198 Sed
1211 1143 1495 1200 sciendum
1520 1150 1625 1211 est,
1643 1143 1773 1213 quia
1794 1142 1921 1198 licet
1941 1156 2071 1197 caro

482 1232 691 1289 Christi
712 1234 857 1289 sicut
883 1250 1014 1290 caro
1038 1235 1166 1291 Levi
1195 1238 1374 1293 adhuc
1402 1237 1456 1291 in
1486 1237 1688 1293 lumbis
1709 1236 1942 1292 Abrahae
1966 1235 2071 1291 sub

482 1335 710 1395 peccato
728 1325 851 1392 fuit,
885 1334 1067 1381 tamen
1102 1328 1279 1398 ipsum
1306 1338 1592 1399 peceatum
1631 1328 1752 1399 ejus
1789 1344 1899 1383 non
1943 1327 2067 1395 fuit,

484 1415 590 1470 sub
610 1431 720 1486 quo
747 1416 867 1487 ejus
890 1430 1023 1472 caro
1045 1416 1166 1472 fuit.
1187 1416 1305 1474 Hoc
1324 1420 1471 1474 enim
1497 1420 1678 1475 solum
1704 1420 1825 1490 ejus
1851 1419 1925 1474 ibi
1944 1418 2068 1483 fuit,

484 1508 634 1577 quod
666 1507 792 1563 inde
818 1506 1067 1562 futurum
1098 1509 1220 1579 ejus
1255 1508 1377 1565 fuit.
1425 1510 1768 1582 Quapropter
1796 1510 1927 1565 Levi
1962 1510 2073 1565 illic

483 1607 541 1654 et
570 1607 821 1654 naturam
849 1608 906 1655 et
934 1600 1149 1670 culpam
1181 1602 1395 1668 habuit,
1426 1605 1555 1674 quia
1580 1604 1708 1658 inde
1741 1618 1837 1673 per
1869 1617 2073 1673 propa-

485 1691 762 1763 gationem
813 1693 1063 1765 originis,
1091 1702 1147 1749 et
1198 1705 1451 1751 naturam
1505 1706 1560 1751 et
1606 1697 1822 1767 culpam
1858 1696 2078 1751 trahere

2098 1799 2167 1810 —-

2182 597 2438 644 naturam
2479 588 2688 654 habuit,
2726 595 3013 658 propterea
3058 587 3209 658 quod
3253 588 3435 656 ipsam
3479 587 3642 644 solam
3669 599 3739 648 ta-

2179 696 2303 735 men
2349 689 2675 750 accepturus
2719 678 2843 746 fuit,
2880 680 3072 750 procul
3118 679 3290 735 dubio
3338 678 3613 735 oblatione
3652 698 3740 742 non

2176 774 2345 845 eguit,
2368 789 2492 844 quae
2515 788 2614 844 pro
2640 789 2707 829 eo
2732 773 2875 843 quod
2908 772 3028 842 ejus
3061 772 3240 829 solum
3274 772 3351 827 ibi
3395 779 3538 838 erat,
3580 787 3743 835 neces.

2178 863 2323 919 saria
2371 880 2478 918 non
2516 864 2651 931 fuit;
2680 863 2885 919 oblatio
2925 864 3071 918 enim
3126 879 3235 918 non
3277 875 3500 930 natura,
3536 865 3623 920 sed
3661 882 3742 937 pro

2178 956 2339 1025 culpa
2364 955 2609 1022 otl‘ertur,
2638 956 2766 1026 quia
2799 955 2844 1011 si
2883 970 2981 1025 pro
3013 955 3175 1025 culpa
3225 970 3337 1009 non
3377 964 3547 1020 esset,
3578 967 3739 1016 natura

2180 1049 2455 1104 oblatione
2478 1065 2617 1120 opus
2641 1065 2748 1104 non
2770 1049 3011 1105 haberet.
3046 1046 3140 1104 Sic
3171 1048 3359 1119 itaque
3388 1046 3519 1105 Levi
3552 1049 3602 1103 in
3626 1051 3742 1107 lum-

2178 1142 2264 1197 bis
2307 1141 2542 1197 Abrahae
2596 1142 2901 1197 decimatus
2958 1150 3074 1207 est,
3131 1140 3259 1211 quia
3305 1150 3362 1195 et
3419 1151 3659 1197 naturam
3698 1153 3742 1200 et

2178 1235 2395 1305 culpam
2452 1233 2526 1289 ibi
2580 1233 2806 1299 habuit,
2867 1234 2959 1305 qui
3018 1242 3074 1288 et
3126 1242 3384 1287 naturam
3445 1241 3500 1289 et
3558 1236 3740 1305 culpam

2178 1327 2306 1383 inde
2366 1335 2694 1398 accepturus
2758 1325 2879 1381 fuit.
2954 1323 3211 1380 Christus
3266 1338 3401 1379 vero
3470 1325 3741 1383 decimatas

2177 1437 2285 1475 non
2321 1428 2423 1476 est.
2457 1418 2749 1491 Propterea
2798 1418 2943 1490 quod
2987 1418 3115 1473 inde
3148 1418 3325 1474 solam
3376 1426 3625 1473 naturam
3663 1436 3742 1477 ac-

2178 1522 2437 1582 cepturus
2468 1520 2606 1578 erat,
2645 1512 2794 1566 illam
2818 1511 2984 1565 etiam
3009 1517 3144 1564 tunc
3188 1509 3263 1564 ibi
3287 1509 3505 1580 culpam
3534 1526 3635 1565 non
3662 1510 3741 1567 ba-

2184 1605 2428 1672 buit,cui
2453 1605 2568 1675 ipsa
2596 1619 2719 1675 quae
2741 1603 2861 1673 ejus
2880 1601 3060 1657 futura
3078 1602 3338 1657 eratsine
3364 1601 3519 1673 culpa
3546 1611 3739 1671 natura,

2186 1700 2241 1753 in
2275 1715 2373 1754 sua
2405 1700 2619 1771 origine
2647 1698 2822 1770 culpa:
2852 1695 3089 1752 obnoxia
3116 1694 3238 1750 fuit.

1519 1943 1643 2031 IN
1722 1938 2185 2034 OCTAVA
2259 1937 2755 2031 DOMINI.

565 2131 583 2166 ι
614 2112 914 2184 Postquam
947 2111 1317 2170 consummati
1344 2120 1476 2170 sunt
1491 2112 1607 2168 dies
1623 2120 1747 2168 octo
1769 2120 1829 2167 ut
1845 2111 2080 2167 circum-
2114 2113 2156 2168 Β

481 2205 761 2262 cideretur
785 2222 941 2277 puer,
966 2213 1221 2262 vocatum
1251 2213 1338 2260 est
1367 2219 1568 2260 nomen
1583 2203 1702 2273 ejus
1719 2201 1899 2259 Jesus.
1914 2202 2072 2271 Quod

484 2308 740 2356 vocatum
785 2308 871 2356 est
915 2300 986 2355 ab
1011 2300 1205 2370 angelo
1240 2298 1562 2370 priusquam
1596 2297 1653 2351 in
1698 2306 1855 2353 utero
1885 2295 2073 2352 conci-

483 2397 709 2459 peretur
735 2387 890 2460 (Luc.
906 2389 989 2460 ιι).
1006 2409 1023 2441 ο
1056 2388 1215 2445 Ritus
1236 2388 1675 2445 circumcisionis
1703 2387 1775 2443 ab
1797 2386 2072 2442 Abraham

486 2483 727 2551 sumpsit
774 2482 1082 2549 exordium,
1113 2481 1336 2553 quando
1385 2490 1439 2536 et
1480 2480 1720 2536 nominis
1770 2480 2074 2551 amplifica-

488 2569 694 2626 tionem
723 2573 950 2644 aecepit.
981 2572 1063 2627 Ad
1093 2574 1253 2645 cujus
1277 2573 1642 2629 imitationem
1669 2588 1869 2628 nomen
1898 2574 2075 2643 impo-

486 2661 722 2717 nebatur
764 2664 950 2734 pueris
996 2665 1052 2719 in
1104 2666 1193 2720 die
1241 2664 1681 2720 circumcisionis
1718 2680 1931 2722 eorum.
1984 2662 2075 2719 Sic

485 2752 653 2806 etiam
684 2752 889 2813 factum
920 2763 1004 2810 est
1041 2755 1143 2825 ipsi
1190 2753 1340 2810 Jesu.
1374 2754 1518 2811 Bene
1543 2766 1725 2812 autem
1761 2764 1952 2810 octava
1987 2755 2075 2810 die

485 2841 897 2900 circumciditur
924 2854 984 2900 ut
1011 2855 1064 2901 et
1089 2845 1210 2915 ejus
1235 2846 1564 2900 resurrectio
1592 2854 1789 2903 octava
1815 2846 1901 2901 die
1928 2847 2073 2902 cele—

485 2929 717 2998 branda,
748 2942 800 2988 et
847 2942 1035 2989 nostra
1080 2935 1407 3004 tiguraretur
1441 2943 1633 2990 octava
1663 2944 1822 2990 aetate
1866 2934 2069 2992 futura.

487 3019 595 3077 Sex
619 3023 819 3078 ctenim
846 3032 975 3080 sunt
998 3033 1206 3092 aetates,
1236 3024 1291 3079 in
1314 3026 1515 3096 quibus
1536 3041 1635 3096 pro
1659 3025 1893 3082 Domino
1919 3028 2073 3083 labo—

484 3125 669 3181 ratur;
704 3117 935 3187 septima
964 3126 1050 3172 est
1073 3118 1382 3173 animarum
1423 3134 1597 3190 usque
1638 3119 1707 3174 ad
1738 3128 1953 3190 tempus
1982 3136 2071 3177 re-

484 3208 863 3265 surrectiouis.
911 3206 1113 3264 Octava
1147 3218 1231 3283 est
1270 3211 1626 3280 resurrectio,
1653 3212 1874 3282 quando
1900 3211 2072 3282 gloria

483 3300 739 3373 perfectae
783 3302 1223 3358 circumcisionis
1261 3303 1595 3370 corusmbit,
1626 3312 1682 3359 et
1713 3312 1864 3359 totus
1904 3303 2072 3359 homo

482 3394 687 3449 visioni
747 3394 1060 3451 Conditoris
1103 3394 1388 3451 inhaerebit
1417 3395 1629 3464 (Bson).
1684 3394 1842 3450 Nunc
1886 3404 2069 3452 autem

484 3482 579 3554 qui
608 3483 800 3537 videns
839 3483 1122 3538 mulierem
1155 3484 1223 3539 ad
1271 3484 1764 3553 concupiscendam
1797 3500 1939 3552 eam,
1987 3485 2071 3541 in-
2098 3461 2139 3519 (ἶ

487 3571 877 3626 circumcisum
905 3573 1084 3626 visum
1112 3572 1341 3629 habens.
1374 3571 1745 3630 lncircumcisi
1772 3583 1902 3631 sunt
1924 3574 2073 3631 auri-

490 3661 595 3716 bus
624 3662 825 3734 quibus
854 3663 1066 3720 Veritas
1093 3665 1230 3719 dixit
1260 3685 1273 3721 :
1306 3686 1324 3718 ι
1357 3666 1462 3733 Qui
1489 3677 1573 3722 est
1615 3684 1685 3723 ex
1736 3667 1869 3735 Deo,
1906 3669 2070 3725 verba

486 3751 582 3807 Dei
629 3755 799 3809 audit.
838 3754 1129 3829 Propterea
1175 3774 1272 3814 vos
1304 3775 1411 3813 non
1444 3761 1667 3827 auditis,
1704 3761 1833 3831 quia
1865 3777 1930 3816 ex
1960 3760 2072 3817 Deo

485 3860 595 3901 non
633 3846 767 3902 estis
807 3846 998 3919 (Joan.
1024 3850 1614 3920 νιιι).›1ιι‹;ὶιόιιιιιοίεἰ
1660 3862 1789 3909 sunt
1812 3853 1995 3926 lingua
2018 3862 2073 3909 et

483 3937 741 3994 manibus
773 3957 787 3993 :
820 3957 840 3990 ι
873 3955 1108 4011 quorum
1155 3957 1220 3998 os
1253 3943 1495 4000 locutum
1531 3952 1616 4000 est
1658 3946 1976 4013 vanitatem,
2017 3955 2073 4002 et

482 4027 705 4084 dextera
739 4045 931 4085 eorum
981 4032 1203 4090 dextera
1248 4035 1558 4106 iniquitatis
1594 4033 1769 4107 (Psal.
1794 4036 2008 4107 cum).
2043 4056 2063 4090 ι

482 4115 858 4179 lncircumcisi
901 4134 1031 4180 sunt
1075 4135 1259 4197 gustu,
1306 4142 1448 4197 quos
1492 4127 1759 4198 propheta
1794 4129 2071 4201 redarguit

483 4210 672 4269 dicens
709 4233 721 4270 :
760 4233 780 4268 ι
817 4214 910 4272 Vae
937 4218 1031 4289 qui
1065 4227 1315 4289 potentes
1344 4220 1477 4277 estis
1524 4220 1593 4276 ad
1642 4220 1937 4277 bibendum
1987 4222 2069 4277 vi—

482 4320 637 4373 num,
669 4316 723 4361 et
753 4308 855 4363 viri
900 4310 1072 4366 fortes
1116 4312 1184 4367 ad
1208 4312 1546 4368 miscendam
1579 4314 1895 4371 ebrietatem
1927 4313 2066 4386 (lsa.

479 4396 560 4467 γ).
598 4418 615 4452 ι
656 4396 1033 4458 lncircumcisi
1083 4412 1211 4458 sunt
1240 4403 1443 4460 olfactu
1486 4415 1541 4460 et
1573 4415 1719 4461 tactu
1768 4409 1863 4478 qui
1898 4408 2066 4463 variis

481 4490 743 4548 odoribus
791 4494 1018 4549 delibuti
1071 4506 1379 4566 sequuntur
1408 4500 1693 4568 amplexus
1740 4500 2061 4567 meretricis,

480 4582 831 4639 cinnamomo
857 4585 1036 4641 cubile
1073 4602 1233 4642 suum
1282 4591 1640 4660 aspergentis.
1689 4590 2064 4649 lncircumcisi

480 4685 609 4732 sunt
638 4678 942 4748 gressibus,
978 4677 1046 4733 de
1076 4679 1276 4749 quibus
1301 4679 1590 4737 Psalmista
1623 4692 2020 4739 commemorat
2046 4703 2061 4740 :

486 4786 505 4820 ι
540 4767 810 4825 Contritio
835 4779 889 4825 et
912 4770 1205 4829 infelicitas
1231 4773 1286 4828 in
1312 4775 1417 4829 viis
1442 4790 1656 4843 eorum,
1674 4785 1724 4831 et
1744 4776 1886 4831 viam
1912 4779 2063 4847 pacis

479 4873 588 4913 non
615 4872 990 4932 cognoverunt
1017 4861 1192 4935 (Psal.
1224 4865 1367 4937 xui).
1407 4885 1426 4918 ι
1462 4865 1634 4922 Porro
1658 4867 1752 4938 qui
1782 4869 1835 4922 in
1866 4869 2063 4924 simili-

478 4950 668 5006 tudine
712 4954 895 5009 carnis
938 4957 1147 5025 peccati
1174 4968 1397 5015 venerat
1440 4960 1898 5032 remedium,quo
1928 4978 2060 5018 caro

478 5044 686 5113 peccati
711 5047 1078 5103 mundabatur
1100 5064 1209 5104 non
1227 5052 1457 5122 respuit,
1482 5053 1576 5108 sed
1597 5054 1957 5110 circumcisus
1975 5063 2061 5111 est

480 5134 660 5193 factus
674 5139 776 5192 sub
791 5140 925 5209 lege,
943 5151 1134 5197 uteam
1144 5142 1349 5213 justam
1368 5144 1643 5213 probaret,
1658 5155 1712 5199 et
1724 5160 1817 5200 eos
1839 5146 1933 5216 qui
1955 5146 2059 5201 sub

477 5227 594 5300 lege
619 5240 776 5285 erant
807 5232 1117 5291 redimeret.
1144 5234 1284 5292 Nota
1313 5237 1460 5306 quod
1492 5236 1633 5291 idem
1660 5238 1924 5293 auxilium
1946 5238 2060 5294 cir«

479 5324 836 5381 cumcisionis
867 5326 919 5381 in
951 5328 1068 5399 lege
1094 5329 1443 5386 circumcisio
1485 5337 1677 5385 contra
1707 5331 1916 5400 peccati
1949 5330 2060 5384 ori-

478 5412 677 5485 ginalis
710 5418 908 5476 vulnus
943 5421 1212 5491 praestitit,
1243 5422 1392 5491 quod
1420 5437 1566 5477 nunc
1595 5423 1897 5494 baptismus
1924 5433 2063 5479 tem-

479 5520 614 5578 pore
643 5512 831 5578 gratiae
872 5513 1104 5579 confert,
1150 5530 1259 5569 non
1282 5515 1428 5583 quod
1456 5514 1710 5573 introitus
1741 5519 1794 5571 in
1830 5534 2059 5588 regnum

479 5599 723 5655 nondum
776 5604 994 5671 patebat
1019 5606 1387 5671 circumcisis,
1429 5617 1489 5662 ut
1533 5610 1695 5664 modo
1744 5609 2054 5679 baptizatis.

477 5688 548 5744 At
575 5706 706 5746 vero
734 5693 838 5749 hoc
867 5711 975 5750 non
1004 5697 1183 5752 solum
1206 5696 1510 5766 baptismus
1538 5698 1687 5766 facit,
1716 5703 1809 5757 sed
1836 5711 1891 5758 et
1926 5717 2057 5773 pas-

479 5777 652 5834 sionis
677 5782 979 5853 adjunctio.
1008 5785 1142 5853 Quae
1166 5786 1213 5842 si
1248 5787 1653 5846 circumcisiom
1683 5791 1865 5850 addita
1891 5803 2056 5863 esset,

478 5875 533 5922 et
562 5869 810 5927 similiter
845 5873 918 5931 ibi
954 5875 1125 5933 lieret.

2254 2106 2529 2175 Quaeritur
2554 2116 2735 2163 autem
2766 2122 2939 2178 quare
2967 2108 3280 2179 baptismus
3310 2110 3630 2168 successerit
3652 2112 3743 2169 clr-

2180 2199 2525 2256 cumcisioni.
2560 2197 2631 2254 Ut
2678 2198 2826 2253 enim
2878 2199 3072 2255 beatus
3122 2199 3426 2269 Gregorius
3452 2201 3527 2256 ait
3569 2212 3745 2273 quarto

2176 2292 2317 2347 libro
2347 2292 2403 2346 in
2433 2288 2537 2345 Job
2585 2309 2597 2344 :
2649 2288 2806 2356 Quod
2854 2290 2997 2360 apud
3028 2305 3129 2345 nos
3158 2290 3303 2346 valet
3325 2306 3465 2361 aqua
3488 2292 3744 2363 baptismi,

2180 2381 2284 2436 hoc
2309 2382 2419 2451 egit
2446 2379 2589 2449 apud
2625 2388 2834 2434 veteres
2866 2379 2949 2434 vel
2979 2395 3080 2449 pro
3110 2382 3359 2450 parvulis
3381 2383 3494 2437 sola
3522 2382 3651 2438 ﬁdes
3671 2385 3749 2440 vel

2176 2490 2277 2546 pro
2320 2473 2623 2544 majoribus
2654 2473 2829 2527 virtus
2874 2471 3299 2540 sacriﬁciorum,
3326 2474 3411 2530 vel
3433 2490 3531 2544 pro
3559 2474 3641 2530 his
3664 2476 3746 2547 qui

2175 2580 2242 2620 ex
2278 2565 2510 2619 Abrahae
2542 2564 2710 2634 stirpe
2743 2562 3064 2634 prodierunt
3114 2566 3438 2637 mysterium
3473 2567 3747 2624 circumci-

2177 2656 2370 2711 sionis.

2250 2746 2481 2803 Solutio.
2516 2746 2751 2803 Docebat
2781 2763 2983 2803 novum
3030 2764 3213 2820 regem
3247 2764 3445 2804 novam
3477 2750 3648 2821 legem
3674 2750 3749 2807 iu-

2176 2840 2422 2906 stituere,
2455 2839 2769 2896 inimicitias
2792 2840 2933 2896 inter
2957 2838 3178 2897 Iudaeos
3200 2850 3255 2897 et
3280 2842 3505 2913 gentiles
3531 2844 3743 2909 solvere,

2177 2941 2233 2988 ut
2262 2933 2369 2988 duo
2400 2932 2583 3002 populi
2615 2931 2670 2986 in
2718 2948 2889 2987 unum
2916 2932 3303 3003 jungerentur,
3343 2944 3397 2989 et
3427 2934 3581 2990 ﬁeret
3618 2950 3750 2991 unus

2175 3025 2431 3096 populus.
2463 3023 2644 3091 Quare
2686 3039 2910 3079 necesse
2954 3022 3058 3078 fuit
3100 3024 3510 3080 inimicitiarum
3543 3040 3747 3093 causas,

2174 3117 2426 3172 videlicet
2471 3118 2612 3172 ritus
2658 3114 2971 3171 Judteorum
3006 3132 3117 3187 quo
3143 3116 3373 3189 gentiles
3398 3117 3750 3173 abhorrebant

2174 3223 2463 3274 evacuare,
2499 3216 2555 3263 et
2601 3207 2707 3263 alia
2761 3216 3105 3263 sacramenta
3153 3223 3280 3278 quae
3322 3207 3569 3278 utrisque
3611 3224 3751 3264 com-

2174 3299 2364 3354 munia
2412 3299 2594 3355 forent
2637 3300 2989 3356 substituere.
3020 3298 3250 3371 Pmpter
3281 3300 3387 3355 hoc
3415 3316 3632 3372 quoque
3658 3301 3749 3355 ba-

2172 3393 2407 3463 ptismus
2442 3392 2881 3449 circumcisionis
2896 3393 3019 3447 loco
3042 3392 3233 3459 subiit,
3262 3393 3391 3463 quia
3412 3393 3752 3450 circumcisio

2173 3495 2293 3540 erat
2322 3485 2702 3556 imperfectum
2732 3492 3162 3551 sacramentum,
3189 3494 3377 3554 utpote
3406 3486 3646 3541 maribus
3667 3500 3750 3539 so-

2173 3576 2241 3632 lis
2288 3578 2545 3633 attinens.
2577 3576 2890 3647 Baptismus
2926 3591 3058 3631 vero
3095 3575 3397 3645 perfectum
3441 3585 3526 3630 est
3571 3590 3751 3629 sacra-

2173 3679 2442 3738 mentum,
2469 3671 2598 3741 quia
2630 3671 2848 3740 utrique
2877 3669 3033 3725 sexui
3060 3668 3181 3725 sine
3219 3669 3409 3724 dolore
3446 3669 3751 3724 commoda-

2174 3771 2282 3818 tur.
2315 3761 2375 3818 ln
2410 3779 2552 3835 aqua
2576 3779 2706 3817 vero
2736 3764 2860 3818 ideo
2905 3761 3255 3816 uniformiter
3284 3772 3636 3817 consecratur
3663 3762 3754 3816 hac

2172 3854 2391 3924 ptisma,
2419 3854 2548 3924 quia
2576 3854 2644 3910 de
2669 3853 2873 3909 Christi
2902 3853 3070 3908 latere
3102 3853 3345 3907 manavit
3373 3868 3535 3923 aqua,
3557 3862 3613 3908 et
3630 3853 3753 3923 quia

2172 3948 2356 4002 nullus
2379 3947 2561 4016 liquor
2587 3946 2722 4001 adeo
2736 3946 2878 4002 Valet
2905 3947 2972 4002 ad
2997 3947 3335 4008 abluendum
3355 3945 3491 4001 sicut
3519 3962 3683 4017 aqua,
3706 3954 3758 4001 et

2172 4039 2315 4109 apud
2346 4055 2538 4094 omnes
2567 4037 2724 4094 facile
2752 4038 3057 4110 acquiritur
3076 4080 3093 4108 ,
3124 4053 3193 4092 ne
3218 4052 3279 4093 se
3305 4036 3503 4107 aliquis
3539 4045 3755 4108 propter

2172 4127 2414 4199 inopiam
2451 4136 2760 4184 excusaret.

2239 4218 2380 4275 Nota
2418 4221 2547 4290 quia
2578 4218 2953 4290 multipliciter
3003 4219 3277 4290 accipitur
3311 4240 3325 4276 :
3358 4220 3755 4292 Baptismorum

2169 4327 2407 4383 namque
2435 4328 2606 4366 unum
2642 4319 2854 4366 tantum
2902 4319 2985 4367 est
3032 4327 3196 4384 aqua,
3225 4323 3285 4367 ut
3335 4311 3579 4381 Joannis,
3610 4312 3759 4383 quod

2168 4405 2549 4461 remissionem
2578 4416 2928 4475 peccatorum
2946 4420 3056 4461 non
3074 4405 3244 4461 dedit.
3262 4406 3425 4461 Aliud
3436 4407 3497 4476 in
3524 4406 3648 4478 igne
3673 4404 3761 4461 vel

2168 4500 2385 4570 Spiritu,
2419 4514 2530 4570 quo
2576 4498 2835 4569 baptizati
2868 4508 2997 4554 sunt
3028 4501 3261 4569 apostoli
3300 4502 3356 4555 in
3378 4501 3464 4557 die
3490 4499 3765 4556 Penteco-

2168 4600 2298 4646 stes.
2327 4590 2479 4647 Unde
2504 4592 2635 4646 illud
2667 4609 2680 4645 :
2715 4610 2734 4643 ι
2761 4589 2872 4645 Vos
2895 4600 3078 4646 autem
3103 4592 3516 4662 baptizabimini
3545 4591 3763 4663 Spiritu

2167 4693 2359 4739 sancto
2396 4683 2617 4754 (Matth.
2650 4688 2755 4753 ιιι).
2793 4702 2811 4735 ι
2866 4681 3113 4739 Tertium
3155 4684 3211 4737 in
3244 4700 3389 4755 aqua
3435 4693 3490 4739 et
3534 4684 3766 4754 spiritu,

2166 4790 2276 4845 quo
2303 4774 2715 4843 baptizaverunt
2742 4775 2974 4844 apostoli
3006 4776 3147 4846 (Act.
3179 4776 3239 4846 ι).
3261 4775 3526 4843 Quartum
3546 4776 3609 4828 in
3628 4790 3769 4830 san-

2168 4867 2349 4937 guinis
2366 4867 2648 4921 effusione.
2667 4866 2795 4921 Tria
2818 4867 3072 4934 \‘isibilia,
3091 4868 3145 4923 id
3166 4878 3252 4924 est
3274 4870 3552 4933 sacerdos,
3583 4867 3776 4938 bapti-

2168 4960 2399 5021 zandus,
2419 4976 2583 5029 aqua,
2611 4968 2739 5013 sunt
2767 4959 2822 5013 in
2846 4960 3206 5029 baptismate;
3236 4970 3293 5015 et
3313 4961 3417 5016 tria
3441 4960 3773 5025 invisibilia,

2168 5050 2219 5104 id
2250 5060 2333 5105 est
2358 5050 2511 5116 fides,
2539 5050 2747 5118 anima,
2780 5050 3017 5120 Spiritus
3054 5060 3300 5107 sanctus.
3335 5050 3530 5106 Verum
3576 5048 3776 5105 Domi-

2167 5157 2293 5209 nus,
2317 5152 2376 5196 ut
2404 5143 2482 5195 ait
2509 5143 2837 5198 Ambrosius
2862 5143 2915 5197 in
2945 5144 3123 5213 primo
3153 5144 3295 5198 libro
3318 5142 3396 5199 De
3426 5144 3775 5200 Sacramen-

2167 5236 2259 5302 tis,
2292 5236 2413 5290 ideo
2447 5237 2595 5306 prior
2624 5236 2908 5292 descendit
2939 5237 2993 5291 in
3026 5238 3359 5307 baptismum
3388 5254 3545 5309 quam
3582 5236 3793 5307 ὅμως

2164 5337 2256 5383 tus
2290 5335 2515 5382 sanctus
2545 5343 2668 5383 cum
2704 5329 2867 5383 modo
2898 5344 3202 5386 econversu
3245 5330 3361 5397 fiat,
3398 5331 3522 5400 quia
3567 5328 3785 5384 Domi-

2166 5435 2271 5475 nus
2305 5435 2415 5474 non
2444 5419 2569 5474 inde
2589 5419 2819 5476 debebat
2861 5422 3136 5478 mundari.
3168 5421 3338 5478 Nobis
3364 5433 3538 5479 autem
3578 5423 3787 5479 virtus

2164 5522 2218 5567 et
2266 5512 2556 5583 praesentia
2603 5510 2886 5569 Trinitatis
2938 5530 3061 5584 qua:
3099 5515 3156 5568 in
3193 5514 3515 5584 baptismate
3538 5512 3787 5569 Christi

2163 5603 2513 5658 manifestata
2542 5612 2645 5669 est,
2671 5604 3014 5661 invisibiliter
3037 5616 3298 5676 operatur
3321 5606 3378 5662 in
3405 5604 3789 5676 baptismatis

2162 5695 2364 5750 visibili
2395 5706 2761 5753 sacramento.
2797 5696 3210 5755 Sacrameutum
3236 5714 3368 5755 vero
3406 5709 3486 5754 est
3525 5698 3791 5754 visibile

2167 5786 2382 5858 signum
2409 5785 2700 5844 invisibilis
2731 5789 2938 5861 gratiae,
2981 5789 3143 5844 veluti
3183 5806 3311 5846 cum
3345 5790 3468 5860 quis
3497 5789 3791 5859 baptiu—

2166 5888 2278 5950 tur,
2314 5879 2431 5951 ipsa
2457 5881 2697 5942 exterior
2734 5881 2984 5955 corporis
3012 5882 3217 5939 ablutio
3250 5898 3419 5956 quam
3462 5879 3799 5947 videmus;
