3964 6448
195 371 283 433 θοι

1179 384 1753 444 DEFLORATIONES
1792 387 1893 445 SS.
1929 386 2240 444 PATRUM.
2278 416 2351 428 —-
2388 386 2518 442 LIB.
2563 385 2602 440 Ι.

3384 390 3492 446 8οΞ

205 491 422 565 tignum
452 508 554 557 est
587 498 863 557 interioris
892 497 1186 555 ablutionis
1221 501 1438 567 animae,
1469 517 1593 572 quae
1620 503 1807 559 consi-
1839 518 1881 575 Α
1910 502 2176 574 legalibus
2205 503 2402 559 hostiis
2431 503 2483 557 in
2511 501 2712 573 templo
2750 509 2834 557 est
2860 510 3240 571 prtescntatus.
3268 502 3496 564 Iuvenis

215 589 299 644 ttit
320 588 382 645 in
415 593 765 650 remissione
793 600 1158 663 peccatorum.
1193 592 1349 664 Aqua
1375 595 1540 650 etiam
1566 611 1807 666 purgans

224 681 462 739 exterius
513 699 547 737 a
599 683 859 739 sordibus
887 683 1266 752 corporalibus
1293 684 1513 755 signum
1554 694 1641 741 est
1683 686 1809 741 ﬁdei

227 770 544 829 mundantis
583 772 813 827 interius
840 788 871 826 a
899 771 1159 841 peccatis.
1191 770 1461 830 Sacerdos
1486 788 1705 845 quoque
1729 775 1809 831 la-

232 880 352 921 vans
383 864 439 920 in
465 881 614 936 aqua
645 865 894 935 designat
922 863 1184 935 Spiritum
1222 865 1278 920 in
1308 865 1414 922 ﬁde
1441 868 1808 923 remittentem

230 966 462 1033 peccata.
496 954 806 1012 Videndum
836 965 1015 1010 tamen
1063 968 1147 1011 est
1184 957 1253 1013 de
1285 956 1390 1012 hoc
1432 968 1807 1026 sacramento,

233 1054 366 1111 sicut
397 1050 465 1106 de
500 1050 647 1117 aliis,
682 1050 811 1120 quia
841 1049 980 1103 nihil
1011 1048 1183 1104 refert
1223 1066 1255 1104 a
1289 1066 1623 1121 quocunque
1650 1053 1809 1108 detur

233 1143 501 1203 ministro.
532 1142 782 1198 Minister
809 1142 954 1197 enim
995 1142 1302 1209 ministrat,
1331 1142 1587 1199 Christus
1628 1144 1811 1214 bapti-

234 1244 332 1292 zat.
362 1234 519 1292 Unde
550 1235 686 1290 illud
714 1254 728 1289 :
760 1254 779 1287 ι
812 1232 912 1290 Hic
930 1243 1014 1289 est
1034 1234 1130 1306 qui
1148 1235 1388 1305 baptizat
1405 1235 1749 1308 (Matt/nm).
1783 1255 1805 1289 ι

234 1326 570 1398 Quapropter
611 1326 727 1382 sive
763 1341 795 1380 a
846 1325 1060 1381 clericis
1106 1326 1221 1382 sive
1249 1343 1280 1381 a
1312 1326 1486 1394 laicis,
1517 1344 1614 1384 seu
1643 1328 1808 1384 etiam

235 1435 263 1476 a
285 1418 613 1474 mulieribus
640 1417 967 1473 necessitate
1008 1418 1327 1474 imminente
1351 1419 1531 1487 detur,
1563 1436 1671 1476 non
1729 1430 1811 1476 ta-

234 1527 354 1568 men
404 1512 716 1566 reiteratur.
768 1509 883 1567 Hoc
930 1521 1340 1567 sacramentum
1379 1512 1521 1568 sicut
1543 1521 1597 1568 et
1621 1528 1811 1569 sacra~

233 1613 471 1662 mentum
510 1603 718 1670 altaris,
747 1603 935 1669 aliiad
965 1604 1154 1671 vitam,
1183 1604 1277 1658 alii
1304 1605 1372 1659 ad
1403 1615 1635 1660 mortem
1666 1607 1811 1662 acci-

231 1699 402 1770 piunt.
440 1696 546 1764 Qui
576 1696 726 1752 enim
775 1704 922 1752 recte
969 1696 1258 1763 accedunt,
1298 1705 1354 1753 et
1385 1714 1500 1755 rem
1536 1706 1592 1753 et
1621 1714 1811 1754 sacra-

232 1798 474 1844 mentum
502 1788 810 1859 accipiunt;
834 1787 929 1859 qui
957 1788 1100 1856 ﬁcte,
1128 1798 1532 1845 sacramentum
1574 1798 1807 1846 tantum.

1909 598 2073 652 etiam
2124 598 2190 652 ad
2222 597 2366 651 diem
2410 595 2610 653 festum
2642 594 3006 651 dedicationis
3047 606 3101 651 et
3148 598 3215 652 ad
3265 606 3497 656 caeteros

1909 688 2027 744 dies
2075 688 2248 744 festos
2280 687 2696 760 Hierosolymis,
2749 688 2892 743 sicut
2938 687 2993 742 in
3033 686 3327 761 Evangelio
3356 690 3495 763 legi-

1910 796 2061 848 mus,
2088 780 2404 852 frequentcr
2427 780 2669 837 occurrit
2695 779 2825 835 etin
2861 779 3014 835 nullo
3039 790 3380 837 sacramenta
3412 784 3493 838 le-

1911 872 2054 942 galia
2079 871 2548 939 refutavit,donec
2570 872 2624 927 in
2653 870 2956 929 sancto'die
2980 872 3165 929 Ctente
3185 873 3490 942 immolato,

1910 966 2080 1020 veteri
2112 963 2345 1029 Pascha,
2372 974 2530 1021 vetus
2554 965 2920 1021 sacerdotium
2944 965 3225 1023 innovavit
3244 975 3297 1022 et
3313 975 3494 1024 muta-

1910 1060 2008 1125 vit,
2039 1060 2262 1129 quando
2291 1059 2528 1128 seipsam
2559 1060 2844 1114 convivam
2877 1059 2943 1114 ad
2978 1060 3289 1115 convivium
3324 1060 3496 1117 disci-

1912 1150 2053 1221 polis
2081 1149 2350 1205 exhibuit.
2383 1149 2673 1205 Translato
2700 1166 2831 1222 ergo
2859 1153 3166 1209 sacerdotio
3193 1155 3335 1211 sicut
3361 1168 3497 1226 apo-

1912 1243 2086 1297 stolus
2114 1242 2209 1308 ait,
2237 1258 2460 1299 necesse
2480 1251 2598 1298 erat
2621 1252 2675 1297 ut
2700 1243 2854 1297 ﬁeret
2879 1252 2933 1297 et
2955 1244 3089 1314 legis
3113 1247 3417 1314 translatio,
3440 1254 3496 1303 et

1914 1334 2020 1389 hoc
2063 1343 2184 1388 erat
2232 1342 2447 1405 tempus
2487 1335 2866 1402 correctionis,
2898 1337 3117 1406 quando
3154 1339 3498 1395 removendus

1911 1435 2068 1481 erant
2093 1427 2343 1482 carnales
2373 1428 2582 1482 umbra:
2628 1428 2730 1481 sub
2773 1428 2974 1497 quibus
3024 1440 3207 1496 natus,
3236 1440 3290 1485 et
3321 1446 3499 1500 usque

1912 1520 1978 1571 ad
2006 1518 2270 1586 puerilem
2301 1526 2513 1573 aetatem
2540 1518 2803 1573 educatus
2825 1529 2908 1574 est
2926 1517 3201 1575 Christus.
3234 1520 3390 1577 Unde
3413 1524 3498 1577 di-

1913 1608 1988 1663 cit
2004 1608 2300 1678 Apostolus
2334 1628 2347 1664 :
2384 1630 2402 1661 ι
2436 1609 2734 1681 Postquam
2759 1612 2905 1666 venit
2928 1611 3207 1681 plenitudo
3232 1614 3500 1684 temporis

1913 1700 2063 1755 misit
2084 1699 2231 1757 Deus
2259 1702 2456 1757 Filium
2481 1719 2666 1771 suum,
2695 1712 2881 1759 natum
2910 1719 2978 1760 ex
3015 1706 3264 1770 muliere,
3291 1705 3497 1765 factum

1913 1794 2017 1848 sub
2046 1793 2183 1864 lege,
2215 1802 2322 1849 etc.
2359 1793 2505 1865 (Gal.
2543 1796 2639 1866 tv).
2677 1815 2695 1848 ι
2731 1794 2788 1850 Si
2823 1797 2968 1851 enim
3003 1812 3033 1852 a
3067 1797 3181 1866 lege
3218 1799 3357 1854 alter
3394 1800 3498 1853 ali-

234 1881 383 1938 Unde
413 1882 459 1937 si
493 1882 841 1953 postmodum
880 1881 1207 1952 resipuerint
1245 1897 1354 1937 non
1393 1883 1811 1952 rebaptizabun—
1841 1874 1884 1929 Β
1912 1884 2040 1955 quis
2062 1886 2447 1941 observatione
2474 1896 2769 1943 extraneos
2792 1888 3092 1944 scientibus
3114 1890 3287 1960 legem
3313 1905 3500 1946 sacra-

234 1987 336 2035 tur.
364 1977 565 2032 Forma
594 1985 776 2033 autem
805 1977 1061 2048 baptismi
1101 1984 1231 2032 sunt
1261 1978 1367 2033 ista
1389 1978 1586 2033 verba:
1616 1975 1673 2032 In
1709 1992 1811 2032 no-

234 2072 377 2126 mine
399 2069 578 2126 Patris
606 2078 660 2123 et
686 2068 811 2123 Filii
835 2076 889 2123 et
918 2066 1157 2139 Spiritus
1183 2068 1379 2135 sancti,
1404 2068 1487 2123 vel
1514 2083 1615 2124 sua
1636 2068 1810 2139 aequi-

234 2162 509 2235 pollentia.
542 2160 808 2217 Dominus
850 2162 999 2215 enim
1041 2160 1367 2232 generaliter
1405 2159 1681 2216 instruens
1712 2160 1811 2215 ha-

231 2255 512 2325 ptismum,
542 2252 798 2325 prazcepit
821 2253 1010 2309 dicens
1039 2270 1053 2305 :
1093 2271 1110 2304 ι
1136 2250 1232 2317 Ite,
1258 2251 1448 2307 docete
1469 2267 1660 2307 omnes
1682 2266 1814 2322 gen-

232 2355 327 2415 tes,
360 2347 704 2417 baptizantes
735 2361 832 2401 eos
855 2345 910 2399 in
942 2344 1162 2398 nomine
1192 2341 1371 2399 Patris
1393 2352 1448 2398 et
1476 2341 1599 2397 Filii
1620 2351 1674 2398 et
1696 2341 1815 2413 Spi-

231 2439 369 2497 ritus
390 2441 564 2495 sancti
586 2438 805 2510 (Matth.
834 2440 1046 2509 xxvtu).
1069 2455 1088 2488 ι
1117 2435 1158 2489 Α
1192 2444 1365 2491 morte
1385 2434 1590 2491 Christi
1610 2444 1664 2491 et
1686 2451 1815 2491 san-

232 2533 416 2606 guinis
445 2532 713 2588 eﬁ‘usione
749 2531 912 2586 habet
947 2530 1252 2600 haptismus
1274 2528 1531 2584 virtutem
1558 2536 1612 2584 et
1633 2527 1816 2584 ellica-

230 2627 368 2682 ciam
401 2627 545 2681 sicut
573 2626 678 2680 alia
706 2632 1049 2681 sacramenta
1078 2624 1192 2678 sive
1229 2632 1354 2678 ante
1394 2623 1590 2694 legem,
1615 2621 1730 2678 sive
1756 2621 1816 2677 in

229 2716 365 2788 lege.
392 2715 495 2772 Per
521 2717 668 2774 hunc
691 2716 837 2771 enim
863 2714 1120 2770 Christus
1159 2729 1282 2785 qua:
1317 2712 1460 2769 facta
1482 2722 1610 2770 sunt
1630 2713 1816 2769 dimit-

232 2810 314 2878 tit,
361 2809 586 2880 adjuvat
632 2824 703 2864 ne
746 2808 984 2878 amplius
1014 2807 1168 2873 ﬁant,
1216 2806 1466 2878 perducit
1502 2815 1561 2862 ut
1590 2805 1821 2862 omnino

230 2904 344 2959 ﬁeri
376 2920 487 2958 non
516 2906 748 2974 possint,
788 2901 918 2958 facit
948 2910 1009 2956 ut
1045 2902 1132 2957 lex
1179 2901 1503 2971 impleatur,
1535 2908 1596 2955 ut
1620 2909 1815 2955 natura

228 2998 513 3062 liberetur,
529 3013 595 3052 ne
622 3006 904 3067 peccatum
929 2995 1259 3051 dominetur.
1280 2993 1405 3049 llaec
1429 2993 1496 3050 de
1520 2993 1816 3049 circumci-

227 3088 382 3144 sione
410 3096 467 3142 et
494 3088 766 3158 baptismo
796 3086 1089 3142 sufﬁciant.
1123 3083 1280 3152 Quod
1307 3093 1489 3140 autem
1520 3084 1815 3140 circumci-

226 3179 314 3234 sio
339 3179 394 3233 in
429 3179 678 3234 membro
706 3178 850 3233 virili
882 3177 1044 3234 ﬁebat
1088 3193 1279 3243 causa,
1329 3192 1398 3232 ne
1444 3176 1591 3232 aliud
1641 3191 1816 3231 mem-

222 3270 389 3326 brum
416 3280 513 3326 aut
542 3269 716 3327 debile
748 3270 917 3336 ﬁeret,
945 3282 1040 3327 aut
1069 3278 1226 3340 turpe
1252 3269 1399 3339 quod
1426 3269 1641 3339 publice
1663 3269 1816 3324 vide-

221 3371 399 3429 retur,
433 3370 489 3417 et
533 3370 591 3415 ut
633 3360 889 3416 Christus
919 3376 1015 3431 per
1058 3347 1367 3415 castitatem
1417 3357 1817 3429 signiﬁcaretur

218 3465 517 3508 venturus.
562 3450 685 3521 Ipso
723 3466 941 3522 quoque
973 3450 1027 3505 in
1053 3465 1219 3505 carne
1249 3448 1495 3519 pratputii
1522 3448 1685 3503 ﬁebat
1709 3448 1819 3503 cir-

219 3545 521 3611 cumcisio,
547 3545 676 3614 quia
708 3544 762 3598 in
803 3551 959 3614 parte
1004 3542 1095 3597 illa
1133 3542 1308 3613 magis
1336 3541 1654 3597 dominatur
1679 3556 1817 3596 con-

218 3636 588 3706 cupiscentia,
616 3651 710 3706 per
734 3649 901 3705 quam
932 3633 1197 3706 originale
1221 3642 1506 3704 peccatum
1540 3648 1812 3704 propaga-

220 3740 336 3784 tur.
373 3728 479 3783 Ubi
509 3744 644 3799 ergo
668 3729 751 3782 via
779 3726 987 3797 peccati
1016 3735 1120 3792 est,
1146 3726 1221 3780 ibi
1252 3734 1377 3796 apte
1407 3725 1819 3795 signiﬁcabatur

220 3821 440 3892 peccati
466 3819 789 3886 remedium,
814 3828 868 3873 et
891 3818 1303 3891 signiﬁcabatur
1325 3833 1422 3888 per
1446 3818 1821 3873 circumcisio-

221 3928 354 3967 nem
379 3912 566 3967 carnis
586 3910 933 3966 circumcisio
951 3910 1169 3978 mentis,
1188 3925 1295 3981 qua
1321 3909 1685 3965 mundabatur
1706 3908 1820 3963 ani-

223 4021 318 4061 ma
345 4022 376 4061 ι
409 4005 582 4059 vitiis.
627 4001 766 4059 Tres
804 4002 986 4074 itaque
1037 4010 1254 4057 constat
1283 4015 1406 4057 esse
1450 3999 1819 4057 circumcisio-

225 4114 328 4154 nes
357 4116 374 4154 :
404 4096 528 4154 Una
557 4105 640 4155 est
675 4103 1099 4164 sacramentum,
1131 4095 1253 4150 duae
1268 4108 1396 4150 vero
1417 4103 1546 4150 sunt
1566 4110 1654 4150 res
1674 4093 1818 4150 illius

227 4190 588 4256 sacramenti,
609 4189 861 4245 videlicet
874 4187 1224 4243 circumcisio
1242 4202 1271 4241 a
1290 4195 1534 4258 peccato,
1548 4200 1820 4256 quaequo-

232 4285 366 4339 tidie
392 4293 475 4340 est
498 4283 551 4339 in
569 4283 772 4350 anima,
791 4292 845 4338 et
861 4281 1211 4338 circumcisio
1228 4298 1258 4336 a
1272 4291 1495 4351 peccato
1505 4289 1558 4335 ct
1574 4281 1645 4335 ab
1665 4280 1818 4334 omni

230 4392 398 4448 paena
421 4376 651 4447 peccati,
681 4391 803 4446 quae
824 4376 878 4429 in
903 4374 1309 4430 resurrectione
1330 4374 1435 4429 erit
1468 4373 1520 4427 in
1555 4372 1736 4427 anima
1766 4379 1820 4427 et

238 4481 484 4537 corpore.
528 4465 768 4522 Petrinis
816 4473 998 4521 autem
1035 4464 1225 4521 cultris
1259 4463 1604 4520 circumcidit
1653 4462 1820 4519 Josue

1912 1983 2099 2030 menta
2128 1984 2447 2045 exponeret,
2478 1978 2603 2049 quis
2641 1977 2690 2032 ei
2720 1978 2966 2033 auditum
3000 1980 3287 2051 praeberet.
3326 1979 3497 2036 Recto

1913 2066 2080 2137 igitur
2124 2068 2319 2123 ordine
2364 2069 2685 2141 magisterii,
2717 2070 2811 2141 qui
2855 2070 3009 2140 prius
3056 2072 3225 2127 voluit
3280 2073 3499 2128 auditor

1912 2172 2036 2213 esse
2068 2174 2234 2229 quam
2283 2158 2497 2227 doctor,
2549 2160 2702 2231 prius
2749 2176 2869 2215 eam
2920 2176 3138 2218 servare
3168 2179 3332 2233 quam
3376 2163 3498 2234 ejus

1913 2259 2258 2306 sacramenta
2309 2267 2575 2320 reserare,
2632 2262 2693 2307 ut
2745 2267 2841 2323 per
2874 2252 3041 2308 vitam
3088 2264 3141 2309 et
3189 2255 3497 2310 doctrinam

1914 2357 2071 2398 suam
2096 2344 2213 2414 ipse
2256 2360 2378 2400 esse
2422 2353 2849 2416 cognosceretur
2875 2345 2962 2399 cui
2992 2346 3365 2401 testimonium
3401 2348 3500 2404 da-

1914 2437 2048 2493 bant
2066 2438 2151 2493 lex
2182 2447 2240 2492 et
2264 2438 2559 2509 prophetae.
3454 2432 3497 2531 ξ’

1986 2527 2147 2584 Hunc
2199 2529 2367 2600 igitur
2419 2529 2545 2599 quia
2603 2528 2870 2600 quasdam
2932 2543 3130 2584 causas
3184 2527 3499 2598 reddimus,

1916 2636 2086 2692 quare
2106 2620 2211 2677 sub
2236 2621 2352 2691 lege
2394 2630 2559 2677 natus
2589 2630 2673 2676 est
2700 2619 2997 2687 Dominus;
3029 2621 3096 2675 de
3122 2620 3502 2677 circumcisio—

1915 2712 2004 2767 nis
2033 2721 2383 2768 sacramento
2412 2728 2578 2783 quam
2620 2713 2675 2767 in
2717 2713 2972 2769 manibus
3020 2713 3306 2781 habemus,
3352 2714 3502 2785 quod

1916 2801 2181 2859 Dominus
2208 2804 2421 2859 dederit
2448 2812 2766 2859 tractemus.
2797 2802 3000 2859 Octava
3035 2805 3236 2860 etenim
3262 2806 3504 2861 circum-

1916 2894 2054 2950 cisio
2087 2895 2182 2950 uni
2209 2895 2491 2951 concinuit
2525 2905 2889 2950 sacramento.
2923 2894 3127 2951 Octava
3159 2897 3214 2950 in
3255 2894 3504 2967 Scriptu-

1916 2988 1996 3045 ris
2030 3004 2131 3060 pro
2162 2989 2466 3044 aeternitate
2508 2989 2681 3059 accipi
2711 2989 3016 3044 consuevit.
3051 2988 3207 3044 Sicut
3234 2990 3378 3044 enim
3411 3004 3501 3045 se-

1916 3082 2151 3152 ptenarii
2180 3082 2396 3137 numeri
2423 3081 2657 3137 circuitu
2704 3096 2887 3136 rerum
2929 3081 3309 3151 temporalium
3342 3081 3503 3136 volu-

1920 3172 2123 3239 bilitas,
2174 3173 2249 3228 ita
2301 3188 2399 3243 per
2451 3172 2844 3243 octavam'qui
2896 3174 3207 3242 septenario
3261 3174 3505 3229 succedit

1920 3279 2162 3335 congrue
2208 3264 2527 3335 designatur
2554 3264 2852 3319 aeternitas.
2886 3260 3103 3319 Octava:
3149 3271 3330 3318 autem
3379 3262 3503 3319 ideo

1920 3357 2280 3421 celebrantur,
2305 3358 2434 3428 quia
2454 3356 2645 3427 primis
2658 3356 2850 3411 diebus
2872 3366 3210 3411 concurrunt
3226 3358 3367 3412 sicut
3386 3356 3503 3427 pri-

1920 3465 2045 3506 mus
2090 3448 2411 3506 Dominicus
2451 3447 2570 3503 dies
2600 3449 2667 3504 ad
2711 3449 2944 3503 alterum
2994 3450 3089 3519 qui
3147 3450 3338 3504 eodem
3391 3450 3501 3505 ritu

1919 3545 2244 3602 celebratur.
2298 3543 2364 3599 Et
2407 3545 2667 3616 quoniam
2714 3542 2998 3614 sequentia
3038 3558 3201 3614 opera
3247 3542 3391 3598 bona
3433 3544 3503 3599 ad

1918 3636 2096 3705 prima
2126 3643 2435 3698 recurrunt,
2480 3635 2665 3705 aliquo
2696 3634 2859 3689 modo
2896 3642 3119 3690 octavas
3157 3649 3502 3693 exercemus.

1918 3726 2095 3781 Tanta
2121 3726 2342 3781 miseria
2366 3725 2467 3780 fuit
2498 3726 2553 3780 in
2583 3726 2898 3781 hominibus
2924 3734 3049 3781 ante
3074 3726 3278 3784 Christi
3303 3729 3505 3785 adven-

1917 3828 2056 3885 tum,
2091 3827 2151 3874 ut
2182 3833 2347 3873 nemo
2390 3818 2458 3873 ad
2502 3818 2749 3873 eamdem
2794 3818 3166 3875 innocentiam
3196 3820 3509 3890 perveniret

1918 3926 2083 3982 quam
2115 3910 2303 3965 habuit
2325 3910 2538 3979 primus
2562 3910 2728 3965 homo
2754 3919 3046 3980 antequam
3074 3922 3340 3980 peccaret.
3365 3911 3503 3968 Nam

1919 4015 1972 4060 et
1990 4002 2337 4058 circumcisio
2360 4017 2482 4072 qua
2503 4011 2696 4056 octava
2718 4003 2805 4057 die
2821 4002 3147 4072 celebratur,
3175 4005 3228 4057 in
3250 4006 3507 4061 recorda-

1920 4097 2067 4151 tione
2098 4095 2289 4165 primae
2333 4093 2659 4149 innocentiae
2706 4094 2988 4165 agebatur,
3034 4096 3086 4150 id
3133 4104 3217 4151 est
3245 4104 3306 4150 ut
3348 4113 3505 4153 mens

1921 4188 2243 4243 circumcisa
2269 4194 2415 4240 esset
2448 4185 2516 4239 ab
2546 4184 2695 4239 omni
2726 4187 3050 4255 contagione
3078 4186 3307 4251 carnali,
3336 4202 3501 4256 quam

1917 4282 2080 4354 jussit
2108 4281 2224 4351 ipsa
2258 4280 2449 4334 umbra
2476 4278 2784 4334 futurorum
2812 4294 3088 4333 verorum.
3124 4278 3377 4334 Christus
3407 4295 3504 4350 per

1920 4372 2253 4443 baptismum
2284 4372 2525 4428 restituit
2558 4371 2612 4426 in
2642 4386 2837 4443 genere
2866 4372 3107 4427 humano
3137 4375 3381 4427 eamdem
3419 4375 3503 4428 in-

1920 4465 2255 4533 nocentiam,
2284 4465 2514 4536 ideoque
2544 4472 2735 4520 octava
2763 4464 2870 4532 die,
2904 4464 2957 4519 id
2993 4477 3076 4520 esr
3122 4463 3404 4520 Dominica
3435 4480 3503 4521 ex

240 4555 541 4613 intraturos
588 4565 790 4613 terram
836 4555 1299 4627 repromissionis,
1338 4556 1466 4626 quia
1504 4564 1654 4626 petra
1702 4564 1821 4609 erat
1851 4564 1896 4619 ι)
1922 4558 2194 4629 baptismo
2229 4557 2558 4613 resurrectio
2588 4556 2804 4625 colitur,
2835 4556 2939 4612 hoc
2964 4566 3043 4614 est
3076 4558 3215 4612 inter
3244 4558 3379 4612 istos
3408 4557 3504 4628 qui

239 4647 491 4706 Christus
514 4648 563 4718 (Ι
586 4650 710 4705 Cor.
740 4650 791 4719 χ)
814 4649 907 4719 qui
932 4650 1070 4705 tollit
1092 4659 1309 4719 peccata
1332 4649 1520 4703 mundi
1546 4647 1727 4720 (Joan.
1754 4649 1816 4720 l).

551 4739 786 4795 SERMO
824 4739 891 4793 IN
931 4738 1211 4795 OCTAVA
1250 4737 1506 4795 DOMINI.

320 4829 514 4889 Natalis
536 4832 809 4889 Dominici
835 4833 978 4888 diem
1003 4831 1163 4888 hodie
1184 4833 1522 4889 celebramus
1544 4841 1818 4901 octavum,

241 4920 309 4976 iu
333 4939 433 4993 quo
458 4940 593 4995 puer
620 4921 780 4980 Jesus
815 4939 846 4978 a
887 4924 1208 4994 parentibus
1231 4924 1414 4981 carnis
1449 4940 1563 4981 suae
1584 4926 1822 4981 carnalis

239 5017 681 5073 circumcisionis
711 5017 920 5087 accepit
961 5025 1368 5072 sacramentum
1402 5015 1556 5087 (Luc.
1586 5019 1669 5090 ιι).
1701 5017 1821 5074 Νοιι

238 5109 388 5163 enim
432 5110 576 5165 sicut
620 5108 738 5179 ipse
766 5108 861 5176 ait,
890 5108 1063 5180 legem
1086 5118 1312 5164 venerat
1336 5109 1565 5176 solvere,
1597 5111 1689 5166 sed
1721 5111 1813 5165 ad-

242 5203 466 5274 implere
493 5204 716 5278 (Matth.
752 5204 857 5273 ιιι).
906 5204 1104 5275 Legem
1137 5203 1357 5273 quidem
1399 5203 1660 5272 implevit,
1692 5202 1821 5273 quia

242 5291 320 5348 de
340 5293 460 5351 fazce
487 5295 795 5351 carnalium
814 5294 1261 5349 observationum
1289 5292 1571 5363 spirituale
1592 5291 1823 5362 elinquit

246 5383 598 5456 intellectum,
641 5396 698 5443 et
740 5387 976 5457 quadam
1011 5402 1211 5441 arcana
1248 5395 1514 5456 praecepta
1542 5385 1820 5452 mortalia,

244 5492 369 5547 qua:
392 5477 594 5535 Iudaeis
619 5487 842 5550 propter
872 5478 1242 5533 inﬁrmitatem
1274 5492 1430 5532 suam
1449 5475 1678 5531 remissa
1706 5474 1824 5557 t‘uef

241 5580 354 5624 rat.
389 5569 517 5627 Item
550 5573 604 5626 in
635 5570 930 5642 Evangelia
954 5570 1273 5641 superaddit
1300 5569 1585 5639 prmceptis
1607 5583 1818 5635 eorum,

243 5664 310 5711 et
349 5658 487 5730 ipsas
532 5662 946 5716 observationes
989 5660 1239 5715 carnales
1268 5675 1441 5730 usque
1488 5659 1553 5713 ad
1608 5668 1878 5735 tempus._

239 5753 602 5810 correctionis
628 5754 958 5808 observavit.
987 5751 1116 5807 Inde
1140 5760 1222 5808 est
1246 5751 1390 5822 quod
1417 5767 1547 5821 puer
1573 5766 1600 5805 a
1628 5766 1824 5821 paren-

238 5841 391 5901 tibus
414 5856 603 5905 octava
633 5847 719 5902 die
753 5856 834 5903 est
865 5846 1243 5908 circumcisus,
1278 5861 1342 5899 xi.
1374 5845 1459 5905 die
1491 5845 1558 5900 ab
1585 5845 1665 5900 eis
1697 5859 1821 5900 cum

1921 4652 2083 4722 primi
2117 4650 2487 4706 innocentiam
2519 4650 2759 4706 hominis
2787 4650 3074 4705 imitantur
3102 4660 3156 4706 et
3184 4651 3305 4707 illos
3328 4653 3420 4722 qui
3448 4653 3502 4707 in

1922 4742 2104 4800 Veteri
2134 4742 2484 4798 Testamento
2510 4752 2684 4798 erant.
2705 4742 2860 4810 Quod
2885 4742 3135 4814 quamvis
3158 4744 3232 4798 illi
3252 4745 3385 4813 justi
3416 4762 3506 4800 es-

1922 4844 2067 4902 sent,
2104 4844 2285 4890 tamen
2312 4834 2698 4890 detinebantur
2725 4834 2866 4890 inira
2898 4837 3135 4891 claustra
3161 4836 3355 4891 inferni
3380 4845 3507 4893 ante

1922 4926 2124 4982 Christi
2154 4926 2470 4991 adventum,
2497 4925 2584 4981 isti
2612 4936 2899 4997 penetrant
2931 4945 3094 4999 regna
3122 4929 3407 4985 ccelorum.
3438 4929 3505 4985 lit

1923 5019 2183 5089 quoniam
2216 5018 2282 5072 ad
2315 5016 2596 5072 meliorem
2649 5026 2853 5072 statum
2899 5019 3013 5073 vult
3062 5035 3163 5075 nos
3208 5020 3507 5089 perducere

1923 5107 2253 5177 Redemptor
2283 5116 2488 5175 noster,
2511 5122 2674 5178 quam
2706 5108 2927 5163 haberet
2954 5108 3164 5179 primus
3192 5109 3386 5175 Adam,
3410 5111 3507 5165 ad-

1923 5201 2034 5256 huc
2062 5209 2409 5269 exspectatur
2434 5209 2625 5255 octava
2675 5199 2791 5255 dies
2834 5216 2957 5271 quae
3000 5199 3107 5255 erit
3152 5201 3207 5255 in
3255 5216 3504 5256 resurre-

1924 5294 2103 5349 ctione
2125 5308 2441 5362 corporum.
2476 5291 2695 5349 Primus
2716 5292 2889 5348 Adam
2915 5298 2988 5349 ita
3014 5303 3132 5349 erat
3156 5295 3418 5349 innocens
3448 5299 3507 5346 ut

1923 5393 2107 5455 posset
2131 5400 2378 5454 peccare,
2412 5386 2457 5439 si
2483 5387 2662 5450 vellet,
2690 5395 2743 5440 et
2778 5402 2878 5441 nos
2909 5385 2981 5440 ita
3012 5384 3314 5454 accipimus
3346 5383 3507 5436 inno-

1925 5476 2163 5531 centiam
2214 5491 2311 5545 per
2361 5476 2717 5545 baptismum,
2753 5485 2811 5531 ut
2861 5475 3137 5545 possimus
3179 5487 3406 5544 peccare
3451 5478 3509 5526 et

1923 5567 2204 5639 possimus
2256 5582 2366 5621 non
2398 5567 2553 5632 velle,
2596 5567 2686 5621 sed
2730 5576 2851 5637 post
2897 5566 3262 5635 receptioncm
3311 5576 3509 5633 corpo-

1925 5674 2048 5713 rum
2088 5672 2250 5712 nemo
2279 5659 2494 5728 poterit,
2528 5674 2690 5713 nemo
2722 5658 2862 5712 volet
2890 5672 3134 5726 peccare.

1995 5748 2163 5820 Igitur
2190 5750 2317 5819 quia
2360 5750 2425 5803 ad
2460 5750 2562 5802 hoc
2597 5748 2857 5802 instituta:
2890 5755 3019 5801 sunt
3044 5754 3267 5810 octavm,
3311 5750 3373 5799 ut
3415 5758 3504 5798 re-

1927 5842 2091 5899 deant
2120 5841 2189 5898 ad
2218 5842 2480 5908 primum,
2505 5849 2715 5911 oportet
2745 5839 3089 5893 considerare
3119 5837 3249 5908 quid
3279 5837 3334 5892 in
3357 5848 3508 5892 octa-
