4032 6396
16 3835 30 4046 ἰ

16 4077 42 4360 ἓ

437 311 546 368 803
1577 289 1901 351 WER‘NERI
1937 282 2230 342 ABBATIS
2270 280 2327 337 S.
2369 271 2602 335 BLASll‘
3689 264 3828 320 εει

439 425 527 480 vis
579 421 792 478 Domini
849 418 1036 474 redeat
1081 414 1148 470 ad
1207 411 1442 483 primum
1499 407 1642 464 diem
1700 403 2016 461 nativitatis.
2051 395 2467 463 Asimilitudini
2517 390 2709 448 mortis
2754 385 2908 483 ejus,
2960 383 3125 441 simul
3295 373 3824 483 resurrectionis

441 474 770 572 Primo—die
812 509 1110 567 nativitatis
1157 474 1326 562 exivit
1370 504 1437 558 de
1467 512 1622 556 utcro
1671 498 1930 570 Virginis,
1972 505 2025 550 et
2124 489 2332 544 erimus
2363 485 2538 558 (Rom.
2586 483 2686 552 vt).
2719 499 2738 532 ι
2778 477 2923 572 Ωιιδέ
2961 484 3142 572 aufem
3175 475 3267 572 illa
3309 475 3382 572 Sit-
3421 474 3821 572 εῖηξίιίιιιέο

443 710 634 757 octava
659 699 746 754 die
769 697 963 751 iterum
989 693 1159 748 exivit
1181 692 1248 746 de
1274 699 1430 745 utero
1457 685 1718 756 Virginis,
1752 692 1808 739 et
1837 683 2028 736 inven-

445 802 538 848 tus
565 799 650 845 est
678 789 954 844 involutus
1001 785 1200 856 pannis
1245 783 1298 836 in
1352 779 1618 850 prmsepio
1659 786 1712 831 et
1757 775 2028 831 celebrata

444 891 577 940 sunt
622 897 686 936 ea
731 895 839 952 que
883 879 951 934 de
996 877 1314 947 angelorum
1361 873 1524 928 aﬁ‘atn
1553 872 1805 942 leguntur
1853 869 2029 939 prima

447 975 536 1028 die
563 971 725 1027 acta?
780 970 1084 1026 Possumus
1119 975 1301 1020 tamen
1347 963 1590 1018 invenire
1621 962 1673 1015 in
1720 974 1830 1031 quo
1880 967 2032 1013 octa-

447 1080 516 1120 va
567 1063 688 1118 dies
733 1070 1002 1130 congruat
1036 1057 1243 1128 primae.
1307 1053 1453 1108 Duas
1517 1067 1714 1107 causas
1771 1049 2030 1120 intelligi-

449 1171 576 1212 mus
627 1152 684 1208 in
731 1151 938 1208 Christi
984 1149 1271 1204 nativitate
1305 1167 1317 1200 :
1353 1146 1606 1216 primam,
1638 1143 1845 1199 scilicet
1869 1140 2032 1195 Chri-

451 1258 594 1302 stum
624 1243 842 1298 venisse
889 1241 956 1295 ad
1001 1239 1287 1304 homines;
1325 1235 1621 1292 secundam
1653 1234 1904 1289 homines
1939 1247 2035 1286 ve-

455 1340 606 1392 nisse
635 1336 702 1391 ad
736 1333 1039 1388 Christum.
1075 1331 1150 1386 De
1179 1345 1286 1400 qua
1337 1345 1393 1384 re
1431 1328 1564 1383 dicit
1610 1327 1948 1397 Augustinus
1983 1326 2039 1380 in

457 1426 599 1480 libro
630 1426 808 1498 primo
857 1423 934 1479 De
980 1422 1226 1477 doctrina
1259 1419 1594 1475 Christiana.
1635 1416 1755 1472 Non
1795 1417 1941 1472 enim
1972 1417 2041 1472 ad

457 1533 605 1582 eum,
633 1517 728 1586 qui
771 1516 976 1586 ubique
1005 1527 1248 1584 praesens
1291 1519 1376 1566 est
1424 1510 1558 1565 locis
1591 1523 1895 1573 movemur,
1946 1507 2042 1562 sed

458 1609 604 1665 bono
633 1607 836 1674 studio,
861 1607 1130 1674 bonisque
1158 1604 1421 1659 moribus.
1447 1601 1602 1669 Quod
1624 1617 1734 1656 non
1758 1615 2044 1671 possemus

461 1701 566 1755 nisi
599 1701 716 1770 ipsa
738 1698 1006 1768 sapientia
1030 1705 1196 1752 tanta:
1213 1697 1377 1750 etiam
1409 1694 1711 1749 inﬁrmitati
1738 1708 2044 1765 congruere

403 665 408 670 ,
441 567 812 664 est
844 603 901 658 in
931 600 1195 672 praesepio
1222 596 1500 652 involutus
1526 593 1741 664 pannis.
1768 567 2026 660 Nunquid
2127 579 2320 635 mortis
2338 576 2643 672 audiamus
2671 571 2741 672 ab
2776 571 2896 642 ipso
2922 588 2949 672 ε.
2975 587 2994 620 ι
3015 567 3385 638 Complantati
3432 567 3620 620 enim
3689 581 3820 672 sui-

2130 687 2256 726 mus
2301 669 2351 724 ei
2402 685 2500 740 per
2552 666 2886 736 baptismum
2937 661 2992 716 in
3039 670 3294 727 mortem,
3342 669 3402 714 ut
3449 661 3818 731 quomodo

2130 761 2387 818 Christus
2417 759 2720 815 resurrexit
2745 773 2774 813 a
2807 754 3062 819 mortuis,
3111 769 3210 822 per
3249 752 3484 823 gloriam
3536 750 3816 816 Patris,

2133 855 2206 910 ita
2253 863 2310 910 et
2356 868 2457 907 nos
2505 852 2560 906 in
2612 851 2852 906 novitate
2877 850 3005 903 vitae
3059 846 3404 900 ambulemus
3458 844 3728 913 (ibid-)-
3779 861 3806 896 ι

2135 945 2264 1002 Haec
2299 945 2491 998 mortis
2523 941 2827 998 similitudo
2854 938 3062 1010 peccati
3092 946 3178 993 est
3216 937 3424 991 ablutio
3459 936 3807 1006 perfccta;

2136 1038 2352 1093 novitas
2387 1051 2518 1091 vero
2539 1036 2662 1090 vitae
2687 1032 2998 1089 observatio
3023 1030 3271 1100 justitize.
3323 1028 3454 1084 Haec
3497 1029 3647 1098 ipsa
3705 1037 3809 1081 est

2136 1130 2313 1200 prima
2365 1128 2698 1183 resurrectio
2746 1125 2967 1202 animm,
3007 1123 3075 1177 de
3115 1137 3223 1192 qua
3274 1120 3408 1175 dicit
3445 1119 3754 1174 Joannes
3785 1137 3802 1171 ε

2146 1241 2164 1274 ι
2196 1220 2344 1276 Beati
2381 1220 2472 1290 qui
2518 1219 2720 1273 habent
2760 1225 2969 1286 partem
3021 1215 3074 1268 in
3123 1214 3544 1268 resurrectione
3574 1212 3802 1283 prima

2143 1314 2328 1385 (Apoc.
2363 1312 2478 1381 xx).
2519 1331 2537 1363 ι
2589 1309 2647 1364 in
2693 1309 2780 1364 his
2823 1308 3062 1363 secunda
3102 1321 3273 1372 mors,
3314 1305 3366 1359 id
3408 1313 3502 1360 est
3536 1314 3792 1359 aeterna

2144 1421 2252 1462 non
2286 1405 2446 1460 habet
2474 1412 2818 1474 potestatem.
2850 1400 2979 1456 Haec
3013 1400 3202 1456 eadem
3231 1414 3356 1454 vera
3385 1406 3473 1452 est
3505 1398 3802 1452 circum-

2145 1499 2304 1566 cisio,
2339 1513 2436 1568 per
2464 1512 2630 1567 quam
2673 1510 2780 1549 non
2829 1503 3008 1550 cutem
3055 1492 3239 1570 carnis
3272 1491 3515 1562 petrinis
3559 1490 3796 1546 cultris

2146 1591 2538 1661 exspoliamus,
2572 1587 2668 1643 sed
2713 1597 2948 1642 veterem
2983 1585 3283 1648 hominem,
3324 1584 3375 1640 id
3415 1591 3508 1638 est.
3552 1583 3792 1638 veteris

2150 1683 2387 1738 hominis
2409 1681 2821 1737 similitudinem
2848 1679 3070 1736 Christo
3095 1678 3450 1743 conformati,
3473 1694 3622 1734 cum
3648 1678 3792 1733 suis

461 1764 819 1862 digna-retur,
848 1797 909 1843 ut
954 1789 1170 1843 vivendi
1219 1787 1528 1856 exemplum
1565 1785 1723 1840 nobis
1753 1764 2039 1854 praeberet.
2075 1764 2119 1819 Β
2148 1775 2362 1830 actibus
2388 1775 2730 1845 ἁθροηὶπιυε.
2763 1772 2840 1827 De
2887 1788 2995 1842 qua
3044 1771 3173 1826 alibi
3216 1771 3350 1827 ἀίοὶῑ
3394 1770 3736 1841 Αροειοιυε
3769 1788 3786 1824 ε

466 1880 571 1936 Sed
599 1896 708 1934 non
737 1880 894 1934 aliter
917 1894 1082 1950 quam
1122 1879 1175 1932 in
1216 1878 1460 1932 homine.
1489 1874 1624 1930 Nam
1657 1885 1711 1931 et
1738 1893 1836 1932 nos
1868 1876 2047 1930 homi-

466 1988 566 2026 nes
611 1986 824 2026 sumus.
868 1969 971 2024 Sed
1003 1969 1128 2038 quia
1177 1983 1278 2023 nos
1310 1984 1434 2022 cum
1481 1967 1550 2022 ad
1603 1967 1748 2021 illam
1797 1967 2050 2021 venimus

466 2064 740 2133 sapienter
770 2061 1022 2126 facimus,
1044 2061 1180 2131 ipsa,
1211 2076 1334 2114 cum
1360 2060 1427 2114 ad
1462 2074 1564 2115 nos
1595 2059 1744 2114 venit
1773 2059 1842 2113 ab
1873 2058 2051 2112 homi-

469 2154 632 2210 nibus
673 2152 925 2222 superbis
954 2150 1112 2220 quasi
1159 2150 1323 2204 stulte
1372 2148 1587 2214 fecisse,
1615 2156 1804 2218 putata
1845 2157 1947 2203 est.
1987 2145 2054 2201 Et

475 2244 738 2315 quoniam
774 2259 875 2297 nos
907 2242 974 2296 ad
1012 2242 1158 2295 illam
1186 2240 1437 2295 venimus
1459 2240 1913 2306 convalescimus,
1935 2240 2051 2310 ipsa

472 2350 602 2390 cum
654 2334 721 2388 ad
771 2347 870 2387 nos
917 2332 1069 2386 venit
1110 2331 1269 2402 quasi
1321 2331 1536 2385 inﬁrma
1589 2330 1899 2386 existimata
1949 2339 2052 2387 est.

473 2427 612 2481 Cum
643 2443 772 2498 ergo
815 2428 932 2498 ipsa
975 2428 1047 2483 sit
1070 2427 1268 2497 patria,
1300 2426 1444 2480 viam
1483 2441 1702 2497 quoque
1732 2441 1791 2482 se
1825 2424 1954 2480 fecit
1989 2425 2056 2479 ad

474 2522 728 2590 patriam.
760 2519 824 2574 Et
853 2535 977 2575 cum
1007 2534 1142 2575 sano
1169 2528 1222 2574 et
1251 2533 1388 2588 puro
1432 2519 1682 2573 interiori
1725 2518 1887 2573 oculo
1929 2518 2056 2573 ubi-

477 2626 584 2680 que
606 2610 675 2665 sit
705 2625 964 2680 przesens,
995 2625 1187 2664 eorum
1219 2609 1312 2678 qui
1341 2609 1562 2662 oculum
1599 2609 1752 2662 illum
1781 2609 2058 2664 inﬁrmum

481 2701 936 2770 immundumque
996 2700 1230 2764 habent,
1293 2699 1470 2753 oculis
1525 2714 1786 2768 apparere
1837 2699 2061 2769 dignata

479 2801 584 2848 est.
623 2792 762 2859 Quia
799 2792 945 2846 enim
983 2790 1038 2844 in
1071 2789 1337 2860 sapientia
1369 2787 1485 2855 Dei,
1515 2804 1624 2844 non
1651 2799 1862 2860 poterat
1897 2806 2062 2846 mun-

479 2886 608 2950 dus,
637 2894 691 2940 et
744 2901 838 2954 per
887 2900 1042 2940 suam
1093 2881 1417 2952 sapientiam
1463 2897 1799 2953 cognoscere
1845 2881 2016 2938 Deum
2045 2900 2080 2950 ;'

481 2975 688 3045 placuit
725 2973 836 3029 Deo
872 2990 969 3044 per
999 2973 1288 3029 stultitiam
1317 2971 1724 3040 praedicationis
1769 2973 1951 3028 salvos
1979 2971 2064 3026 fa-

479 3083 605 3123 cere
636 3067 919 3122 credentes
963 3065 1016 3136 (I
1049 3065 1173 3122 Cor.
1207 3067 1269 3136 ι).
1302 3065 1423 3120 Non
1467 3065 1632 3135 igitur
1673 3080 1768 3135 per
1815 3066 2064 3121 locorum

483 3158 656 3230 spatia
689 3157 978 3226 veniendo,
1023 3158 1118 3214 sed
1161 3157 1238 3224 in,
1261 3172 1426 3212 carne
1479 3158 1698 3212 mortali
1741 3158 2066 3212 mortalibus

485 3251 796 3319 apparendo
821 3251 1040 3306 venisse
1080 3252 1147 3306 ad
1180 3265 1282 3306 nos
1318 3250 1540 3306 dicitur.
1583 3250 1715 3304 lllne
1759 3265 1888 3321 ergo
1923 3252 2070 3306 venit

489 3345 581 3399 ubi
629 3354 767 3414 erat,
811 3347 940 3417 quia
982 3346 1036 3401 in
1087 3347 1193 3402 hoc
1221 3344 1429 3401 mundo
1457 3354 1598 3411 erat,
1625 3354 1680 3400 et
1707 3344 1944 3400 mundus
1973 3358 2070 3415 per

487 3450 614 3490 eum
648 3435 824 3492 factus
851 3445 935 3493 est
964 3435 1145 3508 (Joan.
1176 3437 1238 3506 t).

1165 3573 1392 3628 Divisio.

563 3705 770 3761 Christi
819 3706 1109 3762 adventum
1160 3709 1228 3764 ad
1289 3709 1540 3765 homines
1590 3715 1820 3764 colimus
1878 3709 1932 3763 in
1986 3709 2074 3765 die

491 3795 816 3853 Nativitatis.
849 3797 1142 3855 Hominum
1171 3811 1354 3856 autem
1385 3803 1675 3858 adventum
1703 3805 1769 3858 ad
1792 3802 2073 3859 Christum

495 3887 728 3942 colimus
757 3887 811 3942 in
843 3891 1051 3946 octavis
1085 3893 1225 3962 ejus.
1263 3892 1418 3948 Sicut
1445 3895 1589 3948 enim
1627 3894 1935 3964 septenario
1961 3894 2078 3949 die-

495 3992 619 4032 rum
650 3979 826 4047 spatio
859 3983 1210 4051 temporalem
1247 3984 1583 4039 nativitatem
1629 3983 1832 4039 Christi
1873 4001 2076 4055 reprae~

493 4069 858 4135 sentavimus,
913 4086 1018 4141 qua
1057 4074 1204 4128 venit
1249 4074 1391 4130 inter
1432 4075 1682 4130 homines
1745 4075 1927 4130 exsilii
1975 4077 2080 4130 hu-o

490 4162 586 4233 jus
634 4164 777 4218 mala
829 4165 1102 4236 perferre,
1133 4177 1188 4224 et
1231 4169 1508 4240 languenti
1557 4170 1763 4224 mundo
1803 4186 1901 4226 sua
1933 4170 2077 4225 bona

496 4255 768 4324 conferre,
799 4259 872 4312 ita
903 4263 1158 4330 praesenti
1205 4272 1395 4318 octava
1424 4279 1543 4318 eam
1574 4263 1778 4318 Christi
1826 4263 2080 4318 nativita-

497 4357 628 4415 tem,
659 4347 713 4402 in
745 4348 916 4419 ﬁgura
946 4352 1306 4419 celebramus,
1339 4369 1460 4423 qua:
1484 4369 1612 4408 cum
1657 4362 1940 4424 assumpto
1981 4355 2082 4409 ho-

2157 1889 2176 1922 ι
2205 1869 2324 1925 Non
2352 1869 2500 1925 enim
2529 1867 2876 1925 circumcisio
2904 1874 2989 1923 est
3017 1882 3138 1937 quae
3167 1865 3240 1923 sit
3265 1866 3317 1919 in
3349 1863 3696 1928 manifesto,
3727 1864 3786 1918 id

2155 1973 2240 2020 est
2270 1963 2322 2017 in
2360 1977 2546 2029 carne,
2590 1961 2684 2016 sed
2731 1957 3087 2016 circumcisio
3132 1957 3315 2012 cordis
3360 1971 3487 2026 quae
3542 1971 3668 2010 non
3721 1956 3786 2010 ﬁt

2155 2058 2355 2122 littera,
2399 2055 2491 2111 sed
2544 2055 2739 2126 spiritu
2786 2053 3005 2126 (Ephes.
3036 2053 3122 2121 ιι).
3155 2072 3173 2104 ι
3203 2051 3296 2106 illa
3339 2067 3472 2124 ergo
3511 2053 3786 2107 exterior

2156 2149 2322 2220 hujus
2341 2148 2618 2204 interioris
2643 2147 2817 2219 ﬁgura
2841 2156 2946 2213 est,
2966 2146 3106 2202 sicut.
3131 2146 3198 2199 de
3217 2145 3496 2200 Abraham
3519 2145 3650 2216 jam
3675 2159 3781 2215 per

2157 2243 2314 2299 ﬁdem
2344 2241 2645 2313 justiﬁcato
2675 2241 2808 2296 dicit
2844 2241 2960 2311 ipse
2987 2239 3310 2309 Apostolus,
3356 2239 3487 2308 quia
3535 2239 3782 2307 signum

2160 2333 2598 2390 circumcisionis
2647 2332 2854 2402 accepit
2903 2330 3247 2401 signaculum
3296 2329 3529 2400 justiti-ae
3583 2328 3780 2399 (Rom.

2161 2427 2258 2498 tv).
2293 2425 2436 2480 Bene
2463 2432 2649 2480 autem
2683 2422 2939 2479 convenit
2964 2431 3171 2478 octava:
3195 2429 3425 2488 nostrae;
3463 2422 3622 2492 quod
3659 2421 3780 2475 cir—

2162 2518 2430 2576 cumcisio
2459 2516 2644 2573 carnis
2672 2515 2727 2570 in
2763 2532 2826 2571 ea
2858 2523 3012 2586 parte
3048 2516 3109 2568 ﬁt
3146 2513 3414 2584 corporis,
3465 2529 3562 2584 per
3595 2528 3776 2582 quam

2165 2609 2406 2664 humana
2437 2606 2741 2661 mortalitas
2771 2613 3126 2676 propagatur.
3158 2603 3300 2659 Vera
3325 2604 3477 2660 enim
3512 2603 3775 2660 circum-

2163 2700 2299 2755 cisio
2339 2699 2392 2753 in
2424 2706 2615 2752 nostra
2656 2705 2870 2764 octava,
2913 2696 2966 2754 id
2995 2705 3080 2752 est
3117 2696 3171 2750 in
3212 2696 3451 2767 generali
3505 2710 3776 2753 resurre-

2167 2790 2347 2846 c1ione
2393 2788 2772 2859 contplebitur,
2804 2803 2928 2843 eum
2972 2788 3326 2859 corruptibile
3371 2789 3476 2843 hoc
3505 2788 3772 2843 incorru-

2168 2883 2367 2953 ptibili,
2398 2890 2454 2937 et
2487 2881 2718 2937 mortale
2753 2881 2860 2936 hoc
2899 2880 3254 2936 imortalitate
3289 2882 3577 2936 vestietur.
3609 2879 3774 2936 Sicut

2169 2983 2351 3030 autem
2401 2974 2454 3028 in
2483 2989 2544 3028 ea
2582 2983 2737 3043 parte
2775 2973 2958 3029 carnis
3006 2974 3123 3030 visa
3161 2982 3246 3030 est
3278 2973 3490 3044 impleri
3523 2974 3770 3029 carnali-

2171 3078 2274 3134 ter,
2306 3075 2364 3120 ut
2395 3064 2802 3137 signiﬁcaretur
2829 3065 3105 3135 implenda
3131 3065 3512 3136 spiritualiter,
3554 3065 3684 3120 licet
3710 3075 3770 3120 ut

2176 3173 2286 3212 non
2333 3157 2657 3211 exhibeatur
2689 3156 3071 3238 corporaliter,
3122 3167 3418 3228 quatenus,
3455 3157 3766 3214 secundum

2174 3252 2520 3324 Apostolum,
2553 3271 2570 3304 ‹
2601 3268 2706 3307 non
2734 3252 3094 3308 exhibeamus
3121 3252 3366 3306 membra
3395 3262 3585 3307 nostra
3612 3268 3766 3308 arma

2177 3347 2483 3416 iniquitatis
2528 3356 2776 3418 peccato,
2825 3347 2921 3402 sed
2964 3362 3118 3403 arma
3162 3345 3393 3418 justitiae
3424 3345 3536 3403 Deo
3587 3347 3763 3418 (Rom.

2176 3439 2274 3510 vi).
2311 3458 2330 3491 ι
2367 3437 2842 3495 Circumcidamus
2883 3454 3013 3510 ergo
3037 3455 3200 3495 aures
3233 3439 3301 3494 ab
3331 3439 3522 3494 illicito
3554 3440 3762 3507 auditu,

2175 3529 2367 3585 oculos
2393 3530 2462 3584 ab
2495 3529 2681 3585 illicito
2713 3529 2855 3596 visu,
2899 3544 3060 3584 nares
3105 3529 3174 3584 ab
3207 3529 3398 3584 illicito
3437 3527 3659 3595 olfactu,
3703 3547 3763 3584 os

2177 3621 2246 3676 ab
2272 3621 2464 3677 illicito
2490 3630 2672 3692 gusto,
2701 3635 2798 3675 cor
2826 3621 2895 3676 ab
2919 3621 3104 3676 illicita
3133 3621 3485 3690 cogitatione,
3515 3621 3755 3693 linguam

2177 3713 2246 3767 ab
2273 3711 2461 3767 illicita
2495 3712 2788 3778 locutione.
2823 3727 3020 3767 manus
3052 3713 3122 3768 ab
3165 3713 3358 3769 illicito
3402 3722 3571 3780 tactu,
3603 3714 3762 3784 pedis

2179 3803 2248 3858 ab
2278 3803 2466 3859 illicito
2496 3803 2737 3866 incessu,
2776 3819 2864 3870 ne,
2909 3803 3210 3859 secundum
3241 3805 3584 3875 prophetam,
3621 3821 3760 3860 mors

2181 3893 2352 3949 intret
2399 3894 2465 3948 ad
2512 3895 2728 3952 animas
2776 3904 2993 3951 nostras
3045 3911 3140 3966 per
3189 3895 3457 3952 fenestras
3495 3897 3627 3967 (Jer.
3662 3900 3755 3961 Ix).

2185 3983 2338 4040 Unde
2362 3985 2572 4056 primus
2594 3996 2832 4056 martyr:
2861 3985 3065 4042 ludatis
3087 4001 3284 4044 sensus
3303 3989 3555 4059 corporis
3575 3988 3640 4044 ab
3660 3989 3776 4044 illi—'

2181 4077 2306 4133 citis
2323 4091 2431 4131 non
2453 4077 2872 4134 observantibus
2896 4079 3048 4135 dicit.
3077 4098 3095 4132 α
3120 4079 3491 4136 lncircumcisi
3517 4081 3759 4137 cordibus

2182 4177 2238 4224 et
2277 4168 2527 4235 auribus,
2557 4185 2654 4225 vos
2707 4185 2923 4241 semper
2973 4171 3202 4242 Spiritui
3253 4181 3448 4228 sancto
3493 4174 3756 4229 restitistis

2186 4260 2324 4331 (Act.
2361 4262 2438 4327 v).
2473 4280 2491 4313 ι
2526 4260 2756 4328 Quoties
2807 4279 2937 4334 ergo
2989 4263 3337 4320 festivitatem
3377 4265 3536 4322 istam
3575 4267 3757 4321 annuis

2187 4353 2624 4409 solemnitatibus
2667 4354 3102 4426 frequentamus,
3145 4359 3448 4415 secundum
3481 4359 3633 4415 fidem
3667 4377 3752 4430 ge-

499 4439 651 4495 mine
694 4440 947 4495 transivit
973 4441 1040 4496 de
1079 4442 1184 4496 hoc
1227 4445 1430 4498 mundo
1476 4444 1542 4498 ad
1588 4442 1825 4510 Patrem,
1853 4445 1981 4513 quia
2027 4455 2081 4500 et
2113 4464 2158 4518 ι)
2189 4451 2421 4509 storum,
2470 4459 2593 4515 quae
2621 4445 2692 4500 de
2735 4461 2799 4500 ea
2845 4446 3102 4517 leguntur
3151 4447 3508 4517 honoremus,
3555 4461 3606 4506 et
3643 4466 3750 4505 eam

501 4528 890 4585 transformata
919 4540 1002 4586 est
1027 4532 1146 4602 ejus
1202 4549 1329 4588 caro
1380 4535 1446 4589 de
1493 4535 1840 4605 corruptione
1883 4536 1948 4589 ad
2001 4537 2084 4589 in-

501 4623 907 4692 corruptionem
941 4665 957 4690 ,
991 4625 1057 4680 de
1114 4626 1443 4681 mortalitate
1481 4627 1548 4681 ad
1600 4627 2084 4684 immortalitatem.

503 4711 563 4767 ln
614 4729 779 4771 carne
831 4714 978 4770 illius
1016 4716 1130 4786 jam
1172 4717 1428 4786 absorpta
1481 4727 1564 4773 est
1601 4718 1794 4773 mortis
1838 4718 2089 4787 victoria,

501 4805 632 4875 quia
675 4805 816 4861 sicut
860 4807 915 4862 in
958 4823 1079 4862 eam
1111 4815 1433 4878 completam
1468 4819 1614 4865 certa
1657 4811 1759 4865 ﬁde
1797 4810 1909 4880 jam
1964 4827 2090 4867 cre-

505 4893 709 4960 dimus,
733 4895 806 4949 ita
851 4896 908 4951 in
946 4912 1113 4955 carne
1156 4909 1344 4956 nostra
1385 4899 1620 4956 futuram
1652 4908 1798 4956 certa
1845 4915 1941 4972 spe
1976 4916 2088 4956 non

506 4983 843 5041 dubitamus.

579 5073 660 5130 Ita
685 5075 832 5132 enim
857 5075 989 5133 dicit
1014 5075 1304 5149 Apostolus
1330 5099 1342 5135 :
1381 5101 1399 5134 ι
1431 5081 1488 5136 Si
1511 5080 1866 5150 complantati
1890 5095 2084 5138 sumus

2193 4535 2259 4590 ad
2299 4553 2512 4591 morum
2537 4538 2950 4594 aediﬁcationem
2983 4539 3304 4607 referentes,
3336 4543 3496 4598 ﬁdem
3534 4548 3746 4610 ﬁrmam,

2193 4626 2516 4683 charitatem
2543 4645 2650 4684 non
2675 4631 2879 4697 ﬁctam,
2904 4645 3056 4700 spem
3089 4641 3293 4688 certam
3323 4643 3433 4688 tam
3480 4635 3570 4688 diu
3615 4647 3751 4690 Ienea

2195 4731 2340 4782 mus,
2365 4717 2558 4785 donec,
2573 4729 2835 4775 evacuate
2846 4720 2992 4792 quod
3007 4736 3074 4776 ex
3089 4730 3244 4792 parte
3263 4733 3368 4790 est,
3390 4722 3748 4794 perfectionem

2192 4807 2353 4864 nobis
2367 4809 2694 4878 promissam
2709 4811 3171 4883 comprehendere
3183 4815 3612 4872 mereamurJlis
3624 4817 3748 4871 enim

2193 4901 2520 4960 inconcusse
2545 4907 2897 4962 manentibus
2926 4907 3194 4963 dissoluta
3222 4909 3388 4978 hujus
3426 4908 3747 4964 habitationis

2195 4989 2378 5060 domo,
2412 4994 2648 5050 domum
2685 5011 2794 5051 non
2839 4997 3210 5054 manufactam
3245 5007 3506 5053 aeternam
3547 4998 3596 5052 in
3629 4997 3747 5053 coelo

2195 5096 2561 5158 praeparatam
2585 5087 2909 5158 habeamus,
2941 5100 3236 5162 praestante
3263 5089 3498 5147 Domino
3528 5099 3712 5146 nostro.

1409 5361 1532 5450 IN
1606 5360 2273 5456 EPIPHANIA
2345 5365 2838 5458 DOMINI.

587 5543 774 5636 eCum
807 5552 968 5600 natus
994 5555 1139 5602 esset
1167 5544 1329 5606 Jesus
1372 5550 1426 5606 in
1472 5551 1785 5610 Bethlehem
1820 5553 1996 5623 Indae,
2036 5555 2092 5611 in
2129 5575 2136 5605 ;
2198 5556 2553 5615 Iudaeorum?
2601 5577 2620 5612 ι
2653 5558 2872 5630 (Matth.
2915 5560 3002 5631 η.)
3040 5561 3252 5634 (Brem).
3282 5561 3524 5635 Tempus
3559 5576 3740 5636 quoque

2201 5648 2434 5707 llerodis
2474 5651 2764 5710 Dominico
2812 5660 3102 5708 attestatur
3149 5655 3406 5712 adventu.
3452 5655 3738 5713 Pmdictum

2157 5744 2173 5768 '
2197 5758 2432 5815 namque
2464 5744 2661 5815 fuerat,
2685 5746 2813 5817 quia
2841 5764 2858 5798 ι
2880 5762 2989 5802 non
3016 5745 3230 5804 deﬁciet
3252 5749 3505 5821 princeps
3531 5765 3588 5806 ex
3607 5748 3732 5816 luds,

503 5631 698 5691 diebus
717 5633 948 5692 Herodis
973 5638 1136 5710 regis,
1161 5654 1288 5696 ecce
1309 5640 1447 5714 Magi
1479 5643 1548 5698 ab
1575 5643 1795 5701 Oriente
1822 5657 2090 5703 venerunt

504 5721 966 5800 Hierosolymam,
995 5728 1235 5788 dicentes
1261 5750 1277 5788 :
1308 5731 1408 5790 Ubi
1435 5745 1520 5792 est
1551 5734 1648 5806 qui
1680 5744 1841 5794 natus
1882 5745 1966 5793 est
1990 5754 2086 5794 rex
2123 5781 2126 5784 .
