4032 6396
234 325 360 414 802i

1226 327 1800 387 DEFLORATIONES
1837 329 1937 388 SS.
1982 329 2290 388 PATRIIM.
2330 363 2399 374 -—-
2441 330 2568 389 LIB.
2612 331 2652 387 l.

3438 337 3542 401 806

248 458 445 516 neque
498 440 610 499 dux
661 441 729 500 de
785 441 1087 498 femoribus
1127 441 1278 513 ejus,
1312 443 1484 500 donec
1531 444 1714 500 veniat
1759 445 1853 516 qui
1884 453 1930 508 Α
1965 445 2276 502 Bethlehem
2307 443 2722 515 Judae‘dicitur,
2754 447 2881 518 quia
2912 456 2994 504 est
3020 457 3070 504 et
3097 449 3204 506 alia
3231 449 3542 513 llethlchcm

236 535 557 594 mittendus
577 544 662 591 est
685 533 836 606 (Gen.
860 534 1032 605 XLIX).
1065 553 1084 587 ι
1115 533 1191 590 Ex
1217 551 1327 606 quo
1350 545 1530 607 patres
1549 536 1616 591 de
1638 535 1852 614 Egypto.

235 627 512 684 exierunt
555 640 668 680 sua:
701 624 880 696 gentis
924 624 1160 680 ducibus
1193 641 1366 697 usque
1417 627 1484 681 ad
1535 625 1846 682 Samuelem

238 721 577 791 prophetam
637 718 982 789 regebantur,
1017 718 1214 773 deinde
1271 719 1490 790 regibus
1543 735 1720 790 usque
1777 719 1845 775 ad

239 810 796 882 transmigrationcm
846 809 1159 882 Babylonis.
1196 809 1324 866 Post
1355 812 1596 867 reditum
1619 828 1750 868 vero
1779 813 1848 868 de

245 903 542 977 Babylone
597 919 694 975 per
739 904 1025 976 pontiﬁces
1071 919 1257 959 rerum
1303 920 1517 960 summa
1561 905 1849 976 gerebatur

239 1013 430 1070 usque
464 997 530 1052 ad
563 995 860 1053 llircanum
886 1013 1066 1070 regem
1096 997 1336 1052 simulet
1367 997 1702 1068 pontiﬁcem,
1735 1013 1847 1068 quo

241 1088 304 1143 in
330 1097 576 1160 tempore
595 1087 785 1144 fraude
803 1089 872 1144 ab
886 1086 1098 1144 Herode
1109 1087 1268 1159 cujus
1287 1097 1498 1158 patrem
1525 1089 1639 1158 ipse
1658 1087 1848 1143 llirca-

242 1197 361 1238 nus
387 1180 453 1237 de
485 1181 710 1253 ignobili
735 1181 964 1247 advena,
998 1181 1102 1236 hoc
1141 1190 1222 1236 cst
1246 1180 1425 1252 gentis
1453 1180 1722 1242 ldumzeze.
1753 1197 1847 1235 su-

240 1272 595 1341 blimaverat,
612 1271 810 1328 Judzczc
836 1288 1061 1344 regnum
1087 1272 1190 1342 ipsi
1216 1270 1414 1327 Herodi
1434 1272 1594 1342 jussu
1612 1271 1846 1329 Cmsaris

243 1367 486 1438 Augusti
517 1361 750 1422 traditur
770 1366 1206 1438 gubernamlum.
1237 1362 1440 1420 Verum
1463 1364 1591 1432 quia
1616 1362 1846 1420 Herodis

244 1460 457 1514 mentio
485 1460 574 1514 hic
605 1474 664 1514 se
692 1458 895 1524 intulit,
927 1457 1164 1528 qualiter
1190 1456 1257 1512 ad
1285 1455 1502 1511 Judaici
1543 1455 1698 1526 regni
1729 1457 1844 1526 api-

242 1564 372 1606 cem
399 1549 705 1620 pervenerit
735 1549 1132 1618 constringam.
1163 1547 1303 1602 Cum
1335 1551 1480 1601 enim
1515 1545 1571 1601 lii
1608 1547 1700 1617 qui
1728 1545 1842 1601 Ma-

247 1643 440 1698 thatia:
467 1642 636 1712 stirpe
661 1641 1075 1707 descenderant,
1103 1655 1201 1710 per
1221 1640 1401 1708 aliqua
1426 1654 1698 1694 annorum
1726 1655 1847 1710 spa-

243 1735 326 1792 tia
361 1735 622 1792 ducatum
676 1735 828 1806 regni
873 1733 1186 1789 Judmorum
1231 1732 1558 1799 tenuissent,
1599 1731 1844 1803 pervenit

1954 538 2008 593 in
2033 537 2272 594 Galilzea.
2291 537 2430 611 Magi
2445 539 2514 594 ab
2531 537 2752 595 Oriente
2763 551 3048 606 venerunt,
3074 543 3124 596 id
3139 552 3219 600 est
3241 560 3270 600 a
3295 546 3544 616 partibus

1951 644 2074 700 quae
2095 639 2225 684 sunt
2250 645 2440 686 versus
2459 630 2756 686 Orientem.
2782 630 2950 687 Erant
2975 633 3117 688 enim
3141 635 3208 690 de
3235 644 3379 692 terra
3407 635 3542 692 Per-

1953 736 2142 776 sarum
2185 731 2238 776 ct
2277 721 2684 790 Chaldatorum,
2713 723 2802 778 ubi
2831 735 2915 780 est
2962 723 3104 781 Saba
3138 726 3358 784 ﬂuvius.
3388 726 3544 787 Unde

1955 809 2098 867 Saba
2131 813 2282 884 regio
2312 823 2560 869 vocatur.

2028 923 2046 956 ι
2078 903 2326 960 Vidimus
2355 906 2500 960 enim
2541 906 2752 962 stellam
2791 905 2912 978 ejus
2943 908 2994 963 in
3023 909 3265 978 Oriente,
3308 921 3362 970 et
3388 913 3541 968 veni-

1949 1011 2073 1050 mus
2121 997 2349 1052 adorare
2400 1013 2547 1053 eum.
2581 1017 2600 1051 ι
2655 999 2737 1054 Ad
2789 1003 3168 1060 confusionem
3222 1003 3538 1061 Judaeorum

1949 1089 2154 1144 dictum
2205 1098 2289 1145 est
2339 1091 2576 1148 vidimus
2625 1093 2835 1148 stellam
2884 1098 3037 1164 ejus,
3099 1107 3159 1154 ut
3200 1101 3539 1157 nativitatem

1948 1180 2152 1238 Christi
2179 1199 2209 1236 a
2253 1185 2506 1251 gentibus
2547 1184 2843 1242 discerent.
2887 1189 3259 1260 (Auunosws.)
3306 1192 3540 1250 Succes-

1950 1289 2104 1328 sorcs
2147 1273 2366 1329 Balaam
2407 1276 2630 1332 fuerunt
2666 1281 2850 1348 magi,
2887 1282 2980 1350 qui
3025 1285 3236 1338 stellam
3269 1295 3541 1342 noverunt

1947 1365 2208 1420 vaticinio
2239 1366 2380 1435 ejus.
2411 1365 2504 1422 llle
2532 1370 2744 1424 stellam
2771 1371 2905 1426 vidit
2934 1373 2986 1426 in
3013 1375 3230 1444 Spiritu,
3267 1377 3358 1432 isti
3389 1379 3541 1435 vide-

1948 1467 2074 1510 runt
2100 1457 2275 1514 oculis
2302 1466 2356 1513 et
2407 1461 2776 1518 crediderunt.
2818 1462 3020 1534 Utique
3053 1482 3160 1522 non
3194 1469 3544 1540 adorassent,

1948 1549 1993 1603 si
2022 1549 2311 1618 parvulum
2353 1555 2731 1609 tantummodo
2753 1556 3134 1615 credidissent.
3157 1559 3538 1637 (Gneoomus.)

1947 1639 2186 1711 Angelus
2235 1644 2488 1713 apparuit
2529 1647 2848 1715 pastoribus
2895 1659 3024 1704 nato
3081 1649 3337 1724 Domino,
3363 1653 3538 1726 Magis

1949 1734 2125 1800 stella,
2157 1735 2286 1804 quia
2311 1735 2514 1792 Judwis
2541 1747 2802 1810 tanquam
2826 1741 3040 1798 ratione
3072 1746 3352 1802 utentibus
3380 1763 3536 1804 crea-

241 1828 470 1884 tandem
499 1837 744 1899 potestas
764 1826 829 1881 ad
854 1827 1149 1897 quemdam
1167 1825 1428 1880 virumezt
1455 1825 1624 1896 stirpe
1641 1840 1832 1880 eorum
1876 1830 1918 1886 Β
1945 1834 2065 1879 tura
2090 1826 2344 1881 rationali
2389 1830 2674 1898 praedicari
2719 1831 2928 1897 debuit,
2979 1843 3033 1888 et
3077 1837 3330 1906 gentibus
3373 1840 3532 1909 quasi

242 1921 520 1994 genitum,
545 1920 766 1976 nomine
787 1919 1180 1973 Alexandrum.
1197 1916 1301 1984 Qui
1327 1933 1451 1973 cum
1475 1927 1600 1990 post
1619 1917 1841 1989 aliquod

239 2023 470 2084 tempus
497 2013 740 2080 obiisset,
785 2013 1007 2084 reliquit
1035 2028 1264 2068 uxorem
1295 2028 1422 2067 cum
1454 2013 1673 2068 duobus
1717 2029 1842 2084 par-

239 2106 414 2172 vulis,
444 2122 677 2177 quorum
706 2121 846 2162 unus
875 2093 1248 2172 Aristobolus,
1281 2105 1418 2160 alter
1443 2103 1716 2160 llircanus
1745 2119 1840 2159 vo-

243 2198 498 2254 cabatur.
534 2197 638 2264 Qui
667 2213 792 2252 cum
826 2197 997 2252 adulti
1029 2205 1238 2263 essent,
1265 2197 1539 2253 desiderio
1569 2197 1836 2268 regnandi

237 2290 427 2362 jurgia
455 2291 595 2345 inter
623 2306 682 2346 se
732 2290 933 2345 habere
965 2298 1268 2360 coeperunt.
1300 2287 1366 2344 Et
1396 2299 1516 2345 erat
1555 2297 1683 2345 tunc
1716 2289 1840 2360 qui-

242 2384 373 2438 dam
404 2385 510 2450 vir,
540 2383 761 2438 nomine
785 2383 1090 2453 Antipater,
1122 2382 1281 2438 fortis
1318 2382 1548 2450 viribus,
1581 2381 1839 2440 facultate

242 2472 578 2540 ditissimus,
601 2488 666 2528 ex
688 2471 900 2527 Herode
913 2473 1149 2542 quodam
1175 2472 1410 2542 genitus,
1436 2472 1531 2543 qui
1558 2473 1613 2527 in
1637 2472 1836 2542 templo

243 2564 552 2636 Appollinis
579 2574 697 2620 erat
723 2564 984 2620 aedituus.
1012 2562 1167 2619 Hunc
1191 2563 1296 2619 sibi
1324 2561 1597 2618 llircanus
1620 2565 1674 2618 in
1698 2563 1838 2620 ami-

242 2657 431 2712 citiam
466 2663 521 2711 et
561 2657 876 2712 societatem
911 2663 1100 2710 contra
1142 2653 1364 2710 fratrem
1404 2655 1640 2710 vocavit.
1669 2651 1837 2709 Curu-

241 2763 355 2820 que
384 2764 508 2804 eum
543 2764 648 2803 non
689 2747 868 2803 solum
899 2747 1090 2815 armis,
1130 2747 1225 2802 sed
1269 2747 1431 2802 etiam
1484 2746 1834 2804 facultatibus

242 2839 549 2910 adjuvaret,
601 2836 675 2891 ita
712 2836 876 2892 etiam
924 2835 1298 2891 Romanorum
1331 2837 1531 2891 ducum
1565 2836 1830 2892 auxilium

241 2939 429 3000 petere
460 2928 765 3000 perdocuit,
799 2943 866 2984 eo
896 2928 1041 2999 quod
1076 2936 1207 2983 tunc
1233 2925 1465 2982 Romani
1492 2943 1604 2998 pra:
1634 2927 1832 2984 ceteris

242 3021 628 3078 hominibusin
653 3021 974 3077 ordinandis
996 3020 1147 3093 regni
1166 3021 1398 3092 negotiis
1424 3021 1527 3077 ﬁde
1548 3031 1601 3076 et
1617 3021 1834 3092 sapien-

239 3115 316 3170 tia
351 3123 407 3170 et
443 3113 764 3171 fortitudine
793 3113 1180 3186 praecellerent.
1226 3111 1291 3168 Et
1317 3113 1445 3184 quia
1477 3113 1699 3181 longum
1747 3121 1834 3168 est

1946 1917 2156 1972 ratione
2205 1920 2520 1976 carentibus
2571 1921 2726 1993 signa
2758 1923 2934 1978 danda
2977 1936 3155 1995 erant,
3210 1937 3264 1984 et
3304 1931 3530 2001 dignum

1945 2005 2092 2076 fuit,
2157 2019 2217 2065 ut
2266 2011 2380 2081 jam
2447 2014 2705 2084 loquente
2768 2014 3002 2072 Domino
3063 2021 3292 2089 apostoli
3356 2024 3531 2093 genti-

1942 2099 2049 2154 bus
2092 2101 2472 2170 praedicarent.
2517 2103 2584 2159 Et
2621 2105 2852 2160 necdum
2877 2121 2944 2161 eo
2981 2108 3236 2178 loquente
3264 2111 3548 2170 elementa?

1941 2190 2322 2259 praedicarent.
2374 2191 2512 2265 Magi
2560 2196 2814 2265 appellati
2841 2206 2971 2252 sunt
3021 2213 3177 2270 reges
3213 2202 3526 2270 orientales,

1940 2282 2026 2338 vel
2055 2282 2184 2353 quia
2211 2285 2278 2339 de
2311 2285 2482 2357 stirpe
2503 2285 2726 2342 Balaam
2751 2287 2994 2355 fuerunt,
3020 2293 3112 2361 qui
3155 2296 3388 2350 multum
3418 2299 3530 2351 sci~

1939 2373 2020 2427 vit
2050 2374 2117 2429 de
2152 2373 2637 2445 incantationibus,
2661 2379 2748 2434 vel
2771 2380 2900 2450 quia
2927 2379 3234 2440 fefellerunt
3258 2383 3526 2442 Herodem

1939 2480 2036 2536 per
2062 2467 2222 2522 aliam
2248 2468 2392 2524 viam
2419 2471 2656 2541 regressi
2680 2472 2733 2525 in
2766 2472 3025 2542 patriam.
3061 2472 3201 2545 Magi
3243 2478 3405 2534 etiam
3443 2478 3528 2533 di-

1938 2567 2140 2614 cuntur
2187 2565 2282 2632 qui
2312 2562 2396 2616 vel
2437 2577 2535 2632 per
2579 2563 2782 2631 stellas,
2833 2565 2915 2619 vel
2961 2581 3058 2635 per
3100 2583 3251 2638 aves,
3293 2585 3390 2626 seu
3431 2586 3526 2640 per

1937 2653 2195 2724 quaelibet
2224 2654 2330 2709 alia
2363 2656 2519 2726 signa
2555 2666 2750 2726 putant
2771 2657 2954 2728 aliqua
2978 2675 3332 2728 cognoscere.
3369 2681 3388 2716 ι
3412 2665 3526 2720 Au-

1937 2745 2094 2799 diens
2138 2755 2321 2800 autem
2367 2745 2611 2803 Herodes
2660 2763 2755 2804 rex
2805 2751 3058 2805 turbatus
3101 2761 3187 2808 est
3233 2762 3287 2810 ct
3341 2755 3526 2815 omnis

1936 2835 2312 2910 Hierosolyma
2335 2853 2458 2894 cum
2482 2855 2568 2894 eo.
2599 2859 2617 2890 ›
2647 2839 2989 2912 (Cumanus)
3035 2841 3179 2914 Rege
3232 2845 3355 2902 eteli
3393 2855 3523 2903 nato

1934 2943 2031 2985 rex
2060 2938 2215 2986 terrae
2243 2931 2493 2986 turbatus
2512 2941 2615 2999 est,
2653 2933 2781 3003 quia
2806 2943 3020 2990 terrena
3044 2936 3274 2993 altitudo
3295 2939 3523 2996 confun-

1934 3017 2103 3086 ditur,
2163 3034 2288 3075 cum
2331 3020 2572 3076 cmlestis
2615 3023 2886 3078 celsitudo
2928 3026 3192 3095 aperitur.
3245 3027 3523 3086 Turbatur

1935 3108 2313 3185 Hierosolyma
2349 3102 2540 3170 favens
2573 3113 2794 3183 Herodi,
2823 3132 2988 3187 quem
3016 3116 3418 3192 timebatjuxta
3454 3121 3540 3176 il-,

239 3207 323 3263 ire
349 3222 448 3277 per
471 3205 708 3279 singula,
740 3221 865 3262 cum
892 3204 1242 3260 Aristobolus
1269 3219 1300 3259 a
1330 3203 1594 3263 Romanis
1615 3214 1830 3276 captus,
1858 3188 1900 3247 (ἶ
1934 3203 2025 3260 lud
2053 3193 2396 3262 Salomonis:
2431 3225 2448 3257 ι
2474 3205 2587 3262 Rex
2613 3207 2856 3279 injustus
2891 3225 3084 3268 omnes
3106 3188 3390 3272 ministros
3415 3213 3519 3272 ha-

237 3299 346 3356 sub
363 3299 610 3354 custodia
629 3298 941 3365 duceretur,
961 3297 1192 3353 ducatus
1215 3294 1428 3352 Judaici
1445 3297 1598 3369 regni
1613 3299 1680 3353 ad
1705 3297 1830 3353 llir-

235 3407 439 3449 canum
471 3393 735 3463 pervenit.
775 3389 931 3445 Tunc
971 3404 1183 3444 memor
1215 3388 1464 3444 beneﬁcii
1506 3389 1576 3444 ab
1601 3388 1829 3462 Antipa-

235 3493 326 3539 tro
356 3483 458 3539 sibi
487 3483 692 3547 collati,
729 3497 855 3536 eum
908 3488 969 3534 ut
1010 3479 1250 3534 amicum
1297 3490 1350 3535 et
1381 3479 1591 3536 socium
1635 3481 1826 3546 coluit,

235 3574 296 3630 in
327 3584 560 3640 tantum,
589 3581 649 3627 ut
670 3571 1106 3643 procurationem
1135 3569 1368 3640 alicujus
1412 3572 1587 3642 partis
1611 3570 1826 3628 Iudaici

233 3668 391 3741 regni
441 3667 493 3723 ei
533 3666 762 3721 subesse
810 3662 1198 3719 committeret.
1247 3661 1450 3717 Habuit
1491 3679 1623 3718 vero
1680 3665 1825 3722 idem

232 3760 523 3831 Antipater
548 3771 778 3812 uxorem
803 3753 1064 3826 Lypidem
1097 3753 1340 3820 nomine,
1376 3769 1443 3809 ex
1472 3754 1706 3810 Arabico
1733 3771 1826 3827 ge-

234 3867 368 3907 nere
389 3860 592 3916 natam,
614 3864 682 3904 ex
703 3864 808 3919 qua
837 3847 1026 3902 habuit
1043 3845 1184 3902 duos
1207 3845 1368 3913 ﬁlics,
1391 3861 1627 3916 quorum
1655 3862 1825 3903 unum

234 3942 516 4009 Faselum,
542 3943 775 3998 alterum
794 3939 1070 3995 Herodem
1091 3937 1414 3994 nominavit.
1434 3937 1683 4010 Cumque
1702 3938 1826 3994 lon-

236 4052 306 4108 go
331 4035 616 4092 confectus
642 4034 795 4090 senio
822 4033 991 4087 vitam
1026 4031 1256 4099 ﬁnisset,
1289 4039 1614 4102 potestatem
1656 4047 1823 4104 quam

237 4126 308 4181 ab
331 4123 569 4180 llircano
597 4123 652 4178 in
674 4121 878 4179 Judaeis
900 4129 1205 4192 acceperat,
1229 4119 1434 4176 Herodi
1463 4120 1576 4175 ﬁlio
1614 4135 1716 4177 suo
1743 4136 1826 4177 re-

238 4218 419 4288 liquit.
471 4215 576 4284 Qui
625 4230 752 4271 cum
810 4215 1042 4271 callidus
1098 4221 1153 4268 et
1201 4221 1398 4269 cautus
1469 4223 1694 4269 strenue
1756 4228 1822 4270 ea

238 4325 361 4380 qua:
403 4307 471 4363 ad
526 4322 588 4363 se
636 4306 982 4377 pertinebant
1031 4319 1192 4377 agere
1242 4305 1544 4375 coepisset,
1594 4301 1820 4360 Hircani

238 4411 450 4472 neptem
483 4399 650 4454 ﬁliam
681 4397 978 4455 Aristoboli
1028 4397 1185 4452 duxit
1234 4397 1288 4451 in
1316 4411 1565 4452 uxorem.
1601 4393 1818 4469 (Βευλ.)

235 4491 372 4548 Cum
409 4505 541 4546 vero
577 4498 702 4562 post
731 4489 951 4562 aliquod
974 4497 1190 4559 tempus
1220 4487 1494 4546 Hircanus
1529 4489 1584 4543 in
1631 4487 1817 4560 praelia
1846 4531 1892 4588 Β

237 4583 379 4655 quod
407 4591 600 4638 contra
623 4581 835 4638 Arabas
866 4580 1129 4652 suscepit,
1156 4587 1350 4650 captus
1371 4587 1537 4646 esset,
1565 4579 1730 4634 etiam
1757 4579 1815 4634 in

237 4675 429 4731 exsilio
470 4674 725 4730 detentus
765 4683 869 4730 est.
907 4671 1064 4728 Tunc
1097 4672 1337 4743 primum
1382 4669 1623 4728 Herodes
1659 4670 1818 4744 quasi

236 4769 353 4824 vice
389 4767 537 4822 illius
576 4774 904 4838 potestatem
941 4765 1063 4835 ejus
1097 4764 1354 4819 obtinuit.
1394 4762 1498 4818 Sed
1524 4779 1648 4820 cum
1695 4771 1820 4834 post

239 4859 452 4930 aliquod
479 4866 693 4929 tempus
714 4856 985 4914 llircanus
1011 4857 1306 4926 amputatis
1336 4855 1562 4912 auribus
1587 4854 1818 4912 Judeam

237 4959 610 5018 reverteretur,
637 4949 917 5006 simulavit
940 4964 999 5005 se
1019 4949 1163 5004 idem
1185 4947 1428 5004 Herodes
1450 4964 1576 5004 eum
1599 4949 1654 5003 in
1683 4963 1819 5018 pace

239 5043 532 5114 suscipere.
573 5041 678 5097 Sed
728 5049 916 5113 postea
968 5054 1094 5094 cum
1133 5054 1261 5095 eum
1311 5037 1502 5094 fraude
1547 5047 1814 5106 necasset,

240 5135 606 5191 fraudulenter
637 5141 959 5205 potestatem
1003 5132 1153 5186 illius
1183 5133 1440 5188 obtinuit.
1475 5129 1543 5211 Et
1577 5132 1815 5202 primum

237 5241 268 5282 a
293 5223 461 5281 Casso
488 5223 862 5280 Romanorum
908 5223 1068 5292 duce,
1101 5232 1290 5294 postea
1322 5223 1390 5279 ab
1420 5223 1539 5295 ipso
1575 5223 1816 5294 impera-

239 5327 348 5373 tore
410 5325 676 5388 potestate
725 5325 968 5387 accepta,
1037 5332 1266 5388 regnum
1331 5316 1646 5372 .ludaeorum
1709 5315 1814 5372 sibi

230 5387 559 5515 :subjugavit.
593 5406 706 5462 Hac
737 5406 902 5478 igitur
935 5387 1326 5472 fraudulentia,
1352 5406 1566 5476 primus
1585 5421 1652 5461 ex
1682 5404 1817 5460 alie-

234 5497 438 5574 higenis
469 5500 712 5558 Herodes
744 5515 974 5571 regnum
1003 5497 1320 5554 Iudaeorum
1352 5497 1457 5553 sub
1490 5513 1590 5554 sua
1626 5506 1814 5554 custo-

231 5574 320 5651 'dia
361 5595 594 5667 accepit.
645 5593 766 5662 Quo
805 5601 1086 5665 regnante,
1119 5589 1382 5647 Dominus
1427 5600 1613 5646 noster
1652 5588 1812 5646 Jesus

220 5675 479 5779 Fbristus
499 5690 800 5748 secundum
821 5687 1120 5760 prophetas
1145 5685 1438 5757 praedictus
1462 5693 1621 5740 natus
1648 5685 1809 5779 estin

239 5780 538 5840 Bethlehem
585 5780 760 5850 Iudae,
819 5795 964 5836 anno
1011 5791 1141 5832 xm
1190 5775 1420 5848 Augusti
1463 5775 1714 5832 Caesaris.
1751 5773 1809 5830 In

1931 3293 2022 3350 bet
2045 3295 2244 3365 impios
2269 3295 2452 3366 (Prov.
2477 3298 2655 3370 XXIX).
2688 3317 2707 3352 ι

2007 3407 2027 3441 ι
2074 3387 2142 3443 Et
2163 3404 2502 3461 congregans
2530 3405 2724 3448 omnes
2768 3393 3041 3465 principes
3081 3397 3426 3456 sacerdotum
3463 3408 3517 3458 et

1929 3481 2141 3536 scribas
2167 3481 2356 3552 populi
2389 3483 2778 3539 sciscitabatur
2804 3485 2874 3541 ab
2898 3487 2980 3543 eis
3011 3487 3103 3543 ubi
3131 3488 3386 3548 Christus
3419 3508 3518 3550 na-

1928 3581 2194 3628 sceretur.
2243 3573 2314 3629 At
2363 3574 2440 3628 illi
2479 3575 2737 3632 dixerunt
2765 3578 2856 3633 ei:
2897 3577 2955 3633 In
2999 3578 3311 3638 Bethlehem
3339 3582 3516 3644 Judte.

1930 3661 2021 3720 Sic
2034 3667 2180 3721 enim
2195 3666 2301 3722 scri
2305 3676 2457 3738 ptum
2471 3677 2555 3724 est
2566 3684 2662 3740 per
2676 3671 2996 3742 pmphetam
3017 3693 3030 3728 :
3049 3673 3114 3729 Et
3127 3683 3182 3729 tu
3198 3675 3514 3738 Bethlehem

1927 3760 2071 3810 terra
2115 3754 2257 3812 Juda
2303 3773 2648 3829 nequaquam
2697 3762 2924 3818 minima
2968 3779 3029 3820 es
3074 3765 3128 3820 in
3173 3768 3516 3839 principibus

1925 3839 2085 3898 Juda.
2120 3843 2201 3898 Ex
2228 3855 2278 3901 te
2301 3848 2448 3902 enim
2464 3849 2610 3904 exiet
2627 3850 2737 3904 dux
2758 3859 2852 3922 qui
2875 3858 3301 3926 regatpopulum
3329 3875 3513 3918 meum

1925 3930 2112 3989 Israel.
2145 3953 2164 3986 ι
2200 3933 2513 3992 Bethlehem
2553 3939 2708 3994 vicus
2733 3942 2955 4010 quidem
2991 3944 3254 4002 minimus
3285 3957 3392 4012 est,
3419 3949 3514 4006 sed

1924 4039 2272 4098 nequaquam
2325 4027 2554 4083 minima
2591 4045 2650 4084 es
2677 4029 2732 4084 in
2770 4032 3108 4102 principibus
3145 4034 3308 4103 Juda,
3333 4038 3401 4106 ,id
3429 4049 3516 4096 est

1925 4115 1980 4170 in
2006 4117 2326 4172 excellentia
2351 4118 2635 4191 dignitatis
2659 4121 2972 4192 principum
2999 4123 3159 4179 Juda.
3187 4125 3244 4180 ln
3268 4143 3333 4182 ea
3357 4130 3508 4186 enim

1923 4217 2182 4264 nascetur
2194 4207 2464 4266 Salvator.
2494 4209 2609 4267 Hoc
2628 4212 3003 4268 testimonium
3029 4214 3254 4272 Micheae
3277 4219 3514 4290 prephe-

1924 4309 1992 4355 tae
2018 4308 2121 4368 est,
2159 4301 2252 4356 sed
2300 4303 2634 4373 evangelista
2677 4319 2832 4360 more
2875 4320 2980 4362 suo
3019 4309 3343 4365 sententiam
3381 4327 3512 4382 pro-

1920 4391 2098 4463 phetae
2123 4408 2348 4449 sumens
2374 4394 2533 4449 verba
2559 4403 2754 4451 mutat.

1997 4502 2017 4535 ι
2063 4482 2218 4540 Tunc
2262 4483 2505 4542 Herodes
2551 4487 2692 4542 clam
2726 4488 2936 4545 vocatis
2993 4488 3186 4561 Magis,
3223 4491 3510 4563 diligenter

1921 4573 2114 4628 didicit
2141 4574 2210 4629 ab
2251 4574 2332 4631 eis
2375 4584 2590 4646 tempus
2633 4577 2803 4632 stellae
2825 4594 2948 4649 qua:
2996 4580 3251 4651 apparuit
3297 4582 3398 4636 eis.
3439 4581 3508 4638 Et

1921 4667 2146 4723 mittens
2177 4667 2300 4724 illos
2325 4668 2383 4722 in
2403 4667 2721 4724 Bethlehem
2750 4670 2926 4728 dixit:
2963 4671 3061 4740 Ite,
3091 4683 3144 4727 et
3177 4673 3506 4745 interrogate

1919 4758 2208 4830 diligenter
2231 4760 2298 4814 de
2340 4775 2532 4830 puero,
2576 4769 2786 4816 etcum
2826 4763 3164 4829 inveneritis,
3197 4766 3508 4822 renuntiate

1919 4849 2079 4917 mihi,
2105 4859 2165 4906 ut
2187 4859 2242 4906 et
2281 4866 2382 4922 ego
2405 4852 2634 4907 veniens
2673 4853 2897 4908 adorem
2919 4869 3066 4908 eum.
3100 4871 3119 4906 ›
3146 4853 3504 4928 ϐιιεςοιιιυε.)

1918 4941 2154 5014 Cognito
2181 4943 2303 4998 loco
2345 4952 2400 4998 et
2447 4952 2692 5014 tempore
2735 4959 3027 5015 personam
3054 4947 3204 5016 pueri
3234 4964 3341 5002 non
3388 4949 3508 5006 vult

1918 5036 2192 5106 ignorare.
2222 5034 2466 5092 Herodes
2493 5037 2766 5108 signiﬁcat
2789 5037 3105 5108 hypocritas
3137 5037 3286 5093 aliud
3310 5038 3502 5094 dicen-

1916 5123 2000 5184 tes
2038 5136 2094 5184 et
2126 5127 2273 5183 aliud
2303 5129 2631 5200 cogitantes,
2655 5129 2752 5201 qui
2791 5130 2924 5185 dum
2965 5130 3088 5186 ﬁcte
3132 5130 3312 5187 Deum
3351 5148 3504 5204 qua?-

1915 5229 2066 5286 runt,
2096 5235 2379 5292 nunquam
2407 5221 2655 5278 invenire
2679 5232 2980 5278 merentur.

1992 5330 2013 5365 ι
2054 5309 2307 5380 Quicum
2332 5313 2615 5370 audissent
2637 5329 2819 5388 regem
2843 5315 3116 5372 abierunt.
3142 5314 3210 5371 Et
3230 5331 3356 5373 ecce
3378 5318 3494 5374 uel.
3547 5377 3550 5380 ,

1914 5405 1989 5475 la,
2016 5422 2180 5478 quam
2197 5408 2447 5464 viderant
2471 5409 2524 5464 in
2545 5407 2789 5478 Oriente,
2813 5411 3166 5467 antecedebat
3186 5425 3302 5478 eos,
3323 5407 3512 5483 usqut'

1913 5502 2044 5557 dum
2074 5501 2298 5558 veniens
2323 5511 2491 5558 staret
2514 5519 2678 5574 supra
2709 5504 2799 5559 ubi
2828 5513 2947 5559 erat
2973 5519 3162 5574 puer.»
3197 5502 3368 5574 Magis
3396 5520 3492 5576 ap~

1913 5593 2408 5666 propinquantibus
2437 5592 2855 5652 Hicrosolimam
2882 5595 3153 5664 disparuit
3175 5595 3496 5668 stella,quia

1913 5686 2226 5758 quicunque
2278 5685 2609 5757 propinquat
2651 5686 2720 5742 ad
2749 5686 3063 5758 hypocritas
3104 5695 3159 5742 et
3187 5685 3496 5757 ltmrcticos,

1915 5777 2007 5835 Dei
2036 5777 2210 5835 lucem
2242 5777 2461 5834 amittit.
2497 5777 2601 5835 Sed
2634 5787 2925 5850 postquam
2969 5777 3174 5834 recedit
3203 5778 3272 5834 ab
3297 5779 3380 5837 eis
3411 5781 3497 5838 di-
