3964 6466
497 402 604 456 807

1634 379 1961 437 WEBNERI
2001 375 2295 432 ABBATIS
2327 376 2389 431 Β.
2428 370 2650 428 ΒιΑδιι

3646 97 3924 465 καὶ

484 516 670 570 vinam
701 513 873 567 lucem
903 511 1201 575 recuperat,
1235 510 1294 557 ut
1322 499 1601 555 Christum
1633 497 1816 552 credat
1844 496 1912 551 de
1947 492 2067 548 Vir-
2096 497 2140 553 Α
2170 490 2369 561 prioris
2394 490 2519 544 vitae
2543 487 2835 544 abstinere.
2868 480 3377 575 (Caecouos).Per
3426 479 3586 575 aliam
3611 483 3736 541 viam

486 608 615 679 gine
650 613 858 659 natum.
898 598 1059 653 Stella
1093 595 1382 648 Dominum
1407 591 1725 646 discernens
1759 603 1868 643 non
1899 586 2073 642 tenuit

485 699 730 753 sidereas
775 692 912 755 vias,
946 688 1039 743 sed
1069 686 1216 741 domi
1246 685 1425 740 vicina
1462 682 1612 739 stetit
1640 697 1828 750 supra,
1859 679 2069 735 subau-

485 787 571 841 dis
599 785 776 838 locum
813 779 904 834 ubi
929 784 1047 832 erat
1077 792 1231 846 puer.
1266 772 1393 828 Haec
1423 772 1599 837 stella,
1633 781 1693 825 ut
1726 770 1803 824 ait
1833 768 2072 840 Fulgen-

484 875 617 937 tius,
648 862 928 940 nunquan't
963 876 1123 921 antea
1161 865 1415 936 apparuit
1455 878 1620 934 quam
1667 860 1838 930 Magis
1873 860 2072 929 praevia

481 971 789 1033 putaretur,
829 956 925 1013 sed
976 966 1106 1012 tunc
1153 964 1334 1012 creata
1383 961 1487 1019 est,
1535 964 1589 1007 et
1623 959 1846 1023 peracto
1894 949 2074 1005 oﬁicio

483 1070 619 1109 mox
656 1067 779 1107 esse
815 1049 1000 1104 desiit.
1809 1106 1813 1111 ξ

564 1163 584 1196 ι
631 1143 886 1199 Videntes
912 1151 1093 1197 autem
1125 1140 1338 1195 stellam
1368 1136 1507 1208 Magi
1543 1136 1715 1208 gavisi
1765 1140 1895 1189 sunt
1933 1150 2071 1203 gau-

484 1236 578 1290 dio
623 1248 824 1305 magno
865 1232 1044 1287 valde.
1078 1229 1143 1284 Et
1188 1230 1456 1284 intrantes
1485 1229 1709 1283 domum
1752 1224 2077 1280 invenerunt

485 1343 716 1398 puerum
746 1340 871 1380 cum
899 1322 1068 1378 Maria
1094 1330 1271 1376 matre
1300 1321 1440 1390 ejus,
1485 1329 1538 1374 et
1567 1317 1910 1389 procidentes
1940 1316 2074 1371 ado-

486 1426 746 1473 raverunt
771 1432 950 1471 eum.»
979 1413 1046 1468 Et
1068 1415 1334 1467 intrantes
1355 1412 1603 1476 domum,
1634 1409 1686 1464 id
1713 1417 1797 1463 est
1822 1408 2074 1463 diverso—

487 1512 655 1577 rium,
679 1510 825 1581 quod
850 1508 923 1563 Lu
935 1523 1028 1563 cas
1053 1513 1469 1567 commemorat,
1498 1504 1823 1558 invenerunt
1845 1515 2075 1571 puerum

488 1617 543 1661 et
575 1612 802 1659 matrem
833 1601 972 1671 ejus.
1007 1598 1210 1669 Joseph
1250 1606 1430 1652 autem
1460 1595 1666 1650 idcirco
1695 1601 1925 1659 tacetur,
1949 1591 2078 1661 quia

491 1697 702 1751 nullum
735 1696 802 1749 de
832 1692 1023 1748 ciliciis
1053 1691 1120 1746 ad
1165 1688 1452 1744 nutritium
1486 1684 1885 1757 pertinentibus
1924 1697 2077 1737 com-

493 1798 851 1845 memoratur.
908 1784 1009 1839 Vel
1067 1782 1319 1838 fortassis
1370 1796 1479 1835 non
1527 1779 1753 1843 aderat,
1814 1791 1885 1832 ne
1937 1774 2080 1829 male

2175 584 2241 638 ad
2273 583 2548 652 regionem
2581 588 2821 635 nostram
2853 576 3189 648 regredimur
3214 571 3549 640 obediendo,
3588 588 3618 627 a
3643 590 3739 646 qua

2175 672 2532 728 discessimus
2569 668 2948 725 inohediendo.

2176 783 2254 839 De
2281 801 2339 839 eo
2361 785 2498 855 quod
2543 783 2713 855 omnis
2755 789 2998 855 creatura
3040 780 3149 855 dici
3186 778 3355 855 possit
3395 776 3730 850 Theophania,

2554 854 2689 908 etde
2718 852 2886 905 tribus
2916 850 3363 920 apparitionibus.

2247 945 2601 1017 Theophania
2634 954 2718 1000 est
2764 943 3030 1014 apparitio
3056 942 3260 997 divina.
3291 940 3416 1012 Ipsa
3446 948 3532 996 est
3560 941 3735 998 simili-

2176 1044 2308 1097 tudo
2329 1041 2543 1108 divina,
2587 1041 2641 1095 in
2679 1053 2788 1109 qua
2834 1043 3056 1106 apparet
3083 1044 3138 1090 et
3177 1034 3566 1090 manifestatur
3593 1034 3733 1095 Deus.

2180 1132 2238 1190 Si
2277 1134 2403 1206 quis
2452 1147 2673 1187 omnem
2723 1136 3029 1185 creaturam
3080 1125 3495 1197 Theophaniam
3543 1127 3734 1196 dixerit,

2180 1246 2292 1288 non
2315 1229 2539 1285 errahit.
2579 1224 2933 1296 Theophania
2965 1222 3220 1293 potentia:
3258 1229 3345 1276 est
3383 1231 3735 1279 creaturarum

2184 1318 2528 1391 magnitudo.
2559 1315 2912 1386 Theophania
2938 1314 3216 1383 sapientiae
3233 1322 3609 1368 creaturarum
3639 1314 3738 1383 pul-

2179 1408 2452 1466 ehritudo.
2472 1406 2824 1476 Theophania
2847 1404 3107 1461 bonitatis
3130 1411 3507 1459 creaturarum
3530 1403 3736 1459 utilitas.

2180 1499 2373 1556 Omnis
2395 1507 2647 1556 creatura
2679 1498 2917 1568 aliquam
2969 1494 3386 1551 similitudinem
3432 1494 3594 1549 habet
3631 1512 3738 1551 cum

2183 1593 2440 1648 Domino.
2488 1590 2675 1646 Prima
2720 1589 3021 1645 similitudo
3056 1596 3326 1643 creaturae
3376 1586 3442 1641 ad
3474 1584 3640 1641 Deum
3668 1597 3743 1642 est

2183 1685 2330 1758 quod
2382 1693 2498 1750 est;
2546 1684 2808 1749 secunda,
2868 1681 3015 1752 quod
3063 1696 3170 1735 una
3215 1687 3331 1745 est;
3384 1680 3552 1745 tertia,
3602 1676 3742 1750 quod

2185 1795 2349 1834 omne
2371 1778 2518 1850 quod
2563 1785 2668 1855 est,
2704 1777 2759 1831 in
2790 1776 2895 1831 hoc
2919 1785 3023 1835 est.
3048 1775 3196 1846 quod
3237 1790 3404 1829 unum
3429 1784 3526 1829 est.
3559 1772 3744 1831 Sede!

493 1882 829 1952 suspicionis
859 1878 1077 1934 occasio
1105 1885 1265 1931 esset.
1303 1873 1369 1928 Et
1398 1871 1746 1943 procidentes
1778 1878 1887 1924 tam
1921 1883 2077 1922 men-
2113 1854 2158 1910 Β
2186 1872 2275 1927 his
2311 1888 2433 1942 qua:
2459 1854 2603 1937 sunt,
2638 1879 2692 1925 et
2719 1885 2886 1925 unum
2934 1878 3082 1934 sunt,
3120 1870 3224 1924 alia
3249 1884 3316 1923 ex
3349 1884 3456 1923 uno
3499 1876 3658 1937 sunt,
3690 1877 3745 1924 ut

496 1984 547 2030 te
570 1989 735 2046 quam
758 1986 987 2042 corpore
1008 1968 1284 2024 humiliter
1309 1966 1541 2021 adorant
1563 1964 1617 2018 in
1636 1977 1801 2018 carne
1821 1959 2081 2015 Verbum.

573 2086 590 2116 ι
639 2064 705 2120 Et
731 2063 936 2134 apertis
961 2061 1235 2116 thesauris
1272 2060 1392 2114 suis
1417 2057 1731 2113 obtulerunt
1756 2054 1807 2109 ei
1832 2068 2082 2119 munera,

495 2167 716 2223 altrum,
750 2157 876 2211 thus
901 2163 953 2210 et
975 2153 1276 2225 myrrham.
1310 2170 1330 2204 ο
1365 2150 1419 2204 ln
1451 2164 1587 2204 auro
1618 2162 1819 2217 regem,
1847 2147 1901 2201 in
1926 2146 2086 2200 thure

498 2249 690 2314 Deum,
729 2246 781 2301 in
813 2246 1037 2317 myrrha
1070 2244 1353 2298 mortalem
1381 2242 1640 2311 intelligo.
1676 2239 1887 2293 Aurum
1931 2254 2088 2293 nam-

497 2356 606 2412 que
639 2341 705 2395 ad
742 2339 1029 2404 tributum,
1066 2339 1195 2392 thus
1225 2336 1292 2390 ad
1345 2334 1700 2393 sacriﬁcium,
1747 2332 1971 2404 myrrha
2019 2331 2086 2386 ad

498 2431 839 2502 sepulturam
866 2430 1100 2500 pertinet
1126 2435 1491 2491 mortuorum,
1524 2424 1652 2495 quia
1688 2424 1825 2479 solet
1867 2422 2088 2494 myrrha

499 2525 713 2581 condiri
758 2538 825 2578 ne
878 2529 1212 2592 putrescant.
1262 2518 1639 2589 (GRECORIUS.)
1682 2514 1862 2571 Habes
1904 2515 2091 2585 itaque

499 2615 557 2670 in
605 2615 691 2670 his
758 2629 866 2668 non
913 2613 1181 2668 modicam
1250 2624 1530 2665 sacrorum
1586 2607 1990 2678 cognitionem,
2034 2605 2088 2659 in

502 2707 724 2763 homine
751 2704 964 2771 mortis,
999 2704 1052 2757 in
1080 2702 1193 2757 Deo
1230 2699 1674 2765 resurrectionis,
1705 2701 1759 2752 in
1790 2714 1917 2768 rege
1943 2697 2093 2767 judi-

500 2796 594 2863 cii,
623 2796 679 2851 in
719 2810 855 2850 auro
886 2808 1107 2864 quoque
1138 2790 1464 2862 sapientiam
1492 2789 1752 2860 intelligo,
1779 2797 1839 2842 ut
1873 2788 1950 2842 ait
1989 2786 2089 2842 Sa-

503 2892 722 2945 lomon:
753 2908 771 2939 r
810 2887 1129 2943 Thesaurus
1156 2883 1579 2948 desiderabitur,
1605 2881 1977 2951 requiescetin
1998 2893 2093 2935 ore

503 2980 769 3052 sapientis
794 2978 977 3050 (Prov.
1010 2977 1146 3046 xxi).
1180 2994 1198 3028 ι
1232 2973 1290 3029 1η
1321 2974 1482 3028 thure
1508 2973 1765 3027 virtutem
1804 2970 2090 3035 orationis,

503 3081 565 3129 ut
596 3072 725 3127 illud
754 3090 769 3126 :
812 3089 830 3123 ε
862 3070 1138 3141 Dirigatur
1168 3066 1345 3122 oratio
1372 3081 1494 3121 mea
1541 3065 1685 3120 sicut
1711 3064 1998 3119 incensum
2037 3063 2092 3117 in

2187 1965 2509 2019 naturaliter
2555 1963 2860 2034 simplicia;
2913 1963 3018 2016 alia
3049 1978 3115 2017 ex
3147 1962 3419 2032 pluribus,
3453 1970 3511 2016 ut
3542 1977 3743 2033 compo-

2188 2056 2312 2110 sita.
2339 2055 2431 2110 illa
2458 2065 2639 2110 autem
2673 2072 2794 2127 quae
2843 2063 2972 2110 sunt
3016 2063 3071 2109 et
3096 2070 3266 2109 unum
3297 2063 3445 2120 sunt,
3475 2065 3529 2108 et
3552 2069 3617 2108 ex
3650 2070 3743 2109 uno

2187 2158 2333 2212 sunt,
2367 2149 2539 2220 magis
2564 2146 2674 2203 Deo
2704 2147 2902 2202 similia
2936 2155 3094 2215 sunt,
3122 2146 3415 2217 pracipue,
3432 2147 3479 2201 si
3507 2146 3744 2203 unitatem

2187 2256 2343 2295 suam
2376 2256 2542 2311 quam
2574 2256 2638 2295 ex
2670 2240 2922 2310 pluribus
2948 2243 3054 2293 non
3088 2240 3374 2310 colligunt,
3392 2240 3460 2295 ad
3481 2240 3628 2309 plura
3647 2257 3744 2296 non

2187 2334 2489 2389 eﬁ'uudunt.
2506 2333 2664 2388 Tales
2687 2342 2815 2388 sunt
2836 2341 3042 2387 natura:
3057 2334 3352 2403 spiritales,
3371 2350 3492 2404 qua:
3512 2332 3668 2406 magis
3684 2332 3745 2389 ad

2189 2428 2601 2486 similitudinem
2620 2426 2713 2481 Dei
2729 2426 3145 2495 accedunt,quia
3166 2441 3343 2481 necex
3364 2426 3745 2496 pluribussunt,

2190 2508 2318 2593 quia
2349 2529 2477 2577 sunt
2502 2531 2696 2574 natura
2729 2518 3035 2589 simplicia;
3063 2533 3164 2573 nec
3187 2518 3343 2588 plura
3374 2535 3438 2573 ex
3465 2518 3619 2589 ipsis,
3638 2517 3748 2589 quia

2192 2630 2302 2669 non
2318 2620 2548 2684 possunt
2565 2627 2685 2666 esse
2709 2610 2959 2664 materia.
2991 2608 3047 2664 ln
3070 2612 3154 2666 his
3178 2612 3361 2682 posuit
3377 2609 3635 2666 Dominus
3658 2612 3750 2665 duo

2193 2707 2260 2762 ad
2291 2715 2542 2761 naturam
2567 2745 2583 2772 ,
2620 2704 2730 2759 duo
2751 2704 2818 2759 ad
2849 2702 3083 2758 formam
3118 2723 3131 2757 :
3165 2705 3332 2758 vitam
3370 2714 3424 2757 et
3451 2719 3666 2758 sensum
3691 2703 3749 2758 ad

2193 2807 2472 2866 naturam,
2494 2796 2862 2868 cognitionem
2888 2807 2942 2851 et
2959 2796 3306 2852 dilectionem
3325 2798 3390 2852 ad
3414 2794 3669 2862 ionnam;
3691 2795 3751 2849 ad

2194 2891 2361 2945 vitam
2379 2890 2768 2961 cognitionem,
2789 2890 2855 2945 ad
2879 2906 3100 2945 sensum
3118 2890 3485 2945 dilectionem.
3513 2888 3633 2945 Haec
3655 2889 3751 2944 duo

2195 2999 2473 3054 suprema,
2504 2991 2558 3037 et
2578 2981 2691 3037 Deo
2714 2983 2965 3053 proxima
3005 2992 3154 3050 sunt,
3182 2992 3237 3039 et
3261 2999 3520 3054 expressa
3549 2985 3711 3054 imago
3737 3003 3749 3037 :

2195 3074 2435 3143 cognitio
2457 3074 2703 3129 veritatis
2736 3083 2791 3129 et
2819 3090 2976 3129 amor
2998 3075 3240 3131 virtutis.
3287 3073 3560 3130 Praeterea
3588 3076 3754 3130 viden-

503 3172 801 3235 conspectu
848 3171 944 3217 tuo
986 3159 1174 3227 (Ρδιιι⁸
1227 3158 1381 3263 tm.)-
1419 3178 1438 3211 ι
1464 3157 1537 3263 1η
1570 3158 1807 3263 .mzrrh‘a
1853 3156 2091 3263 intelligi”
2118 3200 2165 3263 ρ
2195 3165 2325 3219 dum
2371 3173 2454 3219 est
2484 3164 2551 3219 de
2584 3165 2760 3219 tribus
2808 3164 3024 3222 indiciis
3065 3166 3269 3236 quibus
3313 3164 3570 3223 Christus
3613 3165 3755 3220 hodie

504 3264 707 3313 nostra:
725 3255 909 3311 carnis
932 3252 1428 3309 mortiﬁcationem.
1464 3249 1619 3306 Unde
1646 3250 1809 3305 illud:
1850 3267 1868 3301 ‹
1898 3247 2092 3303 Manus

504 3365 642 3406 meae
674 3348 1078 3405 distillaverunt
1121 3345 1399 3418 myrrham
1449 3344 1681 3415 primam
1723 3341 1904 3413 (Cant.
1936 3343 2015 3412 v).
2068 3360 2087 3394 ο

504 3440 757 3515 Mystice,
804 3441 973 3497 stellae
1001 3447 1155 3495 ortus
1179 3437 1414 3509 primum
1436 3451 1466 3491 a
1488 3435 1657 3507 Magis
1678 3435 1983 3489 intellectus
2009 3433 2096 3487 in-

504 3534 652 3590 dicat
700 3549 829 3589 mox
882 3543 1071 3604 gentes
1119 3532 1173 3586 in
1221 3531 1502 3585 Christum
1550 3527 1877 3583 crediturus.
1929 3525 2096 3581 Stella

504 3626 652 3682 enim
706 3641 805 3696 per
854 3625 1236 3695 propheticum
1289 3636 1602 3677 sermonem
1647 3620 1854 3675 Christi
1912 3628 2094 3675 ortum

505 3718 856 3775 conﬁtentem
889 3716 1182 3787 signiﬁcat.
1211 3713 1451 3770 Herodes
1488 3729 1623 3770 vero
1674 3712 1973 3778 diabolum,
2003 3712 2098 3783 qui

504 3810 727 3881 cognita
768 3808 873 3864 sibi
909 3808 1190 3864 nativitate
1214 3807 1563 3879 persequitur
1590 3821 1715 3862 eum
1746 3806 1800 3860 in
1837 3790 2099 3861 membris

506 3901 644 3958 suis.
689 3899 772 3954 Ad
802 3914 962 3970 quem
1010 3899 1148 3971 Magi
1199 3907 1450 3971 pergunt,
1501 3900 1631 3955 dum
1679 3899 1748 3954 ab
1793 3897 2097 3954 idololatria

505 4001 695 4063 gentes
732 3992 1014 4059 recedunt,
1043 4001 1095 4046 et
1129 3990 1196 4045 ad
1221 3991 1445 4047 domum
1478 3991 1533 4045 in
1565 4007 1675 4062 qua
1696 3990 1954 4047 Christus
1990 4000 2094 4059 est,

505 4082 560 4137 id
585 4091 667 4136 est
693 4082 758 4136 ad
782 4081 1119 4137 Catholicam
1146 4081 1449 4138 Ecclesiam
1474 4082 1816 4153 perveniunt.
1846 4081 1902 4136 1n
1927 4098 2093 4152 quam

503 4190 603 4246 per
633 4174 792 4230 ﬁdem
825 4174 1090 4230 intrantes
1121 4175 1446 4230 invenerunt
1472 4173 1751 4230 Christum
1781 4189 1904 4229 cum
1929 4173 2098 4229 Maria

506 4277 680 4322 matre
717 4266 857 4337 ejus.
897 4265 1101 4321 Christi
1156 4275 1330 4321 mater
1374 4266 1693 4336 intelligitur
1727 4265 1970 4321 ﬁdelium
2009 4281 2101 4320 so-

504 4359 695 4424 cictas,
738 4358 794 4413 in
831 4374 940 4428 qua
970 4357 1228 4413 Christus
1270 4373 1367 4427 per
1411 4357 1572 4413 ﬁdem
1615 4357 1844 4413 habitat.
1881 4356 2099 4428 Apertis

507 4449 806 4517 thesauris,
848 4450 903 4504 id
946 4458 1031 4503 est
1075 4449 1379 4503 litterarum
1428 4448 1646 4518 peritia,
1693 4449 2012 4504 obtulerunt
2048 4447 2100 4503 ci

2194 3272 2457 3328 apparere
2492 3257 2686 3311 voluit.
2715 3257 2854 3313 Cum
2881 3257 3108 3313 Creator
3138 3258 3302 3323 olim,
3338 3257 3541 3313 fratres
3567 3257 3756 3313 charis-

2196 3346 2343 3413 simi,
2372 3345 2605 3402 formam
2630 3346 2771 3402 servi
2803 3362 2904 3417 pro
2932 3347 3105 3403 servis
3133 3347 3430 3418 accipiens,
3460 3347 3684 3403 latenter
3708 3344 3758 3399 in

2196 3437 2465 3492 mundum
2510 3437 2784 3504 venisset,
2828 3437 3001 3492 voluit
3029 3454 3088 3494 se
3141 3438 3319 3495 tribus
3364 3438 3530 3493 hodie
3566 3437 3759 3491 indiciis

2197 3529 2514 3586 hominibus
2540 3529 2938 3585 demonstrare.
2960 3528 3128 3585 llodie
3151 3531 3298 3586 enim
3327 3532 3380 3585 in
3410 3530 3710 3587 Bethlehem
3731 3546 3760 3585 a

2197 3619 2368 3693 Magis
2397 3632 2481 3678 est
2509 3622 2773 3677 adoratus
2799 3621 3020 3693 (Matth.
3047 3623 3131 3693 ιι).
3169 3620 3345 3678 Hodie
3385 3639 3417 3678 a
3465 3622 3676 3679 Joanne
3711 3622 3761 3676 in

2197 3711 2434 3769 Jordaue
2478 3713 2787 3783 baptizatus
2826 3722 2911 3768 est
2959 3712 3113 3783 (Luc.
3164 3714 3273 3785 in).
3343 3714 3518 3770 Hodie
3566 3716 3620 3770 in
3671 3730 3766 3770 nu-

2198 3804 2329 3876 ptiis
2382 3806 2685 3861 mutatione
2741 3821 2901 3878 aquae
2958 3806 3013 3861 in
3070 3807 3263 3863 vinum
3320 3808 3653 3865 clariﬁcatus
3693 3818 3766 3865 est

2203 3895 2389 3970 (Joan.
2432 3896 2517 3969 ιι).

2271 3988 2456 4045 Prima
2485 3989 2856 4047 manifestatio
2884 3989 3028 4048 facta
3065 4001 3150 4049 est
3181 3994 3234 4049 in
3260 3994 3439 4064 primo
3461 4009 3617 4051 anno
3643 3994 3769 4051 nati-

2201 4081 2389 4137 vitatis
2418 4099 2564 4151 suaa;
2603 4086 2862 4148 secunda,
2913 4087 2969 4140 in
3010 4087 3324 4155 tricesimo;
3383 4089 3438 4144 in
3483 4092 3667 4155 tertia,
3721 4090 3771 4144 in

2201 4173 2453 4245 sequenti
2490 4190 2635 4230 anno
2659 4187 2780 4247 post
2814 4178 3150 4235 tricesimum
3191 4197 3419 4237 annum.
3452 4181 3649 4239 Divina
3674 4184 3774 4237 dis-

2199 4266 2474 4336 positione
2491 4268 2575 4322 ha:
2602 4276 2712 4325 tres
2735 4269 3202 4327 manifestationes
3231 4275 3422 4328 eodem
3447 4275 3539 4330 die
3566 4274 3774 4330 diversis

2202 4358 2362 4413 annis
2406 4359 2771 4428 contigerunt.
2828 4358 2933 4417 Sed
2976 4362 3141 4418 modo
3188 4363 3258 4419 de
3306 4366 3488 4436 prima
3542 4382 3772 4437 agamus.

2202 4447 2387 4504 Voluit
2407 4465 2645 4520 namque
2673 4449 2941 4509 Dominus
2971 4457 3291 4512 05tcnsione
3321 4473 3476 4513 nova:
3503 4460 3671 4515 stella:
3694 4459 3782 4515 tri-

507 4548 661 4595 terna
703 4555 955 4606 munera,
988 4539 1197 4594 scilicet
1227 4538 1531 4611 physicam,
1556 4539 1814 4611 logicam.
1837 4540 2095 4606 ethicam,
2129 4565 2174 4621 ι)
2201 4541 2306 4597 bus
2357 4541 2529 4615 Magis
2578 4542 2631 4597 in
2662 4541 2917 4601 Chaldaeo
2983 4549 3177 4616 positis
3234 4550 3581 4606 nativitatem
3638 4566 3781 4606 suam

508 4631 593 4685 vel
624 4632 933 4696 historiam,
978 4631 1314 4701 allegoriam,
1341 4633 1725 4704 tropologiam,
1769 4632 1853 4687 vel
1895 4641 2098 4687 sancta:

510 4718 798 4777 Trinitatis
842 4719 1025 4775 ﬁdem.
1076 4718 1309 4776 Nomina
1359 4730 1540 4777 autem
1590 4723 1755 4777 trium
1815 4721 2098 4793 Magorum

510 4810 776 4868 Hebraice
820 4812 1121 4882 Appellius,
1163 4813 1418 4878 Amerus,
1452 4812 1773 4870 Damascus.
1818 4812 2100 4885 Appellius

512 4903 898 4974 interpretatur
927 4905 1121 4976 ﬁdelis.
1146 4904 1381 4962 Amerus
1406 4905 1646 4974 humilis,
1671 4906 1975 4964 Damascus
1999 4908 2101 4963 mi-

510 4995 771 5059 sericors;
795 4993 982 5050 Graeca
1006 5004 1185 5051 autem
1212 4997 1396 5067 lingua
1408 4999 1585 5053 vocati
1604 5006 1733 5053 sunt
1756 5018 1769 5053 :
1796 4997 2097 5071 Magalach,

510 5083 828 5154 Calgalach,
848 5084 1095 5141 Saracin.
1121 5086 1419 5159 Malgalach
1445 5090 1834 5160 interpretatur
1860 5093 2097 5159 nuntius,

513 5176 808 5248 Galgalach
833 5178 1068 5246 devotus,
1096 5178 1322 5235 Saracin
1351 5183 1549 5252 gratia.

592 5288 611 5320 ε
658 5267 725 5323 Et
753 5285 1018 5339 responso
1058 5281 1283 5343 accepto
1310 5273 1367 5327 iu
1399 5273 1611 5328 somnis
1654 5289 1723 5328 ne
1769 5273 2008 5331 redirent
2033 5276 2103 5332 ad

514 5359 806 5429 Herodem,
841 5379 938 5433 per
966 5364 1127 5419 aliam
1162 5365 1308 5420 viam
1337 5366 1543 5420 reversi
1570 5376 1698 5422 sunt
1732 5368 1788 5422 in
1823 5369 2101 5440 regionem

515 5468 695 5510 suam.
730 5474 748 5508 ι
786 5453 883 5510 Pio
911 5455 1105 5512 aﬁ’ectu
1148 5456 1524 5513 desiderantes
1567 5458 1700 5529 quid
1732 5460 1916 5516 divina
1938 5461 2103 5532 jube-

513 5546 889 5613 ret‘voluntas,
917 5548 1193 5618 accipiunt
1214 5563 1540 5619 responsum
1572 5565 1677 5606 non
1705 5566 1801 5621 per
1827 5553 2102 5624 angelum,

513 5636 610 5692 sed
651 5651 684 5693 a
723 5636 958 5692 Domino
1008 5639 1271 5694 divinitus
1312 5639 1637 5709 educentur,
1675 5659 1744 5698 ne
1776 5643 2002 5698 redeant
2037 5644 2106 5699 ad

512 5725 806 5784 Herodem.
841 5728 1167 5803 (HILARIUS).
1217 5730 1276 5786 In
1332 5748 1443 5802 quo
1472 5733 1832 5792 admonemur
1887 5752 2106 5793 omnem

515 5818 745 5873 salutem
788 5829 844 5875 et
883 5837 1036 5892 spem
1082 5822 1139 5877 in
1179 5823 1401 5880 Christo
1446 5825 1651 5895 locare,
1700 5836 1755 5884 et
1789 5829 1859 5885 ab
1898 5830 2096 5888 itinere

2202 4635 2509 4689 ostendere.
2548 4634 2797 4706 Cumque
2831 4638 2990 4708 periti
3021 4649 3297 4696 astrorum
3340 4652 3397 4697 et
3431 4659 3633 4699 novam
3667 4643 3783 4698 stel-

2200 4726 2311 4780 lam
2337 4742 2603 4798 apparere
2628 4728 2894 4797 viderent,
2924 4730 3043 4801 ejus
3070 4733 3267 4802 peritia
3299 4734 3439 4791 artis
3474 4746 3663 4791 ortum
3703 4750 3790 4789 no-

2198 4833 2329 4873 vum
2370 4832 2552 4888 regem
2588 4817 2975 4875 intellexerunt
3001 4820 3224 4892 (Matth.
3254 4825 3338 4893 ιι).
3375 4824 3480 4880 Sed
3505 4829 3645 4897 quia
3676 4825 3788 4897 qui-

2201 4908 2328 4962 dam
2362 4907 2626 4979 propheta
2658 4909 2846 4965 multis
2875 4918 3001 4965 ante
3029 4914 3369 4983 temporibus
3389 4915 3624 4973 Balaam
3656 4913 3791 4986 apud

2201 5015 2297 5056 eos
2323 5000 2650 5070 praedixerat
2675 5018 2689 5054 :
2730 5019 2748 5052 ι
2771 4999 2989 5056 Orietur
3012 5003 3166 5057 stella
3189 5020 3255 5059 ex
3277 5003 3451 5062 Jacob
3472 5048 3491 5072 ,
3516 5018 3575 5062 et
3605 5022 3792 5062 exsur—

2202 5099 2292 5163 get
2317 5092 2400 5146 vir
2423 5091 2490 5146 de
2514 5091 2678 5147 Israel
2710 5091 2901 5164 (Num.
2935 5097 3109 5167 xxiv),
3131 5115 3151 5148 ι
3178 5112 3303 5152 cum
3327 5100 3647 5155 mirabilem
3677 5099 3798 5155 stel-

2202 5184 2313 5238 lam
2360 5201 2463 5240 nec
2488 5186 2585 5240 ulli
2613 5188 3038 5257 comparabilem
3086 5191 3489 5261 conspicerent,
3521 5194 3709 5259 illum,
3736 5193 3798 5246 de

2203 5291 2314 5345 quo
2337 5274 2557 5331 Balaam
2585 5279 3057 5349 pronuntiaverat,
3110 5292 3301 5337 natum
3330 5282 3503 5341 fuisse
3549 5284 3800 5341 credide-

2204 5377 2354 5424 runt.
2392 5368 2631 5425 Veniunt
2653 5379 2836 5426 autem
2867 5370 3051 5427 divina
3097 5373 3459 5445 inspiratione
3506 5378 3573 5434 in
3613 5375 3800 5433 Hieru-

2205 5460 2397 5527 salem,
2429 5476 2553 5531 quae
2576 5463 2893 5533 metropolis
2917 5473 3036 5519 erat
3058 5461 3232 5521 Iudae.
3275 5466 3579 5525 Divertunt
3608 5470 3683 5525 ad
3705 5468 3803 5522 Be-

2204 5555 2415 5624 rodem,
2459 5567 2713 5628 quaerunt
2750 5557 2818 5613 de
2859 5576 3052 5631 puero.
3094 5559 3346 5633 Cumque
3388 5562 3710 5620 diuerteret
3740 5563 3802 5617 ad

2206 5645 2782 5721 Herodem,disparuit
2801 5653 2882 5710 eis
2912 5654 3087 5709 stella.
3113 5652 3354 5713 Herodes
3375 5663 3574 5712 autem
3604 5674 3809 5712 vocans

2210 5737 2431 5795 Scribas
2481 5740 2831 5814 interrogavit
2889 5746 2982 5802 ubi
3040 5745 3286 5814 Messias,
3337 5749 3428 5819 qui
3476 5752 3809 5818 promissus

2209 5840 2327 5888 erat
2351 5832 2405 5888 in
2437 5830 2573 5904 lege,
2603 5835 2915 5894 nasciturus
2937 5847 3101 5895 esset.
3152 5837 3349 5894 Dicunt
3374 5840 3423 5895 ei
3469 5856 3487 5893 :
3544 5840 3616 5896 In
3648 5841 3815 5898 Beth-
