3964 6452
218 420 315 477 809

1158 423 1731 482 DEFLOMTIONES
1769 424 1872 482 ss.
1912 421 2222 481 PATRUM.
2260 393 2333 464 J—
2364 421 2494 481 Lm.
2532 424 2573 481 l.

3398 433 3504 489 8l0

222 537 413 591 lehem.
456 534 711 593 Herodes
741 538 926 609 igitur,
952 551 1076 591 cum
1102 548 1248 594 esset
1278 539 1580 611 alienigena
1601 581 1616 604 ,
1640 546 1695 593 et
1725 554 1811 593 re-
1840 545 1887 600 Α
1919 535 2159 593 Herodes
2190 536 2461 592 diabolus.
2487 537 2567 591 Ad
2591 550 2754 607 quem
2782 537 2876 609 qui
2901 539 3119 598 divertit
3140 543 3344 601 amisso
3370 562 3504 603 vero

224 643 381 702 gnum
405 626 618 685 Iudaeae
648 630 795 685 dono
836 628 1210 685 Romanorum
1249 631 1451 702 injuste
1484 630 1807 701 possideret,

226 720 477 793 cogitavit
519 736 637 792 quo
676 737 906 793 puerum
946 731 1132 793 posset
1159 723 1442 790 occidere,
1494 724 1695 779 timens
1727 736 1798 777 ne

226 827 447 884 regnum
484 813 788 868 amitteret.
852 811 973 868 Non
1013 821 1098 870 est
1142 814 1310 886 igitur
1354 830 1522 870 ausus
1572 814 1651 870 ire
1682 830 1808 870 cum

231 904 389 975 Magis
418 904 486 958 ad
513 906 871 975 quaerendum
906 922 1159 978 puerum,
1184 922 1253 962 ne
1287 916 1543 977 parentes
1578 922 1807 976 puerum

233 998 587 1063 occultarent,
625 1014 750 1053 cum
798 999 1089 1054 adventum
1137 998 1282 1071 regis
1338 999 1609 1053 audirent.
1668 998 1811 1054 Prmo

234 1091 369 1161 cepit
397 1104 532 1158 ergo
581 1088 763 1159 Magis
798 1091 1085 1162 diligenter
1109 1106 1342 1162 puerum
1375 1090 1673 1162 inquirere,
1705 1090 1809 1148 sibi

232 1182 563 1247 renuntiare,
595 1190 650 1236 et
673 1183 746 1237 ait
776 1197 836 1238 se
878 1184 1013 1238 velle
1057 1198 1182 1238 eum
1213 1186 1465 1239 adorare.
1516 1182 1812 1240 Discedunt

230 1273 383 1344 Magi,
412 1274 632 1329 videtur
661 1275 859 1329 iterum
889 1275 1067 1331 stella.
1118 1274 1400 1331 Laetamur
1438 1285 1493 1331 ct
1516 1291 1579 1331 ea
1611 1278 1809 1347 praevia

228 1363 451 1420 veniunt
473 1365 528 1418 in
558 1363 900 1420 Bethlehem.
929 1363 1095 1420 Stella
1133 1381 1265 1422 vero
1294 1382 1405 1421 non
1435 1378 1553 1422 erat
1587 1368 1642 1422 in
1671 1369 1825 1423 caelo.

228 1458 361 1522 fixa,
396 1456 492 1513 sed
533 1455 587 1511 in
624 1472 751 1512 aere
796 1456 1081 1527 pendebat.
1123 1457 1372 1515 Ostendit
1415 1475 1545 1532 ergo
1586 1460 1810 1516 domum

226 1546 512 1603 manifeste
560 1549 653 1602 ubi
711 1558 828 1603 erat
874 1562 1025 1618 puer.
1088 1548 1241 1606 More
1300 1561 1482 1607 autem
1517 1550 1810 1607 Persarum

228 1641 456 1697 offerunt
481 1654 711 1696 munera
746 1683 762 1708 ,
796 1654 1138 1699 sacramento
1169 1653 1280 1698 tam
1322 1659 1587 1717 congrua,
1614 1660 1811 1700 aurum

227 1732 451 1799 scilicet,
465 1731 594 1786 thus
608 1741 663 1786 et
686 1734 985 1804 myrrham.
1003 1732 1153 1788 Auro
1166 1749 1370 1805 regem,
1393 1736 1551 1790 thure
1571 1734 1737 1791 Deum
1760 1745 1814 1791 et

225 1827 561 1891 sacerdotem
586 1868 601 1893 ,
649 1826 870 1898 myrrha
917 1828 1201 1882 mortalem
1239 1829 1631 1900 signiﬁcantes.
1674 1830 1813 1887 Ecce

221 1921 397 1990 prima
433 1919 723 1989 apparitio.

288 2011 349 2067 In
377 2012 661 2083 trigesimo
709 2024 837 2066 vero
885 2026 1032 2065 anno
1070 2012 1221 2067 venit
1271 2013 1337 2068 ad
1396 2012 1684 2078 Joannem,
1718 2013 1810 2084 qui

215 2102 536 2174 baptizabat
588 2118 697 2157 non
755 2102 810 2157 in
861 2103 1187 2160 remissione
1235 2114 1582 2174 peccatorum
1645 2105 1808 2176 (Luc.

215 2196 327 2265 tu),
370 2196 470 2251 sed
524 2196 578 2251 in
617 2194 1016 2266 praeparatione
1065 2195 1414 2266 baptismatis
1462 2197 1690 2264 Christi,
1752 2205 1813 2251 ut

213 2290 475 2344 homines
500 2289 771 2344 mansueti
799 2290 1280 2344 nouahhorrerent
1304 2289 1634 2360 baptismum
1652 2289 1813 2343 Chri-

208 2381 302 2435 sti.
327 2380 586 2451 Cumque
600 2395 757 2451 aqute
781 2383 933 2451 prius
962 2382 1245 2437 abluerent
1261 2395 1511 2451 corpora,
1535 2381 1813 2437 voluiteas

208 2474 593 2539 sanctificare,
627 2483 686 2529 ut
710 2484 1035 2545 potestatem
1076 2475 1378 2530 mundaudi
1410 2476 1626 2530 animas
1652 2474 1816 2530 habe-

204 2576 357 2621 rent.
400 2565 569 2621 Jesus
607 2582 739 2638 ergo
773 2567 1082 2622 immunisa
1105 2576 1330 2638 peccato
1360 2567 1627 2638 baptizari
1657 2569 1809 2640 petit,

208 2672 270 2714 ut
320 2675 532 2731 aquam
576 2660 981 2724 sanctiﬁcaret,
1028 2668 1084 2716 et
1144 2660 1463 2717 hominibus
1501 2663 1810 2733 exemplum

203 2754 391 2806 daret.
428 2749 510 2804 Eo
538 2750 815 2820 baptizata
836 2751 1009 2821 aperti
1042 2760 1171 2807 sunt
1201 2752 1357 2819 coeli,
1382 2761 1437 2807 et
1469 2753 1605 2808 vidit
1637 2753 1812 2825 Spiri-

205 2845 382 2899 ritum
426 2843 486 2897 in
511 2845 747 2914 speciem
785 2842 1053 2898 columbae
1099 2842 1517 2900 descendentem
1547 2861 1711 2916 super
1730 2862 1809 2914 se,

203 2945 256 2990 ct
283 2952 395 2989 vox
430 2934 611 2990 Patris
654 2936 842 2991 audita
871 2944 957 2991 est
987 2954 1001 2991 :
1042 2954 1062 2988 ι
1094 2936 1193 2992 llic
1227 2946 1314 2993 est
1341 2937 1516 2995 Filius
1546 2955 1701 2995 meus
1729 2941 1813 2995 di-

204 3030 391 3084 lectus
431 3028 489 3082 in
521 3044 632 3099 quo
660 3028 796 3082 mihi
829 3030 966 3086 bene
1009 3029 1321 3100 complacui
1349 3030 1553 3099 (ibid.).
1593 3048 1612 3082 ι
1672 3030 1813 3088 Ecce

205 3119 468 3175 secunda
513 3120 929 3175 demonstratio.
976 3119 1033 3175 ln
1062 3120 1313 3191 sequenti
1350 3136 1480 3176 vero
1502 3137 1646 3176 anno
1673 3122 1812 3177 invi-

1843 1886 1887 1942 Β

1913 628 2123 683 lumine
2157 640 2482 697 cxcaccatur,
2520 644 2683 699 quem
2714 630 2809 700 qui
2839 631 3060 701 deserit,
3087 635 3268 691 statim
3308 654 3500 695 verum

1912 722 2097 776 lumen
2122 722 2313 795 recipit
2336 724 2483 793 quod
2511 723 2792 778 amiserat.
2836 722 3043 781 Domus
3090 728 3181 783 ubi
3217 745 3354 800 puer
3381 738 3503 787 erat

1914 812 2190 883 signiﬁcat
2244 813 2566 870 Ecclesiam.
2624 812 2951 887 Quicunque
3000 828 3183 876 autem
3243 833 3501 893 quaerunt

1912 906 2219 975 Christum,
2249 908 2303 962 in
2331 907 2573 963 Ecclesia
2603 922 2728 963 eum
2760 907 3047 966 inveniunt
3077 932 3089 968 :
3115 914 3189 969 ibi
3213 930 3339 970 eum
3365 917 3501 973 ado—

1915 1008 2042 1054 rant
2070 1009 2125 1055 et
2149 1000 2357 1055 colunt.
2383 998 2608 1056 lnvento
2629 1008 2813 1056 autem
2837 1002 3059 1059 Christo
3082 1045 3096 1072 ,
3142 1006 3273 1077 quid
3302 1008 3501 1065 offerre

1913 1090 2210 1145 debeamus
2239 1091 2293 1144 in
2319 1090 2643 1145 muneribus
2658 1105 2849 1145 eorum
2874 1091 3187 1150 didicimus.
3218 1094 3498 1168 Myrrham

1913 1181 2415 1255 videlicet.Myrrha
2429 1184 2691 1253 competit
2719 1185 2951 1239 mortuis
2980 1186 3107 1255 quia
3134 1188 3501 1244 amaritudine

1911 1273 2034 1344 ejus
2059 1289 2275 1330 vermes
2299 1275 2747 1347 exstinguuntur.
2804 1274 2981 1331 Homo
3011 1286 3194 1332 autem
3232 1281 3501 1335 accedens

1916 1367 1983 1421 ad
2015 1365 2338 1433 Ecclesiam,
2363 1366 2695 1422 mortificare
2742 1368 2903 1423 debet
2932 1385 3151 1425 carnem
3182 1387 3309 1427 cum
3349 1372 3501 1428 vitiis

1913 1459 2457 1529 etconcupiscentiis,
2482 1476 2550 1514 ne
2570 1476 2783 1517 vermes
2804 1470 3152 1531 peccatorum
3177 1474 3498 1524 nascantur.

1918 1548 2221 1606 Exstinctis
2248 1549 2398 1605 vitiis
2440 1549 2749 1606 necessaria
2793 1560 2877 1607 est
2903 1553 3080 1608 oratio
3100 1570 3222 1625 quae
3252 1572 3348 1626 per
3373 1557 3503 1613 thus

1917 1639 2279 1711 signiﬁcatur,
2320 1656 2443 1710 quae
2472 1640 2727 1711 impetrat
2757 1642 2994 1697 veniam.
3020 1642 3096 1699 De
3126 1661 3237 1716 quo
3262 1647 3459 1703 dicitur
3484 1665 3499 1703 :

1915 1728 2194 1801 Dirigatur
2230 1732 2425 1798 oratio,
2451 1740 2555 1786 etc.
2587 1732 2761 1804 (Paul.
2786 1732 2931 1804 CXL).
2972 1753 2992 1785 ι
3038 1733 3166 1791 Inde
3195 1747 3503 1807 sequuntur

1916 1836 2082 1893 Opera
2116 1822 2421 1890 charitatis,
2445 1840 2566 1894 quae
2596 1841 2693 1895 per
2721 1841 2916 1880 aurum
2945 1826 3322 1898 designantur.
3346 1828 3502 1886 Sicut

1915 1914 2060 1968 enim
2086 1914 2296 1971 caneris
2324 1917 2559 1971 metallis
2589 1917 2865 1986 praevalet,
2890 1918 2969 1973 sic
2989 1918 3131 1974 inter
3144 1929 3367 1976 cteteras
3389 1922 3501 1976 vir-

1915 2013 2061 2061 tutes
2119 2006 2363 2062 charitas
2403 2007 2681 2077 prmeellit.
2733 2008 2853 2080 Ipsa
2909 2018 2994 2065 est
3042 2027 3279 2083 namque
3325 2015 3502 2085 pleni-

1915 2097 2047 2153 tudo
2074 2097 2228 2170 legis.
2272 2096 2399 2154 lltec
2440 2100 2545 2154 tria
2589 2099 2756 2171 igitur
2784 2103 3095 2159 necessaria
3123 2114 3291 2160 sunt:
3321 2108 3503 2177 poenia-

1914 2191 2083 2245 tentia
2111 2205 2232 2260 quae
2253 2206 2350 2261 per
2374 2191 2677 2262 myrrham,
2714 2193 2892 2248 oratio
2926 2210 3048 2265 qum
3074 2211 3170 2265 per
3192 2197 3341 2265 thus,
3364 2200 3501 2255 cha-

1915 2282 2050 2337 ritas
2075 2298 2198 2354 qua:
2221 2298 2317 2353 per
2346 2299 2542 2338 aurum
2570 2284 2929 2357 significatur.
2962 2287 3020 2343 In
3052 2293 3291 2346 secunda
3316 2302 3500 2348 autem

1915 2373 2356 2429 manifestatione
2389 2384 2518 2430 sunt
2544 2385 2768 2431 ostensa
2799 2392 3145 2436 sacramenta
3177 2392 3378 2439 nostrae
3405 2402 3500 2440 εει-ο

1916 2463 2064 2519 lutis.
2096 2463 2283 2520 Voluit
2325 2466 2469 2521 enim
2502 2467 2555 2521 in
2584 2482 2644 2523 se
2673 2470 2983 2536 ostendere,
3028 2472 3159 2526 dum
3185 2473 3496 2544 baptizare-

1916 2564 2027 2623 tur,
2071 2557 2202 2628 quid
2228 2557 2517 2629 baptizatis
2539 2557 2905 2616 conferretur.
2936 2560 3166 2629 Quando
3200 2566 3401 2637 aliquis
3441 2567 3500 2624 in

1917 2648 2191 2719 baptismo
2241 2659 2616 2721 regeneratur,
2670 2653 2745 2708 ibi
2792 2662 2900 2708 tota
2930 2653 3172 2711 Trinitas
3216 2669 3494 2729 Operatur.

1918 2740 2074 2797 Unde
2108 2751 2219 2797 tota
2257 2742 2498 2799 Trinitas
2551 2754 2772 2800 ostensa
2807 2754 2912 2813 est,
2964 2746 3057 2801 ubi
3100 2748 3356 2807 Christus
3402 2753 3500 2808 ba-

1916 2834 2155 2904 ptizatus
2184 2843 2287 2889 est.
2332 2834 2503 2891 Filius
2530 2846 2646 2891 erat
2676 2837 2731 2891 in
2756 2836 2998 2906 Christo,
3044 2837 3283 2911 Spiritus
3314 2843 3367 2897 in
3402 2859 3500 2900 co-

1916 2926 2122 2994 lumba,
2162 2925 2335 2994 .Pater
2360 2928 2415 2982 in
2446 2944 2578 2983 voce
2602 2944 2661 2984 se
2697 2930 2977 2985 revelavit.
3039 2931 3279 3003 Spiritus
3306 2935 3361 2991 iu
3404 2952 3500 2991 co-

1915 3018 2100 3079 lumba
2128 3020 2382 3091 apparuit
2407 3021 2626 3091 (Matth.
2661 3024 2770 3094 Ill),
2795 3025 2923 3096 quia
2962 3026 3214 3083 columba
3255 3036 3340 3083 est
3379 3030 3497 3085 avis

1914 3125 2127 3182 magum
2156 3112 2540 3183 simplicitatis.
2583 3112 2690 3169 Per
2744 3115 2888 3171 hanc
2923 3126 3104 3172 autem
3153 3135 3306 3175 avem
3336 3120 3497 3178 inno-

204 3220 365 3267 tatus
386 3219 478 3266 est
503 3213 571 3266 ad
594 3212 832 3282 nuptias;
853 3212 1273 3279 defccitvinum,
1288 3213 1455 3284 jussit
1483 3214 1694 3285 impleri
1713 3230 1807 3270 sex
1836 3225 1877 3281 (ι
1912 3206 2149 3260 centiam
2171 3207 2343 3261 voluit
2367 3206 2674 3278 signiﬁcare
2701 3225 2865 3279 quam
2897 3210 3109 3267 confert
3138 3216 3492 3285 regeneratis.

208 3303 445 3375 hydrias
488 3317 663 3373 aqua,
702 3311 759 3357 et
785 3303 1019 3359 mutavit
1045 3320 1244 3376 aquam
1293 3304 1347 3359 in
1369 3305 1581 3360 vinum.
1617 3303 1676 3359 Et
1704 3305 1807 3361 hoc

208 3394 315 3451 fuit
350 3394 576 3449 initium
611 3395 918 3465 signorum.
963 3393 1061 3451 llis
1099 3395 1278 3450 tribus
1334 3395 1582 3461 indiciis,
1613 3395 1809 3452 fratres

209 3485 559 3549 charissimi,
601 3484 975 3541 manifestavit
1020 3501 1078 3541 se
1104 3485 1360 3541 Christus
1405 3487 1641 3553 mundo,
1673 3496 1725 3541 et
1755 3487 1807 3540 in

215 3578 486 3633 omnibus
514 3576 659 3633 Deus
686 3578 959 3647 apparuit.
987 3577 1045 3632 1n
1071 3578 1269 3648 primo,
1297 3578 1557 3633 adoratur
1579 3594 1609 3632 a
1641 3577 1811 3649 Magis

211 3680 277 3725 ut
305 3670 475 3726 Deus.
511 3669 567 3724 lu
594 3670 861 3733 secundo.
901 3686 1031 3726 voce
1058 3670 1238 3727 Patris
1278 3671 1449 3725 Filius
1480 3669 1572 3724 Dei
1608 3670 1811 3724 asseri-

220 3770 333 3815 tur.
374 3761 434 3815 lu
471 3760 655 3825 tertio,
690 3763 835 3817 sicut
874 3778 970 3832 per
997 3762 1323 3817 miraculum
1348 3762 1584 3832 primtun
1628 3760 1809 3815 divina

221 3854 472 3924 potentia
506 3854 838 3919 declaratur,
869 3864 1097 3908 vocatur
1128 3855 1311 3925 itaque
1354 3855 1443 3909 hic
1478 3853 1595 3907 dies
1626 3851 1807 3906 Theo-

215 3948 442 4017 phania,
475 3963 626 4018 qum,
661 3957 721 4002 ut
747 3963 912 4018 supra
963 3949 1169 4003 dictum
1203 3959 1307 4013 est,
1325 3948 1508 4001 divina
1542 3947 1809 4017 apparitio

218 4037 631 4107 interpretatur.
672 4037 916 4093 Audistis
949 4040 1232 4095 veritatem
1279 4039 1554 4104 historia},
1586 4053 1809 4094 causam

214 4147 442 4202 quoque
457 4148 488 4186 a
506 4132 668 4187 nobis
684 4130 951 4188 didicistis
976 4133 1139 4203 hujus
1161 4132 1493 4188 festivitatis.
1518 4131 1811 4189 Videamus

216 4224 415 4294 itaque
446 4239 594 4278 nunc
616 4224 663 4279 si
688 4224 820 4293 quid
847 4226 1089 4295 mysterii
1128 4234 1309 4289 praeter
1323 4240 1386 4279 ca
1406 4226 1459 4279 in
1482 4223 1812 4294 supradictis

217 4317 409 4371 lateat.

909 4423 1129 4464 mvrsro.
1626 4470 1631 4476 _

296 4499 438 4569 Ideo,
468 4499 691 4567 fratres,
734 4500 945 4572 fulgens
970 4500 1126 4556 stella
1166 4499 1417 4569 apparuit
1464 4498 1593 4570 quia
1623 4497 1810 4552 lumen

1912 3298 2070 3366 Quod
2098 3297 2259 3353 Pater
2285 3300 2456 3355 dixit:
2487 3320 2504 3352 ‹
2534 3300 2633 3356 llic
2664 3312 2749 3357 est
2772 3302 2963 3372 Filius,
2999 3325 3017 3356 ι
3060 3317 3191 3376 ειε.,
3223 3309 3498 3380 signiﬁcat

1911 3392 2056 3460 quod
2086 3391 2345 3461 haptizati
2389 3393 2483 3446 ﬁlii
2525 3393 2619 3448 Dei
2673 3404 2823 3462 sunt,
2869 3405 2921 3451 et
2943 3397 3034 3467 qui
3059 3399 3212 3468 prius
3235 3400 3495 3472 displice-

1912 3484 2064 3550 bant,
2114 3482 2384 3554 incipiunt
2431 3485 2479 3538 ei
2528 3487 2761 3556 placere.
2795 3487 2951 3556 Quod
3001 3491 3171 3560 aperti
3204 3502 3335 3547 sunt
3370 3494 3497 3549 coeli

1912 3574 2253 3645 significabat
2288 3575 2577 3646 baptizatis
2605 3580 2804 3634 cmlum
2850 3582 3085 3636 reserari
3134 3583 3279 3653 quod
3339 3587 3496 3655 prius

1911 3678 2028 3723 erat
2056 3682 2156 3738 pro
2193 3679 2416 3738 peccato
2442 3670 2776 3727 obseratum.
2803 3670 3016 3744 Nuptiae
3044 3691 3189 3743 vero,
3216 3677 3269 3731 in
3294 3679 3497 3749 quibus

1913 3774 1971 3813 se
1991 3760 2152 3814 tertio
2180 3759 2566 3831 manifestavit,
2587 3766 2897 3836 signiﬁcant
2919 3768 3315 3837 copulatiouem
3335 3769 3465 3825 Chri
3482 3802 3498 3813 -

1914 3849 1983 3906 sti
2011 3860 2065 3905 ct
2104 3849 2379 3907 Ecclesize.
2427 3852 2483 3908 In
2521 3856 2722 3926 quibus
2759 3867 3000 3912 mutatur
3028 3875 3169 3930 aqua
3221 3862 3273 3916 in
3307 3862 3495 3919 vinum

1914 3940 2097 4013 (Joan.
2140 3943 2237 4011 ιι),
2268 3942 2397 3996 dum
2450 3955 2605 4001 vetus
2635 3948 2717 4001 lex
2744 3964 3007 4004 conversa
3054 3959 3139 4006 est
3168 3951 3221 4004 in
3250 3951 3495 4023 Evange-

1912 4036 2068 4089 lium.
2101 4034 2209 4088 Lex
2239 4035 2486 4104 antiqua,
2531 4053 2689 4107 aquae
2720 4048 3090 4109 comparatur,
3143 4042 3271 4111 quia
3310 4045 3497 4113 subju-

1913 4139 2030 4184 ctos
2061 4128 2164 4183 sibi
2197 4127 2262 4181 ad
2291 4142 2533 4183 amorem
2563 4128 2659 4184 Dei
2690 4146 2797 4183 non
2823 4129 3213 4186 inﬂammabat.
3249 4132 3495 4206 Evange-

1911 4223 2045 4277 lium
2078 4233 2161 4279 cst
2199 4225 2386 4279 vinum
2427 4222 2572 4294 quod
2616 4221 2802 4277 ﬁdeles
2850 4221 2904 4276 in
2948 4221 3041 4277 Dei
3080 4240 3266 4279 amore
3288 4242 3385 4296 per
3408 4227 3495 4282 iu-

1915 4315 2271 4385 spirationem
2303 4314 2541 4386 Spiritus
2572 4313 2701 4369 facit
2733 4312 2960 4369 fervere.

1988 4406 2179 4462 Tantis
2206 4416 2262 4462 ει
2315 4407 2520 4461 talibus
2548 4406 2925 4472 sacramentis,
2962 4405 3077 4461 haec
3115 4404 3252 4474 dies,
3294 4405 3494 4466 fratres

1916 4498 2251 4563 charissimi,
2286 4507 2608 4555 consecrata
2642 4506 2745 4565 est,
2766 4498 3173 4569 quodammodo
3209 4501 3384 4570 major
3410 4512 3497 4558 est

209 4608 353 4649 esse
374 4594 425 4648 in
453 4593 694 4650 tenebris
721 4601 970 4647 exortum
993 4591 1196 4662 populo
1223 4589 1572 4661 signiﬁcavit,
1595 4590 1663 4644 de
1696 4605 1807 4659 quo
1839 4588 1883 4646 ἰ)
1912 4589 2026 4646 haec
2041 4588 2326 4657 festivitas,
2345 4606 2508 4661 quam
2532 4587 2841 4644 Nativitatis
2861 4590 3197 4646 solemnitas.
3218 4590 3390 4662 Major
3410 4602 3497 4650 εει

208 4684 458 4741 dicitur:
482 4704 501 4737 ι
534 4684 667 4739 Erat
699 4685 787 4738 lux
813 4698 963 4749 vera,
1012 4692 1119 4738 etc.
1153 4700 1172 4734 ι
1212 4680 1394 4751 (Joan.
1428 4682 1491 4752 l.)
1546 4679 1671 4736 Ideo
1712 4696 1809 4750 ap-

206 4776 407 4845 paruit
422 4777 677 4849 gentibus
697 4775 829 4846 quia
853 4785 1039 4846 gentes
1062 4774 1462 4845 praenuntiabat
1486 4775 1661 4830 lucem
1689 4775 1811 4829 ﬁdei

208 4881 562 4940 recepturas,
590 4870 746 4942 juxta
777 4869 1007 4925 Isaiam:
1036 4888 1055 4920 ι
1092 4867 1332 4938 Populus
1373 4870 1465 4939 qui
1498 4868 1813 4924 ambulabat

203 4961 277 5015 in
340 4962 572 5017 tenebris
603 4961 741 5016 vidit
789 4960 965 5015 lucem
1017 4974 1295 5031 magnam,
1325 4969 1428 5014 etc.
1465 4977 1482 5012 ι
1528 4958 1665 5031 (lsa.
1708 4960 1809 5029 ιχ.)

197 5051 281 5104 In
310 5050 624 5108 Bethlehem
675 5051 849 5106 voluit
879 5051 1063 5117 nasci,
1096 5050 1226 5120 quia
1258 5049 1572 5104 Bcthlchem
1623 5051 1808 5103 domus

194 5146 382 5213 panis
405 5144 815 5215 interpretatur.
851 5141 993 5213 Ergo
1022 5142 1075 5195 in
1108 5157 1171 5195 ea
1200 5149 1359 5197 natus
1390 5150 1493 5204 est,
1528 5150 1582 5196 et
1606 5140 1659 5195 in
1684 5139 1810 5195 llic-

196 5236 486 5303 rusatetn,
526 5253 652 5308 quae
680 5244 799 5290 erat
843 5234 1129 5306 populosa,
1179 5241 1407 5288 mortem
1456 5232 1643 5300 subiit,
1676 5233 1807 5303 quia

192 5341 343 5382 non
394 5329 672 5399 quaerebat
702 5327 931 5398 gloriam
954 5326 1168 5382 mundi.
1218 5324 1474 5395 Magister
1511 5324 1658 5379 enim
1706 5324 1808 5378 hu-

191 5419 473 5477 militatis
509 5421 578 5475 de
605 5419 936 5489 pauperibus
982 5416 1323 5489 parentibus,
1353 5417 1407 5471 iu
1441 5417 1633 5471 humili
1663 5417 1801 5485 loco,

1912 4680 2057 4734 enim
2079 4689 2138 4735 ut
2161 4679 2235 4736 ait
2257 4681 2620 4750 Augustinus,
2642 4679 2879 4735 secunda
2902 4697 3067 4752 quam
3095 4682 3271 4752 prima
3300 4684 3497 4739 nativi-

1912 4783 2015 4829 tas.
2042 4771 2099 4827 In
2124 4773 2227 4827 hac
2256 4773 2403 4827 enim
2452 4771 2640 4827 habuit
2670 4772 2976 4843 baptismus
3005 4774 3242 4840 initium,
3275 4779 3368 4847 qui
3412 4784 3497 4832 εει

1913 4866 2254 4937 regeneratio
2280 4866 2610 4919 animarum.
2643 4865 2701 4919 in
2722 4866 2845 4931 hac,
2876 4880 3019 4935 aqua
3041 4866 3229 4921 effecta
3263 4876 3347 4923 est
3369 4884 3492 4924 ma-

1912 4966 1992 5011 ter
2020 4956 2320 5011 multorum
2360 4956 2706 5026 populorum.
2740 4954 2922 5010 Prima
2955 4956 3210 5015 nativitas
3248 4968 3332 5016 est
3370 4975 3495 5016 car-

1910 5048 2070 5113 nalis,
2105 5047 2221 5101 hacc
2250 5054 2431 5102 autem
2461 5055 2543 5101 est
2572 5047 2890 5116 spiritualis.
2943 5046 3096 5103 Sicut
3118 5064 3248 5120 ergo
3276 5049 3495 5122 dignior

1909 5148 1993 5193 est
2017 5138 2200 5192 anima
2228 5154 2390 5208 quam
2425 5154 2555 5193 caro
2581 5181 2595 5203 ,
2634 5139 2714 5193 sic
2755 5139 3011 5196 nativitas
3041 5143 3238 5197 anima:
3280 5144 3496 5215 dignior

1908 5241 1991 5286 est
2022 5245 2185 5300 quam
2210 5231 2404 5285 carnis.
2432 5229 2488 5283 In
2522 5231 2991 5303 primaingressus
3016 5242 3099 5288 εει
3124 5234 3178 5288 in
3206 5236 3491 5303 mundum,

1910 5323 1965 5377 iu
1995 5324 2237 5378 secunda
2270 5322 2552 5392 ingressus
2580 5334 2664 5379 est
2690 5323 2745 5378 in
2776 5325 3001 5381 coelum.
3028 5326 3202 5393 Quam
3229 5336 3494 5397 opportu-

1908 5432 1977 5472 ne
2009 5416 2121 5471 haec
2152 5416 2255 5470 tria
2293 5417 2397 5471 sub
2448 5415 2540 5470 tali
2586 5417 2778 5471 ordine
2812 5435 2924 5474 uno
2954 5419 3041 5473 die
3081 5422 3488 5475 convenerunt!

1907 5510 2061 5564 stella
2105 5509 2309 5563 ducens
2351 5507 2418 5561 ad
2460 5506 2763 5577 Christum,
2794 5510 3134 5579 baptismatis
3178 5526 3482 5564 sacrametr

1906 5610 2043 5669 tum,
2064 5601 2296 5656 mutatio
2319 5614 2476 5669 aquae
2501 5599 2555 5652 in
2578 5600 2787 5655 vinum.
2815 5601 2879 5655 Et
2901 5603 2953 5656 in
2984 5602 3087 5657 hoc
3112 5601 3303 5657 ordine
3330 5617 3495 5672 appa-

1905 5703 1987 5750 ret
2004 5696 2294 5751 instructio
2313 5704 2514 5750 nostra:
2532 5693 2675 5749 vitm.
2695 5697 2831 5750 Cum
2857 5696 2998 5750 enim
3023 5696 3360 5751 convertitur
3386 5695 3492 5749 ali-

1904 5788 2033 5859 quis
2063 5787 2129 5841 ad
2157 5786 2338 5853 ﬁdem,
2367 5787 2547 5855 stella,
2573 5790 2625 5843 id
2652 5796 2734 5843 est
2761 5788 2854 5840 lux
2884 5786 3032 5852 ﬁdei,
3057 5787 3209 5842 ducit
3241 5787 3306 5841 ad
3332 5785 3494 5842 Chii-

1908 5888 2087 5946 stum;
2116 5878 2311 5934 deinde
2332 5888 2622 5948 postquam
2652 5878 2719 5934 ad
2751 5875 3030 5931 Christum
3080 5876 3382 5933 instructus
3408 5885 3492 5932 est

188 5515 281 5568 ia
308 5512 394 5566 vili
421 5513 691 5583 prasepio
714 5512 865 5567 nasci
894 5511 1152 5581 dignatus
1175 5517 1260 5565 est
1278 5550 1293 5575 ,
1326 5509 1630 5564 moriturus
1653 5525 1801 5577 vero,

182 5607 385 5676 elegit
406 5607 732 5679 populosam
757 5606 971 5672 urbem,
1002 5614 1065 5659 ut
1094 5604 1148 5656 in
1178 5610 1474 5673 conspectu
1503 5610 1582 5657 tot
1626 5602 1805 5656 homi-

184 5715 389 5767 num,
410 5701 504 5771 qui
526 5708 904 5755 convenerant
937 5698 1005 5753 ad
1037 5695 1410 5762 festivitatem,
1442 5710 1567 5750 cum
1605 5694 1804 5765 majori

173 5794 517 5862 opprobrio
537 5808 640 5863 pro
663 5792 823 5847 nobis
844 5792 1144 5863 susciperet
1172 5797 1424 5844 mortem.
1463 5786 1602 5843 Dum
1626 5788 1804 5843 diter-

168 5892 342 5938 ιυιιι
367 5886 432 5942 ad
466 5884 762 5947 Herodem,
791 5883 1003 5938 stellam
1036 5881 1377 5937 admiserunt
1403 5878 1622 5947 ducem,
1666 5880 1795 5950 quia

497 5983 778 6043 ΡΑτιιοι..
814 5981 1049 6043 CLVII.
