3964 6456
529 371 631 426 8H

1640 365 1958 422 WERNERI
1999 370 2289 423 ABBATIS
2331 370 2387 426 S.
2434 371 2653 427 BLASII

3700 379 3795 435 8l2

530 481 663 550 ﬁde,
711 483 917 539 accedit
946 483 1009 536 ad
1054 480 1397 550 baptismatis
1437 488 1874 547 sacramentum;
1927 493 2114 551 postea
2148 492 2188 545 Α
2224 485 2455 552 pretium
2495 495 2694 538 nostra:
2720 485 3104 556 redemptionis
3131 488 3395 543 creditur.
3434 488 3590 545 Thus
3618 492 3666 545 ei
3701 493 3797 547 im-

528 582 758 641 potatur
791 583 844 626 et
879 572 1120 626 relicitur
1159 586 1256 640 per
1282 570 1608 640 evangelica:
1654 570 1918 627 doctrina:
1944 588 2115 642 poeu-

528 664 667 719 lum.
730 662 832 729 Qui
864 644 935 715 lne
965 662 1183 716 deﬁciat
1228 662 1281 715 in
1326 662 1415 715 via
1461 662 1572 728 siti,
1606 671 1830 732 paratur
1872 664 2116 734 quotidie

525 765 692 823 potus
718 754 1117 824 praedicationis
1141 753 1529 824 peregrinanti.
1561 752 1704 824 Ergo
1721 755 1836 810 haec
1854 757 2115 810 solemni—

531 856 639 911 tas,
667 856 743 900 tot
773 846 1053 915 mysteriis
1085 844 1265 914 plena,
1296 860 1511 901 summa
1542 845 1831 901 devotione
1860 855 1943 901 est
1972 849 2114 901 cele-

528 937 761 991 branda.
844 935 982 990 Cum
1035 936 1195 991 hodie
1261 936 1512 1007 gaudetis
1558 938 1624 992 de
1673 938 1955 992 nativitate
2012 955 2114 991 no-

526 1039 663 1091 stra,
690 1043 811 1097 qua:
834 1026 999 1080 hodie
1031 1027 1250 1081 initium
1278 1028 1447 1082 sumit
1504 1029 1557 1082 in
1606 1030 1877 1099 baptismo
1899 1073 1913 1096 ,
1950 1030 2113 1085 hodie

519 1135 742 1190 quoque
772 1117 1055 1187 gaudeatis
1079 1118 1147 1173 de
1174 1120 1533 1175 conversione
1574 1123 1838 1191 gentium,
1871 1138 2104 1192 quarum

522 1210 782 1279 primitize
840 1209 944 1263 hac
1014 1209 1068 1263 in
1126 1208 1214 1264 die
1278 1220 1631 1266 accesserunt
1686 1213 1755 1267 ad
1801 1213 2108 1280 Christum,

524 1303 665 1373 Magi
694 1302 941 1356 videlicet
972 1317 1111 1371 quos
1142 1319 1266 1357 cum
1297 1305 1621 1358 muneribus
1667 1306 1732 1358 ad
1772 1320 1831 1359 se
1872 1314 2110 1359 attraxe—

517 1406 626 1448 rat.
678 1394 861 1461 Quare
905 1394 1007 1449 bos
1052 1402 1162 1449 tres
1204 1393 1392 1464 Magos
1428 1396 1774 1449 attraxerat?
1818 1398 1947 1466 quia
1996 1406 2107 1451 tres

520 1497 709 1555 partes
740 1486 964 1553 mundi,
997 1485 1207 1551 Asiam,
1260 1486 1525 1550 Africam,
1574 1489 1872 1557 Europam,
1922 1489 2026 1545 ﬁde
2054 1499 2108 1545 et

518 1580 839 1650 operatione
860 1580 927 1635 ad
950 1596 1009 1635 se
1031 1580 1249 1635 trahere
1277 1580 1471 1634 voluit.
1523 1578 1727 1636 Verum
1765 1597 1890 1636 cum
1935 1582 1989 1636 in
2040 1599 2106 1638 eo

519 1672 687 1727 fuerit
710 1672 991 1743 plenitudo
1018 1672 1322 1727 divinitatis
1341 1673 1721 1742 corporaliter,
1747 1683 1800 1729 et
1825 1674 1963 1728 nihil
1986 1678 2109 1744 pos-

518 1773 603 1820 set
629 1764 678 1820 ei
709 1765 896 1836 gratim
921 1764 1193 1831 accidere,
1236 1780 1335 1819 cur
1356 1774 1440 1819 est
1467 1765 1822 1834 baptizatus?
1851 1774 1910 1821 ut
1938 1767 2100 1822 nobis

2219 577 2475 641 molatur,
2507 577 2637 631 dum
2674 575 2816 632 Deus
2838 593 3001 648 super
3026 581 3233 647 omnia,
3255 590 3307 634 et
3335 581 3669 637 sacriﬁcium
3696 587 3795 641 Deo

2218 666 2365 722 Patri
2402 684 2501 738 pro
2525 668 2683 723 nobis
2713 670 3052 738 praedicatur.
3085 672 3303 744 Myrrha
3349 674 3398 727 ei
3439 675 3791 741 sacriﬁcatur.

2216 761 2344 815 dum
2395 777 2493 815 sua
2536 763 2865 817 mortalitate
2894 765 3122 831 putredo
3160 764 3421 819 vitiorum
3466 775 3790 836 nostrorum,

2216 854 2575 909 exterminata
2602 854 2920 910 afﬁrmatur.
2944 854 3067 911 "(ec
3084 873 3303 927 quoque
3323 858 3426 912 tria
3453 874 3677 914 munera
3700 876 3789 917 nos

2220 945 2327 999 Deo
2358 945 2659 1013 oll‘erimus,
2689 947 2734 1002 si
2764 962 2888 1002 eum
2914 949 3115 1018 ubique
3146 958 3493 1019 regnantem,
3529 962 3714 1007 cuncta
3735 964 3787 1009 ut

2217 1037 2359 1093 Deus
2397 1040 2811 1109 gubernantem,
2836 1056 2932 1111 pro
2963 1042 3121 1096 nobis
3147 1028 3433 1096 mortalem
3462 1043 3661 1099 factum
3682 1062 3783 1101 cre-

2213 1128 2416 1183 dimus.
2443 1128 2579 1200 Magi
2606 1130 2658 1183 in
2684 1131 2916 1200 patriam
2943 1131 3169 1185 redeunt
3198 1148 3296 1202 per
3327 1133 3493 1188 aliam
3530 1135 3780 1203 semitam,

2213 1221 2339 1290 quia
2375 1222 2632 1276 nimirum
2658 1238 2880 1279 necesse
2904 1232 2988 1277 est
3029 1232 3089 1278 ut
3133 1239 3253 1291 nos,
3289 1225 3383 1295 qui
3421 1241 3517 1295 per
3540 1229 3781 1297 superbiae

2211 1312 2463 1367 venimus
2498 1312 2553 1365 in
2580 1312 2746 1383 hujus
2791 1313 2967 1368 exsilii
3006 1314 3311 1382 miseriam,
3349 1317 3555 1385 pariter
3579 1317 3777 1374 humili-

2215 1403 2339 1457 tatis
2368 1414 2710 1458 revertamur
2730 1406 2795 1459 ad
2819 1405 3056 1476 paradisi
3083 1407 3338 1476 patriam.
3365 1406 3491 1463 Ilaec
3520 1412 3663 1466 stella
3683 1414 3778 1467 cla-

2219 1493 2336 1547 rior
2373 1495 2488 1550 sole
2520 1495 2623 1549 fuit
2652 1514 2663 1548 :
2702 1498 2846 1551 unde
2867 1507 2920 1551 et
2947 1497 2999 1550 in
3032 1498 3119 1552 die
3149 1498 3371 1553 radians
3408 1515 3437 1553 a
3475 1502 3583 1556 sele
3602 1503 3776 1559 obscu-

2211 1588 2317 1640 rari
2352 1605 2457 1642 non
2490 1591 2686 1659 potuit,
2711 1590 2837 1660 quia
2867 1591 3036 1645 solem
3069 1590 3187 1646 solo
3232 1607 3337 1646 suo
3369 1591 3575 1665 fulgore
3598 1607 3774 1666 praetu-

2209 1676 2289 1729 lit.
2316 1674 2439 1731 Ilaec
2459 1678 2623 1732 etiam
2650 1679 2886 1746 incuzlo,
2946 1694 3055 1733 non
3102 1696 3229 1736 cum
3265 1682 3393 1736 aliis
3434 1682 3689 1742 sideribus
3721 1688 3772 1743 in

2209 1784 2334 1823 aere
2368 1786 2533 1839 prope
2556 1782 2756 1826 terram
2789 1773 3053 1838 cucurrit,
3093 1774 3222 1844 quia
3246 1776 3587 1832 conditorem
3617 1789 3769 1835 astro-

521 1874 700 1928 aquas
729 1859 797 1913 ad
821 1859 1094 1929 baptisma
1120 1857 1507 1913 sanctiﬁcaret.
1543 1857 1724 1925 Quare
1763 1859 1818 1913 in
1841 1874 1983 1930 aqua
2008 1861 2106 1915 ba-
2140 1840 2180 1892 Β
2212 1877 2330 1915 rum
2362 1863 2521 1917 terris
2558 1863 2806 1920 illuxisse
2844 1864 3103 1920 innotuit.

513 1950 791 2021 ptizatur?
820 1952 952 2022 quia
984 1966 1124 2022 aqua
1154 1950 1429 2005 contraria
1459 1960 1543 2007 est
1567 1950 1678 2022 igni
1715 1969 1727 2004 :
1785 1951 1927 2020 ignis
1957 1952 2101 2006 enim

515 2050 803 2110 peccatum
833 2050 939 2097 est.
982 2040 1136 2096 Sicut
1176 2042 1256 2095 ira
1287 2041 1340 2096 in
1383 2041 1591 2109 animo,
1646 2040 1727 2097 sic
1754 2051 1809 2097 et
1841 2042 2101 2112 concupi-

513 2135 721 2190 scentia
771 2136 826 2189 in
861 2151 1047 2191 carne.
1089 2135 1158 2190 Ut
1189 2144 1371 2190 autem
1422 2136 1566 2207 ignis
1611 2136 1998 2208 exstinguatur
2046 2138 2099 2192 in

514 2240 662 2294 aqua
700 2224 1031 2294 baptizatur,
1066 2225 1256 2294 sicque
1287 2234 1571 2293 peccatum
1603 2226 1833 2294 deletur,
1887 2242 1955 2281 ne
1977 2227 2102 2297 igne

513 2316 706 2373 atomi
769 2317 1021 2386 supplicii
1072 2317 1351 2387 puniatur.
1430 2318 1639 2383 Aliter,
1696 2334 1839 2388 aqua
1909 2319 2098 2374 sordes

513 2409 694 2476 diluit,
720 2409 866 2465 sitim
895 2409 1214 2480 exstinguit,
1257 2410 1549 2479 imaginem
1579 2410 1756 2464 reddit
1783 2429 1795 2464 :
1822 2411 1895 2465 ita
1926 2411 2096 2481 gratia

516 2500 756 2572 Spiritus
814 2500 991 2555 sancti
1037 2501 1090 2554 iu
1138 2500 1469 2569 baptismate
1511 2501 1702 2556 sordes
1746 2509 2095 2570 peccatorum

513 2594 708 2658 abluit,
735 2592 880 2648 sitim
916 2591 1115 2646 anima:
1135 2592 1303 2645 verbo
1334 2590 1429 2646 Dei
1454 2592 1765 2662 restinguit,
1799 2592 2096 2663 imaginem

516 2686 611 2741 Dei
634 2701 731 2755 per
758 2684 975 2753 culpam
1026 2683 1291 2736 amissam
1323 2682 1583 2737 restituit.
1633 2680 1791 2737 Nunc
1831 2684 1999 2754 igitur
2029 2684 2097 2737 ad

512 2794 736 2834 mensas
786 2785 1008 2831 nostras
1064 2774 1435 2844 suscipiamus
1493 2774 1776 2829 Christum
1823 2775 2095 2829 hodierno

512 2872 871 2942 baptizatum,
903 2868 997 2939 qui
1022 2878 1074 2921 et
1103 2867 1264 2921 hodie
1293 2866 1535 2936 suscepit
1567 2876 1757 2938 gentes
1788 2867 1855 2921 ad
1904 2882 1963 2921 se
2005 2882 2096 2921 ve-

511 2966 740 3018 nientes.
771 2961 826 3015 In
877 2975 1113 3030 paupere
1137 2959 1399 3026 vestitur,
1446 2961 1500 3013 in
1536 2974 1774 3029 paupere
1813 2959 2087 3029 pascitur;

507 3069 718 3124 pauper
739 3052 884 3106 enim
940 3051 994 3104 in
1029 3051 1237 3104 mundo
1262 3048 1385 3113 fuit,
1430 3059 1484 3104 et
1506 3049 1836 3119 pauperibus
1864 3064 2091 3120 regnum

508 3146 723 3210 tribuit,
756 3153 809 3197 et
837 3157 1108 3212 pauperes
1130 3140 1325 3210 diligit.
1367 3139 1486 3211 Ipse
1525 3141 1670 3194 enim
1701 3143 1778 3195 ait
1807 3160 1819 3195 :
1880 3161 1896 3192 ι
1934 3141 2089 3207 Quod
2119 3179 2159 3235 Ο

510 3238 604 3291 ιιιιὶ
630 3254 696 3291 ex
724 3235 972 3290 minimis
1000 3233 1138 3288 meis
1168 3233 1396 3298 fecistis,
1436 3233 1572 3287 mihi
1613 3232 1825 3302 fecistis
1864 3233 2085 3303 (Matth.

505 3332 656 3392 xxv).
674 3348 691 3379 ι
721 3327 776 3380 Si
800 3341 897 3381 eos
918 3324 1159 3394 recipitis
1187 3323 1240 3378 in
1266 3323 1491 3390 mundo,
1516 3331 1565 3379 el
1586 3324 1688 3393 ipsi
1712 3340 1810 3379 vos
1832 3325 2092 3395 recipient

510 3426 564 3476 in
595 3420 756 3477 cmlo.
788 3418 946 3474 Unde
973 3417 1237 3471 Dominus
1263 3433 1276 3468 :
1337 3436 1355 3466 ι
1388 3416 1571 3472 Facite
1604 3417 1760 3472 vobis
1791 3418 1999 3473 amicus
2024 3419 2092 3473 de

509 3527 822 3568 mammona
852 3508 1177 3579 iniquitatis,
1210 3516 1312 3561 etc.
1357 3505 1509 3578 (Luc.
1549 3507 1683 3576 xvi).
1721 3527 1739 3559 ι
1792 3507 1943 3563 Unde
1988 3509 2089 3563 ite-

509 3621 630 3660 rutn
660 3624 672 3657 :
733 3623 750 3653 ι
785 3601 936 3655 Beati
967 3614 1233 3669 pauperes
1260 3598 1454 3667 spiritu
1483 3598 1701 3668 (Matth.
1733 3602 1807 3669 v).
1848 3619 1864 3651 ι
1900 3599 2090 3653 Domi-

506 3712 612 3751 nus
663 3706 843 3749 autem
897 3701 1083 3746 noster
1124 3690 1283 3745 Iesus
1312 3690 1600 3756 Christus,
1651 3693 1743 3762 qui
1799 3709 1899 3762 pro
1932 3695 2089 3749 nobis

504 3787 678 3841 voluit
699 3786 752 3839 in
779 3784 1043 3839 mundum
1075 3782 1402 3838 descendere
1421 3825 1435 3846 ,
1465 3783 1556 3838 det
1592 3785 1751 3840 nobis
1779 3785 2086 3841 incremen-

501 3889 621 3933 tum
651 3878 935 3942 virtutum,
966 3876 1032 3930 ad
1062 3875 1305 3931 caelestia
1337 3877 1649 3932 ascendere.
1677 3877 1871 3932 Amen.

786 3977 946 4031 ITEM
989 3976 1074 4031 DE
1117 3974 1347 4029 EODEM
1388 3975 1800 4032 EVANGELIO.

581 4092 599 4123 ι
644 4072 779 4126 Cum
806 4082 965 4125 natus
994 4080 1139 4124 esset
1168 4069 1328 4125 Iesus
1376 4070 1430 4123 in
1480 4067 1793 4124 Bethlehem
1836 4069 1991 4125 Iuda:
2031 4071 2083 4124 in

501 4164 694 4220 diebus
741 4161 972 4217 Herodis
1024 4160 1190 4231 regis,
1237 4168 1341 4214 etc.
1374 4158 1593 4228 (Matth.
1635 4159 1718 4229 ll).
1761 4178 1779 4210 ι
1823 4158 1964 4226 Quid
1997 4160 2085 4216 hic

500 4264 683 4311 textus
712 4252 989 4323 Evangelii
1026 4251 1315 4322 signiﬁcet,
1349 4250 1685 4317 cbarissimi,
1725 4250 1962 4306 breviter
1995 4268 2083 4306 re-

499 4347 617 4403 fero
643 4354 837 4401 vestrae
861 4344 1159 4399 dilectioni.
1196 4342 1353 4408 Quod
1381 4352 1491 4397 tres
1528 4341 1668 4413 Magi
1691 4343 1759 4397 ad
1793 4343 2081 4418 Dominum

496 4446 778 4502 venerant,
814 4435 1088 4507 signiﬁcat
1129 4432 1276 4503 quod
1307 4441 1415 4487 tres
1452 4442 1634 4503 partes
1676 4434 1887 4500 mundi,
1929 4434 2080 4499 Asia,

2277 1951 2389 2005 (Zur
2423 1962 2606 2007 autem
2646 1957 2761 2009 visa
2801 1955 2954 2010 stella
2985 1954 3124 2026 Magi
3151 1966 3481 2027 putaverunt
3506 1959 3767 2018 Dominum

2208 2040 2259 2093 in
2292 2040 2477 2095 Iudaea
2513 2042 2900 2113 inquirendum
2928 2087 2941 2109 ,
2971 2047 3161 2115 paucis
3192 2061 3277 2103 est
3305 2050 3464 2105 vobis
3484 2051 3764 2108 dicendum.

2204 2130 2261 2185 In
2293 2132 2445 2188 libris
2466 2133 2582 2189 suis
2608 2135 2852 2203 legerant
2879 2136 3144 2205 scriptum
3176 2153 3274 2207 per
3302 2141 3617 2210 praphetam
3639 2142 3765 2213 ipso-

2202 2240 2325 2278 rum
2354 2224 2596 2290 Balaam,
2629 2226 2695 2282 de
2717 2226 2939 2282 Christo
2963 2228 3168 2283 dictum
3196 2248 3207 2283 :
3240 2249 3259 2281 ι
3293 2229 3517 2287 Orietur
3544 2234 3681 2289 stella
3704 2250 3762 2290 ex

2202 2312 2388 2380 Iacob,
2438 2323 2491 2371 et
2529 2327 2782 2387 exsurget
2831 2318 2995 2372 homo
3027 2328 3219 2390 potens
3274 2321 3343 2376 de
3391 2321 3553 2379 Israel
3593 2324 3759 2390 (Num.

2204 2406 2374 2475 xxiv).
2417 2426 2434 2457 ι
2469 2406 2605 2461 Cum
2643 2407 2786 2462 Deus
2835 2424 2931 2478 per
2961 2409 3184 2482 Moysen
3226 2414 3491 2483 populum
3524 2432 3667 2471 suum
3702 2418 3762 2473 de

2209 2493 2437 2566 (Egypto
2458 2497 2699 2563 duceret,
2730 2506 2784 2553 et
2815 2500 2917 2553 iter
2946 2516 3043 2570 per
3075 2511 3278 2557 terram
3328 2504 3539 2560 Madian
3572 2508 3631 2561 ad
3658 2517 3756 2562 ter-

2200 2603 2315 2640 ram
2362 2590 2803 2658 repromissionis
2848 2594 3130 2657 haberent,
3176 2595 3467 2650 advocavit
3498 2613 3584 2652 rex
3615 2597 3758 2654 Balac

2200 2680 2540 2734 sacerdotem
2571 2681 2841 2737 idolorum
2876 2682 3121 2752 Balaam,
3146 2694 3207 2740 ut
3229 2687 3310 2742 eis
3336 2689 3679 2753 malediceret,
3709 2702 3758 2744 ct

2198 2784 2293 2824 eos
2324 2787 2548 2843 aregno
2607 2789 2708 2829 suo
2758 2775 3046 2831 maledicto
3099 2789 3386 2835 averteret.
3437 2780 3534 2847 Qui
3588 2797 3755 2835 ascen-

2198 2862 2333 2919 dens
2353 2864 2589 2930 asinam,
2617 2866 2682 2920 ad
2716 2882 2897 2937 regem
2929 2869 3174 2924 tetendit.
3209 2869 3315 2926 Sed
3347 2872 3396 2926 ei
3424 2873 3629 2943 angelus
3654 2871 3754 2925 Do-

2199 2954 2330 3007 mini
2353 2972 2477 3010 cum
2515 2958 2673 3028 igneo
2707 2959 2885 3029 gladio
2928 2960 2980 3014 in
3014 2961 3097 3015 via
3124 2961 3356 3029 obstitit,
3382 2964 3592 3035 insuper
3617 2965 3750 3018 asina

2197 3042 2376 3098 locuta
2409 3048 2726 3116 prophetam
2778 3049 3069 3119 increpuit.
3127 3050 3377 3106 Tandem
3421 3068 3538 3106 cum
3579 3052 3751 3122 angelo

2197 3135 2541 3204 permittente
2565 3140 2630 3192 ad
2658 3156 2837 3210 regem
2868 3142 3231 3210 pervenisset,
3256 3153 3310 3198 et
3339 3159 3462 3199 eum
3487 3161 3569 3198 rex
3593 3144 3643 3197 in
3669 3160 3751 3197 ra-

2196 3242 2391 3281 eumen
2440 3230 2641 3285 montis
2693 3232 2960 3298 duxisset,
3013 3234 3243 3289 intuitus
3309 3247 3481 3290 castra
3535 3236 3747 3291 ﬁliorum

2199 3318 2433 3385 Israelis,
2465 3321 2746 3377 Christum
2783 3325 2850 3378 de
2897 3326 2975 3380 eis
3020 3327 3362 3381 nasciturum
3410 3328 3667 3394 intellexit,
3700 3338 3752 3383 et

2200 3410 2313 3465 haec
2341 3409 2409 3465 de
2432 3429 2496 3466 eo
2527 3415 2861 3483 prophetans
2885 3417 3133 3485 praedixit
3170 3435 3181 3471 :
3221 3438 3239 3470 (
3281 3416 3495 3473 Orietur
3527 3419 3662 3473 stella
3685 3433 3749 3473 ex

2194 3498 2383 3566 Jacob,
2410 3512 2464 3556 et
2496 3515 2787 3577 consurget
2822 3506 2987 3561 homo
3013 3508 3080 3562 de
3113 3508 3304 3577 Israel,
3339 3511 3490 3581 cujus
3510 3510 3750 3564 fortitudo

2196 3604 2253 3646 ut
2296 3592 2678 3662 rhinocerotis,
2720 3606 2772 3651 et
2828 3615 3045 3653 omnem
3102 3609 3305 3654 terram
3361 3601 3460 3656 sibi
3511 3600 3753 3670 subjuga-
3919 3642 3921 3697 Α

2194 3684 2272 3738 bit
2295 3685 2495 3755 (ibid.).
2529 3706 2546 3737 ι
2578 3686 2680 3753 Qui
2707 3699 2996 3761 postquam
3022 3707 3050 3744 a
3084 3707 3209 3761 rege
3232 3693 3513 3761 pecuniam
3539 3693 3748 3761 accepit,

2192 3778 2481 3832 consilium
2500 3788 2691 3834 contra
2712 3783 2961 3837 eumdem
2988 3784 3249 3852 populum
3274 3784 3677 3851 dedit,.videlicet
3700 3794 3749 3834 ut

2191 3870 2382 3938 puella:
2399 3887 2533 3926 auro
2561 3882 2613 3927 et
2629 3874 2857 3943 gemmis
2879 3885 3107 3940 ornaue,
3137 3893 3264 3931 cum
3288 3878 3417 3932 vino
3431 3889 3483 3933 et
3508 3877 3638 3931 idolo
3666 3892 3749 3929 ve-

2192 3962 2360 4017 nienti
2391 3964 2589 4033 populo
2615 3975 2987 4030 occurrerent,
3005 3977 3059 4021 et
3085 3968 3215 4023 dum
3239 3985 3334 4024 eas
3357 3970 3425 4024 ad
3442 3968 3753 4024 commistio-

2192 4070 2313 4107 nem
2346 4065 2607 4123 peterent,
2635 4056 2786 4126 prius
2815 4057 2959 4112 idolo
2987 4059 3275 4115 immolare
3304 4070 3571 4133 cogerent,
3595 4070 3646 4114 ct
3675 4061 3749 4113 sic

2191 4147 2397 4203 oﬂ‘enso
2427 4148 2556 4215 Deo,
2585 4167 2682 4219 per
2705 4168 2903 4206 manus
2934 4153 3105 4223 ipsius
3138 4165 3476 4211 corruerent.
3503 4156 3648 4223 Quod
3683 4157 3751 4208 ita

2189 4242 2401 4304 evenit;
2440 4259 2565 4297 nam
2622 4244 2992 4301 adolescentes
3022 4248 3149 4301 vino
3185 4248 3436 4303 inebriati
3483 4250 3531 4302 in
3578 4262 3754 4301 amore

2190 4334 2492 4401 puellarum
2530 4345 2876 4401 exarserunt,
2905 4347 2958 4392 et
2989 4339 3213 4394 libidine
3243 4341 3395 4409 victi,
3442 4342 3576 4397 idolo
3610 4341 3755 4395 Beel-

2189 4426 2391 4496 phegor
2415 4428 2862 4485 sacriﬁcaverunt
2891 4451 2902 4485 :
2940 4431 3082 4486 unde
3109 4449 3185 4486 xu
3217 4432 3394 4505 [xxiv]
3455 4435 3609 4489 millia
3638 4449 3755 4503 per-

497 4530 702 4597 Al‘riea,
727 4529 967 4598 Europa,
1002 4527 1123 4581 ﬁdei
1152 4534 1357 4582 sanctae
1378 4524 1661 4581 Trinitatis
1685 4527 1822 4580 colla
1848 4527 2080 4581 subdere
2115 4532 2155 4587 ι)
2186 4517 2381 4571 ierunt.
2424 4518 2612 4574 Postea
2665 4537 2759 4576 rex
2811 4539 2934 4577 cum
2966 4525 3115 4577 omni
3148 4528 3353 4595 populo
3394 4543 3491 4581 suo
3514 4536 3561 4581 et
3592 4525 3759 4595 impio

495 4624 784 4679 debebant.
817 4620 973 4687 Quod
1006 4618 1164 4673 tertia
1185 4618 1396 4673 decima
1422 4617 1511 4672 die
1542 4626 1831 4685 venerunt,
1872 4619 2083 4673 denun-

492 4713 592 4768 tiat
616 4712 761 4784 quod
786 4719 895 4766 tres
923 4720 1105 4779 partes
1122 4705 1308 4761 mundi
1332 4704 1657 4778 Decalogum
1686 4707 1819 4777 legis
1846 4722 1941 4776 per
1956 4722 2080 4760 eum

493 4812 833 4876 receperunt.
870 4803 977 4858 Ter
1000 4817 1220 4873 quoque
1256 4811 1493 4873 quatuor
1520 4800 1730 4855 faciunt
1767 4800 2074 4855 duodecim.

492 4899 713 4967 Absque
742 4896 829 4952 die
858 4895 1055 4951 natalis
1084 4893 1322 4961 Domini,
1358 4894 1645 4949 duodecim
1693 4892 1811 4947 dies
1848 4907 2078 4963 compu-

492 4999 697 5051 tantur,
740 4990 867 5058 quia
896 5004 990 5057 per
1014 4987 1302 5043 duodecim
1342 4986 1621 5055 apostolos
1653 4994 1889 5055 quatuor
1910 4991 2079 5055 plaga:

495 5080 683 5136 mundi
734 5082 801 5133 ad
849 5081 1007 5134 ﬁdem
1038 5088 1240 5134 sanctae
1276 5078 1559 5132 Trinitatis
1598 5080 2073 5131 convertebantur.

495 5170 607 5223 llex
650 5170 851 5239 impius
882 5170 974 5238 qui
1019 5170 1085 5223 de
1131 5170 1348 5223 illorum
1406 5169 1639 5221 adventu
1688 5168 1957 5231 turbatur,
1995 5174 2079 5220 est

489 5262 763 5325 diabolus,
784 5260 876 5329 qui
895 5261 1141 5314 ﬁdelibus
1166 5261 1220 5313 in
1243 5261 1326 5313 via
1351 5259 1543 5314 salutis
1568 5258 1877 5312 insidiatur.
1912 5257 2077 5311 Stella

490 5355 582 5424 qui
607 5370 702 5407 eos
721 5354 785 5407 ad
820 5352 1099 5406 Christum
1127 5352 1295 5415 ducit,
1325 5360 1408 5404 est
1429 5365 1585 5404 sacra
1619 5349 1929 5419 Scriptura,
1956 5366 2079 5420 qua:

490 5445 650 5498 nobis
682 5445 781 5497 iter
812 5443 879 5498 ad
904 5444 1067 5497 vitam
1101 5444 1354 5498 ostendit.
1382 5441 1586 5497 Domus
1610 5442 1663 5496 in
1691 5458 1798 5512 qua
1823 5441 2076 5495 Christus

488 5537 787 5601 invenitur,
833 5545 915 5590 est
938 5533 1183 5590 Ecclesia
1215 5535 1296 5589 vel
1325 5549 1560 5604 superna
1611 5534 1807 5602 patria,
1841 5533 1929 5585 ubi
1970 5531 2075 5583 Do-

487 5626 673 5680 minus
695 5626 965 5680 videbitur
993 5625 1045 5679 in
1072 5625 1242 5696 gloria
1268 5641 1385 5680 sua.
1416 5624 1636 5678 Munera
1671 5639 1793 5692 quae
1817 5622 1956 5692 Magi
1986 5620 2073 5674 of-

487 5717 672 5772 ferunt
704 5726 831 5770 sunt
867 5718 1008 5770 bona
1047 5731 1233 5786 opera,
1264 5732 1384 5786 qua:
1412 5716 1595 5769 ﬁdeles
1630 5712 1741 5770 Deo
1789 5730 1883 5784 per
1914 5714 2069 5768 ﬁdem

488 5807 823 5876 persolvunt.
856 5809 1066 5862 Aurum
1094 5808 1142 5860 ei
1176 5806 1421 5872 oﬁ‘ertur,
1449 5808 1577 5861 dum
1621 5824 1710 5862 rex
1744 5808 1989 5861 omnium
2018 5816 2071 5862 et

2184 4610 2533 4665 consiliatore
2581 4612 2762 4675 gladio
2817 4616 3312 4685 transverberatur,
3364 4629 3416 4673 et
3465 4630 3567 4673 tota
3611 4620 3762 4689 regio

2182 4698 2326 4752 ferro
2354 4709 2408 4754 et
2433 4701 2554 4771 igne
2578 4713 2837 4758 vastatur.

2252 4789 2396 4857 Ilaec,
2429 4793 2759 4861 cbarissimi,
2794 4795 2846 4849 iu
2878 4796 3046 4867 ﬁgura
3076 4811 3506 4868 prtecesseruut;
3542 4800 3640 4855 sed
3668 4816 3763 4854 no-

2183 4896 2293 4940 stra
2311 4894 2553 4954 tempora
2572 4885 3015 4958 designaverunt.
3034 4891 3300 4962 Populus,
3327 4896 3422 4964 qui
3438 4896 3501 4948 de
3525 4893 3762 4964 Egvpto

2180 4980 2388 5033 ducitu:
2409 4994 2502 5048 per
2516 4978 3026 5050 Moysenadterram
3041 4984 3693 5053 repromissionis,eleh
3729 4987 3764 5035 ἱ.

2182 5074 2393 5127 stianus
2426 5073 2680 5141 populus,
2713 5075 2806 5143 qui
2849 5091 2944 5144 per
2980 5075 3167 5131 Jesum
3197 5079 3265 5132 de
3303 5081 3408 5134 hoc
3436 5079 3645 5133 mundo
3670 5080 3769 5130 dt:-

2181 5162 2321 5213 citur
2360 5163 2425 5214 ad
2459 5162 2692 5231 patriam
2739 5172 2955 5217 mter-na:
2976 5165 3262 5220 claritatis.
3299 5166 3411 5221 Rex
3442 5168 3528 5237 qui
3584 5168 3674 5221 cis
3720 5168 3771 5218 in

2179 5249 2264 5302 via
2292 5250 2501 5304 obstitit
2525 5261 2609 5306 est
2637 5252 2908 5318 diabolus,
2937 5254 3029 5321 qui
3069 5255 3257 5310 multis
3289 5258 3465 5312 modis
3488 5256 3657 5309 nobis
3676 5257 3773 5308 iter

2180 5342 2300 5395 vitae
2326 5341 2581 5397 obstruit.
2632 5344 2898 5399 Sacerdos
2937 5346 3030 5415 qui
3064 5347 3218 5401 asina
3251 5350 3483 5411 vehitur,
3507 5358 3605 5401 est
3639 5349 3779 5403 ordo

2179 5432 2444 5486 malorum
2475 5436 2838 5499 sacerdotum,
2862 5437 2952 5505 qui
2979 5437 3339 5493 irrationabili
3365 5438 3773 5495 desideriorum

2178 5542 2401 5579 suorum
2434 5535 2584 5580 motu
2612 5528 2850 5597 regitur;
2912 5528 3005 5597 qui
3028 5529 3191 5583 etiam
3226 5531 3297 5583 ah
3324 5531 3473 5584 asina
3501 5528 3778 5585 increpa-

2177 5629 2283 5686 tur,
2321 5620 2447 5689 quia
2476 5621 2671 5673 horum
2698 5621 2804 5674 vita
2821 5621 2981 5675 etiam
3011 5637 3041 5676 a
3068 5624 3231 5693 vulgo
3255 5624 3612 5693 reprobatur.
3644 5622 3779 5675 Prn-

2175 5716 2334 5783 pheta
2364 5714 2695 5768 obmutescit
2747 5721 2800 5768 et
2832 5715 2983 5768 asina
3013 5717 3276 5783 loauitur,
3329 5718 3450 5787 quia
3497 5716 3675 5772 clero
3703 5725 3784 5769 ta-

2174 5818 2326 5862 cente
2354 5807 2579 5861 verbum
2600 5806 2692 5860 Dei
2711 5806 2778 5860 ah
2798 5808 3026 5863 indoctis
3058 5824 3198 5877 smpe
3228 5809 3524 5879 profertur.
3550 5808 3787 5863 Etenim
