3964 6452
226 405 314 463 813

258 518 395 565 initur
442 527 454 562 :

224 523 395 580 dicitur
442 527 454 562 2
507 524 524 557 ι
561 523 730 559 Canes
758 523 889 553 muu
931 523 1038 550 uuu
1087 523 1328 554 vutcutcs
1376 523 1573 551 Iatrurc
1601 523 1739 566 μδα.

223 607 333 678 ιγι),
362 622 380 656 υ
410 597 484 654 0b
509 587 880 652 conscientiam
910 601 1092 656 pravae
1121 586 1246 642 vitae
1271 603 1301 641 a
1327 587 1496 641 verbo
1518 586 1616 640 .Dei
1643 585 1743 639 ob-

221 699 509 758 mutescunt,
530 695 598 753 et,
629 701 696 739 ne
721 683 1116 750 redarguantur
1151 689 1341 734 contra
1381 694 1634 749 perverse
1664 678 1746 731 vi-

222 800 394 850 ventes,
418 785 626 838 latratus
646 774 1044 846 praedicationis
1058 790 1166 829 non
1188 774 1386 839 edunt;
1404 771 1605 841 quibus
1618 784 1742 824 cum

220 884 278 939 ab
294 876 465 949 angelo
503 871 743 926 ﬂammeo
790 881 924 922 ense
972 866 1278 931 obsistitur,
1313 864 1442 934 quia
1476 861 1743 933 judicium

217 970 374 1029 aeterni
400 964 528 1036 ignis
569 961 621 1015 in
651 959 797 1014 omni
828 956 1110 1028 Scriptura
1140 958 1221 1012 eis
1261 957 1607 1027 prmdicatur.
1642 952 1746 1006 Ba-

214 1066 332 1119 laam
359 1065 575 1114 montem
604 1052 893 1119 scandens,
926 1051 995 1106 de
1019 1051 1220 1107 futuris
1245 1049 1551 1121 prophetat,
1586 1060 1640 1107 et
1662 1059 1747 1105 ta-

215 1170 319 1211 men
347 1148 552 1221 pecunia
572 1154 858 1214 corruptus
878 1144 1140 1215 populum
1170 1143 1263 1198 Dei
1287 1144 1591 1214 impugnat,
1615 1146 1745 1215 quia

209 1253 257 1301 et
280 1242 355 1300 isti
383 1235 659 1309 aliquando
701 1234 1042 1290 altitudinem
1077 1235 1318 1292 scientia:
1348 1236 1645 1306 attingunt,
1678 1240 1746 1295 de

210 1336 363 1392 futura
393 1332 491 1386 vita
524 1328 717 1400 populo
754 1328 988 1397 plurima
1016 1328 1339 1397 praedicant,
1371 1338 1425 1383 et
1453 1329 1537 1385 his
1564 1339 1745 1387 tamen

207 1443 287 1499 per
309 1423 569 1495 reprobam
597 1421 760 1475 vitam
801 1418 1203 1476 contradicunt.
1233 1418 1446 1476 Etenim
1481 1436 1579 1491 per
1614 1437 1744 1493 pro-

207 1518 394 1589 phetam
418 1512 607 1568 dicitur
634 1528 646 1564 :
683 1528 702 1560 ‹
734 1507 853 1563 Vidi
882 1509 934 1562 in
958 1516 1145 1564 monte
1170 1508 1327 1579 quasi
1351 1510 1638 1566 aedilicium
1668 1513 1747 1567 ci-

204 1607 375 1669 vitatis,
394 1614 443 1659 et
463 1616 584 1657 ecce
603 1610 744 1655 terra
770 1600 1016 1655 ascendit
1035 1616 1200 1671 super
1231 1599 1496 1658 fenestras
1526 1601 1742 1673 (Ezech.

206 1700 298 1766 xc).
327 1715 343 1747 ι
374 1694 568 1750 Civitas
621 1693 674 1745 in
724 1699 908 1745 monte
940 1691 1208 1747 :edificata
1261 1702 1346 1748 est
1389 1692 1639 1748 Ecclesia
1688 1694 1745 1749 in

1042 330 1050 345 ‘
1096 368 1671 439 DEFLORATIONES
1710 375 1808 432 SS.

507 524 524 557 ι
561 504 730 559 Canes
756 496 889 553 muti
930 509 1038 550 non
1084 497 1328 554 valentes
1372 498 1573 551 latrare
1601 493 1739 566 (lsa.
1773 503 1817 559 Α
1849 505 1953 545 non
1981 506 2102 557 sua,
2124 489 2217 545 sed
2249 499 2437 544 nostra
2461 487 2691 548 crimina
2720 489 2873 558 lavit,
2904 499 2959 548 et
2982 492 3139 549 nobis
3164 492 3436 565 baptisma

1853 371 2161 430 PATRUM.
2195 404 2264 414 -—
2302 370 2429 429 LIB.
2474 374 2517 429 1.
3330 380 3435 437 8η

1844 597 1947 637 suo
1978 582 2227 654 ingressu
2250 581 2610 637 consecravit.
2629 581 2840 639 Caelum
2864 585 2913 641 ei
2937 594 3106 656 patet,
3121 598 3175 642 et
3198 585 3436 658 Spiritus

1844 674 2184 730 descendens
2202 689 2369 744 super
2395 692 2521 731 eum
2555 684 2759 744 manet,
2784 677 2913 746 quia
2945 678 3039 748 qui
3084 679 3140 733 in
3181 680 3302 750 ejus
3333 696 3438 736 no-

1844 765 1992 821 mine
2032 766 2304 837 baptisma
2332 777 2767 839 consequuntur,
2803 769 3007 840 Spiritu
3039 780 3233 827 sancto
3255 773 3437 843 reple-

1844 856 2068 925 buntur,
2111 867 2165 913 et
2215 858 2259 912 si
2303 859 2573 915 columba}
2599 859 2998 931 simplicitatem
3046 861 3353 932 imitantur,
3377 864 3435 918 in

1845 950 1986 1005 cado
2016 965 2141 1005 cum
2169 948 2391 1005 Christo
2420 949 2748 1005 exaltantur.
2797 950 2900 1007 Per
2927 953 3132 1010 bestias
3155 954 3322 1010 etiam
3348 954 3435 1008 in-

1845 1038 2169 1108 formamur,
2185 1050 2243 1096 ut
2261 1050 2498 1096 veterem
2518 1041 2684 1095 vitam
2699 1041 3055 1109 deponentes,
3072 1059 3215 1099 nova
3234 1044 3403 1101 indua
3426 1078 3439 1090 ο

1844 1134 1989 1186 mur.
2022 1130 2216 1186 Fertur
2238 1131 2382 1187 enim
2411 1131 2477 1186 de
2508 1132 2852 1201 serpentibus
2873 1132 3021 1204 quod
3057 1150 3255 1191 nomen
3278 1147 3437 1193 accc~
3502 1121 3510 1125 ’

1845 1234 2042 1293 perunt
2065 1239 2131 1277 eo
2162 1224 2309 1295 quod
2335 1226 2566 1281 occultis
2593 1227 2904 1280 accessibus
2926 1235 3169 1295 serpunt.
3203 1225 3436 1299 Physio—

1845 1317 2008 1389 legus
2042 1316 2174 1372 dicit
2200 1326 2442 1387 quatuor
2481 1326 2710 1373 naturas
2734 1317 2940 1374 habere
2987 1326 3288 1388 serpentes.
3313 1319 3437 1374 Pri-
3514 1312 3525 1362 ἶ

1845 1424 1992 1463 mam
2021 1420 2273 1463 naturam
2302 1424 2425 1464 cum
2456 1409 2760 1476 senuerint,
2784 1408 3025 1479 caligant
3047 1410 3191 1465 oculi
3216 1411 3360 1481 ejus,
3381 1419 3438 1466 et
3515 1478 3519 1484 1

1846 1503 1895 1561 si
1922 1502 2156 1558 voluerit
2178 1517 2354 1558 novus
2386 1501 2523 1569 fieri,
2567 1501 2805 1557 abstinet
2832 1516 2890 1556 se
2925 1516 2956 1555 a
2984 1501 3131 1568 cibo,
3154 1510 3208 1556 et
3222 1501 3440 1572 jejunat
3508 1522 3527 1584 ί

1846 1595 2038 1651 diebus
2067 1594 2429 1666 quadraginta
2452 1602 2507 1650 et
2531 1595 2783 1650 noctibus
2810 1594 2985 1650 donec
3015 1594 3170 1664 pellis
3209 1596 3331 1667 ejus
3377 1597 3434 1651 in
3483 1588 3533 1640 ’ἃ

1846 1703 1913 1744 eo
1939 1688 2174 1755 laxetur,
2205 1695 2259 1742 et
2280 1687 2471 1757 quaerit
2500 1694 2709 1757 petram
2740 1687 2797 1741 in
2822 1688 3015 1743 fissura
3042 1700 3356 1760 angustam,
3382 1696 3440 1743 et

200 1788 387 1845 Christo
420 1786 611 1840 locata.
656 1783 982 1839 Sacerdotes
1009 1799 1143 1838 vero
1188 1792 1318 1839 sunt
1346 1782 1619 1851 fenestrze,
1650 1800 1746 1855 per
1776 1852 1808 1855 _
1848 1780 1972 1835 inde
2000 1795 2059 1836 se
2086 1780 2435 1835 vehementer
2455 1788 2898 1850 coarctat,atque
2914 1781 3284 1837 contribulato
3308 1797 3436 1838 cor-

201 1894 318 1952 quos
361 1878 532 1932 lumen
553 1876 750 1932 divinae
800 1875 1007 1931 notitiae
1036 1875 1226 1931 debuit
1254 1876 1517 1947 subjectis
1558 1852 1742 1948 splen-
1775 1852 1818 1906 Β
1851 1890 1985 1946 pore
2014 1874 2240 1945 deponit
2294 1883 2651 1943 senectutem,
2696 1885 2750 1931 et
2787 1876 2984 1932 iterum
3020 1893 3197 1934 novus
3227 1878 3307 1935 fit.
3338 1878 3438 1935 Se-

198 1970 402 2026 descere.
437 1966 562 2034 Sed,
591 1966 737 2022 heu!
788 1974 932 2022 terra
966 1982 1132 2037 super
1163 1965 1433 2023 fenestras
1467 1969 1660 2037 crevit,
1688 1977 1744 2024 et

198 2066 351 2119 lumen
386 2062 584 2117 intrare
615 2076 726 2116 non
765 2061 918 2123 sinit,
949 2060 1077 2131 quia
1099 2061 1371 2131 cupiditas
1398 2070 1740 2117 terrenarum

194 2172 348 2211 rerum
372 2155 539 2211 visum
576 2155 779 2209 mentis
828 2154 1172 2210 sacerdotum
1205 2164 1472 2222 excaecat;
1524 2164 1579 2210 et
1620 2156 1742 2212 ideo

192 2251 346 2304 lumen
380 2249 569 2304 divina:
598 2248 843 2303 scientia‘,
864 2262 960 2317 per
986 2263 1082 2302 eos
1103 2247 1329 2303 minime
1358 2248 1412 2301 in
1437 2247 1738 2304 Ecclesium

190 2341 355 2395 radiat.
389 2339 547 2394 Stella
576 2355 705 2410 qua:
733 2339 799 2393 de
826 2337 995 2392 Jacob
1037 2346 1153 2391 orta
1182 2337 1355 2404 fulsit,
1380 2349 1462 2395 est
1486 2339 1739 2395 Christus

188 2432 267 2503 qui
288 2433 346 2488 de
370 2447 557 2503 genere
602 2431 772 2487 Israel
811 2430 1017 2484 mundo
1050 2424 1449 2501 illuxitftiujus
1481 2432 1650 2486 virtus
1680 2441 1739 2487 ut

189 2524 435 2580 unicornis
478 2523 602 2590 fuit,
652 2524 750 2594 qui
781 2525 965 2579 omnia
1000 2523 1273 2579 obstantia
1314 2537 1484 2577 cornu
1518 2523 1739 2594 suppri-

184 2616 283 2670 mit.
305 2616 373 2670 De
399 2632 507 2687 quo
539 2617 816 2673 unicornu
843 2616 976 2671 dicit
1004 2615 1358 2686 physiologus
1396 2615 1538 2671 hanc
1579 2626 1740 2671 natu-

181 2723 277 2762 ram
302 2707 490 2763 habere
516 2708 674 2778 quod
710 2706 992 2762 unicornis
1017 2705 1107 2771 sit,
1134 2712 1188 2759 et
1212 2705 1357 2775 quod
1388 2704 1459 2761 sit
1479 2705 1738 2775 pusillum

178 2800 372 2867 animal,
397 2811 448 2855 et
470 2800 639 2856 haedo
652 2799 869 2867 similis,
892 2800 1331 2868 acerritnumque
1365 2813 1379 2849 :
1415 2806 1578 2867 atque
1608 2798 1739 2853 illud

176 2890 422 2963 singulare
451 2907 631 2947 cornu
664 2891 719 2946 in
756 2892 931 2961 capite
956 2892 1183 2954 habeat,
1223 2898 1278 2945 et
1304 2890 1488 2944 nullus
1518 2900 1743 2944 venator

174 2997 281 3037 eum
302 2998 487 3053 capere
514 2991 726 3052 potest.
779 2980 885 3036 Sed
915 2982 1019 3036 hoc
1062 2990 1387 3051 argumento
1430 2980 1654 3050 capiunt
1679 2981 1743 3034 il-

173 3075 268 3128 lum
299 3092 311 3128 :
341 3075 546 3129 ducunt
571 3073 816 3144 puellam
851 3073 1119 3144 virginem
1165 3073 1219 3127 in
1249 3073 1400 3127 illum
1440 3073 1620 3127 locum
1648 3072 1739 3127 ubi

1851 1967 2087 2022 cundam
2110 1975 2297 2023 autem
2329 1974 2583 2021 naturam
2610 1981 2736 2021 cum
2770 1968 2980 2022 venerit
3018 1968 3203 2025 bibere
3233 1986 3437 2040 aquam

1846 2060 1913 2114 ad
1941 2057 2169 2125 fontem,
2201 2074 2310 2113 non
2341 2057 2713 2114 secumoaﬂ‘ert
2736 2075 2896 2114 suum
2928 2076 3231 2129 venenum,
3256 2064 3351 2119 sed
3377 2065 3436 2119 in

1844 2149 2013 2206 cubili
2042 2163 2144 2205 suo
2168 2150 2411 2219 deponit,
2436 2158 2492 2204 et
2506 2148 2588 2204 sic
2618 2164 2816 2219 aquam
2849 2149 3006 2205 bibit.
3032 2150 3273 2206 Tertiam
3302 2168 3435 2207 vero

1845 2253 2120 2310 naturam,
2149 2243 2195 2298 si
2224 2240 2421 2297 viderit
2446 2258 2674 2313 serpens
2703 2244 2982 2300 hominem
3008 2246 3213 2304 nudum
3234 2288 3249 2313 ,
3282 2247 3434 2303 timet

1843 2340 1998 2395 valde
2048 2338 2311 2394 accedere
2353 2336 2420 2391 ad
2468 2351 2627 2403 eum;
2670 2336 2716 2392 si
2753 2348 2936 2393 autem
2992 2340 3250 2394 vestitum
3296 2341 3435 2396 vidit

1844 2448 1952 2487 non
1993 2431 2149 2486 facile
2194 2429 2350 2500 fugit.
2391 2427 2654 2496 Quartam
2681 2445 2903 2501 quoque
2930 2440 3183 2487 naturam
3205 2448 3434 2503 serpen-

1843 2525 1935 2592 tis,
1967 2524 2188 2596 quando
2238 2522 2449 2577 venerit
2473 2523 2641 2578 homo
2663 2534 2717 2578 et
2747 2524 2983 2582 voluerit
3010 2542 3136 2581 eum
3162 2525 3432 2593 occidere,

1842 2624 2017 2672 totum
2056 2632 2258 2687 corpus
2278 2614 2449 2669 tradit
2470 2613 2535 2668 ad
2566 2630 2816 2684 pmnam,
2850 2627 3017 2687 caput
3043 2626 3223 2673 autem
3252 2619 3435 2674 solum

1842 2709 2100 2764 custodit.
2122 2707 2227 2763 Per
2258 2708 2405 2763 hunc
2432 2708 2616 2780 itaque
2643 2717 2951 2778 serpentem
2988 2710 3214 2779 quilibet
3239 2725 3435 2780 pecca-

1844 2810 1931 2856 tor
1959 2801 2278 2872 designatur
2333 2802 2427 2872 qui
2477 2803 2531 2856 in
2581 2802 2770 2856 multis
2802 2800 3023 2871 ﬂagitiis
3076 2802 3431 2858 inveteratur.

1846 2890 2003 2948 Hunc
2051 2901 2287 2964 oportet,
2320 2902 2380 2948 ut
2408 2893 2473 2947 ad
2510 2900 2722 2962 petram
2776 2891 3057 2948 Christum
3103 2894 3401 2963 quantociu

1845 2987 2048 3053 veniat,
2075 2995 2363 3057 augustam
2396 2987 2540 3041 viam
2564 3001 2688 3057 quae
2715 2985 2867 3041 ducit
2891 2985 2957 3041 ad
2984 2985 3151 3039 vitam
3176 2985 3403 3055 accipial

1846 3077 2018 3133 veteri
2049 3078 2231 3132 tunica
2252 3076 2508 3132 vitiorum
2532 3076 2890 3147 exspolietur,
2917 3092 3055 3131 nova
3082 3085 3229 3133 veste
3256 3077 3397 3132 virtu
3431 3108 3445 3131 ε

1844 3178 1963 3223 tum
1990 3169 2380 3226 circumdetur.

1918 3260 2087 3317 Hodie
2117 3262 2303 3328 etiam,
2336 3262 2700 3330 dilectissimi,
2751 3262 3016 3319 Dominus
3056 3262 3317 3320 invitatus
3361 3264 3433 3319 ad

1843 3352 2063 3423 nuptias
2091 3362 2213 3423 post
2235 3369 2438 3407 annum
2461 3353 2719 3422 baptismi
2742 3354 2849 3418 sui,
2874 3354 3134 3411 convivas
3156 3354 3432 3410 exhilara—

1841 3445 1938 3510 vit,
1970 3445 2099 3500 dum
2126 3445 2409 3501 deficiente
2435 3446 2564 3501 vino
2592 3462 2686 3503 sex
2713 3447 2936 3518 bydrias
2964 3462 3124 3518 aqua:
3152 3447 3206 3502 in
3238 3448 3430 3503 vinum

1842 3537 2197 3591 commutavit
2219 3536 2400 3607 (Joau.
2439 3540 2523 3607 ll).
2557 3538 2632 3593 De
2656 3539 2763 3593 hoc
2806 3538 2937 3594 vino
2972 3554 3072 3595 nos
3094 3554 3315 3611 quoque
3330 3554 3435 3611 po-

1843 3636 1938 3692 tat,
1965 3628 2092 3682 dum
2124 3628 2237 3682 hmc
2265 3644 2364 3683 nos
2388 3628 2709 3698 spiritaliter
2734 3630 3030 3700 intelligere
3048 3632 3234 3685 donat.
3259 3630 3435 3687 Istum

1840 3718 1981 3773 diem
2012 3718 2175 3772 etiam
2207 3718 2436 3789 gentiles
2466 3720 2597 3773 olim
2615 3720 2883 3775 celebrem
2911 3721 3207 3785 ducebant,
3237 3721 3308 3774 ob
3331 3722 3434 3777 tri-

1842 3828 1970 3866 num
2000 3812 2338 3882 triumphum
2366 3828 2527 3882 quem
2554 3812 2718 3869 hodie
2749 3813 2983 3869 Romani
3018 3815 3272 3886 Augusto
3309 3814 3432 3870 Ca3-

1840 3901 1949 3955 sari
1999 3903 2351 3969 exhibebant,
2383 3919 2450 3957 eo
2497 3905 2642 3973 quod
2699 3905 2798 3959 tria
2843 3922 3026 3976 regna,
3060 3907 3269 3962 scilicet
3297 3906 3435 3961 Par-

1843 3994 2032 4059 thiam,
2081 3992 2373 4062 AEgvptum
2423 4003 2477 4048 et
2524 3994 2755 4049 Mediam
2820 3996 3135 4060 devincens,
3178 3995 3432 4053 Romano

1840 4083 2070 4153 imperio
2092 4084 2498 4154 subjugaverat.
2522 4084 2679 4140 Hunc
2709 4085 3070 4141 nihilominus
3094 4086 3337 4142 Ecclesia
3358 4089 3432 4143 ob

1840 4185 1950 4231 tres
1975 4192 2170 4231 causas
2201 4177 2499 4231 solemnem
2542 4178 2772 4247 judicat,
2801 4186 2855 4232 et
2882 4178 2993 4247 regi
3026 4179 3271 4234 omnium
3302 4195 3430 4235 cum

1840 4266 2158 4336 triumphali
2193 4266 2351 4320 laude
2377 4266 2594 4335 jubilat,
2645 4267 2793 4336 quod
2824 4268 3075 4322 videlicet
3101 4278 3212 4323 tres
3240 4278 3427 4339 partes

1840 4360 2052 4423 mundi,
2084 4358 2247 4413 hodie
2298 4374 2395 4428 per
2443 4366 2557 4414 tres
2588 4359 2774 4430 Magos
2804 4367 3021 4428 sceptro
3079 4359 3162 4414 sui
3200 4360 3431 4415 dominii

1841 4450 2103 4515 subdidit,
2160 4460 2213 4505 et
2255 4449 2484 4505 crimina
2534 4460 2719 4507 nostra
2774 4452 2829 4505 in
2870 4450 3109 4506 Iordane
3148 4451 3344 4517 abluit,
3374 4464 3431 4506 et

1766 4541 1811 4595 D
1840 4558 2037 4613 aquam
2064 4542 2198 4613 legis
2226 4542 2386 4596 hodie
2414 4543 2470 4595 in
2495 4542 2680 4597 vinum
2709 4542 2899 4613 gratia!
2929 4542 2994 4597 ad
3026 4542 3300 4611 spiritales
3325 4560 3430 4597 nu-

1842 4635 1984 4704 ptias
2015 4632 2312 4688 transtulit.
2344 4630 2518 4702 Hujus
2545 4632 2796 4703 imperio,
2824 4633 3135 4689 charissimi
3153 4675 3168 4699 ,
3192 4649 3287 4688 vos
3314 4641 3427 4689 tota

1841 4736 2087 4782 menteet
2109 4726 2272 4782 corde
2297 4725 2788 4789 subdite,debitum
2810 4725 3095 4781 servitium
3121 4726 3267 4780 omni
3287 4734 3427 4779 tem—

1840 4833 1971 4889 pore
1994 4818 2041 4871 ei
2067 4816 2376 4887 persolvite,
2395 4825 2455 4870 ut
2469 4826 2591 4885 post
2608 4816 2771 4885 hujus
2788 4816 3001 4871 misera:
3014 4816 3138 4870 vitae
3160 4815 3424 4886 inopiam,

1841 4908 2152 4979 percipiatis
2192 4907 2259 4961 ab
2306 4908 2398 4960 illo
2434 4906 2654 4962 divitias
2684 4915 2738 4962 et
2768 4907 2996 4978 gloriam
3032 4921 3200 4978 quam
3231 4906 3426 4965 oculus

1837 5015 1947 5055 non
1980 4998 2112 5052 vidit
2139 4996 2193 5068 (1
2233 4996 2356 5052 Cor.
2383 4997 2470 5068 ll).

169 3175 407 3231 moratur,
436 3175 491 3222 et
510 3166 936 3220 dimittunteam
963 3164 1033 3218 ibi
1063 3164 1258 3219 solam.
1288 3163 1381 3219 Ille
1405 3174 1586 3221 autem
1611 3179 1735 3219 mox
1767 3203 1809 3260 Ο

170 3268 217 3317 ut
240 3262 423 3319 viderit
449 3277 596 3330 eam,
630 3262 757 3317 salit
781 3262 836 3315 in
868 3261 1050 3317 sinum
1084 3260 1314 3332 virginis
1340 3270 1395 3317 et
1423 3262 1741 3333 complecti-

165 3362 241 3409 tur
264 3370 398 3422 eam,
421 3356 600 3411 donec
645 3354 940 3421 obdormit,
971 3353 1159 3423 sicque
1181 3354 1663 3423 comprehenditur
1686 3363 1741 3409 et

163 3445 453 3512 perducitur
488 3445 557 3500 ad
584 3444 861 3516 palatium
895 3444 1059 3515 regis.
1091 3441 1248 3499 Hunc
1290 3459 1388 3513 per
1417 3444 1737 3500 rhinocero-

160 3544 250 3589 tem
265 3533 517 3591 Christus
530 3536 882 3606 designatur,
905 3535 999 3606 qui
1017 3535 1359 3605 principatus
1376 3544 1429 3590 et
1447 3545 1738 3605 potestates

162 3627 328 3682 mundi
380 3628 660 3683 cornibus
699 3627 882 3683 crucis
920 3627 1266 3697 perdomuit,
1314 3637 1370 3683 et
1412 3628 1736 3698 jamdudum

156 3726 329 3774 uincta
367 3735 540 3791 regna
564 3733 679 3774 suo
714 3718 947 3789 imperio
979 3718 1240 3773 subdidit.
1286 3717 1487 3773 Puella:
1532 3727 1739 3773 ornatae

155 3825 264 3864 cum
280 3812 477 3882 quibus
495 3812 747 3884 populus
765 3810 1088 3877 fornicatur,
1115 3819 1169 3866 et
1186 3812 1251 3865 ad
1269 3811 1629 3867 idololatriam
1650 3811 1739 3865 in-

149 3900 384 3969 clinatur,
406 3912 544 3959 sunt
566 3916 791 3973 pompae
814 3909 869 3956 et
899 3901 1165 3956 illecebrae
1184 3900 1394 3963 mundi,
1413 3900 1613 3970 quibus
1638 3915 1738 3969 po-

152 3994 295 4061 pulus
321 3994 597 4061 irretitur,
631 3993 973 4050 etdiabolico
993 3992 1162 4048 cultui
1184 3990 1489 4061 subjicitur.
1516 3990 1734 4046 Balaam

146 4085 313 4142 interit
352 4087 562 4159 gladio,
611 4087 749 4157 quia
790 4084 1144 4141 sacerdotalis
1195 4084 1353 4149 ordo,
1401 4085 1509 4138 dux
1560 4098 1737 4139 aecus

147 4195 397 4236 caecorum
425 4183 580 4253 perit
620 4181 812 4236 divino
832 4179 1059 4250 judicio.
1092 4178 1319 4233 Demum
1352 4194 1444 4232 rex
1475 4194 1598 4233 cum
1637 4193 1737 4247 po-

141 4276 257 4345 pulo
274 4278 719 4341 exterminatur,
733 4283 787 4330 et
807 4273 956 4343 regio
979 4281 1382 4338 concrematur,
1404 4272 1535 4341 quia
1557 4270 1621 4325 ad
1655 4270 1738 4324 ul—

142 4367 316 4422 timum
345 4369 620 4424 diabolus
649 4382 775 4422 cum
802 4366 1059 4421 omnibus
1082 4364 1342 4419 membris
1367 4363 1481 4418 suis
1511 4362 1737 4416 damna-

135 4455 289 4527 bitur,
319 4468 376 4514 et
400 4459 500 4514 hic
536 4456 790 4512 mundus
818 4470 980 4525 quem
1008 4470 1107 4524 pro
1142 4453 1316 4525 patria
1350 4452 1670 4514 dilexerant,
1703 4467 1734 4504 a

134 4550 338 4606 flamma
364 4552 696 4606 vorabitur.

191 4642 363 4701 Hodie
385 4646 599 4709 etiam,
649 4639 1013 4705 dilectissimi,
1062 4638 1315 4693 Christus
1362 4652 1391 4691 a
1437 4635 1645 4691 Joanne
1679 4637 1734 4691 in

126 4733 353 4793 Iordane
381 4747 521 4808 post
549 4751 670 4790 xxx
693 4748 868 4789 annos
894 4733 1228 4802 baptitatur,
1258 4739 1312 4785 et
1349 4730 1547 4785 cadum
1572 4731 1620 4784 ei
1649 4746 1736 4785 re-

123 4838 349 4898 seratur,
374 4838 433 4885 et
459 4828 720 4899 Spiritus
744 4832 970 4880 sanctus
1007 4824 1061 4878 iu
1091 4822 1344 4878 columba
1368 4822 1546 4892 specie
1569 4837 1734 4892 super

119 4933 234 4972 eum
253 4920 642 4975 descendisse
673 4922 1027 4977 memoratur,
1047 4922 1101 4967 et
1116 4921 1338 4982 paterna
1356 4926 1459 4966 vox
1477 4912 1731 4966 dilectum

114 5008 241 5066 lium
271 5021 651 5084 protestatur
676 5006 893 5078 (Manli.
926 5006 1031 5076 ιιι).
1065 5004 1351 5079 Dominus,
1395 5004 1728 5068 charissimi,

628 5290 1233 5387 DOMINICA
1302 5290 1681 5379 PRIMA
1750 5285 2049 5379 POST
2119 5284 2923 5375 EPIPHANIAM.

1837 5478 2180 5535 duodennem
2200 5477 2366 5540 venit,
2381 5478 2545 5546 carpit
2568 5477 2780 5550 aperire
2795 5477 2924 5547 quid
2939 5476 3087 5531 Patri
3105 5476 3310 5532 cmlesti
3333 5477 3423 5532 de-

1837 5569 2150 5640 beret,quid
2169 5578 2399 5623 terrente
2421 5570 2605 5622 matri.
2628 5568 2785 5623 Aitas
2800 5577 2980 5622 autem
3004 5567 3312 5622 duodennis
3331 5576 3417 5637 ty-

1835 5679 1940 5733 pus
1976 5671 2094 5716 erat
2119 5659 2408 5716 duodecim
2442 5661 2811 5729 apostolorum
2831 5700 2845 5723 ,
2870 5673 2965 5726 per
2992 5673 3131 5725 quos
3160 5656 3420 5712 divinitas

1835 5762 1889 5808 et
1914 5752 2225 5807 humanitas
2250 5749 2370 5819 ejus
2398 5760 2515 5804 erat
2546 5766 2641 5820 per
2675 5750 2861 5804 orbem
2905 5747 3222 5802 nuntianda.
3261 5745 3419 5800 Ᾱέιεε

1834 5846 2140 5903 duodennis
2166 5855 2329 5917 typus
2349 5851 2466 5900 erat
2486 5841 2773 5898 duodecim
2804 5840 3069 5913 graduum
3097 5838 3418 5895 humilizatis

161 5510 185 5545 ι
202 5490 354 5548 Cum
372 5489 587 5546 factus
604 5486 1203 5543 essetJesusonnorum
1221 5483 1527 5547 duodecim,
1542 5497 1734 5537 ascen-

87 5582 361 5642 dentibus
395 5583 530 5639 illis
586 5581 646 5634 in
694 5579 1123 5649 Hierosolymam
1156 5576 1456 5633 secundum
1493 5590 1731 5630 consue—

83 5680 345 5735 tudinem
366 5679 497 5734 diei
514 5671 1198 5742 festiJconsummatisque
1221 5669 1570 5735 diebus,cum
1590 5667 1731 5721 redi-

80 5781 225 5838 rent,
256 5768 578 5828 remansit
612 5781 746 5835 puer
765 5763 926 5820 Jesus
956 5764 1010 5817 in
1041 5761 1404 5826 Hierusalem,
1426 5767 1481 5814 et
1510 5774 1615 5812 non
1638 5772 1726 5812 co-

75 5872 421 5933 gnoverunt
480 5868 760 5931 parentes
805 5857 924 5928 ejus
956 5854 1109 5927 (Luc.
1128 5853 1208 5923 ιι).
1243 5872 1262 5905 ι
1295 5850 1399 5908 Ubi
1421 5852 1489 5908 ad
1513 5860 1729 5907 aetatem
