3964 6452
469 401 575 459 815

1605 379 1932 436 WERNERI
1969 376 2263 432 ABBATIS
2302 373 2361 429 S.
2393 367 2617 428 BLASII
3620 372 3708 429 8l6

396 514 403 517 ’
470 520 524 572 in
551 510 909 570 ascendendo.
938 505 1153 559 Primus
1178 501 1358 569 itaque
1392 497 1592 569 gradus
1620 494 1943 551 humilitatis
1971 502 2055 547 est
2087 496 2128 554 Λ
2157 491 2356 546 docere
2404 487 2600 542 audeat
2650 485 3019 555 (Aunnostus.)
3051 483 3181 540 Post
3216 483 3451 539 triduum
3474 489 3712 555 reperit“,

468 605 634 662 corde
654 611 709 657 et
734 612 957 668 corpore
991 607 1203 661 semper
1229 590 1593 645 humilitatem
1622 586 1928 651 ostendere,
1964 584 2059 639 dc-

467 696 594 751 ﬁxis
622 694 675 746 in
704 701 903 745 terram
943 683 1359 754 conspectibus;
1403 680 1699 746 secundus,
1729 687 1787 733 ut
1808 692 1978 747 pauca
2007 683 2061 730 et

464 782 811 842 rationabilia
841 780 1005 834 verba
1054 777 1331 845 loquatur,
1364 789 1473 828 non
1515 774 1569 827 in
1615 773 1854 828 clamosa
1894 785 2057 836 voce;

471 880 684 943 tertius,
711 874 756 930 si
781 889 890 927 non
926 870 1104 925 facilis
1137 876 1233 922 aut
1271 875 1556 937 promptus
1604 864 1769 919 fuerit
1810 864 1863 917 in
1906 862 2059 927 risu;

467 979 701 1042 quartus
730 1007 744 1030 ,
804 961 1152 1020 taciturnitas
1208 975 1383 1029 usque
1435 960 1502 1013 ad
1578 956 2060 1028 interrogationes;

468 1062 717 1134 quintus,
743 1067 928 1111 tenere
959 1053 1104 1125 quod
1149 1052 1460 1106 communis
1510 1050 1696 1121 regula
1722 1050 2063 1115 habet;sex-

467 1164 581 1221 tus,
612 1151 835 1208 credere
880 1158 933 1203 ct
980 1147 1335 1215 pronuntiare
1385 1160 1445 1199 se
1494 1143 1750 1199 omnibus
1777 1142 2063 1207 viliorem;

470 1246 758 1315 septimus,
781 1240 849 1295 ad
870 1240 1054 1294 omnia
1079 1238 1362 1309 indignum
1385 1244 1440 1291 et
1463 1236 1712 1290 inutilem
1738 1250 1795 1290 se
1819 1234 2067 1290 conﬁteri

376 1321 389 1334 ’
464 1340 697 1404 debere;
725 1343 950 1391 octavus
992 1331 1267 1388 confessio
1313 1338 1697 1401 peccatorum;
1734 1344 1933 1394 nonus,
1968 1344 2068 1399 pro

467 1429 778 1488 obedientia
818 1427 872 1481 in
917 1424 1071 1480 duris
1103 1433 1157 1479 et
1186 1425 1397 1494 asperis
1426 1422 1740 1493 patientiam
1773 1421 2024 1492 amplecti
2050 1422 2064 1470 ;

469 1521 717 1576 decimus
749 1517 901 1572 omni
947 1514 1253 1570 obedientia
1316 1515 1476 1569 subdi
1526 1514 2071 1581 omnibus;undeci-

468 1630 615 1679 mus,
639 1610 914 1682 propriam
941 1622 1052 1661 non
1081 1622 1267 1661 amare
1290 1607 1661 1672 voluntatem;
1687 1605 2066 1674 duodecimus,

472 1708 668 1761 timore
697 1702 914 1759 Domini
937 1699 1213 1758 custodire
1246 1715 1305 1755 se
1327 1698 1478 1753 omni
1506 1698 1641 1753 hora
1673 1698 1742 1752 ab
1771 1698 1919 1753 omni
1945 1712 2071 1767 pec-

470 1808 613 1856 cato.
649 1798 768 1853 Duo
796 1797 959 1868 primi
1000 1797 1199 1851 horum
1236 1791 1507 1863 graduum
1561 1799 1714 1844 extra
1768 1790 2067 1845 claustrum

468 1889 789 1946 monasterii
837 1883 1164 1943 ascendendi
1209 1892 1357 1949 sunt,
1402 1890 1463 1935 ut
1513 1880 1733 1935 demum
1786 1880 1842 1933 in
1910 1880 2068 1934 tertio

469 1983 643 2054 gradu
688 1979 955 2035 subdatur
1006 1975 1204 2047 majori
1236 1974 1328 2044 qui
1364 1972 1626 2028 ascendit.
1661 1969 1757 2026 His
1779 1970 2065 2025 duodecim

470 2071 733 2143 gradibus
764 2069 821 2123 in
861 2066 1185 2124 ascensione
1236 2070 1588 2133 Opponuntur
1633 2060 1724 2115 alii
1781 2060 2066 2115 duodecim

469 2161 743 2232 superbiae
774 2161 829 2214 in
857 2156 1237 2214 descensione.
1267 2154 1488 2208 Primus
1535 2154 1719 2222 itaque
1743 2152 1945 2223 gradus
1970 2168 2066 2207 su-

470 2252 674 2325 perbiae
719 2252 774 2305 in
810 2247 1191 2305 descendendo
1235 2255 1317 2300 est
1366 2244 1690 2311 curiositas,
1722 2259 1847 2299 cum
1895 2242 2069 2298 oculis

470 2344 793 2414 exterisque
821 2341 1076 2397 sensibus
1109 2345 1341 2409 vagatur
1369 2338 1423 2391 in
1450 2352 1511 2390 ca
1541 2351 1664 2406 quae
1690 2336 1757 2390 ad
1790 2350 1849 2391 se
1875 2351 1983 2389 non
2010 2350 2071 2389 a-

470 2436 682 2499 tinent;
712 2432 1008 2497 secundus,
1031 2429 1226 2484 levitas
1255 2427 1476 2493 mentis,
1500 2442 1623 2497 quae
1664 2442 1759 2496 per
1791 2427 1953 2480 verba
1985 2427 2069 2480 in-

473 2529 709 2585 discrete
729 2527 851 2580 laeta
879 2525 962 2580 vel
993 2524 1171 2579 tristia
1204 2530 1496 2586 notantur;
1528 2519 1742 2584 tertius,
1770 2518 1949 2587 inepta
1978 2518 2069 2572 lac-

472 2619 613 2686 titia,
644 2632 767 2688 qua:
815 2631 911 2686 per
960 2614 1275 2669 facilitatem
1320 2612 1469 2666 risus
1526 2619 1781 2675 notatur;
1814 2617 2065 2679 quartus,

468 2708 756 2781 jactantia,
781 2721 903 2776 quze
945 2705 998 2758 in
1033 2704 1384 2773 multiloquio
1432 2700 1788 2765 diﬁunditur;
1820 2700 2066 2768 quintus,

475 2799 827 2871 singularitas
871 2795 1102 2865 privata,
1133 2793 1388 2847 affectare
1436 2806 1561 2845 cum
1618 2790 1827 2860 gloria;
1858 2799 2066 2857 sextus,

474 2902 796 2962 arroganter
823 2888 1045 2942 credere
1083 2900 1142 2939 se
1191 2883 1448 2939 omnibus
1500 2882 1866 2947 sanctiorem;
1898 2882 2067 2950 septi-

474 3001 621 3051 mus,
655 2979 1009 3053 praesumptio
1044 2976 1110 3030 ad
1156 2974 1341 3029 omnia
1391 2990 1449 3029 sc
1502 2974 1780 3044 ingerere;
1818 2982 2065 3039 octavus,
2130 3040 2133 3043 _

473 3075 719 3131 defensio
758 3079 1148 3143 peccatorum;
1203 3081 1403 3130 nonus,
1458 3065 1713 3120 simulata
1771 3064 2064 3131 confessio,

2162 583 2217 637 in
2246 580 2449 650 templo
2479 580 2616 634 dans
2652 576 2939 644 judicium,
2963 578 3093 647 quia
3122 587 3247 647 post
3285 575 3518 631 triduum
3546 580 3713 636 trium-

2161 674 2340 746 phalis
2392 670 2667 741 passionis
2726 678 3030 740 resurgeret
3096 669 3191 738 qui
3249 676 3498 723 mortuus
3553 671 3715 727 crede-

2162 769 2343 823 batur.

2240 879 2260 910 ι
2305 858 2609 928 Stupebant
2660 862 2840 909 autem
2874 869 3071 908 omnes
3120 851 3215 922 qui
3246 865 3375 906 eum
3434 851 3711 921 audiebant,

2166 969 2330 1023 super
2354 951 2640 1021 prudentia
2662 960 2715 1006 et
2740 948 3024 1019 responsis
3045 947 3185 1017 ejus.
3211 945 3278 1000 Et
3305 944 3546 1000 videntes
3566 948 3714 1003 admi-

2166 1047 2270 1102 rati
2296 1054 2444 1101 sunt.
2485 1063 2502 1096 ι
2537 1042 2617 1096 Eo
2652 1042 2890 1113 amplius
2921 1039 3216 1110 stupebant
3263 1053 3433 1107 super
3465 1038 3715 1107 prudentia

2167 1137 2613 1208 responsionum,
2645 1150 2755 1206 quo
2783 1133 3114 1204 paucitatem
3148 1129 3411 1185 videbant
3461 1144 3713 1186 annorum.

2170 1231 2419 1285 Divinam
2458 1228 2783 1299 sapientiam
2808 1226 2992 1296 lingua
3027 1222 3321 1294 prodebat,
3348 1221 3447 1275 sed
3470 1221 3719 1279 inﬁrmita-

2171 1332 2282 1379 tem
2306 1321 2603 1376 humanam
2637 1328 2771 1374 aetas
2798 1316 3188 1387 praetendebat.

2247 1435 2264 1465 ι
2311 1412 2376 1467 Et
2398 1413 2539 1468 dixit
2577 1420 2753 1466 mater
2786 1410 2906 1480 ejus
2936 1410 3001 1464 ad
3033 1409 3186 1463 illum
3221 1425 3236 1463 :
3268 1405 3399 1473 Fili,
3427 1405 3553 1476 quid
3573 1405 3724 1464 fecisti

2170 1505 2331 1560 nobis
2361 1504 2474 1559 sic?
2501 1503 2641 1559 Ecce
2660 1511 2815 1573 pater
2840 1510 2970 1556 tuus
2995 1509 3051 1556 et
3070 1515 3171 1572 ego
3201 1499 3457 1554 dolentes
3480 1500 3722 1569 quaereba-

2171 1614 2297 1653 mus
2326 1605 2395 1651 te.
2427 1596 2493 1650 Et
2518 1596 2593 1649 ait
2616 1596 2683 1649 ad
2732 1594 2857 1649 illos
2888 1591 3068 1659 :Quid
3119 1600 3206 1647 est
3251 1590 3403 1661 quod
3446 1605 3525 1644 me
3546 1607 3723 1660 quan-e-

2172 1688 2351 1744 hatis?
2375 1686 2710 1742 Nesciebatis
2739 1685 2868 1755 quia
2921 1684 2978 1738 in
3014 1683 3098 1738 his
3127 1698 3250 1753 qua:
3286 1680 3471 1736 Patris
3497 1682 3592 1736 mei
3618 1692 3725 1737 sunt

2174 1789 2389 1853 oportet
2421 1794 2509 1835 me
2531 1795 2673 1835 esse.
2707 1798 2726 1829 ι
2768 1776 2886 1832 Non
2920 1776 3069 1847 quod
3120 1790 3217 1830 eos
3266 1774 3366 1845 qui
3402 1774 3552 1844 quasi
3577 1774 3725 1830 ﬁlium

2172 1882 2426 1946 quaerunt
2470 1873 2766 1942 vituperat,
2794 1869 2890 1926 sed
2931 1870 3077 1940 cogit
3118 1884 3216 1924 eos
3266 1867 3516 1922 attollere
3558 1870 3726 1925 mentis

2167 1966 2359 2022 oculos
2401 1965 2467 2020 ad
2500 1963 2854 2035 quaerendum
2906 1962 3039 2033 quid
3092 1961 3290 2017 debeat
3344 1969 3548 2015 artemo
3581 1959 3726 2029 Patri,

2168 2058 2461 2114 ostendens
2490 2065 2545 2112 et
2594 2056 2857 2125 templum
2889 2064 2943 2110 et
2990 2054 3178 2108 omnia
3213 2070 3340 2124 qua:
3386 2051 3561 2108 Patris
3604 2065 3725 2119 sunt,

2167 2163 2276 2204 non
2300 2148 2484 2203 minus
2511 2147 2580 2202 ad
2603 2161 2663 2201 se
2689 2160 2854 2216 quam
2878 2144 2945 2199 ad
2965 2143 3183 2198 Patrem
3207 2144 3509 2214 pertinere,
3526 2158 3726 2200 auorum

2169 2257 2276 2296 una
2305 2240 2569 2310 majestas
2597 2247 2702 2293 est.

2243 2354 2260 2386 ι
2307 2334 2372 2389 Et
2396 2332 2498 2403 ipsi
2540 2347 2649 2387 non
2693 2331 3076 2386 intellexerant
3101 2331 3331 2385 verbum
3365 2330 3516 2400 quod
3548 2329 3729 2385 locutus

2167 2436 2252 2483 est
2279 2426 2347 2481 ad
2376 2426 2515 2481 illos.
2548 2424 2613 2479 Et
2634 2412 2919 2479 descendit
2945 2439 3069 2479 cum
3105 2422 3185 2478 eis
3220 2433 3276 2478 et
3303 2424 3462 2478 venit
3478 2421 3730 2485 Nazareth,

2167 2526 2221 2573 et
2248 2525 2364 2571 erat
2386 2515 2639 2570 subditus
2666 2513 2795 2568 illis.
2831 2532 2848 2562 ι
2877 2510 3019 2578 Quid
3045 2513 3113 2568 de
3144 2528 3245 2569 sua
3269 2513 3557 2568 divinitate
3583 2513 3732 2583 loqui-

2166 2621 2257 2666 tur
2282 2625 2392 2663 non
2421 2608 2735 2678 intelligunt
2782 2615 3065 2677 parentes,
3098 2614 3153 2660 et
3193 2615 3381 2660 tamen
3410 2606 3528 2675 ipse
3559 2606 3732 2661 conde-

2169 2702 2397 2767 scendit,
2424 2709 2477 2755 et
2508 2699 2760 2754 subditur
2793 2698 2901 2753 illis
2927 2708 2985 2753 ut
3008 2698 3233 2768 impleat
3260 2697 3505 2753 cilicium
3525 2696 3729 2768 pietatis.

2168 2791 2443 2859 Quantum
2506 2805 2637 2860 ergo
2688 2788 2953 2844 debemus
3015 2788 3239 2843 obedire
3300 2788 3461 2857 Deo,
3507 2788 3735 2859 quoniam

2170 2882 2389 2951 quidem
2416 2889 2469 2935 ct
2503 2880 2617 2949 ipse
2647 2878 2791 2933 Deus
2818 2878 3006 2934 obedit
3032 2878 3375 2936 hominibus.

2244 2994 2262 3025 ι
2302 2973 2367 3026 Ει
2408 2980 2581 3026 mater
2604 2969 2725 3038 ejus
2754 2970 3117 3025 conservabat
3154 2971 3344 3025 omnia
3378 2970 3544 3026 verba
3572 2968 3753 3026 hteciu.

2169 3067 2332 3123 corde
2377 3079 2498 3119 suo.
2543 3081 2559 3113 ι
2589 3059 2785 3115 Omnia
2814 3078 2937 3132 quae
2963 3061 3031 3118 de
3083 3062 3318 3118 Domino
3361 3064 3506 3118 vela
3536 3062 3737 3117 Domino

474 3186 598 3239 qum
634 3184 729 3239 per
763 3166 901 3219 dura
950 3172 1004 3217 et
1053 3175 1246 3230 aspera
1301 3159 1544 3228 iujuncta
1590 3159 1882 3228 probatur;
1915 3158 2065 3212 deci-
2096 3186 2137 3243 ρ
2174 3160 2317 3216 dicta
2350 3157 2434 3213 vel
2462 3156 2603 3210 facta
2642 3155 2920 3227 cognovit,
2951 3157 3064 3212 sive
3094 3156 3368 3212 intellecta
3397 3158 3516 3213 sive
3539 3173 3640 3213 non
3665 3157 3738 3210 in-

472 3279 622 3329 mus,
647 3259 869 3316 rebellio
894 3257 949 3311 in
984 3256 1306 3326 magistrum
1354 3261 1409 3306 et
1457 3251 1685 3318 fratres;
1718 3251 2062 3316 undecimus,

476 3356 701 3411 libertas
753 3348 1047 3421 peccandi;
1103 3344 1485 3408 duodecimus,
1537 3341 1880 3396 consuetudo
1918 3356 2064 3409 pec-

474 3446 657 3503 candi.
691 3443 807 3497 Duo
837 3441 927 3497 isti
974 3436 1148 3493 ultimi
1185 3435 1455 3505 superbia:
1480 3434 1682 3504 gradus
1725 3433 1867 3486 intra
1917 3432 2066 3486 clau-

477 3549 653 3595 atrum
709 3533 964 3591 descendi
1034 3546 1142 3586 non
1204 3536 1465 3598 possunt.-
1494 3525 1803 3582 Notandum
1846 3542 2066 3597 quoque

476 3629 622 3699 quod
654 3628 709 3681 in
743 3634 950 3695 septem
980 3621 1361 3691 superioribus
1414 3628 1674 3674 notantur
1722 3628 2067 3688 contemptus

479 3719 746 3784 fratrum;
773 3718 830 3771 in
855 3723 1095 3786 quatuor
1122 3712 1478 3780 sequentibus
1508 3720 1854 3781 contemptus
1898 3710 2067 3781 magi-

482 3811 615 3877 stri;
645 3810 706 3864 in
728 3807 940 3862 duobus
970 3806 1061 3876 qui
1113 3813 1317 3860 restant
1345 3811 1686 3872 contemptus
1715 3802 1831 3857 Dei.
1864 3802 1966 3856 Sed
2011 3811 2068 3855 ut

479 3903 552 3961 ad
598 3899 942 3956 duodennem
1000 3905 1212 3952 aetatem
1261 3894 1464 3950 Christi
1507 3895 1603 3964 qui
1670 3896 1865 3949 horum
1909 3905 2069 3965 typus

480 4000 595 4052 erat
635 3992 954 4056 redeamus,
980 3995 1125 4041 recte
1159 3986 1210 4040 in
1241 3986 1346 4041 hoc
1373 3984 1711 4040 duodenario
1733 4002 1961 4040 numero
1979 3986 2068 4055 ju—

480 4089 580 4144 bar
602 4082 947 4156 perfectionis
984 4081 1103 4150 cjus
1144 4079 1332 4148 incipit
1374 4078 1660 4132 declarari.
1690 4077 1973 4132 Rcmansit
2014 4080 2067 4131 in

482 4178 818 4237 Hierusalem
873 4176 991 4231 sine
1041 4174 1382 4246 parentibus,
1414 4180 1471 4225 ut
1530 4186 1629 4225 nos
1668 4169 1961 4225 instrueret
2010 4187 2070 4225 se

484 4271 652 4327 Deum
678 4269 935 4323 habuisse
951 4267 1189 4332 Patrem,
1225 4273 1516 4332 antequam
1549 4263 1785 4315 mundus
1816 4262 1966 4316 ﬁeret

561 4379 580 4410 α
623 4357 1013 4414 Existimantes
1044 4357 1196 4411 illum
1232 4362 1412 4408 autem
1445 4368 1564 4406 esse
1590 4353 1642 4405 in
1671 4354 1953 4419 comitatu,
1978 4369 2071 4408 vc-

482 4461 680 4506 ncrunt
704 4451 805 4505 iter
842 4448 948 4503 diei
977 4456 1031 4501 ct
1063 4447 1415 4517 requirebant
1458 4461 1583 4499 cum
1642 4445 1782 4499 inter
1808 4458 2070 4516 cognatos

2168 3255 2378 3313 tellecta
2412 3255 2466 3309 in
2495 3253 2762 3310 memoria
2810 3249 3140 3303 recondebat
3184 3250 3275 3318 pia
3325 3260 3504 3305 mater
3533 3260 3588 3305 ut
3623 3260 3740 3305 tem-

2166 3363 2298 3419 pore
2327 3362 2430 3402 suo
2465 3349 2722 3403 universa
2748 3351 2911 3413 prout
2951 3352 3102 3413 gesta
3146 3354 3309 3399 erant
3340 3346 3673 3417 intelligeret,
3698 3354 3746 3399 et

2168 3438 2541 3508 quaerentibus
2584 3438 2902 3508 explicaret.

2258 3551 2274 3582 ι
2324 3530 2390 3584 Et
2416 3529 2577 3586 Jesus
2607 3529 2926 3601 proﬁciebat
2954 3536 3111 3583 aetate
3140 3537 3193 3583 et
3218 3530 3396 3600 gratia
3422 3531 3560 3602 apud
3588 3530 3743 3586 Deum

2169 3630 2225 3676 et
2253 3622 2504 3677 homines
2535 3641 2580 3675 ι.
2611 3622 2887 3692 Sapientia
2910 3621 3146 3691 pertinet
3162 3621 3230 3675 ad
3247 3621 3519 3690 animam,
3541 3634 3661 3678 aetas
3687 3624 3746 3677 ad

2171 3730 2391 3784 corpus,
2418 3714 2592 3784 gratia
2646 3714 2713 3768 ad
2748 3712 3035 3781 utriusque
3074 3713 3332 3769 salutem.
3364 3714 3556 3771 Aitate
3586 3715 3766 3785 itaque.

2168 3807 2510 3876 proﬁciebat,
2545 3807 2687 3862 sicut
2735 3809 2920 3863 carnis
2967 3816 3051 3863 est
3080 3806 3421 3863 incrementa
3449 3809 3746 3878 suscipere:

2171 3913 2339 3967 porro
2386 3898 2543 3967 juxta
2597 3899 2743 3967 quod
2794 3907 2954 3953 aetate
2990 3900 3330 3969 proﬁciebat,
3387 3902 3536 3958 dona
3586 3901 3755 3974 gratia.

2170 4004 2293 4059 qua:
2328 3989 2431 4043 sibi
2462 3990 2679 4044 inerant
2715 3998 2769 4044 et
2807 3990 3091 4060 sapientiae
3117 3992 3294 4061 magis
3319 4009 3387 4049 ac
3416 3995 3594 4066 magis
3617 4001 3753 4064 pate.

2173 4080 2406 4136 faciebat
2455 4083 2792 4149 hominibus,
2824 4086 2971 4154 quod
3003 4095 3122 4141 erat
3161 4088 3435 4157 sapientia
3498 4097 3556 4143 et
3598 4087 3755 4161 gratia

2173 4176 2437 4243 prolicere
2460 4190 2565 4229 non
2594 4177 2647 4230 in
2674 4191 2755 4245 se,
2784 4180 2878 4235 sed
2910 4180 2965 4235 in
2996 4181 3148 4247 aliis;
3183 4181 3327 4251 apud
3378 4181 3558 4238 Deum
3585 4193 3637 4238 et
3669 4182 3755 4236 ho-

2176 4266 2373 4331 mines,
2400 4267 2452 4320 id
2479 4277 2559 4322 est
2587 4267 2652 4321 ad
2681 4270 2949 4327 honorem
2977 4271 3071 4327 Dei
3095 4280 3149 4325 et
3182 4272 3423 4329 salutem
3454 4275 3754 4330 hominum.

2173 4357 2228 4411 in
2271 4375 2329 4412 se
2372 4369 2551 4414 autem
2588 4376 2934 4432 nequaquam
2977 4380 3074 4434 per
3116 4365 3405 4421 intervalla
3458 4377 3758 4437 temporum

2176 4450 2489 4518 proﬁciebat
2517 4452 2783 4521 sapientia
2807 4455 2889 4507 vel
2918 4457 3114 4525 gratia,
3143 4457 3272 4526 quia
3309 4459 3381 4512 ab
3413 4459 3557 4513 hora
3577 4472 3763 4514 conce-

482 4553 535 4600 et
564 4553 743 4597 notos.
775 4540 836 4595 Et
869 4557 974 4595 non
1018 4538 1356 4594 invenientes
1386 4538 1616 4607 regressi
1648 4546 1774 4592 sunt
1802 4539 1852 4591 in
1878 4537 2071 4591 liieru-
2103 4554 2146 4607 ι)
2177 4542 2381 4610 ptionis
2412 4542 2605 4611 plenus
2636 4542 2735 4598 fuit
2766 4547 2953 4615 gratiae
2976 4556 3031 4601 et
3053 4549 3319 4604 veritatis.
3347 4549 3487 4606 Nota
3520 4553 3764 4607 doctores

484 4636 651 4691 salem
676 4633 1018 4704 requirentes
1046 4646 1193 4685 cum.
1227 4650 1244 4681 ι
1286 4630 1341 4683 Si
1374 4630 1497 4699 quis
1540 4637 1749 4697 quaerat
1795 4629 2070 4698 quomodo

484 4732 738 4793 parentes
773 4721 1115 4790 reliquerunt
1168 4734 1293 4773 eum
1331 4726 1481 4771 tanta
1509 4733 1640 4772 cura
1673 4718 1959 4781 nutritum,
1986 4732 2072 4771 rc-

486 4815 820 4887 spondemus
834 4814 962 4883 quia
986 4811 1112 4866 ﬁliis
1132 4810 1294 4865 Israel
1316 4825 1432 4864 mos
1450 4808 1549 4863 fuit
1566 4818 1623 4862 ut
1643 4809 1977 4879 temporibus
1994 4808 2072 4863 fe-

487 4909 606 4973 stis,
632 4907 713 4961 vel
746 4905 1177 4975 Hierosolymam
1209 4902 1496 4965 euntibus,
1527 4901 1610 4956 vel
1642 4901 1765 4955 inde
1792 4901 2073 4956 redeunti-

484 4998 612 5063 bus,
641 5010 887 5050 seorsum
930 4994 1055 5059 viri,
1086 5008 1335 5048 seorsum
1386 4990 1699 5048 incederent
1746 4991 1984 5058 feminae,
2020 4999 2073 5047 et

487 5083 643 5154 pueri
670 5098 796 5136 cum
826 5082 1071 5152 quolibet
1114 5091 1338 5151 parente
1393 5082 1553 5136 irent.
1585 5079 1818 5152 Ideoque
1843 5081 2071 5137 Mariam

488 5182 544 5226 et
572 5172 774 5243 Joseph
805 5173 1047 5228 vicissim
1083 5183 1311 5243 putasse
1334 5171 1521 5228 Jesum
1578 5187 1705 5227 cum
1757 5174 1927 5229 altero
1976 5192 2073 5246 pa-

489 5271 649 5318 rente
672 5278 793 5318 esse
821 5263 873 5317 in
908 5264 1239 5319 reversione.
1484 5271 1491 5279 ‘

564 5373 582 5405 ι
626 5353 692 5409 Ει
724 5353 926 5409 factum
954 5365 1035 5410 est
1064 5366 1183 5426 post
1214 5355 1455 5410 triduum
1486 5356 1809 5412 invenerunt
1834 5359 1984 5413 illum
2017 5362 2071 5414 in

489 5445 714 5513 templo,
736 5447 1015 5501 sedentem
1047 5448 1099 5500 in
1129 5447 1308 5500 medio
1328 5446 1637 5513 doctorum,
1664 5449 1972 5505 audientem
2004 5451 2071 5503 il-

492 5536 575 5591 los
593 5546 647 5592 et
676 5538 1119 5609 interrogantem.
1152 5557 1170 5589 ι
1200 5536 1368 5604 Quasi
1404 5537 1530 5594 fons
1576 5542 1855 5610 sapientiae
1882 5544 2072 5598 docto-

492 5643 615 5682 rum
641 5629 854 5684 medius
876 5630 1126 5697 sedebat;
1153 5631 1248 5687 sed
1288 5634 1446 5701 quasi
1475 5634 1755 5703 exemplar
1794 5635 2073 5690 humilita-

490 5719 563 5774 tis
591 5720 745 5790 prius
781 5720 1081 5791 interrogat
1106 5733 1160 5778 et
1184 5727 1333 5781 audit
1366 5742 1529 5797 quam
1561 5726 1814 5796 instruat,
1839 5744 1908 5784 ne
1949 5745 2075 5799 par~

491 5808 603 5864 vuli
629 5824 659 5863 a
693 5812 1002 5867 senioribus
1047 5813 1229 5870 doceri
1262 5817 1609 5884 erubescant,
1642 5827 1695 5874 et
1727 5835 1795 5875 ne
1823 5819 2073 5877 inﬁrmus

2173 4634 2538 4687 communiter
2585 4634 2855 4691 allii-mare
2911 4638 3152 4693 animam
3208 4640 3416 4697 Christi
3449 4642 3637 4698 Verbo
3678 4640 3766 4697 Dei

2172 4724 2380 4778 unitam
2418 4740 2561 4790 esse,
2597 4734 2652 4779 et
2694 4726 2746 4779 in
2803 4736 3012 4782 tantum
3068 4732 3355 4800 sapientiae
3404 4744 3459 4789 et
3510 4732 3765 4789 bonitatis

2173 4817 2499 4887 suscepisse,
2520 4827 2783 4887 quantum
2817 4823 3076 4890 possibile
3103 4822 3207 4878 fuit
3232 4835 3557 4881 creaturam
3594 4826 3768 4881 susci-

2173 4923 2319 4977 pere.
2353 4907 2409 4961 ln
2437 4925 2498 4962 ea
2523 4909 2692 4977 enim,
2723 4920 2783 4965 ut
2810 4912 3105 4981 Apostolus
3134 4916 3229 4981 ait,
3264 4926 3397 4972 sunt
3423 4935 3631 4975 omnes
3661 4919 3773 4973 the-

2174 4997 2322 5049 sauri
2369 4998 2649 5065 sapientize
2683 5007 2736 5052 ct
2786 5001 3047 5069 scientia,
3072 5004 3129 5059 in
3155 5020 3221 5059 ea
3267 5010 3452 5063 omnis
3482 5008 3771 5077 plenitudo

2173 5087 2473 5141 divinitatis
2520 5090 2789 5143 inhabitat
2826 5092 3051 5161 (Coloss.
3103 5096 3186 5165 ιι).
3222 5097 3360 5153 Aliis
3412 5098 3666 5168 Spiritus
3712 5100 3773 5152 ad

2174 5198 2490 5237 mensuram
2546 5185 2706 5239 datur
2735 5184 2953 5257 (Ep/tes.
2982 5191 3087 5257 iv),
3136 5190 3232 5244 sed
3284 5190 3535 5259 Christo,
3596 5204 3659 5248 ut
3703 5194 3776 5246 ait

2173 5274 2411 5331 Joannes
2466 5278 2819 5347 evangelista,
2862 5279 3022 5334 datus
3052 5291 3134 5336 est
3177 5297 3285 5337 non
3332 5286 3399 5339 ad
3444 5302 3781 5340 mensuram

2177 5364 2357 5433 (Joan.
2382 5372 2484 5438 ιιι).
2515 5366 2667 5421 Multi
2695 5384 2823 5440 ergo
2851 5381 3125 5440 asserunt,
3160 5382 3219 5427 ut
3243 5375 3513 5431 Alcuinus
3545 5378 3606 5431 in
3642 5378 3782 5432 libro

2177 5458 2249 5513 De
2287 5457 2551 5515 Trinitate
2582 5462 2647 5515 ad
2693 5462 2970 5529 Carolum,
3000 5464 3240 5520 animam
3291 5466 3495 5524 Christi
3570 5481 3785 5525 tantam

2176 5548 2460 5605 scientiam
2487 5551 2552 5605 de
2577 5554 2833 5608 omnibus
2861 5554 3082 5621 habere,
3100 5568 3362 5627 quantam
3383 5560 3667 5616 divinitas
3684 5565 3785 5616 ha-

2175 5640 2283 5707 bet,
2322 5642 2393 5696 ita
2433 5642 2639 5698 scilicet
2690 5645 2835 5715 quod
2876 5645 3131 5702 divinitas
3178 5664 3208 5702 a
3249 5665 3330 5713 se,
3356 5667 3462 5706 non
3521 5653 3609 5707 ab
3655 5656 3799 5719 alio.

2177 5732 2404 5803 Sapiens
2454 5744 2537 5790 est
2593 5754 2689 5808 per
2731 5751 3012 5803 naturam,
3062 5740 3248 5795 anima
3295 5758 3422 5796 vero
3466 5744 3708 5801 Christi
3758 5762 3791 5799 a

2174 5824 2459 5883 divinitate
2488 5843 2585 5899 per
2610 5830 2858 5900 gratiam.
2892 5827 3025 5885 Aliis
3049 5844 3179 5887 vero
3219 5846 3330 5887 non
3374 5831 3597 5888 videtur
3638 5836 3799 5908 qusd
