3964 6448
272 447 367 502 817

270 561 425 629 3ιεφιει
446 559 674 607 creatum
700 560 864 614 capax
893 543 1063 613 pessit
1105 557 1227 598 esse
1254 543 1420 600 totius
1452 545 1650 601 divinae
1694 562 1791 602 co-

264 646 511 725 gnitionis,
535 642 611 696 vel
635 639 797 693 totius
818 636 1012 691 divina:
1034 635 1311 702 bonitatis,
1336 637 1477 691 sicut
1501 654 1599 693 nec
1622 639 1799 693 omni-

261 738 500 816 potentize.
524 734 731 789 Ducunt
759 744 991 798 namque
1020 743 1119 797 pro
1148 728 1547 785 inconvenienti
1580 741 1797 788 creatu'

258 850 358 890 ram
381 830 531 885 etiam
558 826 657 878 hoc
684 821 844 875 modo
870 818 1138 890 parilicari
1166 817 1409 874 Creatori
1427 864 1441 885 ,
1471 830 1528 876 ut
1570 823 1639 877 ab
1680 823 1798 894 ipso

255 933 436 981 tantam
462 916 730 974 scientiam
753 913 947 967 habeat
975 920 1234 981 quantam
1252 921 1304 966 et
1327 913 1442 982 ipse
1470 913 1719 969 Creator.

251 1040 318 1093 De
341 1053 393 1090 eo
425 1032 555 1104 quod
602 1028 819 1104 Verbum
859 1045 977 1104 cum
1020 1044 1176 1104 carne
1212 1026 1795 1104 rationalemnninzam

307 1096 525 1174 “inp-sit,
564 1110 611 1174 et
649 1098 819 1174 qualis
847 1099 951 1174 fuit
990 1100 1168 1174 anima
1206 1096 1302 1149 illa
1340 1101 1393 1149 in
1436 1099 1720 1166 sapientia,
1746 1108 1794 1153 et

309 1168 499 1239 rirtitte,
520 1179 567 1226 et
580 1170 793 1240 justitia
820 1177 871 1223 et
901 1168 1153 1224 bonitate.

306 1286 514 1355 Quidam
543 1280 773 1337 haeretici
802 1278 1019 1334 fuerunt
1036 1281 1127 1350 qui
1148 1288 1473 1351 putaverunt
1496 1281 1549 1335 in
1573 1279 1795 1336 Christo

244 1398 350 1438 eum
372 1393 521 1434 carne
542 1390 571 1429 a
602 1372 779 1428 Verbo
823 1373 1144 1428 rationalem
1182 1374 1420 1426 animam
1454 1382 1791 1442 assumptam

242 1489 333 1528 non
381 1469 577 1533 fuisse,
619 1464 713 1520 sed
766 1464 941 1519 solam
994 1479 1213 1518 carnem
1249 1463 1424 1518 Verbo
1477 1464 1708 1530 unitam,
1739 1473 1794 1518 et

212 1566 390 1633 'ipsam
430 1558 760 1614 divinitatem
792 1554 977 1622 Verbi,
1014 1571 1179 1610 carne
1221 1555 1342 1610 loco
1386 1555 1583 1610 anima:
1612 1555 1789 1609 viviﬁ-

236 1670 409 1718 casse,
465 1649 819 1720 eamdemque
864 1649 1204 1705 divinitatem
1276 1649 1345 1702 ab
1425 1647 1541 1717 ipsa
1594 1662 1788 1713 carne,

236 1744 429 1815 quando
452 1743 503 1796 in
534 1756 695 1796 cruce
723 1748 940 1796 mortua
983 1751 1068 1797 est
1118 1739 1432 1805 recessisse,
1461 1754 1789 1808 rursumque

233 1837 290 1891 ad
332 1836 512 1904 ipsam,
543 1832 766 1902 quando
816 1832 1137 1887 resuscitata
1172 1841 1275 1894 est,
1330 1829 1704 1885 viviﬁcandam
1735 1839 1789 1884 et

233 1924 632 1982 resuscitandam
663 1922 891 1979 redisse.
934 1922 1039 1978 Sed
1064 1924 1330 1979 catholica
1364 1922 1495 1977 ﬁdes
1516 1921 1677 1975 habet
1709 1929 1788 1975 to-

226 2026 343 2082 tum,
372 2015 510 2085 quod
546 2014 787 2070 hominis
817 2023 933 2069 erat
966 2023 1187 2087 propter
1214 2013 1451 2083 culpam,
1488 2011 1657 2066 Deum
1694 2028 1784 2067 as-

225 2110 494 2181 sumpsisse
521 2127 534 2163 :
561 2108 690 2178 quia
719 2123 818 2164 nec
849 2108 1006 2164 aliter
1033 2125 1195 2163 verus
1230 2108 1393 2161 homo
1424 2121 1544 2159 esse
1570 2106 1779 2175 potuis-

220 2212 308 2268 set,
336 2202 433 2256 nisi
462 2210 637 2255 totum
666 2201 815 2270 quod
844 2201 910 2254 azl
937 2201 1307 2255 diversitatem
1339 2200 1591 2253 humanae
1625 2211 1783 2252 natu-

218 2293 582 2365 raapertinebat
608 2293 1021 2363 assumpsisset.
1049 2293 1272 2363 Accepit
1315 2311 1444 2367 ergo
1468 2311 1590 2351 cum
1617 2311 1781 2350 carne

213 2389 321 2443 etin
347 2403 504 2442 carne
554 2386 735 2457 ipsam
778 2387 1015 2440 animam
1063 2386 1406 2453 rationalem,
1435 2406 1557 2460 qua:
1581 2399 1633 2444 et
1661 2405 1781 2445 car-

213 2494 318 2533 nem
364 2478 531 2547 ipsam
586 2486 822 2547 regeret,
853 2486 905 2532 et
958 2476 1295 2533 sensificaret
1365 2478 1434 2533 ad
1480 2480 1668 2547 vitam,
1725 2488 1781 2534 et

208 2570 479 2624 secundum
527 2569 764 2624 liberam
830 2570 1164 2624 voluntatem
1218 2581 1501 2640 peccatum
1557 2587 1778 2642 respue-

204 2672 299 2727 ret,
327 2672 374 2717 et
414 2671 661 2718 sectarct.
698 2663 989 2734 justitiam.
1017 2661 1118 2716 Cui
1160 2672 1215 2717 et
1250 2664 1353 2719 hoc
1400 2681 1465 2719 ex
1519 2665 1777 2719 societate

198 2752 471 2808 divinitatis
496 2754 635 2808 colla
652 2763 770 2807 tum
797 2760 899 2817 est,
933 2761 990 2806 ut
1012 2761 1311 2821 spontanea
1343 2755 1562 2824 quidem
1615 2755 1776 2809 tiber-

202 2853 294 2899 tate
316 2845 512 2900 bonum
548 2844 799 2912 faceret,
832 2843 926 2899 sed
954 2843 1020 2897 ad
1048 2843 1251 2898 malum
1285 2845 1591 2901 faciendum
1627 2847 1774 2902 nulla

197 2952 398 3006 prorsus
421 2938 761 2993 necessitate
784 2940 867 2991 vel
898 2934 1212 2991 inﬁrmitate
1247 2936 1521 2993 declinare
1560 2939 1773 3007 potuis-

196 3036 282 3082 set.
325 3027 459 3083 Dicit
496 3030 717 3100 quippe
754 3030 947 3087 beatus
989 3032 1329 3103 Augustinus
1376 3049 1389 3084 :
1450 3029 1526 3085 De
1569 3029 1773 3099 Spiritu

191 3130 359 3176 sancto
386 3131 438 3177 et
458 3120 700 3195 Virgine
726 3122 894 3177 Maria
927 3123 1018 3179 Dei
1048 3124 1220 3179 Filius
1251 3123 1451 3178 unicus
1480 3133 1640 3178 natus
1669 3131 1771 3189 est,

189 3225 284 3264 non
308 3212 483 3267 carnis
514 3212 808 3283 cupidine,
834 3213 928 3268 sed
953 3214 1070 3269 solo
1099 3213 1195 3268 Dei
1223 3228 1467 3269 munere.
1501 3211 1693 3268 Libera
1716 3213 1769 3267 in

1114 428 1687 487 DEFLORATIONES
1728 432 1825 488 SS.
1868 433 2175 489 PATRUM.
2214 465 2285 474 —
2322 435 2452 489 LlB.
2495 435 2533 488 l.

3379 446 3482 501 813

1821 556 1864 610 Α
1896 566 1994 605 sua
2024 551 2237 620 plenam
2263 559 2315 605 et
2344 551 2632 620 perfectam
2668 563 2883 620 semper
2908 552 3181 617 liabuit,et
3206 557 3258 611 in
3286 558 3449 613 humu
3470 588 3483 600 ι

1901 643 2068 697 nitate
2096 658 2195 698 sua
2221 642 2436 713 plenam
2468 652 2519 698 et
2543 643 2835 713 perfectam
2870 648 3037 703 semel
3057 656 3110 702 ct
3136 648 3298 703 simul
3326 665 3483 705 acce-

1899 734 1996 801 pit,
2025 734 2485 803 dispensationem
2510 735 2702 790 salutis
2733 738 2985 795 humanae
3009 741 3305 795 secundum
3340 740 3479 798 inef-

1902 823 2119 878 fabilem
2207 824 2605 879 ordinationem
2710 843 2863 884 suam
2952 832 3265 900 compleret.
3327 832 3478 900 Qua-

1897 924 2118 985 propter
2148 918 2202 972 id
2251 919 2394 988 quod
2438 920 2570 975 dicit
2613 922 2963 993 evangelista,
2986 924 3113 993 quia
3162 925 3482 994 proﬁciebat

1895 1008 2055 1064 Jesus
2098 1019 2273 1077 aztate,
2332 1013 2596 1082 sapientia
2650 1022 2704 1067 et
2752 1015 2944 1084 gratia,
2977 1032 3081 1070 non
3113 1017 3186 1071 ita
3215 1019 3481 1089 accipitur

1897 1102 2053 1171 quasi
2084 1103 2377 1172 semetipso
2399 1104 2592 1159 melior
2618 1103 2792 1160 factus
2820 1107 2924 1172 sit,
2958 1107 3049 1162 sed
3078 1109 3206 1178 quia
3239 1112 3482 1166 hornini-

1894 1193 2001 1247 bus
2025 1209 2189 1263 quam
2230 1195 2345 1263 ipse
2386 1195 2638 1261 habebat,
2663 1195 2755 1250 sed
2811 1197 3013 1251 latebat
3058 1200 3381 1268 sapientiam
3436 1214 3491 1257 ιιι

1896 1284 2147 1354 gratiam,
2178 1295 2340 1356 prout
2383 1287 2524 1341 ratio
2572 1294 2876 1355 temporum
2933 1292 3258 1359 postulabat,
3284 1311 3488 1362 magna

1896 1392 2112 1447 semper
2148 1394 2212 1435 ac
2243 1379 2416 1450 magis
2459 1382 2671 1451 aperuit
2707 1402 2720 1438 :
2750 1385 2822 1438 ita
2876 1386 3021 1456 apud
3064 1386 3313 1442 homines
3373 1387 3491 1455 ipso

1894 1468 2228 1537 proﬁciebat,
2257 1471 2475 1541 quando
2505 1472 2755 1529 homines
2788 1476 2901 1551 ipsi.
2936 1477 2991 1531 in
3024 1478 3142 1547 ejus
3175 1478 3489 1548 cognitione

1894 1558 2260 1630 profecerunt.
2291 1564 2446 1633 Apud
2478 1567 2655 1635 ipsum
2683 1578 2862 1623 autem
2890 1569 3110 1638 profecit
3143 1572 3282 1627 ineo
3313 1570 3481 1641 quod,

1893 1652 2025 1706 dum
2091 1669 2150 1709 se
2213 1656 2479 1724 sapientia
2539 1671 2593 1716 et
2636 1662 2807 1732 gratia
2868 1661 2960 1716 Dei
3016 1664 3235 1731 plenum
3294 1673 3482 1718 osten-

1891 1740 2062 1809 deret,
2086 1760 2179 1801 eos
2204 1746 2269 1799 ad
2302 1747 2516 1802 laudem
2552 1748 2644 1804 Dei
2693 1749 2890 1817 Patris,
2914 1768 2943 1805 a
2972 1768 3081 1821 quo
3116 1754 3219 1806 hoc
3249 1769 3368 1808 esse
3400 1762 3482 1807 te-

1893 1835 2160 1902 stabatur,
2192 1838 2364 1909 magis
2389 1856 2602 1911 semper
2626 1857 2689 1896 ac
2717 1843 2889 1915 magis
2914 1845 3246 1912 provocavit.

1822 1931 1864 1985 B
1966 1968 2133 2024 ITEM
2169 1970 2534 2027 exeosmo
2584 1973 2672 2026 ne
2720 1973 2952 2029 comm
2990 1975 3405 2033 svaseeuo.

1963 2124 1980 2156 ι
2025 2104 2163 2159 Cum
2227 2105 2404 2162 factus
2465 2117 2609 2161 esset
2685 2105 2847 2163 Jesus
2920 2126 3191 2165 annorum
3274 2113 3480 2169 duode-

1883 2199 2013 2263 cim,
2045 2209 2147 2253 etc.
2180 2198 2331 2270 (Luc.
2367 2200 2447 2269 ιι).
2485 2218 2502 2250 ι
2539 2197 2691 2252 Sicut
2752 2201 2989 2257 mundus
3046 2203 3147 2257 iste
3191 2204 3479 2274 dupliciter

1880 2292 2049 2347 servit
2071 2292 2276 2346 homini
2309 2295 2374 2347 ad
2400 2295 2848 2349 sustentationem
2872 2297 3075 2363 carnis,
3107 2307 3160 2351 et
3196 2297 3263 2351 ad
3295 2298 3480 2353 erudi-

1884 2381 2086 2437 tionem
2131 2382 2349 2447 rncntis,
2380 2382 2459 2437 sic
2492 2381 2731 2440 Verbum
2763 2403 2891 2442 caro
2920 2386 3144 2455 factum,
3175 2389 3476 2442 remedium

1881 2482 2103 2544 przestat
2143 2483 2197 2528 et
2222 2476 2552 2545 exemplum.
2596 2474 2913 2533 Remedium
2951 2481 3003 2533 in
3044 2496 3109 2534 co
3150 2481 3296 2550 quod
3322 2478 3476 2534 obla-

1878 2576 1995 2621 tum
2047 2576 2131 2622 est
2177 2568 2244 2621 ad
2291 2567 3077 2641 redemptionem,exemplum
3112 2573 3165 2625 in
3206 2587 3271 2626 eo
3325 2571 3472 2641 quod

1879 2668 2164 2729 operatum
2191 2668 2274 2713 est
2307 2658 2372 2713 ad
2397 2658 2779 2716 imitationem.
2808 2661 3128 2716 Remedium
3154 2662 3206 2716 in
3230 2678 3294 2718 eo
3324 2661 3473 2732 quod

1879 2750 2083 2805 factum
2130 2759 2214 2805 est
2242 2793 2256 2815 ,
2300 2752 2609 2820 exemplum
2662 2754 2715 2806 in
2763 2769 2829 2808 eo
2876 2754 3021 2823 quod
3062 2753 3188 2809 fecit
3241 2754 3473 2809 imitatio

1876 2843 1996 2912 ejus
2032 2884 2045 2908 ,
2084 2843 2384 2897 similitudo
2444 2846 2585 2916 ejus.
2644 2863 2661 2895 ι
2709 2843 2829 2899 Vidi
2884 2845 3157 2900 civitatem
3222 2854 3467 2901 sanctam

1878 2932 2218 2988 liicrusalcm
2271 2950 2469 2990 novam
2525 2936 2949 2990 descendentem
2992 2936 3058 2990 de
3102 2937 3239 2990 cmlo
3282 2937 3466 3006 (Apoc.

1878 3027 2050 3096 ιω.»
2085 3025 2160 3081 De
2213 3028 2354 3081 coelo
2392 3028 2693 3091 descendit,
2726 3035 2780 3081 ct
2832 3026 3094 3082 fabricata
3129 3037 3212 3082 est
3241 3038 3465 3083 terram.

1876 3116 1952 3173 De
2009 3118 2148 3173 cozlo
2208 3117 2423 3185 forma,
2479 3120 2547 3173 de
2592 3128 2733 3172 terra
2781 3118 3028 3172 materia.
3085 3118 3238 3173 Sicut
3292 3117 3469 3175 forma

1875 3207 2117 3262 hominis
2180 3207 2385 3275 homo,
2444 3208 2523 3265 sic
2586 3218 2639 3263 et
2720 3208 2894 3261 forma
2952 3208 3157 3263 Christi
3213 3209 3485 3266 Christus.

184 3301 266 3357 illo
293 3303 540 3360 voluntas
567 3313 719 3370 erat,
753 3320 816 3360 ac
846 3315 997 3360 tanto
1026 3306 1201 3374 magis
1237 3316 1374 3371 erat,
1408 3315 1613 3376 quanto
1655 3322 1769 3359 ma.
1800 3287 1841 3342 (ί
1879 3300 2171 3354 lnduimini
2204 3300 2494 3355 Dominum
2531 3300 2716 3357 Jesum
2744 3300 3023 3355 Christum
3049 3299 3276 3357 formam
3311 3305 3471 3359 Chri»

185 3396 255 3465 gis
278 3397 475 3452 servire
514 3406 762 3467 peccato
816 3414 925 3453 non
976 3408 1206 3469 poterat.
1235 3399 1401 3454 Multa
1428 3409 1611 3454 autem
1643 3416 1779 3469 quc-

180 3496 357 3542 runtur
390 3489 457 3544 de
509 3490 607 3544 illa
639 3490 836 3545 anima
871 3490 1152 3558 rationali,
1186 3508 1216 3546 e
1248 3492 1449 3562 quibus
1497 3508 1665 3545 unum
1694 3501 1775 3546 est

181 3587 341 3635 utrum
380 3582 644 3639 videlicet
700 3583 963 3652 aequalem
1011 3599 1135 3638 cum
1182 3585 1460 3640 divinitate
1487 3583 1771 3640 scientiam

176 3669 454 3742 habuerit;
514 3674 586 3729 de
642 3689 762 3744 qua
817 3675 1120 3743 quaestione
1180 3675 1231 3729 in
1293 3676 1401 3730 alio
1478 3675 1767 3745 opusculo,

172 3764 298 3829 quod
336 3765 409 3819 De
456 3766 655 3821 anima
715 3765 920 3822 Christi
967 3767 1307 3832 intitulatur,
1360 3766 1626 3838 prolixius
1687 3766 1770 3821 di—

170 3858 386 3924 sputavi.
418 3857 524 3915 llic
580 3874 726 3914 vero
781 3858 887 3913 hoc
933 3859 1112 3914 solum
1162 3873 1596 3915 commemorare
1650 3857 1768 3912 suf-

168 3947 287 4015 ﬁcit,
314 3952 443 4020 quia
496 3952 710 4007 eadem
751 3951 932 4006 anima
969 3951 1112 4007 sicut
1141 3953 1356 4022 plenam
1388 3961 1443 4006 et
1471 3952 1765 4022 perfectam

166 4035 249 4093 Dei
273 4042 608 4111 sapientiam
657 4042 871 4098 unitam
917 4043 1127 4109 habuit,
1162 4044 1235 4097 ita
1262 4042 1421 4112 plene
1447 4050 1502 4097 et
1529 4040 1765 4111 perfecte

160 4147 219 4186 ex
278 4134 390 4205 ipsa
454 4147 513 4192 et
557 4152 669 4208 per
721 4136 895 4206 ipsam
952 4136 1278 4206 sapientiam
1342 4135 1562 4206 sapiens
1638 4134 1760 4201 fuit,

160 4239 251 4281 nec
305 4236 493 4285 tamen
568 4230 686 4301 ipsi
758 4230 1041 4300 sapientia:
1082 4230 1277 4283 natura
1331 4229 1557 4298 aequalis
1614 4228 1758 4283 fuit:

154 4319 266 4386 quia
318 4322 484 4393 longe
526 4320 697 4377 aliud
728 4330 813 4376 est
866 4320 1133 4391 sapientia
1175 4335 1389 4389 sapere,
1419 4328 1584 4389 atque
1611 4320 1759 4374 aliud

153 4412 470 4481 sapientiam
526 4430 690 4470 esse.
720 4412 796 4469 Ex
839 4429 950 4483 quo
1002 4414 1147 4469 enim
1181 4413 1509 4467 humanitati
1572 4412 1765 4468 divini-

146 4512 222 4557 tas
268 4507 588 4577 conjuncta
658 4514 766 4569 est,
815 4520 884 4561 ex
937 4506 1051 4577 ipsa
1114 4506 1400 4561 divinitate
1449 4505 1761 4562 humanitas

146 4606 353 4667 accepta
404 4614 514 4668 per
568 4597 838 4669 gratiam,
865 4606 1037 4651 totum
1083 4597 1227 4667 quod
1270 4596 1528 4651 divinitas
1573 4596 1763 4650 habuit

139 4699 226 4753 per
279 4699 584 4755 naturam,
622 4688 707 4743 ita
762 4697 821 4742 ut
881 4688 1179 4743 secundum
1230 4688 1377 4743 illam
1432 4688 1758 4744 ineffabilem

140 4777 391 4835 unionem
418 4790 479 4837 et
516 4781 628 4836 Dei
655 4789 806 4836 esset
832 4782 885 4835 in
925 4782 1260 4837 humanitate
1285 4797 1383 4837 sua
1415 4790 1589 4837 totum
1612 4782 1760 4852 quod

130 4869 433 4929 divinitatis
457 4883 621 4930 erat.
654 4870 749 4927 Sic
766 4889 897 4944 ergo
928 4873 1316 4930 humanitatem
1339 4872 1521 4941 Verbi,
1560 4875 1613 4928 in
1642 4874 1761 4929 ani-

128 4978 210 5017 ma
257 4966 563 5033 rationali,
598 4982 634 5020 a
670 4965 846 5035 prima
899 4966 1252 5036 conceptione
1277 4982 1378 5021 sua
1406 4981 1471 5021 ex
1500 4966 1756 5021 inetfabili

120 5057 319 5114 unione
386 5060 741 5115 divinitatis
811 5060 1025 5130 plenam
1083 5067 1135 5115 et
1186 5058 1482 5130 perfectam
1542 5061 1760 5130 sapien-

120 5148 266 5217 tiam,
296 5160 355 5208 et
400 5152 767 5223 potentiam,
791 5160 845 5207 et
870 5151 1122 5206 virtutem
1141 5192 1158 5218 ,
1186 5160 1241 5206 et
1270 5151 1568 5206 bonitatem
1605 5167 1760 5207 acce-

109 5242 254 5311 pisse
276 5246 603 5302 credimus
630 5263 650 5312 ;
683 5252 739 5299 et
772 5245 946 5315 ipsam
980 5246 1124 5301 sicut
1147 5245 1200 5299 in
1229 5244 1434 5300 unione
1454 5245 1755 5302 divinitatis

109 5332 617 5408 inseparabiliter,
659 5336 743 5391 sic
787 5336 840 5391 in
899 5337 1016 5407 ipsa
1079 5352 1202 5407 quae
1226 5353 1289 5393 ex
1330 5337 1532 5392 unione
1558 5338 1756 5393 divini-

102 5430 228 5487 tatis
253 5444 387 5488 erat
431 5430 817 5503 plenitudine
840 5431 1057 5486 virtutis
1082 5430 1601 5486 incommutabiliter
1629 5446 1754 5500 pcr-

99 5524 389 5580 mansisse
412 5524 809 5581 conﬁtemur.
828 5521 1012 5594 Neque
1034 5524 1183 5578 enim
1205 5523 1406 5579 idcirco
1427 5521 1568 5578 Deus
1592 5523 1755 5579 homo

90 5614 236 5672 inter
268 5617 572 5673 homines
602 5616 932 5670 conversari
955 5616 1147 5681 voluit,
1175 5624 1236 5670 ut
1262 5614 1418 5685 quasi
1462 5630 1556 5684 per
1584 5614 1752 5668 inter—

91 5708 233 5764 valla
256 5718 629 5780 temporum
653 5706 919 5777 sapientia
946 5717 1040 5763 aut
1074 5708 1272 5763 virtute
1298 5707 1610 5777 proﬁciens,
1638 5724 1753 5763 me-

81 5800 252 5857 ritum
284 5806 725 5873 compararet,
747 5809 800 5854 et
830 5802 1011 5871 seipso
1040 5801 1231 5856 melior
1261 5799 1431 5865 ﬁeret,
1467 5801 1558 5855 sed
1592 5809 1648 5854 ut
1691 5817 1752 5855 ea

78 5894 379 5951 sapientia
430 5903 497 5951 et
557 5890 844 5961 bonitate,
884 5910 1049 5965 quam
1097 5894 1211 5965 ipse
1257 5894 1420 5950 etiam
1475 5894 1754 5949 divinitate

1880 3394 1971 3454 st‘.
2011 3393 2301 3464 imaginem
2341 3392 2566 3449 Christi.
2623 3392 2742 3461 Ipsa
2792 3391 2971 3463 imago
3024 3394 3139 3464 ipsa
3204 3406 3288 3451 est
3343 3398 3469 3452 imi-

1879 3486 2035 3538 latio.
2071 3484 2276 3539 Idcirco
2313 3484 2491 3540 factus
2543 3496 2625 3541 est
2677 3484 2772 3539 tibi
2816 3488 3147 3557 exemplum,
3210 3499 3269 3543 ut
3307 3498 3364 3544 tu
3400 3491 3470 3545 il-

1879 3575 1990 3628 lum
2026 3575 2289 3630 imitando
2320 3576 2591 3631 indueres.
2634 3580 2780 3634 Fecit
2807 3582 3185 3651 corporaliter,
3214 3593 3270 3637 tu
3301 3585 3469 3654 spiri-

1878 3666 2095 3721 tualitcr
2126 3667 2359 3723 imitare.
2400 3689 2417 3719 ι
2458 3668 2523 3722 Et
2556 3670 2635 3725 sic
2666 3674 3053 3741 cognovimus,
3084 3676 3279 3746 inquit,
3304 3675 3470 3732 Chri-

1874 3768 2017 3814 stum
2070 3761 2370 3815 secundum
2408 3779 2663 3830 carnem,
2697 3767 2790 3820 sed
2833 3782 2981 3821 nunc
3006 3766 3120 3837 jam
3154 3784 3265 3823 non
3302 3770 3463 3824 novi-

1872 3866 1997 3905 mus
2025 3849 2112 3920 (11
2144 3850 2269 3906 Cor.
2300 3854 2376 3924 v).
2435 3872 2453 3904 ι
2489 3853 2545 3908 ln
2596 3856 2845 3926 exemplo
2889 3858 3192 3914 secundum
3238 3876 3464 3917 carnem

1871 3944 2253 4013 cognovimus,
2306 3945 2361 3998 in
2398 3945 2703 4001 imitatione
2742 3951 3042 4006 secundum
3091 3971 3312 4010 carnem
3345 3957 3461 4026 jam

1871 4052 1977 4091 non
2013 4036 2286 4092 novimus.
2315 4036 2626 4092 Secundum
2658 4055 2878 4096 carnem
2906 4043 3159 4102 Christus
3190 4056 3352 4101 natus
3377 4058 3464 4102 est

1871 4128 1926 4183 in
1960 4128 2186 4195 mundo,
2238 4128 2539 4184 secundum
2590 4132 2840 4202 spiritum
2874 4136 3076 4192 veritas
3120 4137 3363 4192 nascitur
3402 4137 3461 4191 in

1866 4221 2032 4276 corde
2058 4220 2446 4277 tuo.Christus
2477 4223 2530 4276 in
2562 4221 2751 4279 Judaea
2781 4227 3025 4282 nascitur
3054 4228 3122 4284 de
3138 4228 3380 4300 Virgine,
3404 4239 3462 4285 et

1866 4315 2069 4371 veritas
2099 4314 2345 4371 nascitur
2379 4316 2433 4369 in
2469 4315 2815 4371 confessione
2846 4318 2912 4373 de
2947 4319 3202 4389 puritate.
3241 4339 3259 4371 ι
3302 4317 3459 4375 Veri-

1866 4417 1950 4463 tas
1970 4408 2035 4463 de
2063 4416 2203 4463 terra
2233 4417 2351 4463 orta
2389 4419 2491 4474 est,
2524 4415 2578 4462 et
2620 4405 2834 4476 justitia
2883 4410 2949 4465 de
2998 4412 3136 4466 coelo
3177 4412 3459 4481 prospexit

1867 4502 2042 4571 (Psal.
2080 4506 2323 4576 Lxxxn).
2386 4524 2404 4555 ι
2464 4505 2692 4571 Quando
2752 4505 3030 4561 conﬁteris
3073 4516 3293 4577 peccata
3339 4515 3455 4573 tua,

1794 4632 1837 4687 Β
1868 4596 2067 4653 veritas
2095 4598 2162 4652 de
2199 4608 2342 4653 terra
2373 4599 2571 4666 oritur;
2598 4601 2819 4669 quando
2842 4615 2971 4655 vero
2993 4598 3269 4655 conﬁtenti
3297 4599 3456 4667 igno»

1867 4692 1968 4746 scit
1998 4691 2163 4758 Deus,
2208 4692 2419 4762 justitia
2472 4692 2691 4761 respicit
2720 4694 2787 4748 de
2829 4694 2990 4749 caelo.
3035 4692 3129 4747 Vis
3172 4701 3352 4747 autem
3395 4701 3457 4748 ut

1866 4783 2009 4839 Dens
2043 4795 2218 4840 tecum
2254 4786 2361 4841 sit?
2393 4787 2650 4841 conﬁtere
2681 4787 2810 4857 quid
2841 4803 2922 4841 es.
2977 4786 3113 4841 Cum
3145 4801 3307 4840 verax
3333 4801 3457 4840 esse

1864 4878 2115 4946 cmperis,
2147 4878 2345 4932 veritas
2375 4887 2550 4932 tecum
2584 4894 2703 4934 esse
2728 4878 2965 4948 incipiet.
2998 4877 3095 4933 Dic
3124 4879 3302 4933 malus
3330 4893 3455 4933 sum

1865 4969 2049 5038 (breve
2081 4969 2325 5033 verbum,
2356 4969 2448 5021 sed
2478 4970 2712 5036 verum),
2749 4970 2951 5024 veritas
2984 4980 3034 5023 te
3062 4985 3310 5024 veracem
3360 4969 3413 5025 fa
3436 5000 3448 5013 -

1862 5060 1985 5115 ciet.
2022 5059 2079 5113 Si
2106 5059 2307 5115 veritas
2336 5070 2515 5115 tecum
2547 5071 2651 5128 est,
2682 5060 2827 5116 Deus
2853 5069 3033 5116 tecum
3064 5070 3168 5128 est,
3200 5063 3328 5132 quia
3355 5077 3447 5116 ve-

1861 5152 1996 5207 ritas
2030 5160 2113 5207 est
2127 5150 2292 5208 Deus.
2333 5151 2471 5208 Ecce
2495 5152 2770 5224 quomodo
2791 5152 2844 5206 in
2876 5151 3063 5207 Judma
3091 5155 3357 5220 nascitur,
3391 5153 3447 5207 id

1858 5256 1942 5301 est
1968 5244 2022 5298 in
2053 5243 2417 5312 confessione,
2454 5245 2674 5300 veritas.
2712 5243 2884 5299 Mater
2910 5245 3081 5316 virgo,
3126 5246 3335 5315 puritas
3364 5253 3450 5300 est

1859 5338 2081 5404 cordis;
2116 5353 2240 5392 cum
2298 5339 2459 5394 corde
2497 5338 2673 5394 credis
2704 5337 2848 5408 quod
2899 5353 2994 5393 ore
3043 5339 3337 5393 conﬁteris.
3387 5337 3445 5391 ln

1858 5428 2204 5484 confessione
2235 5428 2481 5484 criminis
2506 5430 2714 5499 puritas
2739 5437 2823 5483 est
2851 5429 2970 5482 sine
2990 5428 3222 5482 macula.
3256 5426 3310 5481 Si
3346 5427 3445 5480 bo-

1859 5535 1988 5573 num
2023 5534 2128 5573 non
2156 5518 2403 5585 simulas,
2424 5535 2529 5575 non
2555 5521 2724 5574 habes
2749 5536 2971 5590 rugam;
2997 5520 3041 5572 si
3069 5518 3271 5572 malum
3297 5518 3437 5583 odis,

1859 5626 1968 5664 non
2019 5610 2186 5665 habes
2234 5611 2503 5665 maculam
2565 5611 2779 5681 (Ep/tes.
2820 5610 2893 5679 v).
2937 5610 3024 5664 Sic
3056 5610 3253 5664 veritas
3303 5610 3356 5663 in
3390 5618 3442 5664 te

1857 5706 2129 5763 desiderio
2171 5707 2500 5777 concipitur,
2544 5724 2712 5780 opere
2740 5710 3003 5773 nascitur,
3038 5706 3217 5762 studio
3260 5707 3437 5759 nutri-

1860 5811 1967 5865 tur,
1987 5808 2044 5855 ιιι
2068 5800 2478 5870 proﬁciam-tate
2492 5802 2543 5854 in
2563 5815 2853 5871 progressu
2880 5798 3156 5868 temporis,
3174 5797 3441 5866 sapientia

1860 5895 1912 5947 in
1933 5901 2222 5963 augmento
2248 5893 2592 5962 cognitionis,
2622 5892 2790 5962 gratia
2818 5893 2871 5945 in
2896 5892 3232 5947 incremento
3262 5892 3425 5947 virtu-
