3964 6442
510 398 616 455 819

1630 396 1960 453 WERNERI
2000 399 2296 455 ABBATIS
2338 400 2397 455 S.
2435 400 2656 456 BLASII
3644 418 3729 473 830

505 516 581 570 tis
609 531 623 566 :
651 512 791 585 apud
818 510 1065 567 homines
1088 509 1143 563 in
1180 505 1345 575 fama,
1370 509 1511 579 apud
1537 507 1706 565 Deum
1728 512 1783 565 in
1813 513 2099 569 eonscien-
2128 519 2174 574 Α
2202 512 2347 579 Quot
2395 512 2648 567 noctibus
2690 512 2911 579 recedit,
2964 521 3040 568 tot
3087 514 3280 570 diebus
3339 516 3489 571 redit.
3535 520 3729 583 Abeunu

506 605 606 671 tia;
635 604 777 674 apud
810 602 1058 656 homines
1089 610 1148 655 ut
1191 609 1577 672 cognoscatur,
1620 603 1761 673 apud
1815 602 1982 660 Deum
2035 612 2098 661 ut

506 697 860 768 gloriﬁcetur.
926 693 1222 748 Duodecim
1291 709 1563 749 annorum
1630 696 1687 750 in
1753 695 2093 753 Hierusalem

502 789 771 855 ascendit,
801 789 927 858 quia
943 795 1062 857 post
1083 787 1471 858 perfectionem
1490 791 1672 860 operis
1688 800 1743 846 et
1764 791 2095 861 dupliratam

502 880 761 934 virtutem
792 878 1077 933 charitatis
1106 878 1171 933 ad
1210 894 1399 949 pacem
1431 883 1908 952 contemplationis
1932 884 2097 954 profic

505 970 602 1024 cit.
632 968 891 1024 Parentes
920 966 1048 1023 Jesu
1081 968 1150 1022 ab
1183 967 1523 1027 Hierusalem
1557 973 1750 1029 itinere
1794 976 1958 1030 unius
1991 976 2096 1030 diei

425 1100 437 1135 τ,
504 1062 764 1127 redeunt,
812 1061 942 1132 quia
993 1076 1190 1117 sensus
1227 1065 1410 1121 carnis
1459 1083 1555 1137 per
1601 1067 1920 1122 exercitium
1968 1068 2097 1122 boni

416 1159 427 1209 ἲ
503 1155 687 1225 operis
722 1156 993 1210 interuam
1020 1154 1304 1210 veritatem
1338 1161 1617 1226 nutriunt,
1648 1176 1743 1231 per
1765 1162 2099 1217 exteriorum

504 1248 922 1304 delectationem
950 1254 1169 1308 retracti
1200 1254 1291 1309 diu
1322 1253 1375 1307 in
1407 1254 1619 1309 interna
1646 1270 1778 1324 pace
1811 1256 2101 1325 persistere

505 1355 619 1394 non
662 1349 912 1409 possunt.
945 1340 1096 1398 Unus
1126 1344 1265 1411 dies,
1307 1360 1416 1398 una
1460 1344 1700 1411 claritas,
1748 1362 1915 1400 unum
1968 1362 2099 1417 gau-

509 1433 688 1499 dium,
722 1449 831 1488 una
863 1434 1169 1491 benedictio
1216 1453 1383 1506 quam
1432 1437 1575 1493 Esau
1608 1439 1836 1508 accepit,
1864 1439 1957 1509 qui
2001 1439 2103 1494 du-

506 1524 704 1593 plicem
749 1526 944 1580 stolam
993 1543 1100 1581 non
1158 1529 1335 1597 potuit
1379 1530 1701 1598 promereri.
1757 1528 1853 1583 llic
1883 1538 1967 1583 est
2015 1529 2103 1584 ille

510 1634 656 1673 unus
681 1618 820 1685 dies,
851 1620 902 1672 in
940 1634 1049 1689 quo
1077 1635 1213 1688 puer
1244 1620 1409 1676 unius
1442 1622 1549 1675 diei
1579 1621 1697 1676 sine
1724 1631 1948 1691 peccato
1980 1636 2102 1675 esse

509 1724 620 1763 non
669 1710 844 1779 potuit
886 1726 1050 1780 super
1084 1719 1306 1777 terram,
1336 1712 1465 1781 quia
1514 1727 1711 1766 sensus
1754 1712 1958 1776 carnis,
2007 1711 2100 1780 qui

508 1809 776 1870 quantum
826 1802 893 1856 ad
930 1818 987 1855 se
1015 1815 1231 1869 semper
1263 1803 1491 1871 puerilia
1526 1804 1749 1873 appetit,
1782 1803 1946 1873 hujus
1984 1811 2103 1857 tan-

508 1901 625 1945 tum
647 1892 772 1947 vita:
800 1894 1102 1951 claritatem
1135 1910 1325 1951 amans
1357 1895 1409 1949 in
1441 1911 1501 1950 ea
1534 1912 1813 1965 nunquam
1843 1896 1960 1951 sine
1981 1911 2107 1965 pec-

512 1982 621 2037 cati
672 1986 885 2039 macula
939 1986 1209 2041 consistit.
1256 1984 1374 2039 Non
1414 1987 1561 2040 enim
1613 1987 1761 2041 venit
1809 1986 1877 2041 ad
1936 1987 2106 2041 alium

509 2074 681 2140 diem,
718 2077 786 2131 de
827 2093 939 2147 quo
966 2079 1171 2133 dictum
1200 2087 1325 2132 est:
1367 2098 1385 2130 ι
1421 2077 1677 2134 Nuntiate
1716 2079 1859 2133 diem
1908 2079 1976 2134 de
2020 2079 2109 2134 die

508 2167 686 2236 (I’sal.
711 2170 863 2239 xcv):
891 2189 909 2220 ι
931 2180 984 2224 ει
1012 2185 1260 2225 rursum:
1287 2189 1302 2220 ι
1334 2168 1459 2226 Dies
1477 2187 1640 2241 super
1668 2171 1785 2227 dies
1815 2171 1958 2242 regis
1980 2171 2110 2241 adji—

509 2260 625 2316 cies
651 2260 829 2332 (Psal.
865 2264 976 2325 Lx).
1018 2283 1036 2315 ι
1068 2263 1363 2333 Propterea
1392 2266 1558 2321 unius
1584 2265 1692 2319 diei
1721 2265 1822 2319 iter
1843 2274 1927 2320 est
1949 2264 2106 2320 elon-

507 2352 768 2415 nantibus
791 2354 860 2409 ab
878 2352 1241 2425 Hierusalem,
1269 2357 1398 2429 quia
1433 2357 1721 2413 delectatio
1751 2356 2102 2427 praesentium

512 2433 675 2516 longe
702 2444 831 2501 facit
851 2448 1065 2504 animos
1084 2465 1113 2503 a
1132 2450 1589 2520 contemplatione
1605 2457 1956 2502 aeternorum.
1976 2445 2107 2501 Post

510 2537 755 2592 triduum
778 2536 939 2595 Jesus
968 2540 1021 2594 in
1048 2542 1248 2610 templo
1275 2542 1547 2596 invenitur
1567 2582 1581 2607 ,
1610 2540 1737 2609 quia
1770 2548 1892 2608 post
1921 2554 2107 2592 corrc-

508 2627 744 2682 ctionem
774 2630 1145 2700 cogitationis,
1178 2631 1469 2687 locutionis
1498 2641 1552 2685 et
1582 2632 1784 2700 operis,
1819 2629 2018 2684 veritas
2051 2629 2104 2683 in

507 2722 674 2777 corde
727 2724 932 2779 mundo
959 2725 1280 2796 percipitur.
1312 2725 1588 2780 Invenitur
1615 2732 1796 2778 autem
1832 2724 1963 2777 inter
2016 2724 2108 2777 do-

518 2822 701 2869 ctores
740 2824 793 2871 et
836 2816 1133 2886 sapientes,
1164 2819 1292 2887 quia
1344 2817 1399 2870 in
1436 2817 1552 2887 lege
1596 2825 1650 2870 et
1699 2816 2002 2885 prophetis,
2054 2822 2109 2869 et

506 2906 879 2976 evangelistis,
898 2915 950 2961 et
968 2909 1251 2978 apostolis,
1267 2917 1319 2963 et
1335 2908 1474 2963 sacri
1498 2907 1646 2962 verbi
1662 2907 1998 2973 doctoribus,
2020 2922 2109 2961 vc-

506 2997 646 3051 ritas
698 2999 1067 3068 cognoscitur.
1116 2998 1338 3069 Legitur
1363 3014 1584 3069 quoque
1606 2999 1674 3054 de
1726 2998 1917 3053 itinere
1940 2997 2106 3052 trium

508 3087 744 3153 dierum,
778 3088 833 3141 in
866 3089 1067 3159 quibus
1095 3089 1273 3144 ierant
1303 3089 1396 3143 lilii
1427 3088 1593 3145 lsracl
1621 3089 1675 3143 in
1709 3090 2019 3153 desertum,
2050 3098 2108 3143 ut

508 3178 584 3233 ibi
619 3180 992 3235 sacriﬁcarent
1046 3179 1280 3235 Domino
1330 3179 1440 3235 Deo
1485 3195 1588 3235 suo
1624 3179 1822 3250 (Exod.
1855 3178 1959 3250 ιιι).
2006 3177 2103 3232 Est

506 3271 730 3341 quidam
763 3286 1039 3340 accessus,
1066 3281 1119 3327 et
1146 3288 1396 3328 recessus
1423 3273 1621 3327 animae
1649 3273 1715 3327 ad
1748 3272 1916 3326 Deum
1937 3313 1951 3337 ,
1980 3270 2095 3325 sive

507 3380 540 3418 a
570 3362 710 3432 Deo;
737 3379 994 3422 accessus
1027 3365 1094 3420 ad
1126 3364 1322 3433 Deum,
1356 3381 1607 3420 recessus
1636 3380 1666 3419 a
1698 3363 1827 3418 Deo.
1871 3364 2093 3418 Abeun-

507 3458 571 3525 ti,
600 3458 702 3513 iter
726 3468 810 3515 est
836 3476 932 3531 per
977 3467 1223 3526 noctem,
1252 3458 1505 3516 redeunti
1526 3459 1625 3513 iter
1652 3466 1735 3513 est
1776 3472 1871 3528 per
1926 3456 2092 3510 diem.

2197 605 2389 674 primae
2422 606 2599 660 noctis
2625 606 2728 660 iter
2754 613 2835 661 est
2863 620 2957 673 per
2990 607 3326 674 superbiam,
3358 623 3459 677 qua
3484 607 3634 667 Deum
3656 616 3731 671 de-

2198 695 2367 761 serit;
2393 695 2647 750 secundae
2696 695 2874 749 noctis
2897 695 2994 748 iter
3014 705 3096 749 est
3132 712 3227 764 per
3257 697 3730 769 concupiscentiam,

2198 800 2307 854 qua
2361 785 2467 839 alia
2519 792 2715 854 praeter
2750 783 2920 837 Deum
2966 786 3208 853 appetit;
3242 785 3415 839 tertiae
3466 799 3624 846 noctis
3650 794 3732 850 iter

2198 887 2282 931 est
2304 892 2401 947 per
2425 876 2802 944 obstinatiam,
2839 892 2945 946 qua
2973 876 3025 929 in
3052 876 3173 929 aliis
3198 884 3353 929 extra
3383 874 3542 931 Deum
3565 885 3734 951 requie-

2200 974 2322 1029 scit.
2360 972 2414 1027 ln
2448 972 2703 1043 superbia
2732 981 2817 1025 est
2859 971 3093 1036 vanitas,
3134 971 3187 1023 in
3217 970 3635 1039 concupiscentia
3658 976 3735 1033 dc-

2202 1066 2442 1129 lcctatio,
2468 1065 2522 1119 in
2548 1064 2843 1120 obstinatis
2871 1079 3194 1118 consensus.
3216 1062 3319 1116 Per
3351 1063 3621 1121 vanitatem
3655 1070 3736 1142 igi.

2204 1169 2292 1213 tur
2317 1158 2449 1224 abit,
2479 1173 2575 1228 per
2596 1156 3010 1211 delectationem
3043 1165 3169 1222 stat,
3194 1172 3292 1226 per
3324 1171 3633 1213 consensum
3666 1177 3736 1217 se-

2201 1249 2311 1303 det.
2349 1248 2452 1303 Per
2500 1248 2809 1318 superbiam
2837 1265 2866 1303 a
2895 1248 3006 1302 Deo
3044 1247 3325 1313 recedens,
3354 1246 3499 1301 vadit
3518 1250 3578 1303 ad
3606 1266 3655 1306 se
3691 1263 3736 1307 ut

2206 1342 2505 1413 requiescat
2532 1342 2585 1394 in
2618 1355 2676 1395 se
2697 1358 2710 1406 ;
2739 1356 2833 1409 per
2853 1339 3356 1409 concupiscentiam
3379 1338 3634 1395 descendit
3658 1344 3737 1398 sub

2204 1451 2282 1500 se,
2312 1443 2371 1489 ut
2398 1435 2702 1504 requiescat
2741 1436 2793 1488 in
2824 1449 3021 1499 carne;
3050 1448 3146 1502 per
3175 1430 3520 1486 obstinatiam
3551 1434 3738 1489 trahitur

2203 1538 2354 1582 extra
2388 1544 2467 1593 se,
2503 1538 2561 1582 ut
2586 1528 2894 1598 requiescat
2928 1528 2980 1581 in
3012 1541 3177 1582 carne
3217 1542 3249 1581 a
3280 1526 3464 1595 specie
3494 1527 3737 1584 visibilium

2204 1629 2259 1675 et
2308 1630 2623 1690 permaneat
2670 1620 2723 1673 in
2777 1618 3159 1674 delectatione.
3211 1616 3459 1671 Primum
3511 1619 3641 1673 vadit
3688 1622 3741 1674 de

2206 1712 2402 1767 virtute
2428 1729 2525 1767 sua
2558 1711 2801 1782 gloriari,
2827 1710 3068 1766 secundo
3100 1710 3246 1765 vadit
3279 1710 3335 1763 in
3365 1710 3500 1765 vitiis
3535 1712 3633 1766 suis
3663 1712 3729 1766 de-

2205 1802 2417 1869 lectari,
2445 1806 2610 1857 tertio
2628 1805 2776 1858 vadit
2815 1805 2868 1856 in
2898 1801 3231 1858 trausitoriis
3261 1801 3540 1857 consolari.
3566 1801 3744 1869 Primo,

2218 1914 2239 1945 ι
2292 1894 2614 1949 malediclus
2665 1896 2829 1948 homo
2876 1896 2970 1963 qui
3011 1892 3236 1947 confidit
3296 1892 3350 1945 in
3397 1892 3598 1946 homine
3634 1891 3741 1960 (Jer.

2212 1988 2382 2054 xvii);
2416 2004 2433 2035 ι
2463 1985 2723 2051 secundo,
2754 1983 2873 2053 «qui
2901 1984 3052 2053 ponit
3072 1999 3296 2039 carnem
3325 1983 3596 2037 brachium
3615 2000 3743 2038 suum

2211 2076 2407 2146 (ibid);
2448 2095 2465 2127 ι
2503 2078 2682 2142 tertio,
2723 2096 2741 2127 ι
2779 2079 2873 2147 qui
2904 2076 3144 2147 speravit
3177 2075 3231 2129 in
3261 2074 3599 2129 multitudine
3636 2076 3745 2129 divi-

2211 2169 2409 2223 tiarum
2442 2184 2692 2235 suarum,
2720 2178 2776 2223 ct
2819 2169 3105 2239 praevaluit
3132 2168 3185 2221 in
3215 2167 3459 2220 vanitate
3497 2182 3585 2221 sua
3605 2165 3745 2235 (Psat.

2208 2262 2304 2330 Li).
2342 2280 2360 2311 ι
2397 2259 2704 2315 Rcvcrtcuti
2749 2272 2929 2315 autem
2972 2260 3162 2331 prima:
3189 2258 3296 2314 dici
3323 2258 3430 2313 iter
3468 2267 3546 2314 est
3568 2259 3746 2327 quando

2207 2357 2565 2412 intentionem
2623 2372 2777 2411 suam
2807 2355 3074 2411 convertit
3119 2354 3304 2409 anima
3336 2354 3406 2408 ab
3434 2368 3500 2409 eo
3527 2352 3652 2423 quod
3668 2367 3743 2407 ex-

2207 2459 2288 2504 tra
2319 2450 2492 2519 ipsam
2542 2456 2647 2516 est,
2680 2449 2746 2504 ad
2795 2449 2847 2503 id
2896 2447 3040 2519 quod
3070 2448 3183 2517 ipsa
3213 2455 3320 2502 est.
3384 2445 3634 2502 Secunda:
3665 2445 3747 2499 diei

2207 2542 2307 2597 iter
2332 2552 2433 2606 est,
2462 2541 2681 2610 quando
2707 2541 2776 2599 ab
2800 2555 2867 2595 eo
2898 2540 3044 2610 quod
3070 2539 3122 2595 in
3158 2538 3267 2594 alio
3294 2548 3381 2593 cst
3402 2538 3610 2593 ducitur
3633 2536 3749 2591 adid

2206 2635 2351 2704 quod
2375 2649 2495 2688 esse
2519 2632 2698 2687 debet.
2732 2631 2931 2687 Tertiae
2957 2632 3062 2686 diei
3096 2632 3195 2685 iter
3223 2639 3330 2696 est,
3357 2630 3573 2701 quando
3608 2645 3634 2683 a
3654 2643 3750 2698 per-

2206 2726 2457 2794 ceptione
2503 2723 2922 2779 illuminationis
2952 2724 3162 2792 rapitur
3186 2722 3253 2776 ad
3306 2721 3516 2777 fontem
3545 2719 3748 2775 luminis.

2206 2818 2387 2872 Prima
2419 2818 2617 2874 revisio
2642 2825 2724 2872 est
2750 2817 2818 2871 ab
2841 2817 3034 2871 alienis
3059 2815 3123 2869 ad
3153 2817 3398 2885 propria;
3431 2813 3649 2869 secunda
3687 2819 3752 2865 est

2208 2925 2236 2962 a
2267 2908 2425 2963 malis
2460 2908 2529 2963 ad
2576 2908 2759 2975 bona;
2809 2908 2966 2963 tertia
3008 2916 3093 2962 est
3136 2923 3166 2961 a
3198 2907 3383 2961 studio
3414 2906 3656 2961 virtutum
3694 2904 3750 2956 ad

2207 3000 2610 3071 perceptionem
2639 3002 2864 3055 internae
2898 3010 2953 3055 et
2981 3008 3199 3054 aeterna:
3246 2998 3569 3054 dulcedinis.
3606 2995 3659 3049 Et
3690 2995 3754 3050 sic

2208 3098 2327 3160 post
2351 3091 2611 3156 triduum,
2635 3092 2740 3145 hoc
2762 3099 2844 3145 est
2867 3100 2987 3161 post
3011 3090 3407 3146 correctionem
3432 3084 3755 3159 cogitationis,

2209 3182 2524 3247 locutionis,
2572 3180 2789 3251 operis;
2819 3178 3000 3248 Jesus,
3035 3181 3087 3235 id
3131 3190 3212 3236 est
3239 3182 3447 3235 veritas
3475 3182 3528 3234 iu
3571 3178 3759 3247 templo,

2202 3273 2304 3327 hoc
2332 3282 2415 3328 est
2440 3274 2496 3328 in
2525 3274 2732 3329 mundo
2754 3272 2917 3327 corde
2959 3272 3258 3342 percipitur
3288 3292 3299 3326 :
3336 3274 3408 3327 ita
3438 3282 3493 3327 et
3522 3287 3607 3341 per
3641 3266 3761 3323 sacri

2200 3364 2350 3419 verbi
2392 3366 2675 3432 doctores,
2705 3364 2907 3419 veritas
2928 3365 3124 3418 horum
3155 3365 3322 3418 trium
3351 3365 3562 3419 dierum
3612 3373 3763 3432 egres-

2201 3454 2375 3512 sionis
2395 3456 2781 3517 Hebraerorum
2823 3472 2889 3512 ex
2916 3454 3152 3528 Egypto
3182 3456 3435 3511 fidelibus
3462 3455 3759 3511 declaratur.

861 3737 1463 3883 DOMINICA
1535 3738 2074 3832 SECUNDA
2145 3738 2444 3831 POST
2512 3733 3449 3827 THEOPHANIAM.

589 3949 611 3986 ι
653 3928 863 4001 Nuptiae
885 3929 1039 3989 factae
1063 3940 1191 3989 sunt
1216 3932 1270 3986 in
1296 3929 1448 3986 Cana
1481 3931 1741 3997 Galilaeae,
1766 3939 1821 3986 et
1842 3939 1961 3986 erat
1986 3946 2101 3985 ma-

509 4036 593 4082 ter
612 4023 740 4081 Jesu
770 4024 1112 4083 ibi.Vocatus
1126 4036 1210 4083 est
1232 4034 1414 4081 autem
1428 4023 1588 4080 Jesus
1605 4032 1660 4078 et
1679 4022 1935 4094 discipuli
1954 4022 2099 4093 ejus,

509 4113 578 4168 ad
603 4111 821 4181 nuptias
853 4111 1037 4179 (Joan.
1067 4113 1188 4184 11).»
1218 4111 1403 4168 Voluit
1432 4111 1701 4166 Dominus
1724 4111 1843 4167 suis
1864 4126 1964 4167 nec
1988 4126 2101 4165 non

507 4204 776 4259 miraculo
832 4206 1048 4275 nuptias
1090 4206 1521 4271 commendare,
1588 4219 1656 4258 ne
1706 4218 1801 4258 eas
1858 4200 2100 4257 haeretici

506 4294 770 4349 damnare
836 4307 1255 4366 praesumerent.
1301 4295 1527 4367 Mystice
1573 4293 1845 4350 desiderio
1875 4292 2100 4348 Patrum

506 4385 933 4454 praecedentium
974 4397 1101 4441 ante
1151 4387 1348 4458 legem,
1412 4386 1515 4441 sub
1564 4386 1681 4457 lege
1745 4397 1975 4441 vocatus
2018 4392 2104 4439 est

507 4490 768 4546 sponsus,
799 4478 867 4533 ad
896 4476 1233 4533 Ecclesiama
1246 4492 1506 4547 sponsam
1533 4477 1740 4544 venire,
1767 4485 1820 4531 et
1849 4476 1903 4531 in
1928 4476 2099 4547 gratia

2210 3927 2456 3985 futurum
2497 3937 2581 3983 est
2624 3927 2949 3983 miraculum
3003 3925 3148 3994 quod
3197 3923 3358 3993 petis.
3412 3920 3601 3977 Veniet
3651 3919 3771 3974 hora

2209 4038 2354 4090 mea,
2379 4023 2433 4077 id
2467 4032 2549 4078 est
2576 4020 2851 4092 passionis
2881 4016 3284 4089 opportunitas,
3324 4017 3380 4071 in
3410 4033 3519 4087 qua
3550 4012 3769 4068 videlicet

2210 4130 2337 4172 cum
2364 4115 2601 4185 pendere
2642 4114 2695 4168 in
2733 4126 2897 4169 cruce
2925 4110 3219 4165 inﬁrmitas
3264 4109 3515 4179 emperil,
3551 4106 3699 4176 cujus
3722 4110 3771 4155 tu

2209 4217 2383 4263 mater
2412 4222 2473 4263 es
2500 4222 2789 4279 agnoscam
2823 4217 2875 4263 te
2924 4216 3151 4262 matrem
3179 4211 3239 4257 ut
3278 4202 3447 4266 ﬁlius,
3482 4214 3663 4255 curam
3704 4195 3769 4248 tui

2208 4297 2477 4367 discipulo
2497 4298 2866 4353 committens.
2893 4297 3195 4353 Pracdicato
3217 4304 3403 4351 autem
3433 4290 3714 4362 Evangelio
3729 4296 3776 4341 et

2207 4389 2409 4446 virtute
2446 4389 2630 4444 divina
2680 4398 2903 4445 ostensa
2935 4387 3161 4454 mundo,
3208 4386 3312 4441 fuit
3334 4386 3468 4440 hora
3502 4379 3775 4455 passionis.

2208 4479 2327 4536 Non
2352 4482 2696 4537 necessitatis
2716 4482 2924 4537 scilicet
2945 4481 3101 4545 liora,
3128 4487 3185 4534 ut
3202 4477 3447 4533 haeretici
3464 4472 3780 4530 calumniam

507 4566 789 4640 Evangelii
814 4568 984 4624 venit.
1020 4567 1209 4624 Vocati
1232 4576 1363 4623 sunt
1388 4576 1443 4623 et
1464 4568 1741 4638 discipuli,
1772 4576 1833 4623 ut
1861 4568 2101 4623 ministri
2136 4560 2176 4613 D
2209 4582 2317 4640 tur,
2355 4573 2447 4629 sed
2498 4573 2811 4629 voluntatis.
2849 4572 3004 4628 Unde
3041 4570 3172 4625 illud
3223 4590 3235 4625 :
3272 4588 3291 4621 ι
3329 4569 3663 4624 Potestatcm
3696 4563 3781 4617 ha-

506 4660 564 4713 in
591 4660 817 4730 nuptiis.
849 4658 1003 4716 Hanc
1025 4675 1284 4730 sponsam
1316 4660 1602 4731 conjunxit
1628 4661 1732 4716 sibi
1758 4676 2018 4730 sponsus,
2044 4662 2107 4721 in.

509 4760 668 4807 utero
711 4750 972 4823 Virginis.
1030 4749 1264 4807 Verbum
1309 4752 1455 4806 enim
1503 4768 1759 4822 sponsus,
1806 4761 1862 4807 et
1900 4768 2101 4822 sponsa

514 4861 647 4900 caro
676 4845 919 4900 humana
972 4853 1075 4900 est.
1103 4842 1161 4899 lu
1205 4843 1354 4898 Cana
1391 4843 1649 4913 Galilaeae,
1679 4846 1732 4899 in
1760 4846 1899 4902 cmlo
1923 4856 2103 4900 trans-

494 4922 857 5010 migrationis
880 4938 1015 4995 fiunt
1035 4938 1259 5009 nuptiae,
1283 4938 1410 5008 quia
1443 4939 1499 4992 hi
1532 4948 1660 4994 sunt
1687 4939 1834 5010 digni
1857 4938 2100 5005 Christo,

512 5030 609 5101 qui
632 5028 848 5085 fervore
874 5020 1182 5086 devotionis
1211 5030 1278 5085 de
1306 5030 1456 5086 vitiis
1486 5031 1555 5087 ad
1578 5031 1830 5098 virtutes,
1863 5031 1928 5086 de
1959 5038 2102 5085 terra

512 5123 580 5178 ad
612 5122 785 5178 caelos
812 5122 1073 5193 migrant.

484 5205 494 5222 '
593 5235 613 5268 ς
659 5214 726 5271 Ει
751 5215 1036 5271 deﬁciente
1083 5217 1232 5285 vino,
1258 5218 1391 5274 dicit
1430 5225 1605 5271 mater
1630 5214 1791 5271 Jesus
1831 5215 1897 5270 ad
1932 5232 2098 5271 eum:

514 5307 717 5364 Vinum
754 5323 865 5363 non
896 5308 1099 5364 habent
1151 5329 1195 5363 ι.
1242 5308 1413 5376 Quasi
1443 5309 1591 5362 dicat
1626 5324 1639 5360 :
1678 5307 1876 5363 Vinum
1906 5308 1973 5362 da
1998 5309 2099 5364 eis.

513 5400 714 5457 Vinum
750 5400 1099 5473 deficit,quia
1128 5402 1391 5471 spiritalis
1417 5401 1769 5471 intelligentia
1794 5400 1927 5471 legis
1950 5399 2105 5455 falla-

514 5510 632 5551 ccm
662 5493 1067 5549 Pharisaeorum
1104 5493 1503 5564 expositionem
1530 5493 1699 5547 latere
1728 5500 1990 5563 coeperat.

590 5608 610 5643 l
654 5587 722 5643 Et
750 5587 887 5643 dixit
908 5587 959 5642 ei
986 5584 1147 5641 Jesus
1168 5605 1180 5640 :
1202 5586 1344 5653 Quid
1375 5586 1509 5640 mihi
1539 5597 1593 5640 et
1623 5585 1719 5639 tibi
1743 5593 1847 5652 est,
1874 5584 2103 5639 mulier?

513 5680 761 5737 nondum
783 5678 931 5733 venit
961 5677 1096 5732 hora
1123 5694 1265 5732 mea.
1315 5696 1333 5728 ι

584 5771 729 5838 Quid
750 5784 1045 5826 commune
1072 5778 1156 5823 est
1184 5769 1279 5823 tibi
1305 5778 1500 5836 mater,
1528 5770 1829 5825 secundum
1856 5783 2097 5833 carnem,

514 5869 569 5921 et
599 5862 733 5918 mihi
766 5870 978 5918 mternae
1009 5862 1102 5918 Dei
1131 5861 1316 5917 virtuti
1349 5877 1411 5917 ac
1435 5859 1530 5916 Dei
1563 5859 1861 5932 sapientiae,
1894 5874 1959 5915 ex
1991 5875 2099 5933 qua

2204 4666 2306 4721 beo
2340 4679 2543 4736 ponere
2568 4666 2807 4719 animam
2845 4680 3047 4729 meam,
3086 4673 3140 4719 et
3180 4662 3382 4717 iterum
3417 4673 3636 4717 sumere
3673 4668 3785 4709 eam

2208 4758 2392 4829 (Joan.
2418 4760 2531 4825 1).)
2562 4756 2683 4813 Non
2701 4758 2846 4814 enim
2877 4766 3389 4827 auctortemporum
3403 4753 3514 4809 fato
3539 4748 3791 4820 temporis

2204 4849 2431 4920 regitur.

2282 4960 2298 4991 ο
2328 4940 2652 4995 Dicitmater
2668 4940 2817 5010 ejus:
2840 4935 3608 5008 Quodcunquedixeritvobis
3620 4932 3787 4989 facite.

2205 5030 2376 5086 Erant
2421 5040 2602 5086 autem
2654 5032 2725 5086 ibi
2771 5031 2996 5101 lapidem
3064 5029 3273 5101 hydria:
3318 5045 3417 5084 sex
3460 5030 3655 5097 positae
3715 5037 3791 5077 se-

2205 5122 2445 5177 cundum
2470 5121 2901 5191 puriﬁcationem
2934 5119 3272 5185 Iudaeorum,
3300 5120 3584 5189 capientes
3617 5118 3798 5184 singu-

2206 5213 2269 5267 la:
2318 5221 2583 5275 metretas
2610 5212 2768 5266 binas
2797 5212 2879 5265 vel
2918 5220 3121 5265 ternas.
3165 5230 3181 5261 ι
3239 5199 3463 5265 Conﬁsa
3509 5217 3699 5261 mater
3736 5205 3795 5257 de

2206 5306 2299 5360 lilii
2342 5306 2541 5378 pietate
2570 5305 2637 5360 ad
2666 5305 2862 5374 ipsam,
2894 5312 2953 5358 ut
3001 5302 3091 5356 ﬁat
3124 5304 3272 5373 quod
3312 5303 3441 5372 petit
3469 5298 3791 5355 ﬁducialitei

2207 5397 2437 5469 imperat
2453 5398 2741 5454 ministris.
2757 5396 2938 5468 llydor
2965 5394 3150 5472 [ὕδωρ]
3168 5405 3248 5450 εει
3269 5411 3435 5465 aqua.
3451 5392 3585 5447 lude
3602 5391 3790 5445 dicitm

2206 5494 2398 5563 hydria
2447 5510 2543 5550 vas
2589 5508 2763 5563 aqum.
2809 5489 3257 5545 Puriiicatiuncm
3295 5488 3622 5544 Judreorum
3678 5482 3807 5537 dicit

2204 5587 2349 5655 quod
2373 5567 2833 5641 crebrolavabaut
2855 5596 3050 5635 manus
3074 5589 3128 5635 et
3150 5596 3305 5635 vasa.
3322 5579 3526 5635 Metron
3562 5569 3803 5650 [μὲτρονι

2204 5675 2412 5742 Graece,
2459 5690 2717 5729 mensura
2766 5673 2956 5729 Latine
2998 5671 3219 5726 dicitur.
3254 5670 3385 5726 Inde
3430 5675 3680 5723 metreta
3715 5680 3811 5719 no~

2205 5788 2325 5825 men
2357 5785 2646 5824 mensurae.

2280 5882 2297 5913 ‹
2332 5860 2466 5916 Dicit
2491 5860 2569 5917 cis
2591 5857 2750 5917 Iesus
2785 5879 2796 5891 ·
2826 5858 3045 5930 lmplctc
3070 5854 3295 5927 hydrias
3319 5871 3477 5929 aqua.
3502 5851 3580 5911 Et
3607 5849 3827 5924 impleq
