3964 6438
218 367 294 424 821
1156 370 1728 433 DEFLORATIONES
1769 375 1865 432 SS.
1909 376 2216 434 PATRUM.
2251 409 2321 416 —-
2363 378 2490 434 LIB.
2529 378 2570 434 1.

3355 388 3460 444 822

219 493 384 538 verunt
408 499 506 540 eas
555 501 732 557 usque
774 485 837 540 ad
865 499 1160 540 summum.
1193 483 1258 539 Et
1301 487 1438 542 dixit
1467 489 1546 544 eis
1568 487 1726 545 Jesus
1755 509 1766 543 :
1802 497 1847 550 Α
1876 491 1928 544 ἱη
1960 489 2153 546 Genesi
2188 509 2200 545 :
2247 511 2264 543 ι
2315 490 2601 562 Relinquet
2651 495 2814 548 homo
2865 503 3071 564 patrem
3103 505 3156 552 et
3207 508 3457 562 matrem.

218 573 418 632 Haurite
447 593 624 640 nunc.
653 587 710 633 et
733 579 864 632 ferte
895 576 1282 632 architrieliuo.
1311 579 1372 634 Et
1398 582 1708 638 tutelerunt.
1753 605 1770 636 ›

273 669 688 725 Architriclinus
717 678 800 726 est
828 670 1077 740 princeps
1104 669 1343 736 triclinii,
1369 672 1420 726 id
1447 682 1530 728 est
1557 675 1780 730 discun-

220 759 438 814 licinium
491 761 547 815 in
596 761 854 817 triclinio.
904 759 1221 816 Triclinium
1253 778 1382 818 vero
1427 767 1616 822 dicunt
1657 783 1778 823 esse

219 851 372 904 aulam
403 852 836 919 tricameratam,
873 855 956 908 vel
993 865 1104 912 tres
1131 859 1324 914 domos
1351 859 1432 913 vel
1460 869 1570 914 tres
1599 875 1780 916 came-

219 960 288 998 ras
327 959 454 999 cum
515 948 789 1002 testudine
821 947 1015 1015 factas,
1053 950 1106 1004 in
1158 953 1358 1023 quibus
1397 953 1656 1009 sedebant
1697 955 1780 1010 di-

218 1035 565 1102 scumbentes,
603 1039 760 1108 quasi
797 1040 900 1094 sub
931 1043 1106 1099 tribus
1134 1045 1390 1100 arcubus.

278 1143 294 1176 l
339 1123 407 1180 Ut
456 1136 640 1183 autem
672 1131 908 1200 gustavit
939 1135 1344 1191 architrielinus
1369 1152 1567 1207 aquam
1593 1137 1779 1193 vinum

219 1215 420 1284 factum,
451 1227 508 1272 et
547 1234 656 1274 non
689 1221 889 1277 sciebat
921 1225 1064 1280 unde
1105 1237 1246 1282 esset
1269 1267 1284 1290 .
1318 1227 1554 1282 ministri
1598 1238 1780 1284 autem

218 1310 441 1366 sciebant
471 1311 565 1382 qui
601 1313 897 1370 hauserant
932 1333 1130 1387 aquam
1158 1359 1172 1383 ,
1217 1330 1373 1374 vocat
1402 1335 1664 1390 sponsum
1695 1336 1782 1376 ar-

217 1401 557 1468 chitriclinus,
587 1412 640 1458 et
669 1405 802 1459 dicit
850 1407 900 1460 ei
949 1425 960 1461 :
1011 1406 1206 1464 Omnis
1237 1409 1401 1465 homo
1426 1411 1662 1480 primum
1687 1413 1782 1468 bo-

219 1507 326 1547 num
355 1494 546 1548 vinum
597 1497 780 1566 ponit;
811 1508 866 1552 ct
914 1514 1038 1554 cum
1090 1500 1340 1556 inebriati
1387 1502 1608 1572 fuerint,
1655 1512 1784 1559 tunc

217 1584 260 1639 id
290 1584 432 1654 quod
460 1585 700 1640 deterius
729 1595 830 1642 est.
867 1587 947 1644 Tu
987 1597 1168 1646 autem
1199 1592 1430 1647 servasti
1468 1593 1652 1648 vinum
1684 1595 1783 1650 bo-

215 1691 326 1730 num
375 1692 554 1747 usque
600 1678 798 1734 adhuc.
857 1679 968 1736 lloc
1024 1680 1152 1737 fecit
1216 1682 1433 1738 initium
1504 1685 1784 1756 signorum

213 1766 352 1822 Jesus
408 1769 464 1822 in
518 1767 667 1824 Cana
727 1769 982 1839 Calilm,
1035 1781 1090 1827 et
1146 1774 1513 1831 manifestavit
1558 1778 1784 1847 gloriam

215 1877 374 1915 suam.
426 1880 444 1912 ι

273 1949 412 2005 inter
443 1951 612 2006 multa
635 1952 790 2024 signa
813 1969 937 2024 quae
965 1953 1092 2011 fecit
1119 1955 1279 2012 Jesus
1307 1957 1522 2014 inCana
1553 1959 1789 2017 Galiltete

215 2039 304 2094 fuit
339 2041 444 2096 hoc
491 2042 754 2113 primum,
797 2053 852 2100 et
891 2045 1129 2116 quodam
1180 2047 1460 2120 dignitatis
1509 2052 1789 2124 privilegio

210 2131 592 2190 elementorum
657 2137 1032 2206 conversione,
1111 2141 1485 2198 manifestavit
1559 2144 1787 2215 gloriam

208 2239 376 2291 suam,
415 2225 469 2280 id
513 2237 597 2282 est
645 2229 902 2285 latentem
934 2231 1214 2289 deitatem.
1263 2233 1588 2291 Miraculum
1634 2253 1789 2308 aquae

206 2329 478 2371 conversa:
530 2318 586 2372 in
647 2319 834 2375 vinum
900 2323 1196 2392 miramur,
1253 2335 1307 2380 et
1357 2343 1464 2382 non
1523 2329 1788 2382 miramur

206 2408 326 2475 quia
374 2409 528 2464 omni
581 2425 726 2467 anno
759 2412 896 2470 bene
925 2412 1055 2470 facit
1101 2414 1243 2471 Deus
1277 2417 1329 2471 in
1355 2418 1586 2484 vitibus,
1630 2429 1685 2473 ct
1721 2419 1788 2474 de

207 2515 312 2556 uno
337 2517 512 2573 grano
537 2504 710 2560 multa
742 2503 888 2562 facit.
923 2505 990 2562 Et
1027 2507 1197 2578 (quod
1229 2509 1406 2579 majus
1435 2510 1539 2575 est)
1585 2510 1785 2564 emlum

205 2604 256 2650 et
279 2601 481 2650 terram
527 2596 595 2652 de
631 2597 803 2652 nihilo
845 2599 1069 2668 creavit,
1119 2615 1294 2670 eaque
1337 2602 1658 2656 mirabiliter
1691 2619 1788 2673 gu-

206 2687 411 2744 bernat.
443 2687 585 2760 Ergo
615 2689 743 2759 quia
775 2689 1026 2746 homines
1049 2690 1102 2744 in
1136 2691 1282 2746 aliud
1307 2692 1519 2758 intenti,
1547 2693 1790 2762 perdide-

205 2790 328 2834 runt
381 2781 878 2836 considerationem
909 2797 1134 2852 operum
1161 2781 1397 2850 Domini,
1433 2783 1484 2836 in
1513 2799 1622 2854 qua
1650 2799 1788 2854 quo-

208 2869 338 2926 tidie
365 2885 492 2926 eum
523 2871 831 2938 laudarent,
890 2871 1129 2928 servavit
1186 2872 1289 2928 sibi
1341 2871 1486 2929 Deus
1538 2874 1787 2944 quaedam

205 2962 464 3018 inusitata
506 2978 630 3033 quae
661 2963 883 3029 faceret,
925 2975 985 3019 ut
1011 2974 1274 3036 tanquam
1305 2965 1642 3022 dormientes
1684 2966 1788 3021 ho-

206 3056 382 3110 mines
409 3056 476 3110 ad
501 3071 560 3110 se
585 3056 876 3111 colendum
903 3057 1246 3113 mirabilibus
1265 3061 1545 3116 excitaret.
1573 3059 1784 3132 Aquam

206 3149 360 3203 vertit
389 3146 552 3204 Iesus
581 3148 635 3202 in
671 3149 882 3215 vinum,
909 3165 1034 3204 eum
1078 3149 1366 3219 insipidam
1397 3161 1635 3208 mentem
1668 3169 1790 3208 car-

207 3240 410 3295 nalium
458 3255 656 3310 sapore
701 3240 942 3296 scientiae
996 3241 1234 3296 ctelestis
1281 3241 1493 3298 imbuit.
1555 3244 1788 3300 Eramus

203 3333 346 3388 enim
377 3347 543 3403 aqua,
593 3332 646 3388 id
697 3341 782 3388 est
825 3331 1176 3401 insipientes,
1204 3341 1259 3386 et
1290 3332 1416 3388 fecit
1445 3348 1547 3389 nos
1577 3334 1788 3402 vinum,

207 3429 255 3483 id
282 3437 370 3484 est
411 3427 686 3498 sapientes
717 3425 879 3482 fidem
916 3425 1108 3497 ipsius.
1161 3424 1256 3482 Vel
1287 3441 1428 3496 aqua
1470 3427 1790 3498 intelligitur

207 3520 490 3576 scientiam
537 3518 812 3574 mundana
863 3520 1139 3576 auditores
1167 3535 1198 3574 a
1243 3518 1497 3574 sordibus
1539 3530 1790 3590 peccato-

205 3630 320 3668 rum
351 3629 513 3685 :quze
547 3621 679 3668 tunc
719 3614 1056 3668 convertitur
1083 3613 1138 3667 in
1186 3612 1396 3678 vinum,
1430 3617 1653 3682 quando
1687 3611 1790 3665 ali-

206 3710 326 3778 quis
351 3726 417 3764 ex
451 3716 566 3764 toto
597 3705 940 3762 obliviscitur
969 3705 1367 3778 praeteritorum
1400 3705 1692 3772 malorum,
1724 3719 1792 3758 ne

206 3801 258 3855 in
298 3817 363 3856 ca
411 3803 634 3870 incidat,
663 3813 718 3860 et
762 3801 952 3872 incipit
989 3800 1164 3855 calere
1195 3797 1248 3852 in
1280 3796 1374 3853 Dei
1410 3814 1617 3865 amore,
1651 3799 1792 3854 sicut

202 3893 386 3948 vinum
415 3895 692 3951 inebrians
732 3893 1030 3950 obliviosos
1075 3889 1206 3946 facit
1239 3898 1520 3961 potatores
1566 3898 1620 3944 et
1647 3892 1791 3946 cale-

205 3983 352 4040 facit.
380 3984 664 4040 Convertit
688 4001 860 4057 aquas
888 3982 1141 4039 Christus
1173 3984 1228 4038 in
1255 3983 1466 4047 vinum,
1497 3981 1626 4036 dum
1669 3997 1792 4051 quae

207 4076 444 4131 carnalia
497 4077 822 4132 videbantur
855 4075 909 4130 in
947 4075 1084 4142 lege,
1117 4072 1422 4144 spiritualia
1452 4073 1708 4141 ostendit,
1741 4081 1796 4128 et

208 4169 544 4237 superficiem
577 4168 768 4224 littera:
798 4175 1012 4239 plenam
1038 4167 1246 4225 caelesti
1279 4167 1480 4220 virtute
1505 4165 1674 4221 videri
1718 4165 1794 4220 f‘c-

211 4259 306 4314 cit.
345 4260 596 4316 Christus
619 4261 765 4317 enim
802 4262 854 4316 in
890 4260 1172 4334 prophetis
1207 4259 1438 4315 necdum
1477 4257 1793 4314 manifesta-

214 4358 304 4404 tus
333 4353 484 4422 quasi
513 4353 702 4406 vinum
733 4351 788 4406 in
817 4368 958 4423 aqua
1005 4351 1198 4418 latuit;
1231 4348 1324 4404 sed
1361 4364 1485 4404 cum
1515 4349 1796 4421 discipulis

211 4441 423 4510 aperuit
469 4458 691 4498 sensum
749 4452 807 4498 ut
856 4443 1220 4514 intelligerent
1262 4443 1575 4516 Scripturas
1639 4441 1792 4514 (Luc.

1879 585 2174 640 adhaerebit
2223 585 2379 640 uxori
2416 600 2556 652 suae,
2606 598 2658 641 et
2695 599 2860 644 erunt
2899 592 3009 647 duo
3046 592 3100 646 in
3153 608 3317 648 carne
3354 610 3460 648 una

1881 669 2032 742 (Ceu.
2067 673 2150 742 ιι).
2185 693 2204 725 ι
2235 671 2489 730 Christus
2511 676 2740 732 adhaesit
2762 677 3039 750 Ecclesiae,
3067 691 3126 738 ut
3149 693 3332 740 essent
3352 684 3466 740 duo

1882 765 1934 818 in
1960 782 2123 820 carne
2174 782 2302 836 una,
2340 775 2394 822 et
2445 766 2548 822 fuit
2572 769 2879 841 relinquere
2903 784 3112 845 patrem
3165 793 3274 831 non
3311 777 3364 830 in
3398 792 3465 834 ea

1882 855 2055 912 forma
2129 874 2390 928 apparere
2443 860 2760 917 hominibus
2822 864 2876 918 in
2939 883 3047 936 qua
3107 878 3191 924 est
3239 867 3467 938 aequalis

1881 947 2049 1002 Patri.
2091 947 2326 1018 Reliquit
2355 957 2584 1004 matrem
2615 951 2836 1020 quando
2862 954 2927 1009 de
2963 955 3246 1027 Synagoga
3284 968 3464 1014 trans-

1882 1040 1976 1095 ivit
2011 1039 2076 1094 ad
2109 1038 2430 1095 Eeclesiam.
2481 1039 2700 1096 Poterat
2738 1041 3002 1100 Dominus
3053 1047 3298 1118 vigilanti
3335 1049 3466 1104 Adae

1881 1140 2091 1187 costam
2123 1131 2241 1186 sine
2281 1132 2465 1186 dolore
2489 1133 2716 1188 evellere
2745 1134 2946 1204 (ibid.),
2975 1138 3068 1192 sed
3094 1140 3468 1207 proculdubio

1881 1222 2086 1278 Christi
2112 1223 2366 1279 dormitio
2397 1223 2449 1276 in
2480 1238 2642 1278 cruce
2675 1223 2727 1278 in
2745 1239 2812 1278 eo
2832 1222 3262 1298 significabatur,
3287 1229 3354 1284 de
3377 1249 3476 1287 cu-

1881 1315 1971 1385 jus
1997 1315 2164 1368 latere
2191 1323 2449 1383 tanquam
2473 1328 2674 1382 sponsa
2699 1313 2976 1370 ﬂuxerunt
3005 1327 3344 1378 sacramenta
3373 1317 3476 1373 Ec-

1885 1407 2084 1461 clesite.
2113 1405 2189 1460 De
2216 1405 2344 1458 vino
2395 1405 2626 1458 aliarum
2661 1405 2973 1474 hydriarum
3007 1407 3278 1466 bibamus.
3314 1409 3477 1466 Chri-

1885 1505 2004 1552 stus
2023 1498 2382 1568 liguratusest
2406 1495 2458 1549 in
2489 1492 2623 1548 Noe.
2640 1491 2773 1549 Nam
2792 1496 2912 1552 ideo
2934 1498 2990 1552 in
3005 1513 3131 1553 arca
3149 1500 3336 1555 omnia
3361 1501 3478 1555 ani—

1887 1588 2052 1644 malia
2082 1596 2213 1643 sunt
2235 1587 2444 1642 inclusa
2471 1583 2623 1656 (Cen.
2649 1588 2768 1656 vn),
2802 1595 2860 1642 ut
2885 1603 3076 1645 omnes
3101 1599 3290 1661 gentes
3317 1591 3482 1661 signi-

1887 1681 2184 1737 ficarentur
2217 1681 2489 1738 salvandae
2516 1699 2612 1754 per
2636 1682 2938 1738 Christum.
2967 1681 3084 1737 Non
3115 1684 3261 1738 enim
3293 1684 3478 1739 deerat

1891 1772 2002 1828 Deo
2059 1789 2250 1829 rursus
2299 1790 2528 1830 causare
2575 1788 2737 1829 omne
2783 1789 2954 1844 genus
2997 1774 3342 1838 animalium,
3379 1774 3474 1830 sed
3524 1780 3534 1790 '

1818 1856 1861 1910 Β
1887 1868 2010 1923 ideo
2033 1883 2127 1936 per
2153 1867 2361 1938 lignum
2390 1867 2595 1920 salvata
2622 1875 2769 1930 sunt,
2795 1867 2922 1930 quia
2945 1875 2998 1922 et
3025 1883 3124 1922 nos
3148 1884 3242 1938 per
3267 1868 3475 1939 lignum

1891 1960 2135 2015 salvandi
2165 1975 2404 2014 eramus.
2436 1957 2491 2012 In
2525 1958 2680 2012 tertia
2709 1954 2900 2027 hydria
2934 1959 3142 2014 audivit
3172 1959 3472 2015 Abranam.

1897 2070 1915 2102 ι
1956 2050 2008 2104 In
2041 2051 2248 2106 semine
2270 2059 2364 2106 tuo
2395 2049 2788 2105 benedicentur
2834 2064 3026 2105 omnes
3082 2061 3270 2122 gentes
3319 2051 3472 2124 (Gen.

1889 2142 2049 2213 χχιι).
2092 2162 2110 2194 ι
2149 2141 2286 2208 Quis
2323 2156 2432 2196 non
2479 2140 2624 2196 videt
2678 2139 2836 2210 cujus
2879 2140 3107 2212 figuram
3134 2141 3322 2196 habuit
3353 2143 3477 2198 uni-

1889 2251 1987 2292 cus
2013 2235 2132 2306 ejus
2159 2236 2304 2305 ligna
2340 2243 2566 2305 portans
2590 2235 2658 2290 ad
2683 2233 3036 2299 sacrificium,
3062 2249 3172 2304 quo
3194 2234 3479 2292 immolau-

1889 2329 1994 2384 dus
2014 2327 2316 2382 ducebatur
2337 2345 2350 2381 :
2367 2328 2602 2397 portavit
2619 2329 2764 2382 enim
2781 2325 3047 2380 Dominus
3059 2342 3276 2380 crucem
3295 2343 3480 2391 suam.

1889 2419 1946 2473 In
1977 2426 2173 2489 quarta
2197 2419 2386 2491 hydria
2409 2419 2541 2473 diett
2567 2417 2736 2472 David
2771 2457 2782 2468 .
2822 2435 2839 2466 ε
2880 2413 3073 2486 Surge,
3103 2413 3264 2482 Deus,
3291 2417 3480 2485 judica

1890 2522 2112 2568 terram.
2131 2510 2401 2578 Quoniam
2424 2521 2482 2566 tu
2506 2507 2852 2566 haereditabis
2875 2507 2926 2560 in
2953 2507 3208 2562 omnibus
3225 2509 3482 2579 gentibus

1893 2603 2064 2677 (Psal.
2093 2605 2303 2675 Lxxxt).
2336 2623 2355 2657 ι
2384 2603 2667 2674 Tanquam
2692 2605 2966 2660 diceretur
3002 2622 3013 2654 :
3046 2601 3476 2670 Dormistijndi-

1890 2707 2046 2754 catus
2063 2713 2092 2752 a
2122 2705 2286 2763 terra,
2313 2712 2474 2768 surge
2488 2705 2544 2751 ut
2569 2696 2782 2762 iudices
2795 2705 3018 2750 terram.
3037 2695 3094 2748 ln
3111 2695 3301 2765 quinta
3319 2702 3480 2749 a-tate

1889 2789 2024 2844 vidit
2040 2787 2225 2843 Daniel
2239 2787 2470 2858 lapidem
2490 2787 2777 2857 praecisum
2792 2788 2857 2846 de
2872 2797 3056 2842 monte
3071 2785 3482 2853 sinemanibus,

1889 2891 1943 2938 et
1978 2881 2204 2952 fregisse
2235 2863 2417 2934 omnia
2453 2895 2618 2950 regna
2648 2889 2938 2947 terrarum,
2973 2879 3296 2938 etcrevisse
3325 2878 3480 2935 illum

1891 2974 2146 3044 lapidem,
2179 2979 2232 3026 et
2264 2973 2466 3026 factum
2507 2987 2631 3026 esse
2688 2981 2925 3025 montem
2977 2987 3256 3044 magnum,
3304 2970 3376 3024 ita
3419 2978 3482 3023 ut

1892 3067 2141 3136 itnplt-rct
2175 3065 2486 3118 universam
2513 3061 2705 3117 faciem
2739 3071 2894 3118 terra:
2922 3063 3087 3134 (Dau.
3124 3069 3208 3132 ll).
3257 3060 3332 3116 De
3369 3077 3481 3130 quo

1893 3167 2076 3213 monte
2107 3155 2440 3226 przedicitur,
2495 3155 2601 3210 nisi
2637 3155 2703 3210 dc
2754 3170 2923 3226 regno
2968 3153 3303 3218 Judzeorum,
3337 3152 3482 3207 unde

1893 3247 2146 3304 Christus
2185 3245 2483 3303 secundum
2534 3259 2754 3299 carnem
2791 3254 2953 3322 natus
3002 3253 3104 3310 est,
3153 3243 3270 3298 sine
3316 3259 3482 3314 opere

1893 3341 2138 3395 humano
2169 3337 2389 3409 quando
2411 3337 2528 3393 sine
2564 3337 2818 3406 amplexu
2855 3337 3126 3391 maritali?
3162 3336 3242 3392 Ad
3271 3345 3482 3390 sextam

1891 3443 2104 3488 aetatem
2141 3431 2373 3502 pertinet
2416 3428 2656 3484 Joannes
2707 3427 2948 3498 Baptista
2993 3429 3221 3484 dicens:
3261 3424 3480 3481 «Nolite

1892 3526 2072 3580 dicere
2104 3546 2116 3578 :
2143 3523 2358 3578 Patrem
2386 3523 2651 3577 habemus
2680 3521 2976 3576 Abraham.
3011 3522 3208 3577 Potens
3231 3529 3312 3576 est
3332 3520 3488 3576 enim

1895 3617 2039 3671 Deus
2085 3618 2152 3671 de
2205 3615 2484 3685 lapidibus;
2534 3615 2654 3671 istis
2707 3615 2977 3670 suscitare
3043 3613 3185 3669 filios
3249 3612 3486 3668 Abraha:

1896 3705 2113 3776 (Matth.
2159 3705 2262 3774 Ill).
2291 3723 2310 3757 ι
2353 3702 2584 3774 Lapides
2641 3705 2828 3760 dicens
2875 3712 3064 3775 gentes
3108 3719 3216 3758 non
3265 3712 3499 3773 propter.

1895 3797 2230 3860 firmitatem,
2282 3795 2738 3851 sed'stoliditatis
2777 3795 3066 3862 duritiam;
3117 3795 3247 3850 dum
3284 3795 3488 3850 adora.

1897 3889 2028 3944 bant
2061 3888 2374 3951 simulacra,
2409 3887 2615 3940 similes
2650 3885 2774 3940 facti
2803 3895 2930 3940 sunt
2959 3887 3084 3942 illis.
3128 3885 3282 3941 Unde
3305 3885 3434 3940 illud
3470 3927 3484 3940 .

1901 4000 1918 4030 ι
1952 3979 2171 4034 Similes
2201 3979 2306 4032 illis
2335 3978 2464 4031 fiant
2497 3977 2588 4048 qui
2625 3977 2831 4032 faciunt
2870 3995 2954 4042 ea,
2989 3987 3042 4033 et
3073 3979 3167 4048 qui
3202 3977 3488 4032 confidunt

1897 4073 1950 4126 in
1975 4073 2056 4128 eis
2093 4071 2264 4144 (Psal.
2289 4069 2465 4140 cxm).
2499 4089 2518 4121 ι
2565 4067 2695 4123 Item
2723 4084 2817 4124 sex
2861 4070 3066 4141 hydria:
3093 4078 3222 4124 sunt
3246 4068 3484 4138 perfecta

1897 4165 2061 4220 corda
2087 4173 2424 4228 sanctorum,
2451 4161 2504 4215 in
2533 4159 2617 4214 his
2647 4158 2899 4214 aetatibus
2943 4157 3182 4228 receptui
3231 4155 3486 4226 Scriptu-

1899 4272 2083 4312 rarum
2108 4255 2203 4310 Dei
2228 4264 2438 4325 parata,
2471 4253 2525 4307 in
2553 4252 2861 4322 exemplum
2902 4249 3120 4306 videndi
3171 4258 3335 4320 atque
3365 4263 3486 4302 crc-

1897 4349 2058 4405 dcndi
2106 4349 2407 4419 proposita.
2449 4346 2514 4401 Et
2553 4357 2682 4403 sunt
2714 4346 2945 4418 lapidea,
2997 4343 3049 4398 id
3102 4351 3188 4398 est
3226 4340 3387 4396 fortia
3428 4340 3484 4393 ir-

1899 4443 2120 4497 Christo
2170 4441 2366 4512 lapide.
2422 4438 2734 4496 Secundum
2782 4423 3216 4510 purificationem
3269 4433 3490 4488 Iudaee»

213 4537 394 4602 xxiv),
433 4534 618 4589 vinum
652 4534 930 4590 inebrians
959 4535 1061 4590 fuit
1086 4536 1200 4606 ipse
1229 4529 1480 4592 Christus
1511 4536 1563 4589 in
1604 4535 1718 4606 lege
1742 4543 1795 4589 et
1827 4541 1870 4594 D
1899 4550 2021 4590 rum
2041 4534 2248 4589 dictum
2281 4541 2384 4603 est,
2431 4532 2560 4603 quia
2592 4531 2667 4586 illi
2691 4540 2902 4588 tantum
2932 4521 3132 4601 populo
3172 4527 3492 4582 Judteorum

210 4625 491 4693 prophetis
519 4625 920 4682 manifestatus.
945 4626 1034 4682 Illa
1060 4627 1224 4700 igitur
1247 4628 1552 4699 Scriptura,
1581 4627 1708 4680 dum
1737 4627 1791 4682 in

207 4730 286 4769 eo
313 4718 703 4787 sublevamine,
736 4719 789 4775 id
819 4730 903 4776 est
936 4721 1004 4776 ad
1040 4723 1408 4790 operationem
1439 4721 1634 4775 litterae
1668 4720 1796 4774 latet

206 4804 466 4865 Christus
495 4811 640 4880 sapit
677 4826 876 4881 aquam
930 4813 1242 4882 insipidam.
1275 4813 1412 4868 Cum
1452 4829 1580 4866 vero
1619 4812 1798 4866 aufert

205 4898 454 4955 velamen
475 4911 558 4957 est
587 4901 774 4956 vinum
808 4903 1104 4958 inebrians.
1137 4902 1240 4959 Sex
1264 4905 1467 4976 hydria:
1490 4919 1584 4959 sex
1611 4913 1799 4958 aetates

209 5000 354 5047 sunt
377 5011 495 5066 quae
529 4997 768 5052 inaniter
818 5004 1120 5062 currerent,
1178 4998 1283 5052 nisi
1335 4997 1590 5052 Christus
1618 4996 1670 5050 in
1718 4995 1798 5050 eis

207 5086 622 5150 pmdicaretur.
669 5085 850 5142 Prima
882 5097 1015 5142 aetas
1052 5096 1135 5142 est
1181 5088 1250 5141 ab
1293 5085 1464 5139 Adam
1516 5101 1688 5156 usque
1731 5085 1798 5139 ad

208 5170 365 5238 Noe;
396 5180 655 5246 secunda,
687 5194 862 5249 usque
892 5177 956 5234 ad
985 5179 1292 5242 Abraham;
1324 5177 1501 5242 tertia,
1535 5192 1710 5246 usque
1733 5177 1800 5232 ad

212 5261 422 5336 David;
445 5280 662 5341 quarta,
707 5286 881 5340 usque
911 5270 977 5324 ad
1012 5270 1576 5340 transmigrationcm;
1611 5271 1799 5339 quinta

203 5355 300 5410 ad
329 5357 584 5419 Joannem
621 5363 952 5433 Baptistam;
982 5372 1156 5428 sexta,
1191 5363 1314 5416 inde
1347 5378 1520 5433 usque
1547 5363 1612 5416 ad
1639 5362 1799 5417 finem

203 5453 425 5508 smculi.
453 5453 738 5524 Prophetia
763 5453 815 5507 in
834 5453 1062 5525 singulis
1097 5453 1368 5520 :etatibus,
1396 5454 1553 5523 quasi
1575 5454 1796 5524 hydrus.

201 5535 531 5599 Secundum
581 5545 817 5599 litteram
861 5559 1002 5614 aqua
1047 5542 1302 5612 insipida,
1335 5545 1612 5614 quomodo
1635 5546 1688 5599 in
1715 5545 1828 5598 vi--

193 5643 358 5686 num
380 5646 640 5704 mutetur,
673 5653 799 5692 cum
826 5635 892 5690 ad
915 5635 1192 5690 Christum
1223 5642 1276 5688 et
1306 5636 1371 5690 ad
1404 5653 1593 5693 omnes
1616 5647 1801 5708 gentes

186 5719 485 5786 “feratur
515 5733 818 5786 videamus.
857 5729 1127 5799 Quidquid
1163 5732 1498 5801 figurabatur
1545 5732 1596 5785 in
1629 5731 1798 5785 Adam

177 5811 284 5868 de
335 5817 574 5891 Ch'isto,
615 5825 688 5879 nil
733 5840 922 5878 omnes
961 5833 1147 5894 gentes
1199 5827 1520 5897 pertinebat,
1563 5833 1620 5878 ut
1671 5824 1798 5878 illud

1902 4629 1987 4684 lex
2015 4628 2139 4684 data
2185 4636 2288 4694 est,
2323 4627 2417 4683 sed
2441 4626 2612 4697 gratia
2641 4641 2735 4696 per
2760 4622 3039 4698 Christum
3064 4621 3316 4677 omnibus
3343 4617 3489 4674 facta

1901 4730 2002 4775 est.
2036 4719 2162 4775 ldeo
2183 4734 2290 4774 non
2313 4718 2516 4774 dictum
2541 4727 2624 4774 est
2649 4717 2925 4788 capientes
2955 4723 3212 4769 metretas
3260 4711 3378 4766 aliae
3404 4709 3478 4768 bi-

1903 4827 2024 4875 nas,
2059 4811 2178 4865 alite
2203 4817 2406 4876 ternas,
2443 4807 2536 4862 sed
2564 4806 2724 4862 binas
2750 4803 3068 4870 vel'ternas,
3095 4812 3156 4857 ut
3189 4803 3305 4873 ipse
3339 4801 3481 4858 dice-

1900 4912 1984 4959 ret
2011 4902 2166 4956 binas
2207 4915 2346 4970 quas
2395 4906 2598 4952 ternas.
2643 4895 2784 4951 Sunt
2823 4912 2951 4968 ergo
2977 4897 3098 4951 duae
3135 4911 3409 4951 mensurae
3432 4894 3487 4950 in

1904 4995 2222 5064 Scripturis,
2263 4994 2392 5048 dum
2424 4991 2589 5048 Pater
2605 5000 2658 5046 et
2689 4989 2858 5044 Filius
2890 4988 3267 5054 nominantur,
3291 4987 3385 5044 sed
3415 4987 3490 5042 ibi

1905 5087 2140 5158 Spiritus
2173 5087 2268 5156 qui
2300 5085 2480 5140 Patris
2520 5092 2605 5140 est
2647 5091 2702 5138 et
2728 5080 2851 5135 Filii
2883 5080 3222 5153 intelligitur,
3257 5089 3315 5135 ut
3366 5078 3439 5134 ibi
3470 5095 3504 5141 τ,

1911 5201 1927 5232 ε
1961 5179 2156 5234 Omnia
2199 5179 2254 5233 in
2303 5176 2568 5249 sapientia
2613 5172 2785 5245 (Psal.
2819 5175 2960 5245 cm),
2993 5169 3102 5228 »Μ
3133 5182 3217 5229 est
3253 5171 3306 5226 in
3348 5169 3489 5224 Filio

1904 5270 2099 5326 fecisti.
2145 5269 2280 5325 Tres
2323 5277 2565 5324 metretae
2592 5277 2740 5337 sunt,
2788 5269 2917 5324 dum
2966 5264 3250 5320 nominato
3279 5259 3484 5331 Spiritu

1905 5371 2096 5420 sancto
2156 5359 2397 5416 Trinitas
2447 5359 2792 5414 manifestius
2853 5357 3190 5426 intelligitur,
3241 5364 3300 5405 ut
3358 5349 3433 5404 ibi
3469 5368 3512 5403 :-

1911 5479 1927 5510 ‹
1967 5457 2242 5528 Baptizate
2271 5471 2366 5512 eos
2395 5455 2450 5510 in
2481 5455 2699 5509 nomine
2722 5452 2920 5518 Patris,
2941 5460 2988 5506 et
3011 5449 3224 5514 Filii,et
3247 5445 3486 5516 Spiritus

1905 5546 2076 5602 sancti
2103 5547 2119 5614 (
2130 5544 2321 5598 Matth.
2350 5543 2562 5611 xxvrlt).
2598 5561 2615 5591 ι
2660 5541 2830 5595 Aliter
2861 5539 3000 5594 bime
3030 5538 3110 5591 vel
3138 5543 3302 5590 ternae
3334 5549 3512 5616 mene

1905 5653 2047 5692 sur-ae
2098 5643 2226 5690 sunt
2279 5648 2468 5687 omnes
2524 5638 2711 5700 gentes
2757 5628 2822 5680 ad
2870 5644 3006 5697 quas
3047 5625 3314 5695 pertinent
3342 5623 3489 5676 Scri-

1907 5740 2095 5799 pturtc,
2123 5727 2261 5780 bime
2286 5734 2501 5794 propter
2529 5720 2873 5791 praeputium,
2911 5726 2963 5770 et
2990 5713 3494 5777 eireumeisioncm,

1907 5835 2071 5876 ternm
2119 5821 2244 5890 quia
2292 5835 2319 5872 a
2371 5817 2548 5871 tribus
2599 5813 2721 5866 ﬁliis
2777 5809 2884 5864 Nec
2935 5818 3058 5863 sunt
3097 5803 3516 5860 dissctninatat.‘
