4032 6396
116 6186 131 6251 Ρ

116 6256 125 6305 r

546 298 655 359 823
1656 292 1987 350 WERNERI
2026 295 2320 352 ABBATIS
2358 294 2419 351 S.
2462 292 2686 350 BLASll
3772 292 3836 350 Eii

540 417 705 488 jussu
779 411 995 467 Domini
1066 410 1301 482 impletae
1369 417 1497 464 sunt
1566 408 1806 480 hydriae,
1872 408 2144 480 significat
2171 413 2218 469 A
2245 418 2300 465 et
2321 408 2671 479 dispergitur.
2715 405 2901 460 Tertia
2950 411 3053 459 est
3092 402 3175 459 ab
3221 401 3636 458 adolescentia.
3666 402 3837 462 Primum

547 506 676 579 quia
706 503 985 574 Scriptura
1013 503 1083 558 ab
1111 519 1178 559 eo
1200 511 1301 558 est.
1343 500 1527 557 Potuit
1554 502 1774 572 quidem
1802 516 2005 557 vacuas
2026 501 2132 555 im-

546 599 699 670 plere
727 597 857 652 vino
881 596 975 668 qui
1004 605 1201 652 cuncta
1233 596 1438 652 creavit
1480 610 1547 650 ex
1594 594 1785 661 nihilo,
1818 594 1913 650 sed
1944 594 2137 649 maluit

548 688 619 745 de
642 703 785 760 aqua
811 687 997 742 vinum
1038 686 1238 755 facere,
1268 695 1328 743 ut
1361 687 1581 742 doceret
1611 700 1669 740 se
1692 702 1802 741 non
1829 686 2001 757 legem
2028 685 2138 741 sol-

546 795 697 848 vere,
729 780 825 836 sed
870 779 1188 851 adimplere,
1220 790 1276 836 et
1309 780 1365 834 in
1398 778 1691 850 Evangelia
1724 779 1814 833 illa
1841 778 2020 834 facere
2055 779 2138 833 vel

549 871 749 928 docere
793 871 1062 942 praedixit.
1104 870 1289 942 Usque
1316 870 1385 925 ad
1411 886 1688 925 summum
1724 871 2019 941 implentur
2040 870 2140 941 hy—

550 962 704 1027 driae,
737 962 867 1033 quia
902 962 1112 1016 nullum
1167 969 1384 1031 tempus
1429 960 1531 1016 fuit
1561 977 1592 1017 a
1637 961 1862 1017 salutari
1893 961 2141 1016 doctrina

549 1070 810 1111 vacuum.
842 1054 1268 1109 Architriclinus
1291 1054 1613 1124 intelligitur
1635 1054 1888 1125 princeps
1914 1055 1969 1108 in
1995 1055 2141 1124 peri-

498 1132 509 1145 ⁸
552 1145 628 1201 tia
651 1145 948 1218 Scriptura:
973 1146 1305 1202 continentis
1339 1146 1600 1201 historias
1646 1154 1701 1201 et
1734 1146 2072 1201 moralitates
2091 1155 2145 1201 et

551 1238 862 1309 allegorias.
906 1238 1045 1293 Dum
1085 1254 1214 1309 ergo
1260 1238 1351 1293 tali
1400 1237 1545 1292 velut
1584 1236 1902 1301 Nicodemo,
1948 1236 2146 1293 Gama-

526 1325 688 1392 'lieli,
710 1328 983 1400 discipulo
1005 1329 1125 1398 ejus
1149 1327 1318 1384 Saulo
1340 1327 1566 1382 verbum
1600 1327 1875 1400 Evangelii
1898 1326 2144 1395 offertur,

556 1419 745 1475 vinum
794 1420 863 1476 de
916 1436 1059 1491 aqua
1118 1420 1324 1476 factum
1375 1420 1749 1476 architriclino
1806 1421 2143 1491 propinatur.

554 1506 814 1566 Nonnulli
843 1528 941 1583 per
964 1529 1161 1583 aquam
1188 1513 1519 1583 baptismum
1548 1511 1796 1581 Joannis,
1836 1527 1932 1582 per
1959 1512 2147 1566 vinum

554 1601 869 1673 passionem
914 1602 1118 1658 Christi
1171 1602 1466 1672 accipiunt.
1506 1600 1659 1657 Unde
1682 1611 1735 1656 et
1764 1601 1951 1655 vinum
1996 1600 2149 1671 prius

2240 516 2338 571 per
2377 500 2765 557 cohibitionem
2809 496 3166 566 disciplina:
3198 494 3671 564 circumciditur;
3708 498 3835 555 ἀεΞὼ

2240 593 2524 664 praeceptis
2567 591 2923 656 informatur,
2970 597 3037 644 et
3075 588 3348 644 consilio
3402 589 3637 657 regitur.
3680 589 3835 657 Quarta,

2240 686 2294 741 id
2326 685 2685 756 estjuventus
2711 683 2921 739 servire
2965 681 3107 751 jam
3142 679 3388 752 cogitur
3419 688 3479 736 et
3507 681 3835 752 subjiciturre

2242 793 2446 849 gnum,
2494 785 2553 831 ut
2601 792 2696 846 per
2750 775 3028 830 timorem
3095 773 3373 829 hominis
3433 773 3676 829 divinum
3713 777 3833 832 distat

2242 867 2464 936 Quinta,
2496 868 2547 922 id
2571 876 2654 924 est
2682 867 2851 922 virilis
2890 875 3052 921 aetas
3096 874 3242 936 post
3276 865 3549 921 timorem
3583 866 3834 926 hominiset

2243 962 2488 1018 divinum
2515 961 2680 1015 venit.
2725 959 2908 1025 Sexta,
2949 959 3013 1014 id
3076 968 3180 1014 est
3234 968 3536 1024 senectus,
3576 962 3719 1030 quasi
3746 962 3833 1017 itan

2246 1051 2686 1122 concupiscentia
2739 1049 3081 1105 futurorum
3144 1048 3433 1103 trahitur.
3481 1048 3576 1105 Sic
3612 1050 3832 1107 humanum

2246 1162 2440 1218 genus,
2495 1146 2734 1216 primum
2785 1145 3004 1199 diluvio
3072 1145 3374 1199 obrutum
3413 1152 3525 1211 est,
3573 1144 3833 1198 secundoia

2248 1239 2608 1295 aedificatione
2642 1238 2812 1294 turris
2861 1238 3125 1305 elatum,
3177 1238 3241 1293 in
3284 1222 3571 1293 divisione
3598 1238 3829 1309 linguarum

2248 1332 2593 1402 dispersum,
2652 1331 2815 1386 tertio
2866 1330 2920 1383 in
2978 1330 3308 1385 Abraham
3382 1329 3767 1391 circumcisum,
3799 1331 3832 1383 in

2249 1421 2433 1493 Moyse
2463 1419 2746 1492 prmeeptis
2775 1418 3194 1485 informatum,
3233 1419 3349 1475 sub
3377 1418 3657 1489 judicibus
3670 1420 3829 1475 consilio

2251 1514 2651 1584 gubernatum,
2701 1522 2756 1566 et
2822 1520 3035 1581 quarto
3103 1513 3226 1567 sub
3278 1511 3517 1582 regibus
3577 1511 3826 1567 dominatori

2253 1604 2594 1674 subjectum,
2638 1603 2834 1673 quinto
2892 1603 3001 1658 sub
3060 1603 3462 1673 pontificibus
3511 1603 3730 1673 religioni
3762 1618 3824 1672 pa-

558 1691 734 1749 fertur
773 1694 1166 1762 architriclino,
1199 1694 1251 1749 id
1273 1703 1356 1750 est
1381 1694 1483 1765 ipsi
1504 1693 1724 1761 Joanni,
1750 1695 1842 1765 qui
1871 1702 1995 1749 ante
2017 1693 2152 1748 bibit
2184 1758 2219 1768 ﬁ
2254 1714 2399 1765 rens,
2455 1707 2610 1754 sexto
2663 1698 2767 1752 sub
2813 1698 2988 1768 gratia
3046 1711 3199 1752 vera
3232 1697 3501 1752 bonitate
3550 1698 3821 1753 illustratum.

556 1784 870 1854 passionem
891 1801 1054 1856 quam
1078 1758 1350 1841 Christus.
1390 1758 1834 1852 Architriclinds,
1860 1786 1910 1840 id
1935 1795 2018 1841 est
2041 1794 2149 1839 tres
2183 1758 2221 1815 Β
2252 1758 2491 1846 Ιεῑωέθκ
2524 1789 2729 1862 hydria:
2776 1758 2890 1844 sivve
2940 1788 2995 1843 in
3040 1789 3316 1844 decursu
3351 1789 3546 1845 saeculi
3592 1788 3817 1859 prasente,

559 1877 782 1934 ordines
804 1879 858 1933 in
881 1878 1089 1949 nuptiis
1126 1878 1609 1945 discumbentium,
1633 1878 1919 1933 altitudine
1945 1876 2150 1932 distan-

560 1982 644 2028 tes
673 1972 815 2028 inter
843 1987 922 2039 se,
952 1972 1242 2042 designant
1274 1982 1387 2029 tres
1419 1972 1640 2028 ordines
1669 1971 1906 2026 fidelium
1956 1972 2008 2025 in
2048 1970 2149 2026 Ec-

559 2063 726 2120 clesia
746 2082 759 2118 :
781 2064 1222 2135 conjugatorum,
1237 2064 1653 2132 continentium,
1673 2072 1726 2119 et
1748 2062 2053 2119 doctorum.
2085 2060 2150 2115 Et

559 2155 690 2228 quia
704 2156 991 2212 doctorum
1020 2165 1105 2212 est
1127 2157 1401 2213 veteribus
1416 2156 1699 2224 institutis,
1719 2157 1947 2229 gratiam
1972 2155 2148 2211 Evan-

559 2249 686 2321 gelii
737 2248 1016 2320 praeferre,
1056 2259 1253 2305 vocato
1305 2265 1509 2321 sponso
1551 2249 1686 2306 dixit
1742 2249 2153 2304 architriclinus

557 2340 767 2396 bonum
815 2341 1002 2397 vinum
1060 2341 1233 2398 fuisse
1264 2350 1560 2399 servatura.
1598 2341 1755 2409 Quod
1793 2354 1974 2398 autem
2013 2341 2150 2399 dici-

562 2441 672 2498 tur,
705 2448 817 2489 non
856 2433 1063 2491 sciebat
1087 2434 1233 2491 unde
1256 2443 1421 2503 esset,
1453 2434 1865 2507 intelligendum
1889 2443 1994 2501 est,
2020 2433 2148 2504 quia

560 2528 751 2585 multis
778 2527 834 2582 in
862 2529 978 2600 lege
1019 2529 1208 2599 peritis
1258 2528 1558 2585 secundum
1598 2529 1833 2583 litteram
1865 2527 2149 2582 nuntiave-

559 2626 694 2671 runt
732 2613 1090 2688 Evangelium
1138 2616 1394 2686 discipuli
1427 2616 1653 2683 Christi,
1704 2616 1798 2687 qui
1855 2617 2150 2672 hauserant

561 2720 784 2778 aquam,
819 2708 1116 2778 prudenter
1140 2708 1490 2779 intelligendo
1523 2717 1578 2764 et
1607 2709 1833 2765 fideliter
1856 2709 2149 2779 aperiendo

560 2805 799 2853 veterem
831 2796 1187 2869 Scripturam.
1228 2797 1423 2854 Omnis
1469 2799 1636 2854 homo
1681 2799 1914 2869 primum
1942 2798 2149 2853 bonum

559 2888 751 2946 vinum
778 2891 950 2961 ponit,
987 2891 1190 2948 dictum
1213 2899 1299 2948 est
1319 2890 1388 2945 ad
1414 2891 1648 2947 litteram
1674 2892 1971 2948 secundum
2005 2891 2148 2945 mul-

561 2991 744 3039 torum
767 2984 1239 3041 consuetudinem.
1277 2983 1521 3056 Mystice,
1553 2985 1739 3051 homo,
1770 2984 1823 3039 id
1846 2992 1930 3040 est
1955 2999 2149 3039 carna-

2254 1883 2370 1938 sive
2400 1884 2454 1937 in
2486 1882 2593 1936 vita
2622 1882 2880 1948 hominis,
2929 1895 3148 1936 omnes
3201 1882 3381 1952 aquis
3420 1881 3712 1952 implentur,
3737 1880 3817 1947 quia

2248 1975 2456 2046 judicio
2501 1975 2691 2045 plenus
2730 1983 2814 2030 est
2855 1970 3137 2029 mundus.
3185 1974 3424 2030 Jurlicia
3482 1983 3592 2037 tua,
3637 1971 3811 2032 Domine,

2253 2067 2484 2140 abyssus
2516 2067 2704 2121 multa.
2746 2065 2913 2120 Multa
2952 2076 3245 2135 operatus
3286 2076 3379 2123 est
3432 2065 3575 2120 Deus
3617 2063 3673 2115 ah
3711 2061 3813 2115 initio

2253 2158 2459 2223 saeculi,
2492 2167 2543 2212 et
2571 2159 2786 2227 eperari
2814 2174 2921 2211 neu
2947 2158 3174 2213 desiuit
3211 2175 3405 2230 usque
3443 2158 3498 2211 in
3543 2157 3683 2209 tinem
3717 2152 3805 2221 ejus

2251 2262 2305 2306 et
2326 2253 2469 2307 circa
2499 2251 2773 2305 hominem
2804 2268 2833 2305 a
2864 2251 3151 2324 principio
3178 2267 3374 2322 usque
3412 2250 3482 2305 ad
3536 2249 3678 2302 finem
3715 2246 3804 2313 ejus,

2250 2344 2503 2399 etomnia
2530 2343 2928 2413 haecjudicium
2955 2359 3118 2413 sunt,
3157 2356 3219 2401 et
3251 2345 3398 2399 nihil
3454 2344 3569 2399 sine
3588 2354 3722 2395 causa
3754 2339 3801 2389 tit.

2256 2437 2360 2493 Sed
2407 2437 2650 2507 quandiu
2699 2436 2879 2492 dicere
2929 2453 3043 2492 nou
3110 2447 3313 2510 potest
3373 2438 3577 2491 homo:
3612 2429 3799 2484 cJudEcia

2253 2540 2343 2586 tua
2364 2529 2602 2601 jucunda
2629 2528 2801 2599 (Psal.
2833 2531 3051 2601 cxvul),
3082 2552 3104 2584 ι
3140 2531 3410 2587 nondum
3445 2542 3580 2597 aqua
3603 2526 3649 2578 in
3672 2522 3799 2575 vinum

2251 2639 2514 2679 conversa
2565 2629 2666 2676 est.
2708 2620 3001 2678 Deficiente
3028 2632 3235 2678 vetere
3291 2622 3447 2686 vino,
3497 2616 3678 2690 hydria:
3700 2624 3796 2681 aqua

2252 2717 2566 2787 implentur,
2604 2713 2732 2784 quia
2765 2729 2890 2768 cum
2927 2714 2983 2769 in
3017 2715 3134 2769 vita
3183 2714 3441 2769 hominis
3485 2707 3701 2766 carnales
3733 2702 3796 2756 de-

2251 2806 2569 2862 lectationes
2622 2803 2900 2871 deﬁciunt,
2957 2805 3170 2862 divina:
3216 2803 3619 2861 consolationes
3657 2807 3790 2852 succc-

2250 2899 2404 2954 dunt.
2443 2896 2577 2966 Qum
2603 2897 2820 2967 quidem
2849 2896 3211 2954 initiantibus
3248 2896 3441 2952 minus
3479 2889 3668 2962 saporis
3700 2898 3789 2940 ron-

2252 2991 2452 3057 ferunt,
2486 2989 2897 3060 proficientibus
2922 2990 3170 3060 amplius
3198 2989 3545 3050 dulcescunt,
3573 2980 3678 3052 quia
3696 2986 3785 3031 tunc

559 3077 653 3144 lis,
683 3078 924 3136 deterius
962 3080 1150 3135 vinum
1180 3080 1316 3136 bibit
1368 3090 1492 3150 post
1525 3080 1752 3148 bonum,
1798 3081 1851 3136 id
1892 3090 1975 3137 est
2022 3096 2147 3135 cum
2177 3099 2219 3158 (ς
2254 3098 2409 3154 aquae
2431 3083 2484 3136 in
2515 3083 2701 3137 vinum
2744 3089 3171 3148 convertuntur,
3204 3080 3441 3153 quando
3478 3077 3529 3131 in
3552 3067 3781 3128 mentcbo-

562 3172 784 3230 animus
808 3172 877 3228 ad
904 3171 1043 3229 falsa
1073 3172 1372 3230 descendit.
1417 3173 1520 3228 Sed
1558 3173 1857 3244 spiritualis
1905 3173 2147 3245 quotidie

561 3268 625 3322 in
652 3266 852 3323 visibili
878 3267 1008 3322 vino
1037 3267 1182 3337 quod
1214 3267 1367 3338 prius
1394 3267 1554 3321 latuit
1603 3268 1657 3322 in
1694 3267 2014 3338 Scripturis,
2063 3267 2149 3322 in—

561 3357 871 3415 ebriaturet
886 3357 1120 3429 prolicit.
1138 3356 1409 3414 Maximus
1429 3361 1719 3431 episcopus
1740 3359 1793 3413 in
1813 3373 2066 3415 sermone
2082 3358 2149 3413 de

560 3448 868 3522 Epiphania
911 3452 1006 3523 qui
1057 3452 1132 3507 ita
1184 3450 1415 3521 incipit:
1461 3450 1779 3522 «Completa
1818 3450 1997 3517 nobis,
2039 3447 2145 3504 fra-

563 3552 705 3610 tres,
732 3542 908 3598 ditit:
945 3541 1098 3599 Sicut
1145 3542 1447 3612 posteritati
1499 3558 1615 3599 suae
1650 3542 1825 3598 fidelis
1874 3541 2150 3596 mandavit

561 3631 887 3702 antiquitas,
916 3632 1078 3688 hodie
1104 3632 1356 3687 Salvator
1381 3642 1465 3688 est
1497 3648 1528 3687 a
1568 3632 1839 3688 Chaldaeis
1863 3633 2144 3688 adoratus.

560 3723 738 3781 Hodie
785 3724 988 3781 fluenta
1039 3724 1298 3781 Jordanis
1341 3726 1717 3782 benedictione
1736 3725 1941 3796 proprii
1970 3725 2148 3796 bapti»

559 3817 759 3874 amatis
778 3817 1142 3874 consecravit.
1168 3815 1339 3874 Hodie
1361 3818 1621 3875 invitatus
1647 3819 1714 3873 ad
1739 3819 1958 3890 nuptias
1977 3834 2151 3889 aquas

558 3909 722 3965 vertit
752 3910 809 3965 in
839 3909 1049 3966 vinum.

843 3999 1009 4055 ΙΤΕΜ
1047 4000 1139 4055 DE
1174 3999 1409 4057 EODEM
1451 4000 1861 4058 EVANCELIO.

637 4114 657 4147 ι
693 4094 915 4166 implete
960 4093 1181 4167 hydrias
1224 4113 1367 4169 aqua
1410 4095 1593 4165 (Joan.
1635 4098 1715 4167 ιι).
1749 4115 1768 4148 ›
1812 4095 2034 4152 Galilaea
2064 4097 2148 4150 in-

558 4196 893 4259 terpretatur
927 4190 1351 4259 transmigratio.
1395 4187 1517 4243 Vita
1559 4204 1692 4261 ergo
1726 4205 1965 4259 praesens
2001 4188 2150 4245 Gali-

558 4281 661 4336 lea
703 4287 790 4336 est
828 4281 1228 4352 transmigrans
1265 4281 1333 4336 de
1374 4281 1733 4349 praesentibus
1757 4282 1822 4336 ad
1855 4280 2057 4337 futura.
2088 4279 2147 4335 In

559 4372 782 4430 Galilaa
816 4372 1021 4443 nuptize
1033 4371 1192 4436 fiunt,
1215 4371 1345 4440 quia
1374 4371 1430 4424 in
1461 4373 1694 4427 transitu
1726 4374 1987 4444 temporis
2014 4389 2145 4429 san-

559 4464 833 4521 ctificatur
887 4463 1083 4534 copula
1117 4477 1490 4531 permansura:
1529 4464 1838 4521 dilectionis
1892 4466 2147 4523 Ecclesiae
2178 4448 2222 4502 D

560 4554 631 4611 ad
667 4553 975 4621 Christum,
1001 4553 1200 4608 animm
1222 4553 1290 4608 ad
1312 4551 1504 4608 Deum.
1539 4553 1646 4610 Sex
1668 4555 1874 4626 hydria).
1903 4568 2028 4611 sunt
2052 4573 2146 4612 sex

560 4654 749 4703 aetates
776 4646 835 4703 in
863 4645 1091 4702 mundo.
1132 4643 1318 4700 Prima
1356 4645 1425 4701 ab
1456 4645 1628 4702 Adam
1672 4662 1848 4717 usque
1894 4648 1959 4703 ad
2002 4647 2144 4715 Noe;

561 4739 823 4807 secunda,
844 4754 877 4795 a
902 4736 1017 4794 Noe
1038 4736 1307 4808 usquead
1337 4736 1644 4807 Abraham;
1672 4739 1849 4807 tertia,
1877 4740 1947 4795 ab
1976 4741 2148 4796 Abra-

560 4827 691 4882 ham
740 4846 915 4901 usque
950 4831 1018 4887 ad
1044 4829 1247 4895 David;
1278 4838 1495 4901 quarta,
1539 4847 1571 4888 a
1627 4831 1797 4888 David
1855 4849 2029 4904 usque
2080 4834 2144 4888 ad

560 4919 1099 4989 transmigrationem
1127 4922 1456 4997 Babylonis;
1500 4924 1710 4996 quinta,
1739 4940 1768 4979 a
1794 4923 2146 4992 transmigra-

561 5011 711 5067 tione
734 5011 1026 5082 Babylonis
1054 5031 1231 5087 usque
1255 5017 1325 5073 ad
1357 5015 1637 5074 Christum
1664 5036 1679 5084 ;
1721 5026 1894 5083 sexta,
1934 5033 1965 5072 a
1985 5014 2147 5071 Chri-

562 5110 651 5159 sto
679 5116 856 5173 usque
890 5103 959 5158 ad
998 5105 1161 5161 finem
1209 5107 1414 5165 saeculi.
1452 5107 1511 5162 lu
1541 5109 1651 5162 vita
1698 5107 1937 5164 hominis
1970 5107 2145 5179 prima

562 5192 812 5261 infantia,
834 5194 1071 5250 secunda
1092 5199 1344 5265 pueritia,
1372 5205 1445 5253 ter
1457 5199 1531 5253 tia
1554 5199 1939 5266 adolescentia,
1953 5208 2147 5271 quarta

557 5285 840 5358 juventus,
872 5284 1062 5356 quinta
1088 5284 1260 5342 virilis
1279 5296 1434 5354 aetas,
1458 5298 1609 5346 sexta
1640 5299 1914 5347 senectus.
1939 5290 2144 5358 Prima,

561 5379 620 5436 id
641 5388 728 5435 est
749 5377 998 5443 infantia,
1031 5377 1192 5449 quasi
1219 5381 1459 5450 quodam
1509 5380 1715 5438 diluvio
1763 5383 1972 5440 lubrice
2008 5384 2148 5440 obli-

560 5465 745 5524 vionis
780 5468 1053 5536 obruitur,
1096 5478 1157 5524 ut
1202 5483 1312 5525 non
1355 5469 1604 5527 videatur
1625 5473 1680 5527 in
1711 5482 2015 5543 posterum,
2048 5490 2147 5531 nec

559 5558 789 5630 vestigia
818 5559 905 5614 sui
926 5560 1033 5615 ulla
1057 5561 1347 5631 relinquat.
1393 5559 1664 5629 Secunda,
1701 5564 1755 5619 id
1779 5576 1861 5622 est
1888 5565 2152 5636 pueritia,

559 5651 801 5722 primum
831 5669 861 5708 a
892 5654 1100 5710 diluvio
1127 5655 1419 5713 oblivionis
1447 5656 1516 5713 ad
1555 5674 1776 5715 sensum
1807 5662 2016 5728 exiens,
2052 5676 2147 5730 per

561 5744 872 5816 superbiam
898 5747 1213 5820 erigitur,ct
1232 5764 1329 5820 per
1352 5750 1859 5823 concupiscent‘am
1883 5752 2144 5810 dividitur

2248 3175 2413 3230 minis
2441 3188 2579 3244 opus
2600 3172 2695 3229 Dei
2726 3174 2874 3244 quod
2910 3174 3198 3229 laboranti
3231 3173 3475 3244 primum
3519 3182 3613 3222 non
3635 3158 3775 3258 sapuit.

2248 3282 2345 3338 per
2375 3266 2716 3337 spiritualem
2755 3265 3183 3336 intelligentiam
3232 3264 3543 3320 illuminato
3569 3255 3781 3312 dulcescit.

2247 3356 2380 3414 ltem
2425 3373 2521 3414 sex
2550 3358 2757 3430 hydria:
2790 3372 2885 3414 sex
2915 3365 3103 3413 aztates
3154 3357 3381 3423 mundi,
3417 3368 3552 3424 aqua
3581 3349 3626 3403 in
3647 3345 3776 3397 vinum

2248 3466 2530 3517 conversa,
2562 3465 2728 3520 opera
2765 3450 3008 3520 priorum
3048 3450 3102 3504 in
3134 3453 3324 3522 ﬁgura
3381 3439 3777 3518 spiritualiumﬁe'

2249 3550 2353 3599 sta.
2396 3540 2452 3594 In
2482 3541 2658 3611 prima
2706 3549 2864 3596 aetate
2890 3542 3025 3599 Abel
3054 3557 3275 3613 agnum
3311 3540 3424 3595 Deo
3447 3533 3637 3595 obtulit,
3660 3534 3768 3613 queui

2250 3633 2416 3688 frater
2442 3610 2576 3689 suus
2595 3632 2729 3688 Cain
2755 3633 2975 3701 occidit,
2999 3610 3206 3703 etpost
3236 3634 3358 3689 haec
3388 3626 3626 3684 Dominus
3641 3610 3768 3672 Enodl

2250 3724 2305 3779 in
2335 3725 2532 3779 cmlum
2567 3724 2864 3779 transtulit.
2912 3723 2989 3780 De
3020 3724 3124 3780 hac
3171 3725 3371 3798 hydria
3413 3732 3576 3789 aquae,
3607 3707 3763 3806 verbum

2251 3816 2347 3873 Dei
2375 3816 2687 3872 sitientibus
2716 3817 2905 3871 vinum
2958 3816 3243 3886 hauritur,
3286 3819 3418 3873 dum
3472 3812 3569 3866 hoc
3605 3806 3765 3871 mis"cc

2249 3909 2508 3980 aperitur.
2557 3907 2689 3962 Abel
2724 3908 2818 3978 qui
2846 3924 3046 3980 agnum
3097 3907 3454 3969 sacrificavit,
3483 3909 3558 3957 est
3582 3891 3759 3987 Christh

2248 3997 2343 4067 qui
2400 4012 2599 4066 corpus
2631 4013 2791 4053 suum
2840 4013 2936 4068 pro
2979 4000 3137 4056 nobis
3174 4001 3294 4056 Deo
3323 3996 3468 4053 Patri
3512 3983 3756 4047 immolavit

2249 4088 2383 4143 Abel
2437 4105 2467 4143 a
2512 4087 2680 4144 fratre
2727 4092 3013 4162 occiditur,
3044 4102 3098 4149 et
3122 4093 3384 4149 Christus
3420 4105 3448 4143 a
3488 4079 3758 4139 Judaicopo'

2249 4184 2378 4254 pulo
2411 4183 2763 4240 interimitur.
2808 4186 2995 4243 Enoch
3029 4188 3099 4243 de
3137 4197 3287 4244 terra
3328 4184 3547 4256 rapitur,
3577 4162 3753 4231 διαπί-

2249 4284 2368 4331 stus
2401 4284 2526 4346 post
2554 4276 2866 4346 passionem
2910 4278 2964 4332 in
3011 4280 3213 4335 caelum
3258 4275 3583 4336 transfertur.
3626 4263 3751 4317 lusc-

2250 4369 2427 4423 cunda
2462 4377 2618 4424 aetate
2651 4366 2764 4424 Noe
2797 4370 3054 4439 plantans
3110 4372 3326 4428 vineam
3360 4370 3480 4425 vino
3508 4355 3751 4419 inebriatur.

2250 4461 2531 4518 dormiens
2557 4460 2889 4529 denudatus,
2921 4478 2952 4518 a
2981 4462 3094 4519 ﬁlio
3142 4466 3526 4523 subsannatur,
3552 4469 3577 4507 a
3598 4441 3747 4541 duelli.“

2251 4564 2397 4610 veste
2454 4555 2685 4610 velatur.
2742 4553 3018 4626 Evigilans
3074 4570 3208 4611 vero
3264 4554 3529 4611 irrisorcm
3589 4538 3746 4628 εθνίξίξυ

2249 4646 2471 4713 addicit,
2508 4648 2745 4718 reliquos
2781 4623 3107 4719 ad‘glo'riam
3148 4646 3434 4705 benedicit.
3482 4638 3591 4695 Ηεο
3612 4623 3743 4719 bl?!”

2249 4750 2407 4806 aqua;
2434 4708 2791 4806 convertitur,
2833 4708 2959 4794 cum
3005 4739 3102 4794 tali
3133 4741 3297 4795 modo
3329 4729 3629 4818 intelligi'm'f

2249 4828 2343 4897 (Ιυί
2395 4828 2608 4885 vineam
2654 4832 2937 4902 plantavit,
2983 4840 3072 4888 est
3117 4831 3370 4889 Christus
3405 4825 3493 4898 (ιυί
3518 4814 3740 4902 Ecclesiaut

2249 4918 2517 4987 fundavit,
2554 4921 2647 4991 Qui
2678 4922 2875 4993 poculo
2905 4938 3107 4978 amarae
3127 4921 3397 4995 pasSionis
3417 4895 3735 4995 inebriatur,ci

2249 5029 2279 5068 a
2306 5013 2511 5083 perfido
2541 4988 2740 5086 populo
2794 5017 2991 5073 irrisus
3035 4988 3382 5089 deturpatur,
3423 5007 3508 5067 sed
3532 5018 3557 5057 a
3580 4988 3735 5053 (Ιιιοιιυε

2248 5104 2480 5172 velatur,
2513 5106 2565 5161 id
2590 5114 2674 5162 est
2698 5108 2765 5162 ab
2793 5106 3035 5166 Hebraeis
3066 5120 3120 5166 et
3160 5107 3403 5181 gentibus
3428 5093 3634 5156 fidelibus
3653 5089 3726 5181 ll'f'

2248 5198 2437 5268 pitudo
2462 5199 2733 5269 passionis
2760 5201 2880 5271 ejus
2914 5178 3223 5258 veneratur.
3257 5200 3357 5269 Qui
3386 5212 3415 5252 a
3441 5196 3605 5249 somno
3629 5178 3730 5271 ωοξ*

2248 5292 2321 5346 tis
2348 5292 2633 5362 evigilans,
2678 5293 2958 5349 irrisorem
2986 5295 3248 5366 populum
3273 5288 3527 5350 Judaicum
3544 5264 3722 5366 timui"

2249 5385 2664 5442 sehonorantes
2708 5387 2777 5442 ad
2818 5348 3237 5443 vitam‘eaialtat.
3285 5386 3340 5440 In
3362 5376 3502 5438 tertia
3523 5348 3721 5426 male”

2247 5478 2380 5548 seph
2402 5479 2474 5534 ob
2498 5478 2756 5535 invidiam
2783 5494 2813 5533 a
2838 5477 3097 5536 fratribus
3128 5479 3395 5542 venditur,
3410 5487 3436 5526 a
3454 5448 3717 5548 domi"???

2247 5539 2325 5626 ob.
2341 5571 2647 5627 castitatem
2679 5570 3081 5637 incriminatur,
3116 5572 3170 5627 in
3200 5577 3454 5628 carcerem
3478 5539 3717 5637 rem"???

2247 5623 2315 5718 δὲ
2342 5623 2559 5719 an...
2570 5623 2837 5730 ius...
2845 5623 2992 5718 1...;
3005 5623 3281 5736 ’ὶὲέῇῖρὶεἶ
3302 5623 3594 5736 praponiuu':
3626 5623 3714 5736 {If

2246 5757 2437 5832 hydria
2490 5772 2645 5829 aquae
2694 5757 2881 5814 suavis
2918 5723 3220 5817 rcticitvnos
3251 5723 3429 5830 sa-poré
3452 5738 3543 5801 villi
3566 5723 3713 5788 dW
