4032 6396
223 372 347 426 8Ξῖ

1182 370 1755 432 DEFLORATIONES
1792 374 1890 432 SS.
1934 372 2245 434 PATRUM.
2281 409 2349 419 —
2388 376 2519 434 LIB.
2560 377 2600 433 l.

3403 384 3508 441 δῖ’-ϐ

224 483 338 537 ris.
365 481 565 555 Jcseph
584 486 677 556 qui
709 500 739 542 a
770 485 1031 548 fratribus
1055 489 1382 547 distrahitur
1420 500 1506 549 est
1548 491 1820 561 Christus,
1853 504 1897 560 Α
1927 513 2050 553 cum
2093 495 2321 569 captivis
2366 496 2676 562 revertitur,
2719 504 2804 551 est
2841 494 3000 553 Jcsus
3039 498 3293 556 Christus
3343 518 3509 562 verus

224 578 334 648 qui
362 596 392 633 a
421 579 691 650 discipulo
731 579 949 639 Jttdzeis’
975 585 1225 653 traditur,
1258 589 1351 657 qui
1380 603 1410 641 a
1444 586 1729 660 Synagoga
1766 599 1826 644 ut

227 671 333 726 ille
362 685 393 726 a
422 670 643 727 domina
673 689 801 730 reus
832 686 1143 745 accusatur,
1176 679 1299 734 neci
1337 679 1627 736 damnatus
1651 682 1828 752 sepul-

227 778 337 819 cro
385 764 678 832 clauditur,
731 766 798 822 de
838 768 1100 824 barathro
1148 769 1364 825 rediens
1399 771 1656 826 universo
1705 772 1825 827 orbi

227 853 597 923 principator.
643 854 701 911 ln
730 867 923 928 quarta
947 869 1106 915 relate
1142 859 1311 915 David
1337 861 1548 917 Goliam
1577 878 1826 933 pugnans

230 954 482 1015 supcrat,
509 956 563 1002 et
596 948 1143 1022 Salomon'tcmplum
1170 951 1560 1026 Hierosolymis
1593 970 1656 1009 ex
1691 971 1828 1011 auro

230 1046 293 1095 et
317 1048 547 1111 gemmis
574 1044 823 1099 aediﬁcat.
858 1043 933 1100 De
965 1045 1129 1116 hujus
1157 1045 1364 1119 hydria:
1395 1063 1536 1117 aqua
1562 1048 1719 1103 dulte
1745 1048 1827 1102 vi-

232 1148 374 1188 num
409 1132 632 1196 bibitur,
665 1135 794 1189 dum
825 1136 917 1190 tali
947 1138 1108 1193 modo
1140 1140 1427 1210 accipitur.
1460 1138 1645 1194 Golias
1673 1154 1704 1194 a
1732 1138 1829 1194 Da-

231 1221 331 1275 vid
363 1223 644 1289 sternitur,
689 1233 741 1278 et
771 1225 1024 1281 diabolus
1045 1243 1076 1281 a
1104 1226 1324 1284 Christo
1352 1228 1407 1282 in
1439 1243 1603 1283 cruce
1654 1229 1829 1283 vinei-

236 1318 352 1365 tur.
385 1310 669 1382 Templum
695 1313 748 1367 in
782 1312 1121 1370 Hierusalem
1172 1332 1203 1371 a
1251 1318 1542 1372 Salomone
1586 1334 1722 1373 auro
1774 1327 1828 1373 ct

235 1403 474 1471 gemmis
501 1406 859 1471 construitur,
885 1409 1014 1477 quia
1042 1407 1283 1464 Ecclesia
1307 1425 1431 1480 qua:
1454 1419 1538 1465 est
1566 1411 1825 1481 templum

235 1493 340 1549 Dei
370 1510 400 1550 a
433 1494 656 1552 Christo
703 1497 756 1552 in
807 1499 961 1554 cmlis
1010 1516 1077 1555 ex
1120 1499 1373 1570 perfectis
1426 1501 1718 1572 colligitur.
1768 1500 1825 1556 ln

236 1586 432 1656 quinta
462 1595 621 1642 aetate
651 1587 813 1645 Jesus
856 1592 1109 1647 sacerdos
1135 1608 1258 1647 cum
1287 1592 1517 1662 captivis
1559 1592 1626 1647 de
1652 1591 1830 1665 Baby-

237 1676 368 1732 lone
401 1688 626 1745 remeat,
660 1687 715 1735 et
743 1681 959 1736 ruinam
1012 1682 1197 1753 templi
1240 1683 1294 1738 in
1325 1682 1717 1755 Hierosolymis
1743 1698 1829 1737 re-

237 1768 496 1824 zcdiﬁcat.
526 1768 652 1826 Haec
683 1769 881 1843 llydria
918 1787 1074 1842 aquae
1117 1789 1217 1829 nos
1256 1775 1384 1828 vino
1413 1773 1666 1839 inebriat,
1694 1772 1825 1827 dum

239 1859 362 1919 base
389 1863 704 1933 spiritaliter
724 1874 873 1937 gesta
902 1864 1164 1921 insinuat.
1200 1864 1360 1922 Jesus
1385 1865 1532 1938 quia
1555 1863 1827 1938 Babylone

1924 590 2200 655 sacerdos,
2239 587 2354 659 qui,
2378 587 2447 642 ab
2474 585 2689 642 inferno
2717 587 3086 656 captivitatem
3115 591 3405 660 reducens,
3437 595 3507 650 ad

1925 680 2124 735 caelum
2150 678 2473 750 regreditur.
2508 675 2685 733 Ruina
2716 678 2901 748 templi
2927 679 2997 735 ab
3016 678 3145 737 .leso
3172 681 3226 737 in
3254 681 3512 741 Hieroso-

1924 771 2085 842 lymis
2122 779 2424 840 reparatur,
2455 779 2509 825 et
2535 770 2692 824 ruina
2727 771 2985 842 angelicae.
3007 774 3175 831 curia:
3199 791 3294 846 per
3318 774 3508 833 Jesom

1924 860 2206 917 Christum
2236 870 2593 918 restaurator.
2635 860 2690 915 In
2716 872 2867 917 sexta
2891 872 3050 919 aetate
3069 866 3249 923 omnis
3275 869 3511 939 pepnlos

1925 953 1990 1007 ad
2026 951 2212 1009 Jesum
2240 953 2406 1018 venit,
2440 962 2494 1007 et
2521 953 2636 1024 ipse
2660 968 2756 1009 eos
2785 969 2925 1025 aqua
2949 954 3195 1021 abluens,
3236 956 3420 1014 ﬁdeles
3441 959 3511 1013 ab

1926 1042 2236 1099 inﬁdelibus
2288 1044 2543 1100 secernit.
2578 1041 2752 1113 Hujus
2789 1044 2952 1098 etiam
3002 1045 3206 1116 hydriae
3234 1062 3390 1118 aquae
3419 1063 3511 1103 sa-

1927 1150 2112 1204 porem
2143 1135 2302 1191 vertit
2331 1135 2490 1190 nobis
2516 1133 2774 1190 Christus
2805 1136 2861 1188 in
2888 1134 2998 1190 vini
3052 1136 3351 1193 dulcorem.
3376 1139 3515 1194 Alti-

1928 1227 2058 1281 tudo
2094 1226 2277 1296 populi
2323 1227 2389 1281 ad
2431 1225 2718 1288 Joannem,
2748 1234 2803 1280 et
2824 1239 2921 1281 eos
2948 1227 3002 1281 in
3024 1226 3247 1284 ﬂumine
3272 1239 3511 1300 separat,

1926 1319 2055 1390 quia
2089 1319 2271 1375 omnis
2307 1320 2541 1390 populus
2580 1319 2649 1374 ad
2695 1318 2999 1385 Christum,
3046 1320 3100 1375 iu
3133 1320 3341 1377 ultimis
3373 1337 3512 1377 con-

1927 1418 2201 1482 gregatur,
2250 1420 2305 1466 et
2346 1409 2416 1465 ab
2448 1426 2516 1466 eo
2549 1424 2648 1481 per
2684 1410 2903 1482 igneum
2946 1410 3171 1466 ﬂuvium
3222 1411 3395 1467 ﬁdelis
3443 1409 3515 1467 ab

1928 1501 2129 1557 inlideli
2171 1511 2501 1574 scgregatur.
2543 1500 2719 1567 Hune,
2767 1502 3097 1571 charissimi,
3138 1502 3346 1559 debetis
3389 1501 3519 1558 dili—

1928 1609 2055 1665 gere
2083 1602 2197 1650 toto
2223 1594 2415 1652 aﬁ'ectu
2454 1597 2653 1653 mentis
2691 1596 2786 1669 qui
2824 1605 3038 1652 vestras
3065 1596 3277 1653 animas
3305 1605 3518 1653 recreat

1930 1682 2128 1739 talibus
2155 1685 2534 1751 sacramentis,
2566 1685 2660 1756 qui
2692 1701 2788 1742 vos
2815 1685 2882 1742 ad
2908 1685 3127 1757 nuptias
3156 1700 3286 1742 suas
3320 1686 3518 1741 invita-

1931 1773 2010 1828 vit
2057 1783 2112 1829 et
2150 1776 2279 1831 vino
2327 1785 2543 1832 aeternae
2575 1776 2883 1834 dulcedinis
2914 1776 3244 1849 quandoque
3272 1775 3516 1832 inebria—

1935 1864 2035 1921 bit.

1329 2119 1931 2214 DOMINICA
1998 2121 2441 2212 TERTIA

1482 2312 1852 2376 Secundum
1880 2312 2250 2376 Matthaaum

323 2494 343 2529 ι
377 2473 516 2532 Cum
548 2473 914 2531 descendisset
937 2472 1098 2531 Jesus
1129 2473 1198 2530 de
1228 2483 1436 2543 monte,
1474 2484 1678 2532 secutae
1703 2483 1835 2531 sunt
1861 2482 1905 2538 B
1935 2476 2042 2531 bat.
2072 2475 2238 2532 Docet
2260 2475 2527 2533 Dominus
2558 2490 2667 2533 non
2694 2490 2819 2533 esse
2841 2475 3113 2548 vulganda
3143 2484 3333 2533 nostra
3354 2477 3521 2533 bene«

246 2567 421 2624 turbae
468 2566 669 2622 multae.
717 2564 783 2622 Et
827 2580 955 2622 ecce
1001 2564 1253 2636 leprosos
1296 2567 1524 2623 veniens
1572 2566 1835 2623 adorabat

245 2674 394 2727 eum,
423 2658 611 2715 dicens
643 2677 656 2713 :
686 2657 936 2725 Domine,
985 2659 1033 2716 si
1083 2659 1187 2727 vis,
1215 2667 1371 2730 potes
1427 2674 1515 2714 me
1567 2658 1835 2714 mundare

249 2750 465 2821 (Matth.
497 2752 637 2822 vnt).
669 2769 688 2802 ι
723 2750 889 2808 Recte
909 2762 1035 2824 post
1057 2753 1362 2809 doctrinam
1388 2752 1523 2808 ﬁunt
1544 2752 1835 2820 miracula,

247 2850 308 2898 ut
337 2857 434 2912 per
464 2842 720 2897 virtutem
774 2858 958 2899 sermo
985 2843 1315 2899 ﬁrmaretur.
1365 2842 1579 2914 (ΒευΑ.)
1628 2841 1829 2912 Lepro-

248 2949 363 3000 sus,
405 2933 706 2989 secundum
733 2933 977 3004 Marcum
1015 2952 1155 3007 genu
1198 2936 1420 2992 ﬂectens
1455 2934 1649 3008 (Marc.
1677 2935 1741 3005 ι),
1775 2943 1836 2991 ut

248 3024 425 3082 Lucas
446 3025 553 3080 ait:
593 3045 614 3078 ι
639 3024 694 3080 in
720 3025 912 3082 faciem
939 3027 1173 3098 procidit
1198 3026 1349 3097 (Luc.
1386 3028 1462 3097 ν),
1496 3046 1517 3080 ι
1551 3026 1698 3098 quod
1737 3027 1838 3082 bu-

246 3114 495 3172 militatis
515 3123 670 3171 estet
689 3116 939 3186 pudoris,
969 3128 1028 3174 ut
1054 3119 1433 3190 unusquisque
1472 3117 1541 3174 de
1566 3134 1681 3175 suae
1711 3119 1837 3176 vitae

248 3205 477 3262 maculis
499 3206 808 3274 erubescat,
834 3206 1234 3265 confessionem
1267 3208 1593 3264 verecundia
1625 3223 1733 3263 non
1750 3223 1837 3264 rc-

248 3298 451 3369 primit,
472 3298 565 3355 sed
586 3298 794 3356 directo
820 3301 1044 3357 vulnere
1066 3300 1367 3356 remedium
1387 3301 1601 3372 quaerit.
1628 3299 1837 3356 Volun-

249 3389 343 3444 tati
365 3387 582 3445 Domini
597 3390 897 3447 curationis
916 3400 1236 3461 potestatem
1256 3392 1503 3462 leprosos
1520 3392 1836 3461 tribuit,nec

248 3495 403 3549 quast
422 3479 736 3536 incredulus
752 3479 982 3547 dubitat,
996 3480 1088 3536 sed
1114 3481 1560 3537 sumeclluvionis
1579 3497 1835 3539 consctus

252 3587 357 3626 non
389 3570 671 3642 praesumit
702 3570 885 3626 dicere
910 3589 924 3624 :
955 3568 1157 3625 Munda
1187 3587 1274 3626 me
1298 3570 1549 3637 Domine,
1573 3581 1630 3628 et
1665 3589 1835 3628 mun-

248 3663 437 3718 dabor.
474 3660 613 3716 Dum
642 3661 733 3717 hic
755 3676 787 3716 a
813 3662 931 3733 lege
952 3661 1215 3717 exclusus
1238 3678 1298 3718 se
1324 3662 1541 3718 Domini
1567 3672 1836 3733 potestate

248 3753 432 3808 curari
457 3752 717 3822 postulat,
748 3767 915 3824 supra
968 3752 1140 3824 legem
1192 3768 1315 3809 esse
1343 3754 1573 3825 gratiam
1604 3754 1828 3810 indicat.

1933 2568 2076 2634 ﬁcia,
2124 2567 2217 2624 sed
2269 2567 2584 2638 premenda,
2618 2575 2812 2623 utnon
2838 2567 3016 2624 solum
3048 2583 3079 2623 a
3115 2567 3364 2624 mercede
3393 2568 3523 2623 abs-

1934 2661 2208 2716 tineamus
2242 2660 2487 2731 pecuniae
2525 2660 2619 2717 sed
2641 2660 2807 2717 etiam
2835 2660 3043 2730 gratiae.
3065 2657 3336 2716 laetantia
3356 2660 3523 2731 quip~

1933 2767 2000 2822 pe
2031 2752 2198 2808 vitata
2226 2751 2358 2807 facit
2386 2768 2455 2806 ne
2482 2752 2632 2822 lepra
2656 2751 2831 2822 possit
2873 2751 3108 2807 transire
3139 2751 3193 2806 in
3220 2752 3519 2807 medicum.

1934 2843 2060 2900 Ideo
2083 2845 2249 2900 etiam
2291 2844 2592 2914 imperatur
2634 2842 2934 2907 silentium,
2985 2843 3114 2914 quia
3161 2844 3360 2899 melius
3414 2842 3524 2899 ﬁcia

1934 2935 2110 3007 magis
2157 2944 2515 3006 spontaneam
2552 2933 2786 2989 salutem
2826 2949 3075 3005 quaerere
3114 2949 3280 3005 quam
3309 2934 3523 2990 beneﬁ-

1934 3027 2037 3084 ciis
2076 3024 2319 3081 invitari.
2351 3022 2654 3081 Ostendere
2683 3040 2742 3081 se
2774 3024 3045 3081 sacerdoti
3071 3023 3297 3095 jubetur
3335 3023 3525 3094 lepro-

1935 3136 2054 3187 sus,
2079 3128 2135 3177 ut
2168 3118 2493 3189 intelligeret
2516 3117 2775 3174 sacerdos
2818 3131 2946 3172 eum
2988 3131 3096 3172 non
3124 3115 3258 3187 legis
3301 3113 3519 3180 ordine,

1935 3210 2029 3267 sed
2059 3209 2233 3281 gratia
2255 3207 2350 3264 Dei
2374 3218 2651 3265 curatum.
2677 3204 2882 3262 Oll‘erre
2914 3206 3244 3263 sacriﬁcium
3271 3204 3522 3279 pmcipi—

1936 3311 2026 3357 tur
2051 3310 2112 3357 ut
2139 3301 2451 3357 ostenderet
2480 3299 2747 3355 Dominus
2789 3313 2849 3354 se
2894 3312 3004 3353 non
3050 3297 3224 3370 legem
3273 3298 3521 3367 solvere,

1935 3396 2030 3452 sed
2055 3395 2280 3465 implere
2298 3391 2600 3450 secundum
2630 3391 2803 3462 legem
2835 3388 3126 3461 gradiens,
3156 3397 3213 3445 et
3233 3403 3401 3458 supra
3436 3386 3523 3443 le-

1935 3503 2057 3561 gem
2084 3502 2307 3544 sanans.
2343 3484 2401 3540 ln
2430 3485 2546 3555 lege
2571 3483 2621 3539 ei
2648 3489 2981 3554 praeceptum
3012 3488 3151 3545 erat,
3184 3488 3246 3535 ut
3270 3479 3525 3535 mundati

1935 3592 1967 3631 a
1999 3577 2147 3647 lepra
2187 3591 2415 3630 munera
2459 3573 2720 3631 otl'errent
2753 3570 3134 3629 sacerdotibus
3170 3585 3280 3641 qua
3316 3585 3375 3625 re
3415 3570 3525 3625 ho-

1935 3669 2138 3726 militer
2160 3669 2227 3724 ad
2253 3669 2402 3739 ipsos
2431 3666 2615 3721 mittit.
2648 3663 2775 3720 Haec
2815 3663 3103 3734 oportebat
3152 3662 3525 3734 signiﬁcantia

1936 3760 2139 3818 auferri
2189 3759 2458 3815 sacriﬁcia
2506 3757 2827 3828 priusquam
2859 3770 2988 3811 vera
3019 3755 3185 3810 etiam
3215 3753 3271 3809 in
3299 3754 3410 3809 illis
3438 3753 3517 3809 si-

252 3846 404 3902 Sieut
423 3820 569 3901 enim
600 3820 884 3916 potestatis
911 3820 1210 3902 auctoritas
1246 3846 1305 3903 in
1347 3820 1609 3915 Domino,
1656 3847 1732 3903 ita
1772 3847 1828 3904 in
1857 3820 1899 3879 θ
1933 3863 2095 3925 gnata
2125 3849 2393 3906 sacriﬁcia
2432 3820 2757 3904 conﬁrmata
2779 3855 2964 3903 essent
2993 3845 3048 3900 in
3078 3845 3303 3903 Christo
3327 3853 3384 3902 et
3411 3842 3534 3900 Ec-w

252 3940 355 3996 ist‘o
392 3938 517 3995 ﬁdei
545 3938 853 3995 constantia
874 3937 1203 3994 declaratur.

323 4055 342 4088 ι
380 4035 446 4092 Et
467 4036 763 4092 extendens
794 4050 1017 4091 manum
1046 4035 1222 4107 tetigit
1243 4050 1368 4091 eum
1393 4032 1575 4101 Iesus,
1604 4034 1826 4093 dicens:

252 4127 406 4196 Volo,
428 4128 711 4184 mundare.
730 4127 1094 4184 Etconlestim
1108 4129 1368 4184 mundata
1379 4135 1463 4183 est
1476 4128 1775 4200 lepraejos.
1805 4148 1827 4181 ι

252 4218 317 4276 Et
367 4219 665 4276 extendens
714 4217 1107 4275 misericordiae
1147 4218 1343 4275 aﬁ‘cctu
1370 4235 1594 4275 manum
1624 4220 1830 4291 lepram

255 4310 445 4381 tetigit,
488 4326 553 4367 ex
599 4310 905 4365 humilitate
932 4310 1136 4365 docens
1162 4326 1264 4366 nos
1318 4310 1527 4366 nullum
1576 4326 1835 4382 spernere

252 4418 350 4475 pro
383 4403 567 4474 aliqua
601 4402 850 4474 corporis
883 4401 1266 4459 maculatione.
1309 4402 1422 4459 Lex
1472 4405 1621 4476 tangi
1654 4405 1833 4476 lepro-

253 4512 342 4552 sos
369 4495 637 4566 prohibet.
692 4493 797 4549 Sed
831 4494 899 4549 de
939 4509 1009 4549 eo
1054 4509 1163 4549 non
1203 4502 1322 4549 erat
1350 4495 1706 4564 prohibitum,
1736 4492 1833 4566 qui

252 4585 515 4642 Dominus
537 4585 672 4658 legis
697 4594 800 4642 est.
841 4584 1042 4655 Tetigit
1074 4585 1238 4657 igitur
1270 4602 1379 4642 non
1415 4587 1562 4657 quod
1592 4588 1711 4644 sine
1746 4595 1831 4642 ta-

253 4684 340 4732 ctu
368 4690 567 4732 sanare
600 4686 805 4747 posset,
838 4678 934 4734 sed
974 4686 1031 4733 ut
1068 4677 1270 4733 iudicet
1329 4692 1388 4733 se
1426 4692 1536 4732 non
1581 4677 1686 4733 sub
1716 4677 1833 4748 lege

252 4781 389 4835 esse,
422 4767 535 4822 imo
556 4766 850 4823 Dominum
880 4768 1014 4841 legis
1040 4768 1134 4839 qui
1165 4783 1273 4825 non
1318 4768 1471 4823 timet
1496 4768 1831 4841 contagium,

253 4875 373 4915 cum
396 4859 578 4930 potius
608 4858 747 4916 alios
775 4860 984 4916 liberet.
1015 4859 1091 4916 Ex
1114 4861 1313 4931 pietate
1334 4861 1432 4928 ait,
1455 4861 1600 4925 volo,
1631 4875 1835 4917 sanans

255 4967 537 5025 eogenere
573 4969 685 5025 quo
718 4952 897 5010 fuerat
945 4954 1284 5021 obsecratus,
1343 4969 1470 5008 cum
1519 4953 1830 5010 diceretur;

256 5046 312 5107 Si
350 5049 456 5117 vis,
496 5057 651 5120 potes
693 5064 783 5105 me
810 5049 1096 5118 mundare,
1135 5047 1454 5119 imperando
1497 5047 1784 5119 subjunxit
1817 5066 1830 5103 :

1930 3945 2095 4000 clesia
2122 3941 2519 3997 contestatione
2558 3936 2931 4007 apostolorum
2952 3944 3007 3990 et
3026 3935 3132 3991 ﬁde
3157 3936 3531 3993 credentium-

1930 4034 2168 4090 Oll‘t-rtur
2217 4033 2272 4088 in
2317 4029 2691 4089 testimonium
2733 4026 2843 4081 illis
2882 4025 2979 4095 qui
3009 4024 3195 4082 vident
3238 4027 3518 4097 leprosum

1930 4124 2279 4189 mundatom,
2303 4120 2389 4177 vel
2417 4118 2561 4191 quod
2594 4117 2877 4174 salvantur
2904 4127 2936 4167 a
2977 4113 3125 4185 lepra
3167 4124 3519 4186 peccatorum

1930 4230 1985 4273 et
2011 4215 2169 4271 offert
2197 4230 2258 4270 se
2287 4211 2433 4277 Deo,
2462 4210 2508 4267 si
2545 4208 2800 4275 credunt,
2829 4213 2927 4261 aut
2947 4205 2995 4261 si
3022 4220 3131 4261 non
3150 4206 3412 4273 credunt,
3441 4206 3523 4263 in-

1931 4306 2279 4366 excusabiles
2313 4312 2496 4360 erunt.
2538 4300 2631 4357 Vel
2660 4301 2735 4356 ita
2781 4317 2795 4354 :
2830 4297 3033 4354 Munus
3072 4297 3221 4369 quod
3262 4298 3521 4369 praecepit

1930 4399 2166 4473 Moyses,
2195 4399 2301 4454 illis
2316 4396 2567 4452 videlicet
2588 4390 2969 4451 sacerdotibus
2996 4390 3179 4448 oﬁ'etri
3198 4391 3251 4446 in
3273 4390 3521 4449 testimo-

1933 4495 2085 4550 nium
2111 4535 2127 4559 ,
2162 4492 2215 4547 id
2241 4498 2326 4546 est
2352 4490 2408 4545 in
2446 4489 2664 4560 signum
2698 4485 3005 4556 spiritualis
3026 4483 3343 4552 oblationis,
3374 4484 3520 4541 sicut

1933 4586 2145 4643 curatio
2180 4584 2344 4654 lepra:
2379 4588 2612 4637 testatur
2638 4582 2980 4635 curationem
3006 4576 3240 4649 peccati.
3270 4574 3409 4632 Illud
3428 4575 3522 4631 in—

1932 4695 2097 4752 quam
2125 4692 2329 4733 munus
2354 4672 2513 4729 oﬁ‘ert
2535 4686 2644 4728 non
2668 4670 2847 4727 solum
2893 4669 2950 4724 in
2992 4668 3182 4742 signo,
3212 4668 3306 4725 sed
3334 4668 3391 4723 in
3418 4683 3480 4724 re
3500 4710 3519 4735 ,

1932 4780 1994 4828 ut
2013 4781 2070 4827 tu
2100 4770 2216 4840 ipsc
2243 4784 2275 4824 a
2303 4767 2557 4822 sordibus
2580 4765 2790 4836 peccati
2824 4761 3160 4819 emundatus
3206 4762 3260 4816 in
3308 4761 3521 4817 sacriﬁ-

1933 4865 2079 4920 cium
2112 4862 2208 4917 Dei
2235 4870 2502 4916 transeas.
2530 4857 2746 4929 Moyses
2774 4856 2925 4912 enim
2955 4853 3215 4924 praecepit
3263 4853 3516 4909 testimo—

1932 4959 2085 5013 nium
2116 4955 2275 5025 cujus
2316 4963 2369 5009 te
2399 4951 2549 5024 geris
2598 4949 2874 5005 eﬂ'ectum.
2922 4945 3026 5002 Ubi
3058 4946 3311 5017 leprosos
3358 4961 3519 5001 tuon--

1932 5052 2096 5107 dator
2141 5059 2326 5106 certus
2378 5061 2487 5100 nou
2544 5043 2869 5115 exprimitur
2889 5039 3075 5107 locus,
3111 5048 3174 5095 ut
3197 5038 3522 5095 ostendatur

260 5161 278 5195 ι
308 5140 604 5208 Mundare;
635 5161 655 5194 ι
691 5141 746 5196 in
800 5155 912 5213 quo
949 5140 1252 5212 majestatis
1290 5140 1532 5211 aperitur
1569 5140 1830 5210 potentia.
1864 5162 1911 5222 υ
1936 5157 2047 5198 non
2076 5153 2246 5195 unum
2277 5135 2536 5208 populum
2573 5133 2809 5204 alicujus
2829 5131 3082 5204 specialis
3124 5130 3397 5197 civitatis,
3420 5127 3519 5185 sed

237 5228 395 5291 ’Nihil
418 5234 565 5292 enim
593 5234 830 5289 medium
852 5244 936 5290 est
958 5234 1098 5290 inter
1118 5249 1258 5304 opus
1281 5232 1373 5288 Dei
1401 5241 1453 5287 et
1480 5241 1829 5302 praaceptom,

254 5327 379 5398 quia
408 5326 548 5383 inter
575 5334 911 5397 praeceptum
933 5335 1017 5383 est
1049 5342 1208 5397 opus.
1236 5324 1384 5380 Dixit
1407 5324 1575 5392 enim,
1605 5334 1660 5381 et
1689 5323 1831 5382 facta

254 5427 396 5474 Sllﬂl.

323 5530 344 5563 ι
375 5509 439 5567 Et
488 5510 566 5566 ait
609 5511 687 5567 illi
724 5509 887 5568 Jesus
918 5527 934 5566 :
964 5506 1131 5575 Vide,
1190 5509 1394 5565 nemini
1433 5507 1674 5575 dixeris,
1731 5507 1827 5564 sed

257 5603 407 5668 vade,
438 5604 666 5660 ostende
714 5613 765 5660 te
819 5604 1123 5670 sacerdoti,
1153 5615 1209 5658 et
1251 5602 1385 5658 oﬂ‘er
1420 5617 1624 5659 munus
1676 5601 1825 5672 quod

255 5698 509 5769 praecepit
552 5697 767 5772 Moyses
805 5699 861 5754 in
885 5698 1259 5756 testimonium
1309 5697 1407 5753 illi.
1459 5716 1478 5749 ι
1542 5694 1663 5752 Non
1709 5703 1827 5751 erat

256 5805 474 5850 necesse
502 5801 562 5849 ut
591 5807 841 5850 sermone
861 5792 1094 5866 jactaret
1121 5791 1270 5864 quod
1310 5805 1540 5862 corpore
1575 5786 1827 5861 praefere-

1939 5234 2237 5291 multarum
2266 5229 2497 5302 populos
2525 5226 2696 5283 fuisse
2717 5234 2961 5282 sanatos.
2992 5224 3131 5294 Quia
3161 5239 3293 5280 vero
3334 5222 3517 5292 lepro—

1938 5341 2034 5382 sus
2070 5338 2242 5395 genus
2269 5322 2573 5376 humanum
2599 5320 2837 5391 peccatis
2864 5318 3182 5390 languidum
3211 5314 3387 5387 typice
3417 5313 3516 5368 dc-

1936 5417 2137 5489 signat,
2158 5422 2305 5469 recte
2335 5413 2388 5467 in
2420 5409 2565 5466 Luca
2594 5410 2789 5481 plenus
2815 5409 2965 5480 lepra
3000 5406 3331 5465 describitur
3356 5402 3514 5474 (Luc.

1934 5511 2014 5582 v).
2064 5507 2269 5564 Omnes
2320 5505 2467 5561 enim
2524 5510 2891 5573 peccaverunt
2915 5509 2970 5556 et
3010 5506 3172 5571 egent
3207 5496 3378 5568 gloria
3419 5495 3517 5552 Dei

1935 5604 2111 5675 (llam.
2147 5600 2253 5672 tn).
2280 5596 2539 5653 Extensio
2562 5609 2760 5650 manus
2787 5591 3089 5649 Salvatoris
3129 5588 3400 5659 signiﬁcat
3428 5587 3517 5642 in-

1933 5692 2305 5750 carnationcm
2347 5700 2629 5748 extensam
2659 5684 2729 5745 ad
2758 5682 2989 5738 salutem
3019 5681 3327 5737 hominum.
3360 5677 3521 5734 Unde

1936 5786 2072 5844 illud
2104 5784 2232 5841 alibi
2266 5804 2278 5841 :
2306 5781 2425 5841 lam
2454 5800 2553 5843 vos
2581 5780 2772 5840 mundi
2799 5780 2932 5838 estis
2955 5784 3178 5852 propter
3206 5787 3517 5833 sermonem
