3964 6460
512 371 616 443 8‘3)

1612 369 1937 426 WEIINERI
1973 369 2266 427 ABBATIS
2308 371 2364 426 S.
2406 368 2625 425 BLASII
3631 377 3718 434 θέε

512 506 678 559 quem
705 491 918 545 loculus
940 502 1059 544 sum
1087 484 1240 539 vobis
1270 483 1450 554 (Joan.
1484 492 1625 555 xm).
1678 483 1798 555 Ipse
1844 485 2098 540 Christus
2126 486 2173 544 Α
2199 483 2411 538 cidente
2463 481 2713 546 venient,
2754 488 2809 535 et
2862 476 3179 533 recumbent
3234 494 3356 534 eum
3403 480 3649 540 Abraham
3675 498 3717 544 et

511 590 597 636 est
626 581 880 636 sacerdos
903 580 958 632 in
987 586 1248 632 aeternum
1268 617 1282 641 ,
1320 576 1407 630 cui
1437 592 1628 631 omnes
1656 592 1686 630 a
1715 576 1883 646 prisci
1937 591 2089 631 erro-

511 671 590 725 ris
622 672 883 725 varietate
906 667 1154 723 mundati
1183 669 1384 723 debent
1414 684 1473 724 se
1502 668 1790 723 ostendere
1825 668 2087 724 conﬁten-

510 761 582 814 do
602 761 733 830 quia
750 760 1007 828 templum
1042 758 1162 829 ejus
1183 768 1331 827 sunt,
1361 769 1413 814 et
1436 758 1629 814 offerre
1650 760 1699 814 ei
1734 775 1832 815 sua
1862 775 2091 830 corpora

510 852 750 907 hostiam
785 852 1072 905 viventem.

586 960 605 992 ι
636 943 773 996 Cum
803 953 984 996 autem
1028 942 1312 997 introisset
1338 940 1744 1012 Capharnaum,
1770 944 2001 1000 accessit
2022 944 2091 999 ad

506 1047 632 1087 eum
661 1033 931 1098 centurio,
968 1049 1170 1104 rogans
1192 1048 1318 1087 eum
1341 1043 1394 1088 et
1422 1033 1609 1089 dicens
1643 1054 1656 1088 :
1680 1034 1928 1103 Domine,
1956 1051 2091 1106 puer

507 1139 664 1179 meus
686 1123 833 1193 jacet
857 1124 912 1178 in
943 1125 1109 1179 domo
1125 1125 1475 1196 paralyticus,
1508 1136 1560 1181 et
1593 1128 1732 1183 male
1748 1137 2083 1198 torquetur.»

504 1209 628 1267 Non
665 1223 750 1269 est
784 1215 1123 1269 contrarium
1182 1216 1328 1285 quod
1373 1214 1549 1272 Lucas
1576 1217 1709 1274 dicit
1742 1238 1754 1273 :
1792 1237 1809 1271 ‹
1849 1219 1996 1275 Misit
2023 1221 2092 1275 ad

506 1322 632 1362 eum
662 1307 910 1364 seniores
938 1306 1187 1374 Iudaeos,
1225 1322 1424 1379 rogans
1457 1309 1609 1378 (Luc.
1637 1310 1713 1382 ιι),
1752 1332 1771 1363 ι
1806 1312 2091 1368 sicntcum

506 1415 606 1470 per
648 1402 890 1457 amicum
930 1401 1206 1457 soleamus
1252 1403 1539 1471 pervenire
1586 1403 1651 1459 ad
1695 1404 1954 1474 aliquem.
1986 1404 2093 1461 Ve-

508 1501 818 1547 rumtamen
858 1508 968 1548 non
1012 1493 1344 1567 negligenter
1372 1494 1629 1549 intuenda
1651 1505 1734 1552 est
1763 1497 1927 1551 etiam
1952 1495 2091 1551 Mat-

506 1584 620 1639 thei
652 1585 881 1655 mystica
922 1585 1153 1651 solutio,
1180 1586 1479 1641 secundum
1518 1603 1682 1657 quam
1715 1589 1981 1659 scriptum
2008 1600 2095 1645 est

510 1689 566 1727 ιιι
612 1672 832 1730 Psalmo
882 1694 895 1731 :
942 1693 960 1726 ί
1009 1676 1265 1731 Accedite
1314 1677 1384 1731 ad
1441 1693 1567 1733 eum
1604 1687 1659 1734 et
1704 1680 2091 1736 illuminamini

510 1763 686 1836 (Paul.
714 1768 935 1837 χχχιιι).
978 1787 995 1820 ι
1037 1766 1223 1838 Itaque
1252 1766 1358 1823 ﬁde
1385 1770 1535 1824 venit
1564 1773 1833 1827 centurio.
1875 1772 1989 1829 Dici
2013 1782 2092 1828 ta-

508 1870 635 1912 men
660 1866 838 1928 potest
861 1859 1007 1929 quod
1035 1859 1197 1914 etiam
1231 1874 1460 1928 corpore
1488 1863 1729 1931 venerit,
1767 1874 1820 1919 et
1858 1866 2092 1921 seniori-

506 1948 612 2005 bus
635 1948 839 2005 Iudaeis
871 1961 1130 2019 tanquam
1156 1949 1521 2014 familiaribus
1562 1953 1770 2011 Christi
1800 1958 1945 2027 quod
1983 1957 2092 2013 Lu—

503 2058 598 2100 cas
628 2043 864 2112 explicat
893 2043 1122 2097 verbum
1148 2059 1309 2098 suum
1341 2044 1713 2112 commiserit,
1760 2056 1819 2102 ut
1845 2050 2093 2119 quotidie

504 2129 623 2189 ﬁeri
647 2134 783 2190 solet
805 2143 930 2189 ante
957 2143 1224 2204 potentes.
1249 2133 1401 2191 Jacet
1431 2138 1785 2210 paralyticus,
1808 2149 2093 2212 torquetur

504 2235 661 2281 acuta
719 2226 929 2281 scilicet
979 2225 1255 2296 passione.
1310 2224 1439 2284 Haac
1494 2230 1567 2285 ita
1613 2231 1897 2301 exprimit,
1953 2243 2094 2290 utet

503 2319 702 2372 anima:
729 2334 843 2373 suae
864 2321 1148 2389 angustias
1174 2322 1392 2389 indicet,
1416 2330 1469 2377 et
1492 2322 1770 2377 Christum
1788 2324 1853 2378 ad
1879 2324 2093 2380 miscri-

503 2409 746 2463 cordiam
771 2422 1133 2467 commoveat.
1156 2412 1310 2470 Nunc
1331 2415 1608 2471 discamus
1620 2416 1961 2472 commisceri
1980 2433 2095 2473 scr-

506 2503 621 2568 vis,
665 2510 723 2556 ut
769 2501 943 2558 Lucas
995 2505 1100 2570 ait;
1136 2507 1440 2563 meriturus
1489 2516 1609 2562 erat
1658 2524 1850 2564 servus
1894 2509 1940 2564 si
1983 2525 2091 2565 non

504 2591 724 2647 Domini
769 2596 854 2649 sui
895 2595 1000 2650 ﬁde
1043 2606 1097 2651 et
1136 2596 1340 2653 Christi
1371 2600 1570 2669 pietate
1601 2601 1917 2656 redderetur
1947 2602 2089 2658 vitae.

508 2682 602 2739 Sic
632 2683 893 2742 Ezechias
925 2702 1043 2752 rex,
1083 2688 1171 2743 cui
1205 2687 1473 2746 Dominus
1525 2699 1606 2745 ter
1635 2693 1835 2762 quinos
1885 2693 2093 2749 addidit

504 2790 698 2832 annos.

583 2885 603 2918 ι
633 2868 723 2924 Ait
744 2869 820 2923 illi
846 2868 1009 2927 Jesus
1042 2888 1054 2927 :
1085 2870 1199 2943 Ego
1227 2874 1446 2930 veniam
1473 2915 1488 2942 ,
1528 2883 1584 2931 et
1625 2876 1833 2931 curabo
1885 2891 2032 2932 eum.
2068 2896 2087 2929 ι

505 2960 588 3014 Ad
618 2962 922 3017 sanandum
974 2964 1149 3035 reguli
1190 2965 1361 3021 ﬁlium
1406 2967 1487 3022 ire
1537 2967 1745 3035 noluit,
1776 2983 1846 3023 ne
1875 2967 2093 3023 divitias

505 3054 810 3111 honorasse
839 3058 1135 3116 videretur.
1168 3061 1251 3116 Ad
1280 3078 1499 3117 servum
1559 3063 1639 3118 ire
1683 3072 1739 3119 et
1791 3064 1990 3131 sensit,
2024 3080 2092 3120 ne

505 3147 758 3202 servilem
793 3152 1161 3208 conditionem
1195 3154 1465 3223 sprevisse
1519 3165 1821 3225 putaretur.
1876 3156 1982 3213 Sed
2036 3160 2089 3213 in
2120 3178 2161 3235 ο

504 3238 701 3295 'tinere
736 3242 901 3296 verbo
940 3259 1067 3297 eum
1100 3247 1335 3313 sanavit,
1374 3262 1442 3303 ne
1472 3257 1758 3317 putaretur
1785 3249 1863 3304 ire
1887 3250 1958 3306 ob
1985 3251 2089 3305 im-

503 3329 805 3398 prztentiam
835 3340 1019 3386 etnon
1045 3334 1117 3388 ob
1142 3335 1531 3392 humilitatem.

585 3438 604 3471 ι
637 3420 703 3475 Et
732 3424 1071 3492 respondens
1096 3427 1345 3482 centurio
1369 3429 1445 3483 ait
1475 3447 1487 3482 :
1523 3428 1751 3484 Domine
1771 3472 1786 3498 ,
1833 3446 1940 3487 non
1968 3448 2091 3488 sum

505 3510 705 3582 dignus
730 3523 787 3569 ut
814 3516 984 3571 intres
1011 3518 1113 3572 sub
1147 3527 1351 3574 tectum
1382 3535 1558 3575 meum
1583 3562 1596 3588 ,
1630 3520 1725 3577 sed
1771 3532 1983 3578 tantum
2006 3525 2094 3580 dic

505 3605 696 3671 verbo,
718 3613 773 3659 et
801 3607 1089 3662 sanabitur
1120 3624 1255 3678 puer
1276 3624 1450 3666 meus.
1477 3610 1613 3666 Nam
1640 3624 1694 3669 et
1721 3629 1822 3684 ego
1844 3630 1964 3670 sum
1989 3617 2093 3672 sub

506 3706 777 3768 potestate
816 3701 1188 3767 constitutus,
1230 3702 1437 3759 habens
1471 3706 1576 3760 sub
1624 3721 1712 3762 me
1756 3708 1990 3775 milites,
2041 3719 2095 3765 ct

507 3788 634 3843 dico
662 3788 791 3844 huic
819 3808 831 3845 :
862 3788 1013 3847 Vade
1046 3801 1100 3847 et
1137 3792 1320 3860 vadit;
1365 3803 1420 3850 et
1462 3796 1554 3851 alii
1584 3814 1599 3851 :
1626 3796 1762 3852 Veni
1805 3809 1858 3854 et
1884 3800 2090 3869 ‘venit;

508 3888 565 3935 et
596 3896 756 3937 servo
795 3897 918 3938 meo
958 3901 970 3937 :
1004 3883 1112 3940 Fac
1141 3886 1246 3942 hoc
1267 3896 1320 3942 et
1350 3886 1530 3944 facit.»
1566 3888 1793 3960 Propter
1817 3892 1941 3947 vitae
1963 3908 2095 3964 gen-

512 3969 624 4027 tilis
669 3973 1061 4029 conscientiam
1099 3977 1373 4033 metuebat
1408 3980 1621 4049 gravari
1650 3980 1966 4039 Dominum.
1998 3982 2095 4038 Vi-

509 4062 590 4118 dit
611 4061 876 4121 Dominus
913 4065 1095 4134 ﬁdem,
1128 4067 1514 4137 humilitatem,
1532 4072 1879 4140 prudentiam
1902 4083 2093 4129 centu-

510 4154 684 4211 rionis
710 4175 724 4211 :
753 4158 935 4225 ﬁdem,
964 4158 1113 4229 quod
1135 4175 1199 4215 ex
1230 4162 1485 4232 gentibus
1511 4164 1738 4220 credidit
1767 4183 1781 4231 ;
1814 4167 2092 4222 humilita-

509 4257 618 4304 tem
637 4289 652 4315 ,
677 4252 824 4321 quod
857 4268 916 4309 se
939 4254 1206 4324 judicavit
1244 4255 1527 4326 indignum
1557 4257 1716 4327 cujus
1744 4267 1946 4313 tectum
1983 4261 2092 4316 Do-

509 4341 695 4397 minus
724 4343 984 4413 intraret;
1020 4346 1365 4418 prudentiam
1397 4349 1545 4417 quod
1585 4349 1923 4406 divinitatem
1964 4367 2090 4407 cor-

507 4446 642 4502 pore
671 4443 869 4491 tectam
908 4440 1148 4508 agnovit.
1200 4436 1319 4506 Qua
1356 4440 1643 4510 prudentia
1677 4443 1843 4497 etiam
1889 4444 2030 4498 dixit
2073 4463 2085 4499 :

2192 573 2344 629 Isaae
2373 582 2427 629 et
2465 572 2637 628 Jacob
2683 572 2738 627 in
2799 587 3025 643 regnum
3075 572 3359 628 caelorum.
3411 571 3527 628 Filii
3568 587 3720 635 autem

2193 665 2344 735 regni
2373 665 2661 736 ejicientur
2688 664 2742 718 in
2770 664 3021 719 tenebras
3062 664 3362 720 exteriores
3394 684 3407 719 :
3435 665 3506 721 ibi
3536 668 3630 724 erit
3652 670 3718 728 lle-

2194 765 2282 812 tus
2309 764 2360 812 et
2381 757 2581 813 stridor
2614 757 2882 812 dentium.
2923 776 2940 807 ι
2964 754 3081 810 Non
3113 756 3457 813 solummodo
3486 760 3578 815 iste
3610 778 3719 818 cen-

2193 852 2339 905 turio
2364 851 2432 905 de
2458 850 2710 922 gentibus
2736 858 2879 904 recte
2925 849 3096 903 credit
3128 849 3180 901 in
3213 848 3383 903 Deum
3403 891 3418 914 ,
3458 853 3545 907 sed
3591 857 3719 912 multi

2194 944 2420 1015 gentiles
2446 942 2626 997 adhuc
2672 943 2889 996 venient
2922 941 2986 996 ad
3027 949 3232 996 rectam
3258 941 3632 1001 credulitatem.
3663 947 3721 1004 De

2194 1037 2511 1093 nationibus
2561 1035 2852 1090 credituris
2898 1034 3032 1089 dicit
3074 1050 3087 1085 :
3133 1032 3288 1087 multi
3316 1035 3523 1090 venient
3573 1048 3619 1093 et
3657 1056 3721 1095 rc-

2194 1130 2480 1200 quiescent
2509 1128 2740 1184 feliciter
2763 1127 3055 1197 epulaturi.
3089 1125 3258 1180 Filios
3280 1134 3458 1181 autem
3485 1133 3619 1198 regni
3654 1132 3723 1185 di-

2194 1222 2269 1277 cit
2299 1220 2519 1276 Judaaos
2545 1223 2597 1275 in
2625 1220 2828 1290 quibus
2858 1228 2986 1273 ante
3011 1217 3261 1289 regnavit
3292 1215 3451 1274 Deus.
3501 1218 3723 1279 'I‘enebm

2195 1326 2488 1383 supersunt
2508 1312 2812 1377 interiores,
2832 1327 2940 1367 non
2958 1312 3280 1368 exteriores.
3309 1310 3521 1367 Scilicet
3538 1316 3725 1369 exterio-

2195 1421 2284 1460 res
2324 1406 2446 1461 ideo
2494 1404 2653 1460 dictae
2683 1413 2847 1469 sunt,
2897 1402 3176 1473 quomodo
3209 1403 3393 1457 lumen
3432 1403 3629 1473 reliquit
3650 1406 3722 1474 qui

2194 1512 2226 1552 a
2261 1495 2495 1551 Domino
2541 1495 2691 1550 foras
2723 1494 3032 1564 expellitur.
3060 1493 3165 1549 Ubi
3189 1494 3325 1549 dicit
3360 1494 3508 1548 ﬂetus
3543 1505 3590 1549 et
3621 1498 3725 1549 stri«

2193 1588 2295 1643 dor
2332 1588 2601 1655 dentium,
2626 1601 2812 1642 veram
2849 1585 3086 1641 ostendit
3116 1586 3593 1653 resurrectionem,
3626 1604 3723 1643 cum

2194 1679 2353 1735 ﬁctus
2388 1679 2461 1734 sit
2490 1679 2801 1744 oculorum,
2830 1686 2882 1732 et
2910 1678 3101 1733 dentes
3125 1687 3177 1733 et
3212 1693 3361 1733 ossa.

2272 1791 2292 1823 ι
2320 1770 2386 1825 Ει
2403 1769 2540 1827 dixit
2561 1769 2722 1827 Iesus
2748 1770 3092 1827 centurioni:
3114 1769 3289 1836 Vade,
3314 1779 3368 1824 et
3389 1768 3518 1826 sicut
3538 1771 3724 1826 credidi-

2192 1864 2261 1920 sti
2288 1864 2380 1919 ﬁat
2414 1864 2528 1919 tibi.
2560 1862 2628 1917 Et
2659 1872 2888 1918 sanatus
2910 1872 2993 1918 est
3022 1877 3159 1932 puer
3182 1862 3236 1916 in
3266 1861 3358 1916 illa
3378 1862 3520 1917 hora.
3540 1882 3556 1914 ι
3581 1861 3636 1917 Et
3655 1878 3722 1917 re-

2188 1971 2384 2012 versus
2413 1965 2497 2012 est
2537 1954 2788 2011 centurio
2813 1954 2866 2010 in
2898 1955 3123 2010 domum
3149 1969 3335 2019 suam,
3359 1962 3413 2008 et
3434 1953 3613 2009 invenit
3635 1970 3708 2011 ser

2192 2064 2318 2103 vum
2340 2048 2433 2119 qui
2456 2047 2741 2117 languerat
2762 2062 2957 2103 sanum
2979 2044 3132 2116 (Luc.
3159 2048 3284 2117 vn).
3304 2044 3539 2100 Meritum
3552 2046 3721 2101 Domini

2191 2137 2398 2193 famulo
2435 2137 2786 2210 suﬁ‘ragatur.
2839 2136 3215 2209 Intelligamus
3244 2138 3596 2192 centurionem
3626 2152 3721 2193 cor-

2192 2246 2323 2301 pore
2344 2230 2559 2284 tandem
2587 2229 2902 2300 pervenisse
2925 2230 2994 2284 ad
3021 2228 3412 2294 Dominum,et
3431 2244 3542 2284 cum
3563 2230 3631 2284 bis
3646 2231 3719 2300 qui

2191 2321 2345 2375 missi
2367 2319 2579 2375 fuerant
2606 2320 2837 2376 rediisse
2862 2319 3107 2387 domum,
3125 2336 3253 2375 cum
3290 2319 3538 2375 Dominus
3564 2320 3719 2375 dixerit

2191 2413 2243 2469 ei
2273 2430 2285 2468 :
2321 2412 2487 2481 Vade;
2520 2413 2603 2467 vel
2625 2413 2769 2468 sicut
2790 2428 2886 2482 per
2904 2414 3128 2469 nuntios
3158 2414 3481 2480 accessisse,
3506 2414 3575 2469 sic
3593 2422 3635 2468 et
3650 2429 3723 2481 per

2192 2504 2415 2559 nuntios
2438 2517 2690 2558 reversus
2720 2500 2890 2558 fuisse
2908 2504 3242 2559 attendatnr.
3280 2503 3470 2558 Divina
3492 2503 3723 2574 providen-

2191 2596 2267 2651 tia
2290 2594 2463 2650 Judaei
2506 2592 2663 2649 missi
2710 2602 2874 2662 sunt,
2927 2604 2989 2651 ut
3018 2595 3429 2651 inexcusabiles
3458 2597 3647 2660 ﬁerent,
3689 2594 3724 2648 si

2194 2686 2314 2741 viso
2345 2684 2612 2739 miraculo
2638 2691 2692 2738 et
2719 2684 2974 2740 credente
2996 2685 3180 2756 gentili
3200 2685 3331 2740 viro
3354 2700 3460 2739 non
3480 2684 3724 2740 crederent.

2198 2777 2456 2834 Seniores
2478 2793 2581 2848 pro
2609 2778 2932 2833 centurione
2960 2786 3015 2834 et
3041 2778 3219 2834 sancti
3247 2794 3357 2849 pro
3382 2778 3529 2833 nobis
3547 2778 3729 2832 interce-

2194 2871 2331 2926 dunt
2363 2872 2431 2929 ad
2459 2870 2774 2927 Dominum.
2832 2869 3029 2925 Milites
3059 2870 3407 2927 centurionis
3440 2878 3638 2940 possunt
3665 2868 3727 2921 in-

2195 2964 2362 3034 telligi
2392 2963 2621 3021 virtutes
2651 2964 2931 3020 naturales
2960 2978 3100 3033 quas
3128 2963 3289 3018 multi
3326 2978 3505 3018 secum
3526 2961 3728 3017 deferunt

2195 3057 2262 3113 ad
2301 3057 2591 3113 Dominum
2617 3058 2921 3113 venientes.
2956 3055 3032 3111 De
3060 3056 3264 3126 quibus
3302 3056 3364 3110 in
3403 3055 3595 3110 laudem
3623 3053 3724 3106 Cor-

2195 3150 2323 3205 nelii
2360 3148 2697 3205 centurionis
2738 3147 2940 3203 dicitur
2980 3147 3108 3218 quia
3155 3166 3174 3199 ί
3211 3158 3341 3202 erat
3386 3146 3467 3201 vir
3504 3146 3658 3216 justus
3689 3154 3731 3197 et

2194 3242 2393 3297 timens
2422 3238 2591 3295 Deum
2633 3255 2758 3295 cum
2786 3239 2935 3293 omni
2975 3237 3140 3294 domo
3167 3253 3283 3305 sua,
3313 3238 3514 3292 faciens
3540 3237 3727 3290 eleemo-

2195 3348 2360 3405 synas
2389 3332 2591 3387 multas
2614 3331 2777 3401 plebi,
2797 3341 2851 3386 et
2876 3331 3177 3401 deprecans
3208 3329 3387 3385 Deum
3413 3344 3603 3401 semper
3619 3328 3729 3399 (Act.

2192 3427 2270 3493 ι).
2306 3444 2325 3476 ι
2370 3423 2474 3490 Qui
2511 3432 2693 3478 autem
2727 3438 2833 3478 non
2886 3423 3024 3478 bene
3082 3430 3319 3478 utuntur
3370 3422 3502 3488 illis,
3550 3421 3730 3474 minime

2194 3524 2322 3572 sunt
2346 3514 2496 3585 digni
2522 3513 2837 3569 visitatione
2862 3511 2976 3567 Dei.
3011 3511 3274 3568 Centurio
3313 3513 3514 3569 electos
3535 3527 3589 3567 ex
3619 3525 3729 3581 gen-

2195 3606 2340 3662 tibus
2370 3604 2645 3672 ostendit,
2678 3605 2774 3676 qui
2826 3604 2984 3675 quasi
3029 3604 3357 3660 centenario
3402 3605 3555 3659 milite
3580 3600 3728 3671 stipati

2193 3698 2456 3752 virtutum
2486 3697 2853 3767 spiritualium
2883 3705 3013 3752 sunt
3040 3696 3382 3767 perfectione
3403 3696 3635 3752 sublimes
3653 3735 3665 3757 ,
3693 3703 3743 3747 et

2195 3789 2309 3845 sola
2339 3800 2553 3844 aeternae
2580 3788 2774 3845 salutis
2824 3788 3019 3856 gaudia
3059 3789 3163 3844 sibi
3216 3789 3450 3861 suisque
3476 3788 3730 3858 requirunt

2193 3877 2467 3935 Numerus
2492 3879 2640 3934 enim
2672 3879 3025 3935 centenarius
3053 3881 3149 3951 qui
3186 3881 3255 3936 de
3288 3882 3427 3936 laeva
3460 3877 3737 3935 transfertur

2197 3973 2265 4027 ad
2294 3972 2577 4027 dexteram
2599 3971 2875 4027 caelestem
2907 3971 3178 4042 signiﬁcat
3209 3973 3409 4029 vitam.
3460 3971 3599 4027 Unde
3638 3984 3736 4023 arca

2194 4062 2310 4119 Noe
2360 4073 2580 4120 centum
2627 4065 2786 4120 annis
2834 4063 3100 4120 fabricata
3130 4074 3249 4131 est;
3293 4065 3566 4121 Abraham
3595 4071 3740 4118 cente

2195 4155 2590 4212 nariusﬁlium
2624 4156 3010 4227 promissionis
3042 4156 3284 4226 accepit;
3320 4156 3474 4213 Isaac
3506 4157 3660 4220 sevit,
3699 4160 3741 4207 et

2196 4249 2251 4304 in
2307 4249 2426 4318 ipso
2475 4264 2619 4303 anno
2692 4248 3008 4318 centuplum
3066 4249 3317 4316 invenit;
3361 4250 3559 4305 atrium
3600 4249 3743 4302 taber-

2194 4341 2375 4396 naculi
2429 4349 2645 4396 centum
2678 4341 2879 4397 cubitis
2927 4341 3150 4413 longum
3182 4340 3331 4409 fuit;
3384 4344 3440 4397 in
3486 4341 3743 4398 centesimo

2193 4434 2427 4503 psalmo,
2444 4433 2819 4490 misericordia
2837 4443 2891 4489 et
2908 4433 3174 4503 judicium
3185 4446 3484 4491 caatantur
3499 4433 3749 4488 Dominum

508 4524 687 4582 Homo
715 4544 837 4584 sum
867 4537 922 4585 et
940 4529 1097 4586 mitto
1127 4530 1408 4596 homines,
1436 4531 1615 4587 sciens
1651 4531 1943 4589 Dominum
1989 4552 2089 4591 an-

2197 4550 2433 4617 Quaastio
2460 4552 2525 4606 de
2552 4567 2610 4605 eo
2638 4572 2649 4607 :
2673 4553 2719 4607 si
2743 4569 2895 4621 pares
2924 4554 3031 4608 sint
3068 4562 3300 4623 potestas
3334 4554 3434 4609 Dei
3469 4564 3516 4609 et
3543 4553 3745 4608 voluntas

508 4620 659 4689 gelos
690 4622 906 4677 mittere
939 4637 1120 4692 posse.
1154 4621 1309 4677 Unde
1337 4623 1586 4693 sequitur
1616 4643 1628 4678 :

587 4712 864 4768 «Audiens
892 4722 1073 4769 autem
1089 4712 1251 4770 Jesus
1279 4714 1511 4771 miratus
1539 4725 1643 4783 est,
1663 4725 1716 4771 et
1736 4719 2091 4788 sequentibus

510 4814 573 4858 se
598 4802 737 4858 dixit
774 4823 786 4858 :
816 4804 1013 4872 Amen,
1050 4820 1233 4872 amen,
1264 4805 1388 4861 dico
1413 4806 1592 4873 vobis,
1619 4822 1730 4863 non
1756 4809 1937 4865 inveni
1967 4820 2092 4866 tan.-

514 4904 624 4950 tain
657 4895 815 4952 ﬁdem
841 4897 895 4951 in
925 4896 1145 4953 Israel.»
1175 4897 1331 4964 Quod
1351 4897 1510 4955 Jesus
1536 4900 1768 4955 miratus
1804 4910 1909 4970 est,
1934 4904 2093 4959 nobis

510 4988 821 5043 mirandum
853 4988 1144 5059 signiﬁcat,
1171 4990 1300 5060 quia
1331 4990 1465 5045 tales
1495 4999 1678 5047 motus
1697 5032 1710 5056 ,
1734 5008 1860 5048 cum
1884 4994 1950 5049 de
1983 4993 2095 5050 Deo

510 5083 802 5145 dicuntur,
836 5097 945 5136 non
973 5083 1281 5152 perturbati
1311 5082 1479 5137 animi
1509 5082 1666 5153 signa
1695 5094 1841 5151 sunt,
1868 5088 1962 5141 sed
1996 5087 2094 5141 do-

511 5174 689 5229 centis
711 5174 977 5243 magistri.
998 5174 1080 5230 De
1129 5176 1489 5245 praesentibus
1534 5176 1668 5232 dicit
1702 5197 1715 5232 :
1760 5177 1877 5235 Non
1910 5181 2091 5235 inveni

513 5274 720 5321 tantam
754 5265 917 5320 ﬁdem
957 5266 1008 5319 in
1044 5265 1232 5333 Israel,
1265 5281 1372 5321 non
1397 5267 1465 5321 de
1493 5269 1823 5337 patriarchis
1862 5280 1918 5326 et
1968 5288 2095 5343 pro-

510 5354 709 5421 phetis,
736 5358 839 5412 nisi
865 5356 1008 5411 forte
1032 5357 1086 5410 in
1111 5358 1431 5412 centurione
1459 5358 1591 5413 ﬁdes
1609 5362 1852 5430 gentium
1884 5379 2097 5434 praepo-

511 5455 675 5501 natur
730 5446 937 5504 Israeli.
1002 5448 1371 5504 Praesentibus
1433 5450 1555 5506 ideo
1620 5453 1907 5524 praefertur
1964 5456 2097 5510 ﬁdes

511 5539 882 5606 centurionis,
912 5540 1043 5612 quia
1088 5541 1165 5595 illi
1192 5541 1327 5612 legis
1370 5543 1869 5615 prophetarumque
1913 5547 2096 5600 moni-

511 5630 580 5685 tis
619 5630 796 5686 edocti
827 5646 983 5689 erant
1010 5652 1027 5700 ;
1055 5634 1169 5703 ipse
1199 5646 1379 5690 autem
1413 5639 1629 5694 nemine
1655 5638 1883 5693 docente
1903 5648 2098 5708 sponte

510 5723 757 5778 credidit.

593 5835 611 5869 ι
645 5816 776 5874 Dico
801 5828 980 5876 autem
1011 5820 1193 5888 vobis,
1225 5820 1370 5892 quod
1401 5822 1556 5876 multi
1585 5822 1652 5877 ab
1681 5820 1901 5877 Oriente
1923 5831 1974 5878 et
1996 5821 2099 5878 0c-

2926 4624 3042 4679 Dei.

2266 4714 2539 4782 Quaeritur
2563 4717 2629 4771 de
2652 4726 2920 4786 potestate
2946 4717 3072 4785 Dei,
3106 4719 3153 4774 si
3186 4720 3364 4790 major
3406 4728 3490 4774 est
3514 4719 3750 4774 voluntate

2194 4808 2333 4877 ejus.
2369 4806 2424 4861 Si
2450 4807 2597 4862 enim
2628 4808 2751 4876 plus
2785 4817 2966 4879 potest
2997 4807 3141 4864 Deus
3179 4825 3345 4879 quam
3401 4812 3547 4876 vult,
3572 4808 3753 4862 videtur

2196 4908 2437 4969 potestas
2467 4898 2588 4968 ejus
2617 4899 2794 4969 major
2833 4915 2998 4968 quam
3037 4901 3289 4956 voluntas
3317 4901 3462 4970 ejus.
3508 4899 3563 4954 Si
3601 4908 3754 4953 autem

2198 4999 2440 5060 potestas
2465 4991 2585 5061 ejus
2615 4991 2792 5062 major
2823 5001 3095 5061 estquam
3142 4994 3396 5049 voluntas
3424 4994 3545 5065 ejus
3580 5034 3596 5059 ,
3631 4990 3757 5045 vide-

2200 5093 2290 5138 tur
2318 5084 2372 5137 in
2402 5099 2469 5139 eo
2498 5099 2623 5140 esse
2660 5084 2927 5154 inaequale
2966 5085 3201 5156 aliquid,
3232 5096 3285 5141 et
3330 5103 3441 5141 non
3492 5096 3633 5141 totus
3674 5083 3756 5137 sibi

2197 5176 2491 5230 convenire
2548 5176 2711 5231 Deus.
2772 5175 3059 5242 Quomodo
3105 5193 3237 5249 ergo
3278 5195 3451 5234 unum
3491 5187 3575 5232 est
3610 5185 3757 5231 totum

2197 5266 2341 5334 quod
2370 5276 2475 5333 est,
2500 5267 2547 5322 si
2576 5268 2753 5338 majus
2768 5277 2822 5323 et
2850 5269 3033 5324 minus
3061 5269 3133 5324 ibi
3154 5271 3271 5325 est?
3303 5269 3355 5323 Si
3377 5286 3516 5326 vero
3548 5270 3679 5323 idem
3694 5277 3763 5320 est

2200 5357 2274 5411 illi
2291 5366 2344 5411 ct
2367 5358 2499 5413 velle
2520 5367 2575 5412 et
2598 5374 2775 5428 posse,
2789 5359 2975 5413 eadem
3002 5368 3085 5414 est
3103 5370 3339 5430 potestas
3359 5360 3573 5430 ejus,et
3596 5358 3761 5412 volun-

2201 5457 2284 5504 tas
2300 5450 2439 5519 ejus.
2458 5449 2515 5503 Si
2541 5459 2721 5504 autem
2746 5451 2889 5505 idem
2914 5451 2989 5505 illi
3006 5462 3157 5507 estet
3176 5468 3338 5522 posse
3364 5462 3421 5507 et
3446 5453 3607 5515 velle,
3625 5450 3763 5520 quid-

2199 5545 2328 5614 quid
2345 5546 2457 5598 vult
2477 5553 2671 5615 potest,
2693 5553 2747 5600 et
2767 5544 3027 5616 quidquid
3051 5557 3230 5617 potest
3264 5548 3389 5602 vult.
3425 5546 3559 5601 Vult
3605 5552 3761 5599 autem

2199 5650 2359 5692 omne
2376 5638 2520 5705 quod
2551 5636 2696 5701 fecit,
2719 5636 2844 5705 quia
2874 5647 3064 5693 contra
3090 5640 3422 5693 voluntatem
3460 5638 3600 5692 nihil
3638 5635 3763 5693 facit.

2199 5731 2292 5798 qui
2312 5729 2612 5785 voluntarie
2632 5728 3032 5800 facitquidquid
3050 5730 3197 5786 facit.
3211 5731 3448 5786 Rursum
3462 5724 3763 5796 omnequod

2202 5823 2315 5877 vult
2345 5821 2492 5892 facit,
2522 5822 2651 5893 quia
2673 5823 2742 5880 ad
2771 5823 2949 5879 omnia
2972 5839 3133 5895 posse
3163 5825 3331 5893 adest,
3354 5839 3487 5879 cum
3519 5824 3653 5879 velle
3674 5832 3767 5873 non
