3964 6456
502 374 605 438 85l

1604 365 1927 424 WERNERI
1962 370 2255 426 ABBATIS
2296 371 2353 427 S.
2395 372 2617 430 BLASII

3618 402 3710 458 832

501 510 564 550 re
590 495 766 566 tetigit
792 494 1092 564 leprosum,
1115 498 1240 541 cum
1272 481 1588 536 immundus
1613 491 1779 547 esset,
1812 501 1937 539 cum
1962 485 2078 540 sola
2108 499 2151 547 Α
2185 488 2270 542 sui
2305 488 2563 559 quijacct
2582 492 2741 559 quasi
2779 493 3127 564 paralytieus,
3176 506 3228 551 et
3274 500 3409 554 male
3435 513 3707 583 torquetur,

500 587 782 641 voluntate
814 584 1078 639 mundare
1101 588 1305 649 posset.
1342 578 1520 633 Voluit
1562 577 1707 631 enim
1763 578 2076 648 superbiam

499 690 748 736 nostram
780 676 1085 736 ostendere,
1113 681 1169 726 et
1204 670 1527 725 obtundere.
1568 668 1691 722 Ideo
1742 684 1849 722 non
1872 669 2075 722 abhor-

497 774 611 828 ruit
658 786 876 826 carnem
927 766 1149 836 leprosi,
1175 772 1234 819 ut
1274 762 1586 833 prodesset,
1620 769 1869 815 tractare.
1906 760 2078 827 Quili-

496 865 589 919 bet
615 864 758 918 enim
783 857 1220 928 dives,qua:lihet
1242 854 1496 925 superbia
1527 853 1801 906 infirmum
1825 864 1877 908 ct
1906 854 2079 922 turpi-

496 956 741 1009 tudinem
791 951 1061 1006 horrenda
1110 964 1222 1004 suae
1257 945 1627 1014 corruptionis
1663 947 1921 1000 abhorret
1957 955 2077 999 tan-

496 1063 643 1118 gere,
669 1045 993 1115 dedignatur
1025 1042 1228 1111 videre,
1256 1058 1354 1098 nec
1378 1042 1492 1096 vult
1522 1055 1616 1110 per
1641 1040 2078 1094 commiseratio-

496 1153 621 1191 nem
648 1137 925 1191 accedere.
955 1134 1059 1189 Sed
1092 1135 1239 1188 hunc
1292 1132 1556 1186 Dominus
1579 1138 1631 1185 et
1659 1130 1801 1184 facto
1827 1139 1882 1184 et
1905 1131 2077 1201 digito

495 1228 772 1299 objurgat.
806 1226 948 1283 Ecce
973 1236 1183 1282 creator
1213 1226 1358 1290 coeli,
1388 1241 1479 1279 rex
1509 1224 1827 1295 angelorum
1851 1222 2076 1279 descen-

494 1321 575 1375 dit
602 1322 655 1375 in
687 1320 975 1384 mundum,
995 1329 1052 1373 ut
1073 1327 1318 1389 tangeret
1345 1318 1636 1386 leprosum.
1661 1316 1739 1369 Ac
1765 1316 1808 1369 si
1836 1315 2075 1369 diceret:

497 1411 639 1468 Ecce
670 1422 893 1483 tangere
917 1412 1040 1466 veni
1065 1426 1189 1465 cum
1232 1425 1329 1479 per
1369 1408 1753 1471 humilitatem,
1779 1408 1871 1477 qui
1923 1407 2077 1461 vobis

496 1507 685 1560 sordet
706 1522 801 1576 per
827 1504 1140 1574 superbiam
1167 1521 1181 1570 ;
1209 1518 1317 1557 non
1348 1503 1416 1557 sit
1441 1503 1545 1557 vile
1573 1518 1730 1556 servo
1757 1499 1902 1569 quod
1946 1498 2076 1554 facit

476 1598 811 1669 imperator.
840 1599 930 1651 Ait
949 1598 1093 1651 enim
1128 1596 1419 1651 Salomon:
1462 1594 1565 1660 Qui
1609 1594 1839 1663 despicit
1867 1608 2076 1663 paupe-

494 1705 637 1757 rem,
666 1689 958 1759 exprobrat
980 1686 1172 1741 facturi
1214 1687 1363 1757 ejus,
1396 1687 1523 1755 quia
1573 1686 1688 1754 ipse
1717 1684 1846 1739 fecit
1875 1700 1997 1747 nos,
2024 1693 2078 1739 et

490 1798 604 1838 non
628 1781 731 1852 ipsi
762 1796 883 1836 nos:
914 1780 1005 1835 hic
1024 1779 1115 1834 tali
1138 1779 1380 1849 increpat
1403 1779 1563 1834 facto.
1597 1778 1751 1833 Dicto
1779 1777 2077 1846 increpabit

2182 589 2241 634 ut
2264 596 2377 635 sua:
2406 581 2602 635 animae
2629 585 2907 653 angustias
2933 587 3346 654 demonstraret,
3377 602 3428 647 et
3454 581 3708 661 Dominum

2179 672 2585 727 commovisset.
2625 692 2642 724 ε
2686 672 2847 740 Puer,
2876 676 3069 745 inquit,
3093 678 3238 748 jacet
3263 681 3317 734 in
3338 682 3495 740 domo
3520 689 3707 758 (Matth.

2178 764 2321 832 vui).
2355 782 2374 815 ›

2253 852 2307 907 Si
2336 854 2535 925 aliquis
2564 865 2772 926 quaerat
2801 873 2970 927 quare
2999 858 3143 915 hunc
3166 878 3274 917 non
3298 866 3576 937 attulisset,
3596 874 3712 933 siem

2179 945 2253 998 iiii
2278 946 2366 999 alii
2397 947 2490 1016 qui
2524 948 2846 1018 paralyticos
2874 949 2925 1001 in
2953 949 3087 1023 lecto
3114 955 3422 1024 attulerant,
3451 967 3710 1032 respondeo

2178 1037 2307 1105 quia
2344 1049 2564 1092 nonest
2601 1054 2740 1107 opus
2788 1037 2937 1092 illum
2997 1044 3178 1097 omnia
3211 1046 3409 1102 videnti
3431 1050 3481 1104 in
3518 1068 3712 1126 conspe-

2178 1135 2323 1178 ctum
2388 1124 2599 1188 aderre,
2632 1126 2790 1195 cujus
2836 1130 3076 1194 potentia
3126 1133 3328 1203 ubique
3378 1153 3597 1207 praesens
3625 1124 3707 1200 est.

2178 1214 2364 1286 Itaque
2394 1217 2613 1271 mandat
2634 1218 2685 1271 ei
2716 1236 2728 1271 :
2767 1236 2785 1265 ι
2808 1215 2948 1272 Puer
2970 1221 3117 1291 jacet
3151 1225 3209 1280 in
3237 1226 3423 1293 domn,
3449 1250 3466 1282 ι
3498 1247 3557 1287 ac
3581 1234 3618 1288 si
3646 1237 3712 1291 di-

2178 1319 2357 1365 ceret:
2388 1308 2505 1365 Non
2528 1320 2613 1364 cst
2635 1326 2774 1380 opus
2798 1321 2858 1367 ut
2885 1325 3010 1371 ante
3028 1327 3078 1372 te
3098 1318 3324 1375 feratur.
3357 1320 3464 1376 Cur
3489 1340 3604 1395 ergo
3628 1327 3714 1384 Do.

2177 1400 2361 1454 minus
2391 1400 2500 1455 ait:
2540 1400 2684 1472 «Ego
2709 1404 2922 1460 veniam
2946 1415 3002 1461 et
3031 1410 3236 1463 curabo
3257 1427 3383 1466 eum
3403 1414 3586 1484 (ibid.),
3613 1434 3713 1474 cum

2177 1506 2284 1544 non
2307 1500 2450 1561 petat
2463 1492 2753 1549 adventum
2779 1496 2900 1566 ejus
2917 1498 2940 1551 ?
2958 1496 3199 1569 Regulus
3212 1503 3433 1571 quidam
3447 1507 3589 1574 cujus
3599 1509 3714 1564 filius

2176 1583 2556 1639 infirmabatur
2578 1584 2985 1655 Capharnaum,
3022 1594 3233 1661 rogavit
3272 1610 3400 1648 eum
3429 1605 3482 1649 ut
3526 1600 3712 1654 descen-

2175 1674 2345 1742 deret,
2362 1685 2415 1730 ct
2437 1676 2831 1732 sanaretfiliam
2850 1679 2988 1748 ejus.
3004 1679 3103 1735 Cui
3122 1684 3200 1737 ait
3218 1682 3383 1739 Jesus
3402 1705 3415 1741 :
3434 1686 3584 1756 Vade,
3599 1693 3716 1747 lilius

2179 1775 2305 1823 tuus
2338 1768 2470 1822 vivit
2512 1767 2692 1840 (Joan.
2721 1771 2814 1837 ιν).
2851 1770 3231 1847 [ϐηῡοιυυε]
3279 1776 3365 1829 Ad
3404 1794 3601 1836 servum
3629 1799 3714 1839 non

491 1876 776 1945 superbos,
808 1888 933 1927 cum
980 1872 1150 1926 dicit:
1197 1871 1500 1926 «Infirmus
1540 1872 1615 1928 fui
1654 1890 1667 1925 :
1705 1882 1759 1926 et
1794 1887 1903 1926 neu
1943 1871 2066 1925 visi-

2177 1859 2410 1927 petentis
2443 1861 2626 1915 venire
2674 1862 2864 1925 voluit,
2898 1872 2952 1917 et
2998 1864 3065 1918 ad
3117 1845 3289 1921 filium
3349 1871 3487 1940 regis
3535 1889 3716 1942 persua-

488 1967 618 2022 tasti
650 1982 737 2021 me
766 1965 983 2038 (Matth.
1014 1966 1163 2035 xxv).
1199 1983 1217 2015 ι
1251 1993 1324 2003 -—
1357 1983 1376 2016 ί
1410 1963 1475 2020 Ει
1497 1964 1784 2021 confestim
1815 1963 2078 2018 mundata

487 2069 573 2116 est
591 2061 736 2130 lepra
766 2059 905 2129 ejus.
931 2077 951 2110 ι

560 2152 710 2207 Fecit
740 2160 796 2208 et
844 2150 990 2206 aliud
1039 2149 1367 2205 miraculum
1415 2150 1468 2205 in
1516 2151 1706 2206 eodem
1756 2149 2071 2221 Evangelio,

486 2244 579 2300 ubi
611 2243 825 2315 signum
873 2251 958 2298 est
1004 2257 1216 2313 magna:
1261 2242 1606 2297 humilitatis.
1642 2241 1800 2296 Venit
1840 2242 1907 2296 ad
1946 2258 2071 2297 eum

484 2336 736 2391 centurio
766 2334 1027 2389 continuo
1050 2342 1170 2403 post
1198 2333 1398 2405 leprosi
1434 2334 1864 2401 mundationcm,
1889 2345 1944 2388 et
1977 2350 2072 2389 ro-

487 2428 636 2499 gavit
664 2443 811 2492 eum,
842 2427 1058 2481 dicens:
1095 2445 1112 2477 ι
1143 2425 1391 2493 Domine,
1429 2441 1563 2496 puer
1608 2442 1764 2481 meus
1797 2428 1942 2497 jacet
1974 2444 2072 2496 pa-

481 2517 747 2589 ralyticus
780 2518 834 2571 in
869 2518 1055 2584 domo,
1090 2525 1144 2571 et
1190 2516 1331 2571 male
1375 2526 1678 2587 torquetur.
1737 2516 1804 2572 Et
1862 2518 1938 2572 ait
1993 2519 2070 2573 illi

480 2610 680 2668 Jesus:
713 2610 826 2682 Ego
851 2611 1089 2676 veniam,
1112 2619 1167 2665 et
1191 2612 1397 2666 curabo
1425 2627 1571 2666 eum.
1620 2610 1687 2666 Et
1734 2613 2070 2681 respondens

482 2703 751 2769 centurio,
773 2703 849 2757 ait
874 2721 887 2756 :
916 2703 1164 2769 Domine,
1190 2718 1298 2756 non
1326 2718 1447 2756 sum
1471 2703 1667 2774 dignus
1694 2711 1753 2758 ut
1777 2704 1946 2759 intres
1967 2705 2069 2761 sub

485 2804 688 2851 tectum
727 2811 931 2861 meum,
963 2795 1058 2850 sed
1099 2804 1310 2850 tantum
1360 2796 1449 2851 dic
1483 2797 1667 2863 verbo,
1695 2806 1749 2851 et
1786 2799 2069 2852 sanabitur

481 2902 619 2958 puer
643 2901 796 2942 meus
820 2886 1038 2956 (Matth.
1069 2886 1207 2956 vin).
1224 2904 1243 2940 ι
1277 2885 1506 2942 Gentilis
1530 2897 1649 2943 erat
1677 2890 1925 2945 centurio
1942 2892 2064 2956 istc,

481 2985 538 3033 et
558 2976 761 3032 multos
784 2977 984 3032 milites
1006 2976 1109 3032 sub
1123 2985 1391 3045 potestate
1414 2977 1620 3032 habuit.
1648 2978 1860 3034 Nubam
1891 2980 2065 3048 legem

480 3068 735 3136 habebat,
764 3085 885 3140 qua:
920 3069 970 3124 ei
999 3070 1289 3126 condolere
1344 3070 1593 3141 proximo
1650 3072 1984 3141 praeciperet,
2010 3081 2067 3128 et

478 3170 663 3217 tamen
693 3162 881 3232 dolet;
945 3179 1054 3218 non
1103 3164 1171 3219 de
1218 3165 1352 3233 tilio,
1380 3179 1489 3219 non
1522 3163 1589 3218 de
1621 3165 1812 3233 milite,
1851 3165 1945 3221 sed
1997 3167 2065 3224 de

480 3265 659 3309 servo.
686 3250 985 3308 Christiani
1040 3254 1337 3325 principes,
1370 3256 1416 3309 si
1454 3271 1643 3311 servos
1676 3273 1807 3312 suos
1848 3257 2066 3314 videant

480 3344 767 3411 infirmari,
815 3345 1142 3414 despiciunt,
1202 3347 1562 3418 vilipendunt,
1617 3348 1686 3404 de
1722 3351 1803 3404 eis
1858 3351 2063 3405 nullam

478 3451 669 3491 curam
703 3437 922 3492 habent.
959 3437 1188 3495 Gentilis
1214 3450 1393 3495 autem
1438 3441 1541 3496 iste
1576 3456 1765 3496 curam
1809 3458 2061 3513 magnam

479 3527 689 3584 habens
718 3528 785 3583 de
812 3545 990 3597 servo,
1023 3530 1172 3586 misit
1207 3533 1452 3593 seniores
1492 3530 1805 3587 Iudaeorum
1838 3534 1906 3588 ad
1955 3550 2065 3590 cu:-

477 3617 672 3675 Iestem
703 3622 995 3688 medicum,
1021 3638 1221 3693 rogans
1270 3637 1394 3678 eum
1425 3632 1484 3680 ut
1514 3626 1725 3679 veniret
1753 3632 1808 3678 ct
1845 3634 2066 3679 sanaret

480 3724 701 3764 servum
737 3711 878 3779 ejus,
923 3713 1052 3781 quia
1089 3713 1307 3784 gentilis
1352 3723 1406 3769 et
1456 3715 1759 3786 alienigena
1786 3724 1921 3778 erat,
1954 3731 2063 3770 non

480 3808 569 3855 est
591 3817 761 3857 ausus
785 3803 852 3857 ad
879 3802 1168 3859 Dominum
1200 3807 1458 3861 accedere
1486 3807 1863 3876 corporaliter,
1896 3815 1955 3862 ut
1987 3807 2065 3863 ait

480 3887 684 3956 Lucas,
718 3892 811 3947 sed
857 3893 1008 3948 misit
1055 3896 1300 3951 seniores
1328 3896 1641 3953 Judaeorum
1687 3898 1844 3967 quasi
1870 3899 2062 3954 dome-

479 3982 651 4037 sticos
679 3984 774 4053 qui
799 3985 1046 4042 securius
1071 4002 1195 4041 eum
1231 3998 1505 4059 rogarent,
1531 3991 1689 4060 quasi
1719 4000 1981 4060 reputans
2003 4008 2063 4049 se

479 4070 786 4142 indignum,
821 4075 912 4144 qui
938 4092 1030 4144 per
1058 4077 1433 4147 paenitentiam
1467 4079 1721 4149 corporis
1745 4095 1854 4135 non
1891 4097 2061 4139 ausus

477 4171 563 4217 est
597 4165 876 4231 accedere,
911 4177 1091 4222 tamen
1128 4170 1362 4224 accessit
1390 4170 1513 4237 ﬁde,
1550 4181 1599 4225 et
1628 4172 1750 4227 ideo
1778 4173 1978 4228 dicitur
2004 4174 2061 4229 in

478 4250 806 4323 Evangelio:
845 4274 863 4307 ‹
896 4256 1141 4314 Accessit
1178 4259 1246 4314 ad
1294 4274 1420 4315 eum
1471 4261 1721 4316 centurio
1744 4282 1762 4315 ι
1795 4264 1913 4319 sine
1937 4279 2064 4319 con-

478 4356 631 4412 pore,
660 4353 837 4401 tamen
868 4346 973 4403 ﬁde
1028 4363 1226 4421 rogans
1262 4365 1359 4420 per
1409 4351 1798 4410 internuntios.
1854 4374 1873 4407 ‹
1900 4354 2062 4412 Iesus

478 4444 660 4492 autem
696 4439 808 4495 ibat
832 4455 957 4495 cum
983 4441 1109 4497 illis.
1138 4441 1205 4497 Et
1234 4458 1361 4498 cum
1381 4443 1496 4514 jam
1521 4460 1630 4500 non
1654 4446 1816 4518 longe
1858 4457 2003 4504 esset
2028 4464 2060 4504 a

475 4530 661 4595 domo,
692 4533 843 4590 misit
866 4535 935 4589 ad
969 4550 1094 4590 eum
1119 4536 1365 4591 centurio
1412 4538 1623 4594 amicos
1653 4555 1784 4595 suos
1830 4540 2054 4598 dicens:
2090 4560 2135 4615 ι)

477 4618 598 4678 Noli
624 4626 839 4691 vexari,
879 4641 990 4681 non
1024 4642 1146 4683 sum
1176 4627 1321 4683 enim
1366 4629 1584 4700 dignus,
1611 4639 1717 4687 etc.
1748 4630 1901 4704 (Luc.
1934 4636 2055 4704 vn).

478 4712 709 4787 Rogavit
749 4728 933 4774 tamen
957 4728 1017 4774 ut
1044 4720 1275 4789 veniret,
1308 4723 1405 4779 sed
1446 4738 1554 4778 non
1588 4724 1807 4781 dicebat
1841 4727 1947 4783 hoc
1990 4728 2059 4784 de

477 4808 714 4864 adventu
767 4811 1055 4881 corporis,
1109 4812 1205 4867 sed
1260 4828 1484 4871 accessu
1534 4818 2054 4877 commiserationis.

479 4895 742 4955 Remotus
761 4910 931 4957 erata
984 4902 1236 4974 gentibus
1281 4920 1379 4974 per
1406 4906 1795 4974 idololatriam,
1836 4922 2059 4982 rogatur

478 4994 538 5041 ut
580 4986 826 5055 accedat,
856 5004 965 5043 non
1003 5006 1100 5060 per
1126 4991 1419 5062 justitiam,
1460 4995 1556 5051 sed
1597 5012 1696 5068 per
1743 5000 2060 5056 misericor-

475 5077 645 5133 diam.
678 5077 865 5150 Legati
891 5097 1020 5137 vero
1041 5083 1426 5142 intellexerunt
1476 5104 1604 5145 eum
1630 5091 1836 5149 dixisse
1860 5093 1929 5148 d'e
1962 5093 2060 5149 ad—

475 5177 641 5225 ventu
671 5172 938 5242 corporis.
971 5173 1319 5247 Rogaverunt
1355 5182 1538 5253 itaque
1565 5181 1737 5239 Judaei
1762 5193 1822 5239 ut
1851 5185 2060 5241 veniret

479 5281 500 5315 ε
531 5263 776 5323 dicentes
821 5268 951 5338 quia
986 5269 1185 5341 dignus
1227 5281 1312 5329 est
1356 5283 1416 5330 ut
1448 5275 1554 5329 hoc
1581 5274 1656 5329 illi
1686 5286 1928 5345 praestes.
1962 5277 2057 5332 Di-

474 5354 597 5428 ligit
619 5355 762 5413 enim
786 5368 1000 5431 gentem
1042 5370 1286 5419 nostram
1324 5373 1380 5419 et
1411 5363 1755 5437 Synagogam
1782 5366 1897 5437 ipse
1928 5367 2060 5423 tedi-

474 5444 659 5506 flcavit
703 5451 883 5509 nobis.
917 5451 1130 5520 Quibus
1155 5454 1232 5508 ait
1260 5454 1530 5510 Dominus
1557 5475 1569 5509 :
1604 5455 1717 5527 Ego
1745 5458 1979 5525 veniam,
2006 5468 2062 5514 et

477 5540 685 5596 curabo
707 5556 855 5598 eum.
896 5542 1120 5614 Ibatque
1145 5560 1270 5600 cum
1303 5545 1432 5601 illis.
1468 5546 1712 5603 Audiens
1759 5563 1888 5619 ergo
1926 5564 2060 5605 cen-

478 5632 626 5687 turio
658 5633 786 5702 quia
828 5635 1096 5702 veniebat,
1147 5636 1302 5692 misit
1359 5637 1556 5692 iterum
1596 5639 1802 5695 amicos
1828 5639 2055 5694 dicens:

477 5715 601 5775 Noli
621 5723 805 5777 vexari
824 5725 953 5794 quia
976 5740 1082 5779 non
1101 5742 1223 5781 sum
1246 5727 1463 5798 dignus,
1476 5738 1579 5784 etc.
1603 5729 1806 5799 (ibid.).
1833 5749 1849 5781 ι
1870 5728 2060 5786 Notate

464 5812 646 5869 verba
669 5815 842 5872 fidelis
865 5817 1099 5888 gentilis.
1131 5818 1354 5877 Mandat
1385 5822 1433 5879 ei
1461 5832 1572 5880 tres
1598 5824 1882 5895 passiones
1919 5823 2061 5879 servi

2179 1950 2379 2018 dentis,
2412 1950 2742 2008 descendere
2793 1955 2989 2011 noluit.
3024 1955 3203 2024 Quare
3255 1959 3391 2028 hoc,
3420 1963 3608 2031 fratres,
3634 1966 3717 2023 nisi

2178 2040 2307 2112 quia
2338 2057 2448 2097 non
2480 2051 2565 2100 est
2592 2059 2950 2115 personarum
2981 2052 3227 2122 acceptio
3256 2055 3404 2123 apud
3433 2054 3600 2111 Deum.
3628 2056 3719 2113 Nos

2177 2133 2516 2192 honoramus
2546 2138 2764 2197 divitias
2791 2151 2845 2197 et
2876 2144 2943 2198 ad
2966 2143 3161 2199 divites
3182 2145 3438 2202 inﬁrmos
3461 2150 3712 2217 currimus;

2174 2227 2242 2281 ad
2293 2244 2562 2299 pauperes
2604 2240 2786 2288 autem
2827 2235 2906 2288 ire
2950 2236 3336 2295 abhorremus.
3377 2240 3508 2297 Ecce
3532 2242 3623 2298 Rex
3651 2261 3715 2300 re-

2174 2337 2339 2393 gnum
2364 2323 2432 2379 ad
2464 2337 2685 2382 servum
2723 2325 2799 2385 ire
2834 2342 2944 2384 non
2991 2328 3193 2400 didert,
3224 2340 3274 2389 et
3310 2332 3381 2388 ad
3410 2334 3567 2391 lilium
3603 2337 3716 2411 regis

2172 2414 2253 2471 ire
2281 2418 2583 2474 contendit.
2615 2419 2832 2490 Pauper
2876 2422 2980 2479 fuit
3010 2423 3265 2481 Christus
3291 2437 3351 2482 et
3372 2444 3616 2499 pauperes
3653 2433 3718 2485 di-

2171 2506 2323 2574 lexit,
2356 2519 2413 2563 ut
2435 2525 2703 2581 pauperes
2728 2514 2938 2570 divitiis
2969 2517 3086 2571 suis
3109 2517 3328 2573 ditaret.
3371 2518 3618 2576 Dominus
3642 2524 3719 2577 ita-

2170 2614 2277 2666 que
2306 2601 2475 2656 voluit
2525 2602 2604 2658 ire
2633 2605 2699 2659 ad
2723 2621 2962 2673 servum,
2992 2609 3084 2663 sed
3139 2612 3388 2666 centurio
3421 2614 3618 2668 mandat
3640 2617 3677 2669 e2
3701 2635 3714 2670 :

2169 2688 2288 2745 Non
2317 2708 2439 2746 sum
2464 2693 2682 2764 dignus.
2713 2695 2828 2751 Cur
2862 2712 2970 2751 non
3027 2714 3149 2753 sum
3193 2701 3440 2772 dignus?
3474 2703 3594 2770 Quia
3616 2722 3718 2775 gen-

2169 2782 2279 2839 tilis
2328 2799 2472 2851 sum,
2504 2786 2805 2857 alienigena
2853 2801 2998 2855 sum,
3021 2790 3175 2845 miles
3202 2807 3349 2859 sum,
3374 2795 3551 2865 gladio
3575 2796 3720 2851 accin-

2168 2885 2289 2931 ctus
2343 2891 2500 2945 sum;
2553 2878 2875 2949 sanguinem
2928 2880 3183 2950 fundens,
3225 2899 3339 2939 non
3399 2902 3520 2941 sum
3560 2888 3719 2958 dignus

2167 2969 2477 3038 conspectui
2515 2979 2628 3025 tuo.
2664 2968 2777 3028 Hoc
2838 2985 3111 3029 reveretur
3158 2976 3264 3033 iste
3300 2982 3539 3049 gentilis,
3561 2981 3721 3035 fratres

2165 3061 2499 3131 charissimi,
2521 3064 2667 3134 quod
2689 3065 2875 3121 nullus
2898 3068 3055 3125 miles
3079 3069 3458 3131 Christianus.
3481 3074 3591 3144 Qui.
3618 3078 3719 3131 licet

2171 3150 2508 3220 immundus,
2546 3171 2654 3210 non
2708 3156 2876 3211 dicit:
2926 3156 3043 3214 Non
3093 3179 3216 3218 sum
3263 3165 3489 3237 dignus,
3509 3169 3606 3223 imo
3651 3178 3715 3223 te-

2093 3216 2137 3280 C
2169 3243 2401 3299 merarie
2435 3246 2697 3314 praebebit
2733 3248 2783 3303 ei
2832 3252 3115 3307 sordidum
3164 3216 3494 3325 hospitium:
3521 3266 3569 3313 et
3597 3259 3643 3312 in
3666 3273 3722 3313 eo

2167 3334 2360 3404 recipit
2393 3352 2542 3391 eum.
2597 3337 2704 3393 lste
2759 3357 2889 3399 vero
2935 3344 3051 3399 ait:
3081 3344 3239 3401 «Non
3283 3364 3415 3403 sum
3465 3349 3638 3421 dignus
3672 3359 3724 3404 ut

2166 3425 2341 3481 intres
2369 3426 2472 3482 sub
2525 3438 2730 3486 tectum
2782 3450 2989 3503 meum,
3019 3437 3113 3492 sed
3164 3446 3377 3495 tantum
3406 3442 3493 3497 die
3519 3443 3658 3497 verbo
3675 3452 3723 3497 et

2167 3520 2452 3575 sanabitur
2482 3538 2619 3591 puer
2645 3540 2822 3581 meus.
2851 3545 2870 3578 ι
2903 3525 3299 3598 Comparemus
3348 3542 3630 3605 utrumque
3650 3534 3723 3587 in-

2164 3611 2330 3665 simul
2385 3612 2661 3683 leprosum
2715 3624 2772 3671 et
2815 3620 3229 3689 centurionem,
3284 3622 3586 3689 videamus,
3617 3640 3721 3678 cum

2166 3705 2453 3776 utriusque
2483 3708 2618 3764 lides
2643 3723 2840 3780 magna
2862 3719 3028 3777 esset,
3057 3713 3152 3782 qui
3175 3714 3353 3785 major
3380 3716 3586 3771 fuisset.
3608 3714 3724 3771 Dict

2166 3796 2451 3867 leprosus:
2483 3819 2500 3851 ι
2539 3798 2712 3856 Si‘vis
2765 3812 2920 3872 potes
2948 3819 3035 3857 me
3076 3806 3401 3862 mundare.»
3434 3809 3524 3862 Ait
3569 3816 3721 3861 autem

2165 3888 2446 3943 centurio:
2496 3908 2512 3940 ι
2552 3888 2648 3946 Die
2698 3900 2909 3947 tantum
2955 3895 3121 3948 verbo
3169 3903 3224 3950 et
3277 3898 3565 3952 sanabitur
3611 3912 3725 3967 puer

2166 3995 2340 4035 meus.
2356 4000 2374 4030 ι
2399 3980 2503 4035 Iste
2524 3982 2883 4050 voluntatem,
2911 3985 2999 4040 ille
3022 3986 3329 4055 jussionem
3352 3990 3602 4044 subtilius
3614 4004 3726 4043 con-

2165 4071 2369 4128 siderat
2404 4073 2607 4129 divina:
2662 4077 2942 4146 potentiae,
2974 4079 3069 4132 sed
3098 4079 3191 4148 qui
3222 4095 3321 4150 per
3346 4082 3522 4137 solam
3560 4082 3728 4136 volun.

2165 4171 2330 4219 tatem
2355 4165 2527 4220 credit
2553 4181 2677 4221 esse
2707 4177 3008 4237 potentem,
3040 4171 3304 4240 majorem
3352 4174 3515 4229 fidem
3568 4174 3727 4238 habet,

2162 4255 2293 4325 quia
2322 4270 2429 4311 non
2457 4256 2637 4312 solum
2671 4257 2728 4311 in
2759 4258 3033 4329 jussioue,
3077 4261 3169 4316 sed
3206 4263 3258 4315 in
3288 4264 3408 4319 sola
3442 4264 3610 4320 credit
3646 4278 3732 4317 vo-

2163 4346 2392 4413 luntate,
2429 4347 2526 4402 sed
2554 4357 2734 4403 tamen
2781 4365 2977 4420 magna
3018 4361 3098 4405 est
3147 4352 3284 4407 tides
3337 4354 3731 4409 centurioniset

2162 4437 2449 4495 mirabilis.
2479 4438 2569 4494 Ait
2589 4440 2737 4499 enim
2767 4459 2780 4496 :
2827 4442 2937 4511 Ego
2959 4442 3146 4509 credo,
3174 4442 3301 4512 quia
3338 4446 3507 4500 verbo
3536 4453 3624 4499 tuo
3646 4460 3730 4514 po-

2163 4530 2297 4587 teris
2321 4546 2537 4587 sanare.
2579 4531 2695 4604 Ego
2737 4533 2884 4588 enim
2931 4550 3052 4588 sum
3106 4535 3286 4604 inquit
3327 4536 3495 4593 homo
3548 4537 3735 4592 solum-

2164 4623 2350 4690 modo,
2382 4631 2435 4679 et
2469 4632 2523 4678 tu
2556 4622 2722 4679 Deus.
2755 4623 2869 4694 Ego
2892 4641 3014 4680 sum
3049 4626 3216 4681 homo
3249 4627 3459 4684 habens
3506 4630 3606 4683 sub
3646 4644 3733 4697 po-

2162 4720 2354 4768 testate
2379 4713 2599 4781 milites,
2632 4722 2686 4767 et
2717 4726 2773 4768 tu
2803 4715 3047 4786 angelos,
3077 4714 3172 4784 qui
3205 4714 3416 4771 faciunt
3445 4717 3732 4772 miracula!

2167 4824 2187 4858 ι
2225 4805 2338 4876 Ego
2379 4805 2505 4861 dico
2549 4807 2712 4861 huic:
2744 4804 2892 4861 Vade
2918 4817 2972 4862 et
3018 4807 3195 4873 vadit,
3230 4817 3285 4862 et
3327 4809 3420 4863 alii
3451 4828 3464 4864 :
3498 4808 3650 4874 Veni,
3683 4816 3730 4860 et

2160 4898 2326 4951 venit.
2355 4915 2375 4949 ι
2402 4895 2517 4950 Non
2542 4907 2626 4952 est
2650 4897 2907 4965 hominis,
2928 4897 3016 4950 cui
3041 4906 3236 4967 parent
3262 4897 3541 4966 homines,
3577 4898 3739 4952 multo

2162 4989 2336 5059 magis
2361 4989 2457 5043 tibi
2482 4990 2657 5060 angeli
2687 4991 2973 5060 parebunt,
2994 5000 3047 5044 et
3079 4997 3190 5044 tota
3220 5000 3445 5058 natura,
3475 4992 3605 5062 quia
3630 5004 3739 5044 om-

2162 5082 2253 5137 nia
2280 5090 2451 5151 potes.
2478 5081 2704 5138 Miratus
2753 5092 2836 5138 est
2890 5081 3147 5138 Christus
3182 5083 3347 5138 ﬁdem
3381 5085 3563 5145 illius,
3604 5083 3743 5136 ideo-

2161 5190 2269 5245 que
2294 5177 2646 5245 sequentibus
2663 5193 2721 5231 se
2743 5177 2882 5232 dixit
2915 5195 2928 5230 :
2959 5196 2976 5227 ι
3002 5175 3121 5232 Non
3140 5178 3325 5234 inveni
3356 5186 3563 5233 tantam
3589 5175 3740 5229 fidem

2163 5268 2218 5323 in
2242 5266 2461 5322 Israel.»
2488 5267 2752 5323 Iudaicus
2787 5270 2935 5324 enim
2957 5269 3194 5339 populus
3225 5271 3481 5340 quamvis
3508 5269 3659 5323 hunc
3673 5282 3745 5320 νιο

2162 5359 2334 5415 disset
2356 5373 2453 5428 per
2472 5360 2791 5429 prophetas,
2817 5368 3003 5415 tamen
3035 5377 3161 5415 eum
3194 5376 3307 5415 non
3343 5375 3551 5433 cognov
3576 5368 3617 5423 t,
3653 5355 3739 5411 sed

2161 5452 2377 5508 dicebat
2400 5452 2585 5506 omnia
2616 5452 2888 5506 miracula
2917 5468 3043 5508 eum
3090 5452 3270 5509 facere
3324 5455 3381 5509 in
3444 5451 3744 5507 Beelzebub

2163 5544 2317 5615 (Luc.
2356 5545 2453 5613 xi).
2480 5542 2665 5599 Jairus
2690 5544 2857 5599 etiam
2894 5546 3147 5615 princeps
3179 5544 3346 5601 Israel
3368 5561 3469 5617 pro
3495 5545 3608 5600 lilia
3645 5557 3741 5599 sua

2162 5646 2355 5706 petens
2385 5635 2576 5702 Deum,
2604 5650 2711 5690 non
2740 5635 2879 5690 dixit
2907 5653 2919 5688 :
2950 5634 3051 5691 Die
3073 5637 3277 5703 verbo;
3308 5639 3403 5693 sed
3436 5658 3453 5690 ι
3485 5636 3609 5691 veni
3656 5650 3746 5688 vc—

2163 5728 2385 5795 lociter;
2437 5739 2730 5797 antequam
2769 5726 3037 5781 moriatur
3081 5728 3247 5782 tiliam
3302 5728 3514 5797 (Matth.
3572 5726 3674 5792 rx).
3717 5742 3735 5774 ι

2163 5820 2490 5878 Nieodemus
2510 5834 2728 5890 quoque
2754 5829 2933 5875 rector
2954 5817 3139 5888 Israel,
3161 5821 3228 5876 de
3252 5819 3374 5875 ﬁdei
3397 5826 3744 5877 sacramento
