4032 6396
279 384 388 440 833

1213 379 1785 436 DEFLOIIATIONES
1825 379 1924 436 SS.
1967 378 2274 436 ρΑτιιυΜ.
2311 415 2374 423 ——
2417 381 2545 436 LIB.
2589 381 2608 434 I

3454 389 3560 446 εδδ

279 501 510 558 audiens
545 498 652 552 ait:
697 516 715 548 ι
757 495 1045 564 Quomodo
1082 503 1261 566 potest
1292 497 1399 551 hoc
1437 495 1586 551 fieri?
1615 516 1634 548 ι
1681 495 1862 567 (Joan.
1898 502 1942 559 Α
1973 498 2243 553 maculata
2269 507 2371 552 est.
2405 496 2461 551 Si
2492 511 2622 569 ergo
2654 497 2854 568 aliquis
2881 513 3070 555 verum
3107 499 3258 572 lepra
3296 499 3387 558 illa
3417 503 3554 558 irre-

280 593 390 665 ιιι.)
425 591 588 647 Maria
641 599 697 646 et
747 589 957 644 Martha
999 589 1162 644 etiam
1199 589 1501 645 dixerunt:
1543 605 1562 640 ι
1612 588 1863 655 Domine,

1969 589 2102 644 titus
2130 598 2232 656 est,
2265 597 2521 644 occurrat
2569 605 2700 643 vero
2730 589 2964 656 medico,
2998 601 3052 647 et
3082 593 3264 648 dicat:
3303 612 3322 646 ι
3349 591 3405 648 Si
3446 594 3553 662 vis,

279 685 326 741 si
351 683 550 739 fuisses
581 681 671 736 hic
697 678 878 751 (Joun.
905 684 986 748 χ),
1025 697 1043 731 ι
1090 679 1251 750 quasi
1289 680 1492 735 absens
1538 693 1645 734 non
1685 689 1868 749 posset
1966 689 2123 751 potes
2155 695 2240 734 me
2265 680 2589 735 mundare.»
2623 679 2964 752 Praeceptum
2989 694 3107 738 erat
3139 685 3194 738 in
3233 686 3402 740 veteri
3439 685 3558 757 lege

275 790 402 829 eum
454 773 684 828 salvare.
719 771 905 842 Itaque
942 787 960 819 ι
1002 784 1110 824 non
1150 771 1331 827 inveni
1366 780 1570 826 tantam
1596 771 1756 826 fidem
1811 773 1865 826 in

273 864 496 920 Israel.»
523 865 606 918 Ait
637 882 768 937 ergo
796 885 808 921 :
850 887 867 918 ι
908 866 1064 923 Sicut
1091 865 1396 931 credidisti,
1423 865 1516 919 liat
1540 863 1656 918 tibi.
1693 862 1866 918 Etsa-

272 965 440 1012 natus
464 965 695 1026 estpuer
719 958 774 1011 in
800 957 889 1012 illa
919 957 1108 1013 hora.)
1147 956 1370 1020 Discite,
1401 955 1620 1022 fratres,
1648 955 1702 1008 in
1740 954 1863 1010 istis

270 1047 497 1118 aliquod
521 1049 830 1118 exemplum
861 1051 986 1105 vitae
1016 1057 1238 1105 nostrae.
1274 1048 1567 1103 Descendit
1611 1045 1774 1104 Jesus
1795 1046 1863 1102 de

269 1149 482 1203 monte,
507 1140 636 1210 quia
665 1141 948 1197 descendit
971 1143 1038 1197 de
1064 1142 1226 1197 caelo.
1279 1140 1345 1196 Et
1394 1151 1683 1212 postquam
1724 1141 1865 1194 inter

269 1231 532 1286 homines
558 1231 731 1285 voluit
755 1233 1090 1298 conversari,
1121 1233 1293 1287 turba:
1323 1241 1525 1288 secuta:
1553 1241 1684 1286 sunt
1713 1246 1861 1297 eum,

268 1321 404 1391 quia
433 1321 554 1392 ejus
579 1321 807 1392 vestigia
829 1330 957 1377 sunt
991 1322 1235 1377 imitatae.
1269 1320 1372 1375 Sed
1418 1320 1601 1374 veniat
1633 1334 1764 1389 ergo
1797 1318 1863 1372 ad

267 1429 423 1480 eum,
455 1415 500 1468 si
525 1414 726 1484 aliquis
777 1415 1029 1485 leprosus
1058 1424 1160 1470 est.
1190 1414 1365 1484 Lepra
1417 1414 1588 1478 enim,
1645 1412 1862 1477 fratres,

269 1516 491 1576 peccata
523 1507 829 1564 criminalia
854 1520 1004 1576 sunt,
1037 1510 1238 1580 quibus
1267 1509 1450 1563 anima
1495 1517 1683 1562 nostra
1708 1521 1863 1560 com-

1969 773 2094 828 utsi
2130 772 2331 842 aliquis
2361 772 2613 842 leprosus
2641 782 2806 839 esset,
2839 781 2991 827 extra
3020 783 3202 829 castra
3232 774 3548 843 ejiceretur,

1969 873 2024 920 et
2052 881 2221 920 sanus
2261 863 2440 920 factus
2476 866 2784 920 ostenderet
2844 880 2902 921 se
2950 867 3240 920 sacerdoti.
3293 865 3556 922 Similiter

1970 955 2064 1026 qui
2105 956 2157 1009 in
2184 956 2565 1011 criminalibus
2596 972 2721 1011 reus
2745 965 2850 1022 est,
2875 970 3027 1012 extra
3061 957 3360 1013 Ecclesiam
3393 960 3555 1015 debet

1969 1062 2111 1113 esse,
2137 1055 2190 1102 et
2229 1063 2325 1117 per
2350 1048 2690 1102 sacerdotem
2722 1049 2774 1102 in
2805 1048 3104 1104 Ecclesiam
3151 1068 3319 1107 sanus
3359 1051 3549 1126 recipi.

1962 1136 2162 1192 Invitat
2188 1154 2286 1193 nos
2313 1138 2578 1194 Dominus
2623 1140 2690 1194 ad
2738 1140 3124 1208 humilitatem,
3163 1160 3287 1198 cum
3332 1161 3553 1200 servum

1966 1230 2191 1283 visitare
2223 1232 2470 1300 cupiunt,
2495 1247 2563 1285 ne
2586 1230 3166 1301 pauperdespiciatbr.
3198 1233 3262 1288 Et
3289 1235 3416 1303 quia
3450 1234 3554 1286 Do-

1968 1322 2152 1376 minus
2197 1323 2250 1376 in
2284 1339 2520 1393 paupere
2569 1324 2894 1391 honoratur,
2939 1341 3230 1396 pauperem
3291 1326 3553 1380 Dominus

1976 1414 2282 1468 honoravit.
2319 1433 2337 1464 ι
2363 1413 2546 1468 Facite
2569 1430 2700 1486 ergo
2713 1415 2870 1472 vobis
2901 1417 3109 1474 amicos
3135 1418 3200 1472 de
3237 1432 3553 1472 mammona

1969 1503 2274 1574 iniquitatis
2308 1505 2462 1577 (Luc.
2497 1511 2630 1576 xvi).
2674 1527 2693 1560 ι

1382 1783 1978 1877 DOMINICA
2033 1787 2548 1892 QUARTA.

1499 1975 1864 2041 Secundum
1897 1975 2294 2040 Matthteum.

345 2165 366 2199 ι
403 2144 736 2199 Ascendente
784 2140 910 2197 Jesu
936 2141 989 2195 in
1026 2140 1331 2196 naviculam
1358 2140 1528 2194 secuti
1573 2148 1700 2194 sunt
1727 2154 1851 2193 eum
1886 2154 1928 2208 Β
1957 2154 2056 2194 cus
2107 2140 2211 2194 hoc
2259 2154 2382 2194 sero
2425 2149 2634 2210 gestum
2676 2139 2846 2195 fuisse
2880 2141 3142 2210 perhibet,
3169 2151 3226 2196 ut
3254 2142 3367 2196 veri
3419 2144 3554 2201 solis

263 2237 519 2308 discipuli
545 2236 663 2306 ejus
690 2253 702 2289 :
734 2233 798 2288 Et
823 2249 948 2290 ecce
993 2240 1174 2288 motus
1201 2247 1431 2302 magnus
1482 2231 1657 2286 factus
1686 2241 1770 2286 est
1798 2231 1852 2285 in

265 2330 430 2396 mari,
457 2330 529 2383 ita
558 2336 616 2382 ut
640 2326 887 2380 navicula
916 2324 1222 2396 operiretur
1252 2325 1522 2379 lluetibus.
1557 2322 1674 2392 Ipse
1725 2339 1854 2378 vero

262 2430 378 2477 erat
444 2421 496 2474 in
529 2419 713 2489 puppi,
765 2434 928 2488 super
992 2417 1226 2472 cervical
1294 2417 1572 2472 dormiens
1632 2415 1849 2488 (Matth.

262 2517 408 2584 vin).
461 2532 478 2564 ι
507 2512 752 2567 Cervical
786 2511 986 2565 dicitur
1004 2510 1088 2564 vel
1127 2509 1406 2580 pulvillus,
1452 2509 1535 2563 vel
1575 2508 1854 2577 quodlibet

263 2607 410 2660 aliud
466 2606 802 2659 substratum
827 2601 1024 2656 cervici
1075 2601 1441 2656 recumbentis
1465 2600 1530 2653 ad
1577 2599 1854 2654 dormien-

261 2701 413 2753 dum.
439 2696 696 2750 Navieula
723 2695 1004 2750 videbatur
1028 2693 1227 2763 operiri
1257 2701 1311 2746 et
1339 2691 1548 2761 impleri
1575 2690 1850 2754 ﬂuctibus,

262 2805 432 2859 quare
464 2798 614 2842 tanto
643 2789 815 2858 magis
855 2789 1016 2842 timor
1039 2786 1328 2842 conturbat
1353 2782 1671 2852 discipulos.

341 2899 360 2930 ς
391 2879 453 2934 Et
495 2887 847 2934 accesserunt
871 2887 924 2934 et
965 2879 1368 2933 suscitaverunt
1405 2889 1528 2928 eum
1562 2875 1803 2927 dicentes
1835 2890 1848 2926 :

264 2972 512 3040 Domine,
549 2974 698 3028 salva
757 2987 877 3038 nos,
933 2972 1196 3041 perimus.
1229 2968 1293 3023 Et
1331 2968 1462 3023 dicit
1493 2967 1597 3030 ,eis
1642 2965 1802 3022 Jesus
1835 2983 1848 3020 :

261 3064 405 3132 Quid
434 3065 606 3119 timidi
639 3064 784 3129 esus,
809 3064 1036 3119 modica:
1066 3062 1226 3117 fidei?
1249 3061 1404 3116 Tunc
1431 3075 1660 3130 surgens
1682 3058 1853 3130 impe-

263 3158 406 3212 ravit
435 3167 594 3212 vento
622 3167 673 3212 et
705 3157 865 3212 mari.
904 3157 969 3212 Et
1020 3155 1159 3210 dixit
1188 3173 1200 3208 :
1244 3153 1384 3208 Tace
1409 3161 1462 3207 et
1509 3153 1847 3208 obmutesce.

265 3249 334 3306 Et
363 3250 506 3305 facta
548 3259 631 3305 est
684 3250 1052 3320 tranquillitas
1106 3261 1324 3317 magna.
1366 3265 1384 3296 ι
1423 3243 1573 3300 Licet
1617 3244 1852 3299 diversis

261 3341 442 3396 verbis
462 3339 805 3410 evangelista:
836 3346 1077 3404 narrent,
1105 3352 1208 3390 una
1239 3346 1424 3389 tamen
1444 3334 1719 3389 sententia
1744 3342 1848 3397 est,

259 3443 316 3489 et
338 3445 511 3488 totum
533 3433 639 3487 diei
659 3431 850 3500 potuit.
876 3430 1195 3485 Dominatur
1221 3437 1381 3482 vento
1401 3435 1454 3481 et
1475 3427 1633 3491 mari,
1652 3425 1718 3480 de
1741 3440 1850 3494 quo

259 3525 504 3582 dicitur:
542 3543 562 3576 ι
617 3523 700 3576 Tu
759 3521 1069 3576 Dominaris
1117 3519 1401 3590 potestatis
1450 3517 1618 3572 maris
1671 3516 1842 3588 (Psal.

256 3619 560 3686 axxxvm);
600 3635 617 3668 ι
659 3614 777 3669 Νοιι
802 3629 989 3668 errore
1025 3613 1404 3666 haereticorum
1436 3610 1721 3680 imperavit
1751 3609 1845 3680 qui

255 3711 441 3765 omnia
465 3706 762 3762 animantia
783 3712 972 3774 putant
988 3703 1310 3766 animantia,
1335 3701 1427 3755 sed
1445 3701 1726 3770 majestate
1738 3717 1844 3770 qua

255 3801 370 3856 Deo
395 3807 524 3854 sunt
551 3796 853 3861 sensibilia,
885 3794 1043 3849 nobis
1087 3792 1447 3847 insensibilia.
1481 3791 1653 3860 Cujus
1703 3791 1844 3861 signi

255 3904 448 3965 typum
480 3891 534 3945 in
556 3889 695 3945 Jo'na
722 3889 974 3959 legimus,
1003 3886 1149 3956 quod
1178 3883 1443 3939 Dominus
1468 3883 1678 3938 caeteris
1701 3883 1847 3952 peri-

258 3983 573 4041 clitantibus
617 3987 838 4036 secutus
879 3986 982 4043 est,
1032 3985 1086 4031 et
1115 3976 1317 4030 dormit
1349 3984 1404 4029 et
1447 3974 1763 4040 suscitatur,
1792 3981 1846 4028 et

258 4077 488 4147 imperio
516 4091 580 4130 ac
624 4080 967 4129 sacramento
1010 4068 1280 4139 passionis
1310 4082 1423 4122 sua:
1452 4067 1647 4122 liberat
1669 4065 1846 4121 suseio

259 4178 458 4224 tantes.
485 4167 672 4236 Itaque
692 4181 804 4220 suae
829 4179 1075 4234 personae
1115 4171 1404 4229 utramque
1458 4167 1710 4213 naturam
1761 4157 1845 4213 di-

260 4269 456 4332 gnatus
479 4268 563 4314 est
588 4257 874 4312 ostendere
902 4256 1180 4310 dormiens
1209 4262 1267 4307 ut
1296 4253 1484 4319 homo,
1506 4266 1656 4306 mare
1689 4265 1847 4306 coer-

261 4367 390 4408 cens
417 4361 474 4406 ut
497 4350 658 4404 Deus.

336 4464 356 4498 ι
384 4444 554 4500 Porro
578 4443 825 4498 nomines
841 4441 1020 4496 mirati
1043 4449 1189 4505 sunt,
1213 4439 1456 4495 dicentes
1484 4439 1550 4493 ad
1573 4438 1840 4492 invicem:

261 4533 396 4602 Quis
417 4544 511 4588 aut
525 4535 704 4605 qualis
721 4542 804 4587 est
830 4533 935 4599 hic,
953 4533 1080 4601 quia
1099 4532 1274 4585 ventis
1292 4531 1522 4600 imperat
1543 4538 1595 4584 et
1614 4529 1772 4595 mari,
1790 4537 1844 4582 et

262 4626 521 4683 obediunt
542 4627 614 4680 ei.
653 4646 671 4678 ι
705 4625 866 4680 Recte
888 4625 1226 4694 appellantur
1249 4623 1498 4677 homines
1532 4623 1844 4692 quicunque

262 4719 561 4792 potentiam
587 4717 906 4781 Salvatoris,
928 4716 1170 4770 nomium
1205 4727 1488 4776 noverant,
1513 4715 1628 4769 sive
1665 4722 1844 4766 nauta:

261 4812 621 4881 excipiantur,
674 4809 788 4862 sive
823 4809 910 4862 alii
939 4807 1032 4876 qui
1085 4806 1138 4858 in
1170 4807 1291 4859 navi
1322 4815 1476 4859 erant
1506 4805 1618 4859 sive
1639 4814 1691 4858 et
1739 4804 1841 4873 ipsi
1875 4841 1919 4894 υ

261 4903 534 4973 discipuli.
554 4901 852 4972 Allcgorice
881 4916 1030 4954 mare
1065 4899 1328 4968 accipitur
1355 4911 1519 4954 azstus
1548 4897 1711 4966 hujus
1738 4912 1842 4950 sa:-

261 4999 404 5065 cuti;
441 4996 691 5051 navicula
719 4994 990 5064 passionis
1020 4994 1201 5056 arbor,
1233 4992 1391 5062 cujus
1428 4991 1688 5046 beneficio
1719 4991 1848 5044 lide—

263 5091 344 5145 les
373 5088 545 5159 adjuti
585 5086 774 5141 mundi
809 5084 1005 5138 fluetus
1037 5083 1448 5143 transcendunt.
1478 5090 1533 5135 et
1581 5082 1646 5135 ad
1697 5082 1849 5136 littus

263 5183 454 5254 patria:
509 5179 747 5236 celestis
773 5177 1109 5248 perveniunt.
1154 5174 1229 5229 De
1273 5175 1378 5229 hoc
1411 5173 1556 5243 quod
1598 5172 1849 5242 discipuli

264 5290 391 5332 cum
423 5274 654 5327 Domino
676 5270 983 5325 naviculam
1007 5267 1309 5322 ascendunt
1338 5265 1464 5320 alibi
1489 5263 1848 5334 significatio-

265 5383 389 5423 nem
416 5367 588 5436 aperit
631 5363 861 5419 dicens:
895 5359 950 5414 Si
975 5361 1100 5430 quis
1128 5358 1243 5412 vult
1281 5366 1404 5427 post
1427 5369 1512 5410 me
1548 5355 1731 5409 venire
1754 5354 1850 5408 ab-

265 5469 424 5532 neget
451 5457 804 5528 semetipsum
831 5461 885 5509 et
913 5454 1066 5506 tollat
1086 5466 1303 5506 erucem
1337 5463 1492 5505 suam
1515 5456 1568 5503 et
1590 5456 1851 5517 sequatur

266 5569 372 5609 me.
401 5549 690 5620 Discipulis
733 5543 1113 5616 navigantibus
1171 5541 1423 5596 Christus
1468 5540 1688 5604 dormit,
1721 5539 1849 5608 quia

268 5643 515 5698 ﬁdelibus
573 5642 626 5695 in
661 5655 756 5710 spe
786 5637 986 5708 quietis
1016 5643 1290 5706 perpetuae
1334 5633 1591 5689 saeculum
1627 5632 1848 5686 calcan-

265 5736 433 5801 tibus,
458 5740 659 5802 etpost
686 5740 840 5801 terga
887 5731 1138 5786 certatim
1170 5727 1360 5784 mundi
1399 5726 1849 5794 fastusjactanti-

266 5825 370 5880 bus
406 5834 620 5893 tempus
647 5820 938 5877 Dominicze
959 5819 1232 5889 passionis
1258 5815 1494 5872 advenit.
1526 5812 1681 5869 Unde
1703 5812 1845 5867 Mar-

1957 2235 2292 2299 occubitum,
2325 2249 2431 2287 non
2482 2233 2657 2287 solum
2691 2232 2904 2288 Domini
2932 2234 3205 2302 dormitio,
3259 2237 3350 2290 sed
3382 2238 3546 2294 etiam

1958 2325 2074 2394 ipsa
2113 2325 2248 2379 hora
2277 2325 2628 2395 significaret.
2655 2325 2777 2392 Quo
2813 2327 3138 2382 ascendente
3167 2328 3389 2398 puppim
3422 2347 3549 2384 cru-

1956 2417 2036 2472 cis
2061 2426 2118 2470 ut
2151 2433 2404 2472 somnum
2449 2417 2640 2472 mortis
2668 2427 2903 2487 caperet,
2937 2418 3132 2473 fluctus
3159 2420 3546 2489 blaspheman-

1956 2509 2092 2562 tium
2131 2509 2482 2565 daemoniacis
2519 2510 2739 2564 excitati
2769 2511 3020 2580 procellis
3051 2522 3364 2583 assurgunt.
3415 2511 3548 2579 Qui-

1956 2597 2062 2652 bus
2092 2614 2202 2652 non
2236 2599 2358 2668 ejus
2405 2600 2666 2669 patientia
2707 2601 2976 2668 turbatur,
3025 2603 3116 2657 sed
3153 2603 3546 2672 discipulorum

1955 2691 2301 2747 imbecillitas
2346 2693 2704 2763 periclitatur.
2731 2692 2930 2764 Puppis
2959 2695 3188 2750 mortuis
3212 2695 3441 2764 pellibus
3461 2697 3547 2750 vi—

1954 2799 2054 2841 vos
2081 2787 2320 2856 contegit
2346 2795 2400 2841 et
2429 2785 2626 2841 ﬂuetus
2655 2795 2822 2853 arcet,
2863 2795 2917 2840 et
2941 2786 3087 2856 ligno
3116 2788 3398 2855 solidatur,
3425 2805 3548 2859 qua)

1956 2875 2191 2930 innuunt
2215 2893 2378 2931 cruce
2399 2886 2451 2932 et
2497 2889 2672 2932 morte
2702 2877 2920 2932 Domini
2973 2877 3271 2932 Ecclesiam
3323 2880 3541 2934 salvari.

1954 2968 2058 3024 Per
2101 2971 2334 3025 cervical
2364 2970 2598 3040 intellige
2630 2986 2829 3040 corpus
2858 2970 2944 3024 cui
2977 2971 3253 3036 divinitas,
3284 2973 3427 3025 sicut
3454 2987 3546 3026 ea-

1954 3073 2052 3134 put
2071 3063 2349 3129 inclinata,
2367 3065 2657 3118 recumbit.
2687 3063 2967 3119 Suscitant
2986 3063 3276 3118 Dominum
3293 3066 3545 3136 discipuli

1955 3172 2022 3212 ne
2044 3164 2287 3226 pereant,
2311 3155 2438 3226 quia
2464 3155 2717 3210 maximis
2742 3156 2878 3210 votis
2905 3156 3359 3210 resurrectionem
3395 3171 3518 3228 qua:

1954 3251 2164 3304 rebant.
2189 3247 2421 3304 Ventum
2451 3264 2743 3320 resurgens
2773 3249 3035 3303 Dominus
3064 3249 3380 3318 increpavit,
3413 3251 3543 3320 quia

1952 3340 2151 3394 diaboli
2167 3340 2478 3410 superbiam
2499 3339 2711 3404 stravit,
2728 3337 2857 3391 dum
2883 3338 3299 3407 ejusimperium
3328 3339 3544 3394 destru-

1954 3431 2049 3485 xit.
2086 3429 2484 3501 Tempestatem
2523 3445 2679 3499 aqua:
2708 3443 2923 3483 cessare
2974 3429 3119 3494 fecit,
3155 3430 3284 3498 quia
3333 3431 3542 3485 rabiem

1876 3495 1918 3553 Ο
1951 3495 2303 3578 clamantium
2341 3540 2354 3575 :
2387 3520 2443 3576 Si
2472 3495 2644 3575 Filius
2685 3519 2780 3574 Dei
2815 3528 2918 3583 est,
2968 3495 3260 3574 descendat
3283 3520 3350 3575 de
3378 3537 3542 3576 cruce

1950 3613 2170 3682 (Matth.
2198 3614 2367 3680 xxvii)
2386 3655 2400 3679 ,
2427 3613 2677 3668 labefecit
2743 3611 2907 3666 Recte
2935 3621 3237 3678 arguuntur
3265 3614 3356 3682 qui
3405 3630 3544 3683 pra:-

1948 3714 2102 3762 sente
2135 3705 2356 3761 Christo
2407 3705 2696 3769 timebant,
2727 3703 2870 3758 unde
2913 3712 3037 3772 post
3085 3705 3540 3760 resurrectionem

1947 3797 2110 3850 etiam
2141 3796 2432 3850 audierunt
2456 3795 2702 3864 quaedam
2725 3809 2791 3849 ex
2817 3794 2984 3863 ipsis:
3015 3812 3032 3842 ι
3067 3792 3111 3848 Ο
3137 3797 3285 3849 stulti
3319 3803 3372 3851 et
3401 3797 3558 3852 tardi

1947 3887 2112 3941 corde
2141 3887 2207 3941 ad
2240 3886 2569 3941 credendum
2597 3886 2650 3938 in
2686 3885 2940 3939 omnibus
2960 3901 3081 3954 qua:
3101 3887 3546 3958 loentisuntpro-

1947 3979 2122 4048 pheta:
2147 3977 2298 4047 (Luc.
2323 3978 2495 4046 xxiv).
2522 3996 2539 4027 ι
2582 3975 2747 4030 Nobis
2777 3977 2938 4030 etiam
2973 3993 3113 4046 saepe
3159 3979 3541 4047 navigantibus

1946 4068 2103 4139 quasi
2118 4069 2259 4122 inter
2272 4068 2508 4137 aequoris
2521 4067 2771 4121 fremitus
2787 4067 3056 4122 obdormit
3072 4068 3354 4134 Dominus,
3374 4087 3547 4140 quan-

1947 4161 2017 4216 do
2041 4161 2182 4216 inter
2202 4159 2412 4215 medios
2428 4160 2693 4214 virtutum
2720 4158 2876 4213 nisus
2904 4161 3298 4227 crebrescente,
3328 4163 3409 4216 vel
3439 4163 3543 4217 im.

1947 4252 2277 4308 mundorum
2307 4251 2595 4322 spirituum
2610 4251 2690 4306 vel
2713 4251 2996 4305 hominum
3015 4267 3328 4320 pravorum,
3351 4257 3431 4308 vel
3449 4269 3543 4310 co-

1946 4346 2274 4417 gitationum
2298 4345 2523 4413 impetu,
2547 4343 2670 4398 fidei
2696 4343 2953 4414 splendor
2969 4343 3391 4412 obtenebrescit,
3427 4349 3540 4417 spei

1945 4436 2573 4500 celsitudocontabescit,
2597 4439 2801 4489 amoris
2831 4435 3048 4488 ﬂamma
3079 4434 3398 4506 refrigescit.
3437 4437 3543 4492 Sed

1947 4539 2077 4583 tunc
2094 4542 2316 4584 necesse
2338 4535 2422 4582 est
2435 4528 2500 4580 ad
2515 4526 2684 4580 Deum
2702 4540 3009 4591 curramus,
3025 4535 3294 4596 quatenus
3313 4527 3376 4581 ad
3395 4537 3544 4582 tran-

1945 4619 2266 4689 quillitatem
2306 4632 2407 4673 nos
2433 4617 2596 4672 ducat
2614 4627 2663 4670 et
2695 4626 2912 4686 portum
2942 4618 3136 4672 salutis
3161 4619 3455 4690 indulgeat.

2299 4709 2376 4763 De
2411 4725 2658 4762 mensura
2703 4709 2960 4777 diligendi
3000 4709 3184 4762 Deum.

2023 4801 2276 4856 «Nemini
2305 4802 2605 4870 quidquam
2625 4801 2888 4867 debeatis,
2909 4801 2985 4854 ait
3018 4802 3327 4870 Apostolus,
3355 4806 3455 4859 nisi
3487 4814 3543 4860 ut

1949 4894 2180 4948 invicem
2205 4893 2460 4962 diligatis.
2484 4891 2587 4957 Qui
2611 4893 2759 4946 enim
2780 4893 2956 4961 diligEt
2996 4895 3326 4962 proximum,
3371 4893 3543 4966 leg-ein

1950 4984 2192 5053 implevit
2224 4981 2400 5051 (Rom.
2430 4985 2570 5051 xm).
2613 5002 2631 5033 i
2664 4981 2824 5048 Quali
2876 4993 3056 5038 autem
3108 5001 3365 5043 mensura
3399 4988 3544 5046 Deus

1949 5086 2004 5130 et
2059 5075 2342 5145 proximus
2403 5072 2596 5127 debeat
2658 5074 2842 5143 diligi,
2904 5075 3225 5147 diligentius
3293 5081 3543 5136 conside-

1949 5168 2180 5222 randum
2203 5175 2286 5221 est
2315 5166 2492 5220 nobis.
2521 5165 2593 5220 De
2620 5183 2875 5223 Illt‘llSlll'a
2909 5171 3164 5241 diligendi
3190 5171 3360 5228 Deum
3391 5172 3541 5229 Scri-

1951 5271 2111 5332 ptura
2129 5262 2286 5314 nobis
2305 5259 2615 5315 manifestat
2637 5276 2760 5314 cum
2783 5262 2948 5316 dicit:
2981 5281 2999 5312 ι
3025 5262 3225 5333 Diliges
3251 5263 3541 5318 D.:minum

1955 5354 2124 5409 Deum
2152 5364 2303 5408 tuuin
2352 5369 2420 5408 ex
2446 5362 2560 5408 toto
2587 5355 2750 5409 corde
2795 5364 2908 5421 tuo,
2951 5365 3002 5410 et
3028 5372 3094 5410 ex
3127 5364 3235 5410 tota
3261 5366 3461 5421 mente,
3492 5370 3546 5410 et

1953 5464 2018 5503 ex
2056 5457 2165 5504 tota
2202 5449 2383 5502 anima
2413 5457 2501 5501 tua
2541 5447 2722 5518 (Deut.
2753 5452 2884 5518 γυ.»
2927 5448 3093 5514 Quasi
3141 5450 3342 5504 diceret
3386 5447 3541 5503 :Non

1954 5540 2052 5594 tibi
2081 5538 2420 5610 prtecipiont
2469 5546 2681 5590 tantum
2712 5538 2926 5607 diligas,
2975 5539 3060 5591 vel
3103 5546 3313 5592 tantum
3370 5538 3540 5594 Deum

1951 5639 2128 5686 tuum.
2167 5630 2440 5697 Quantum
2493 5637 2667 5699 potes,
2721 5638 2932 5685 tantum
2964 5630 3126 5700 dilige
3156 5649 3168 5684 :
3203 5629 3543 5700 possibilitas

1950 5731 2041 5777 tua
2071 5723 2175 5778 erit
2203 5738 2460 5777 mensura
2509 5731 2621 5776 tua.
2647 5721 2865 5788 Quanto
2895 5721 3018 5793 plus
3041 5737 3216 5787 amas,
3243 5731 3392 5778 tanto
3419 5724 3542 5792 pias

1949 5815 2150 5882 habes;
2175 5824 2230 5870 et
2257 5822 2462 5885 quanto
2493 5812 2616 5883 plus
2645 5813 2837 5880 habes,
2888 5820 3039 5869 tanto
3064 5811 3276 5871 felicior
3311 5829 3391 5871 es.
3431 5813 3542 5870 Ex-
