4032 6396
492 340 599 400 835

1607 335 1932 392 WERNERI
1976 333 2269 390 ABBATIS
2312 333 2368 388 S.
2413 331 2632 389 BLASII

3678 331 3794 386 836

489 460 713 516 tendere
733 475 862 531 ergo
887 468 940 514 et
963 459 1190 514 dilatare
1211 461 1476 524 quantum
1511 462 1664 516 potes
1687 464 1746 509 ut
1777 463 1950 510 totum
1979 455 2082 508 im-
2110 460 2156 515 Α
2186 453 2308 507 inde
2364 450 2496 507 oriri
2531 469 2543 504 :
2569 447 2714 519 quod
2757 459 2864 500 non
2913 447 3101 506 leviter
3152 453 3426 524 explicare
3460 466 3792 520 possumus.

491 553 705 621 pleatur
733 553 876 622 quod
909 552 962 604 in
999 560 1049 605 te
1071 558 1173 615 est,
1202 549 1365 602 etiam
1395 545 1439 600 si
1473 560 1580 598 nou
1606 553 1778 600 totum
1829 546 2079 616 capiatur

489 645 712 714 quodin
743 644 962 697 illoest.
1009 639 1127 692 Noli
1181 638 1372 690 timere
1405 635 1558 704 quasi
1593 635 1686 692 tibi
1731 637 1959 692 deﬁcere
1986 637 2081 692 dc-

491 736 619 790 heat
663 736 772 800 ille,
813 735 858 788 si
899 731 1061 786 nimis
1105 725 1291 798 'capax
1345 725 1534 782 fueris.
1586 725 2082 798 Quantumcunque

489 827 716 898 poteris,
741 840 1022 894 nunquam
1052 831 1262 877 tantum
1288 824 1494 894 poteris
1542 831 1808 892 quantum
1839 821 1953 890 ipse
1975 829 2077 875 est.

491 918 550 974 Si
585 928 792 973 tantum
819 931 1030 986 posses,
1061 923 1245 970 tantus
1291 930 1462 970 esses.
1489 912 1645 967 Nunc
1671 921 1852 966 autem
1870 925 2082 966 cresce-

495 1029 551 1067 re
573 1012 626 1066 in
667 1011 758 1064 illo
790 1019 964 1080 poles,
1005 1007 1207 1077 aequari
1263 1006 1338 1060 illi
1371 1021 1477 1060 non
1509 1014 1684 1074 potes.
1730 1004 1926 1058 Cresce
1953 1017 2082 1072 ergo

487 1111 541 1158 et
565 1103 783 1172 proﬁce.
811 1099 1028 1166 Quanto
1052 1098 1226 1166 major
1253 1097 1363 1151 eris
1407 1097 1462 1149 in
1501 1095 1678 1160 houo;
1711 1103 1862 1148 tanto
1892 1094 2084 1147 melior

488 1195 618 1248 eris.
673 1192 729 1246 Si
763 1207 1010 1246 summus
1055 1204 1229 1254 esses,
1261 1188 1501 1257 optimus
1539 1202 1710 1242 esses.
1743 1185 1899 1240 Nune
1953 1185 2081 1255 quia

490 1302 740 1343 summus
772 1300 892 1338 esse
928 1299 1034 1336 non
1069 1290 1238 1350 potes,
1296 1289 1450 1351 potes
1479 1295 1602 1336 esse
1645 1280 1698 1334 in
1730 1293 1966 1334 summo.
2021 1278 2084 1332 Et

492 1397 747 1451 magnum
782 1379 876 1432 tibi
907 1379 1011 1430 hoc
1040 1385 1144 1437 est,
1179 1383 1233 1427 et
1257 1387 1322 1427 ex
1361 1372 1465 1425 hoc
1489 1380 1542 1425 tu
1575 1386 1808 1440 magnus
1845 1385 1925 1434 es,
1953 1385 1997 1424 sn
2029 1369 2080 1422 in

492 1487 708 1526 summo
757 1486 836 1534 es,
881 1479 934 1522 et
982 1476 1131 1521 tanto
1178 1467 1365 1532 utique
1419 1461 1594 1530 major
1650 1469 1856 1530 quanto
1901 1460 2078 1512 altior.

493 1563 758 1618 Ascendis
781 1571 983 1625 autem,
1011 1575 1134 1613 cum
1160 1556 1361 1626 diligis.
1398 1553 1629 1608 Sursum
1661 1552 1840 1622 pergis
1877 1552 1928 1605 in
1953 1553 2084 1606 cha-

491 1658 670 1722 ritate,
693 1655 821 1724 quia
845 1653 1086 1708 charitas
1114 1665 1336 1706 sursum
1366 1646 1534 1701 ducit.
1575 1644 1728 1700 Sicut
1760 1646 1835 1699 ait
1859 1646 2084 1714 Aposto-

489 1749 574 1803 lus
606 1767 616 1802 :
657 1767 675 1799 ι
708 1748 901 1803 Adhuc
921 1743 1361 1801 excellentiorem
1385 1739 1528 1793 viam
1561 1739 1718 1794 vobis
1739 1739 2084 1793 demonstra-

490 1839 560 1895 bo
589 1840 638 1910 (1
669 1839 793 1895 Cor.
823 1837 945 1908 xu).
982 1857 1000 1889 ι
1034 1834 1282 1890 Ascende
1331 1846 1480 1900 ergo,
1523 1828 1654 1884 dum
1692 1838 1845 1900 potes
1877 1847 1890 1883 :
1921 1829 2084 1884 modo

489 1940 702 2001 tempus
757 1939 838 1985 est
896 1925 1174 1984 crescendi
1211 1933 1264 1980 et
1298 1926 1654 1994 proficiendi;
1710 1932 1918 1993 postea,
1955 1935 2080 1976 cum

487 2023 1016 2078 consummabuntur
1039 2017 1244 2080 omnia,
1265 2018 1437 2073 stabis
1463 2019 1517 2072 in
1549 2034 1614 2071 eo
1637 2017 1704 2071 ad
1726 2016 1869 2086 quod
1889 2029 2081 2084 perve-

487 2115 655 2170 neris.
686 2115 748 2168 Et
778 2115 879 2168 hoc
904 2112 1007 2167 erit
1034 2123 1310 2164 summum
1339 2117 1493 2164 tuum
1524 2109 1578 2164 in
1609 2109 1721 2173 illo,
1751 2124 1912 2178 supra
1935 2107 2082 2177 quod

486 2223 595 2263 non
621 2206 853 2260 transies
900 2205 1170 2274 amplius;
1200 2203 1291 2259 sed
1338 2217 1613 2258 summum
1652 2202 1798 2256 illius
1827 2216 1934 2254 non
1979 2200 2084 2254 erit

486 2296 673 2367 inquo
696 2305 1002 2365 propterea,
1037 2294 1083 2349 si
1111 2303 1245 2360 stas,
1269 2294 1427 2363 quasi
1451 2308 1556 2346 non
1583 2293 1827 2348 invenias
1849 2292 2082 2361 amplius

485 2399 606 2455 quo
637 2400 874 2439 crescas.
915 2383 1122 2439 Idcirco
1152 2384 1406 2450 ascende,
1434 2384 1563 2438 dum
1595 2394 1766 2454 potes,
1815 2393 2081 2453 quantum

485 2487 638 2547 potes
674 2496 686 2530 :
719 2493 1001 2546 nunquam
1029 2476 1196 2530 nimis
1239 2485 1414 2544 potes,
1454 2477 1546 2530 ubi
1595 2491 1875 2546 nunquam
1927 2484 2083 2545 potes

485 2579 683 2624 totum.
723 2568 892 2639 Dilige
948 2567 1241 2623 Dominum
1270 2565 1441 2622 Deum
1476 2581 1628 2623 tuum
1670 2584 1734 2622 ex
1778 2575 1890 2622 toto
1919 2565 2083 2622 corde

487 2670 604 2728 tuo,
659 2670 713 2715 et
758 2677 820 2714 ex
849 2670 958 2714 tota
991 2662 1173 2715 anima
1205 2671 1320 2725 tua,
1345 2672 1399 2716 et
1426 2678 1490 2714 ex
1543 2669 1651 2714 tota
1677 2668 1856 2714 mente
1883 2669 1997 2725 tua,
2025 2667 2084 2713 ut

484 2753 666 2807 exilio
697 2761 868 2806 totum
902 2762 1053 2806 tuum
1081 2753 1397 2822 impleatur;
1421 2753 1584 2807 etiam
1613 2753 1709 2805 sia
1743 2760 1835 2805 tuo
1860 2761 1993 2817 toto,
2026 2753 2084 2806 il-

485 2842 594 2898 lius
621 2860 727 2897 non
763 2844 1006 2912 capiatur
1029 2850 1225 2908 totum,
1277 2843 1445 2912 replet
1469 2851 1540 2908 te,
1570 2852 1623 2896 et
1676 2842 2084 2911 superabundat

489 2936 545 2990 in
577 2951 654 2990 se.
689 2935 745 2989 Si
794 2951 889 2990 vas
945 2951 1051 2990 non
1103 2935 1285 2989 deﬁcit
1323 2936 1500 2989 oleum
1534 2935 1750 2990 suﬁicit.
1788 2934 1896 2989 Cor
1927 2943 2082 2989 tuum

491 3042 588 3081 vas
615 3035 717 3092 est,
742 3041 894 3080 amor
924 3026 1067 3079 illius
1091 3025 1294 3078 oleum.
1343 3023 1594 3090 Quandiu
1648 3041 1744 3079 vas
1777 3024 1966 3090 habes,
1995 3024 2083 3078 ille

2182 545 2322 600 Ecce
2349 546 2458 600 duo
2485 556 2612 600 sunt
2635 560 2870 616 quorum
2903 547 3131 601 alterum
3169 546 3348 616 perire
3395 560 3624 600 necesse
3676 559 3794 601 ρει.

2184 634 2352 690 Datur
2385 637 2476 690 uni
2512 636 2662 705 optio
2707 638 2852 706 quod
2887 638 3014 690 velit
3047 637 3208 706 eligat
3237 651 3267 690 e
3295 635 3511 689 duobus
3540 650 3794 704 quorum

2183 727 2412 783 alterum
2437 729 2664 784 omnino
2698 729 2890 782 evitari
2921 743 3026 782 non
3053 727 3247 798 possit.
3274 725 3332 780 Si
3363 741 3519 781 suam
3545 727 3794 780 salutem

2183 821 2356 890 magis
2386 821 2555 891 eligit,
2609 821 2793 875 minus
2835 820 3144 890 proximum
3194 817 3410 888 diligit.‘
3439 816 3497 871 Si
3541 820 3795 887 proximi

2184 914 2413 968 salutem
2442 915 2616 985 magis
2644 915 2812 983 eligit,
2853 912 3023 968 Deum
3052 914 3236 968 minus
3258 912 3432 983 diligit
3452 929 3624 981 quam
3657 929 3799 982 pro-

2185 1005 2415 1071 ximum,
2443 1021 2473 1059 a
2502 1019 2613 1075 quo
2640 1005 2878 1074 seperari
2907 1006 3022 1059 vult
3059 1013 3281 1074 propter
3314 1005 3650 1072 proximum.
3679 1003 3796 1059 Sed

2184 1094 2326 1150 forte
2359 1096 2484 1166 quis
2513 1097 2661 1151 dicat
2691 1113 2876 1166 parem
2905 1097 3253 1150 dilectionem
3285 1095 3463 1150 facere
3487 1110 3597 1148 uou
3623 1112 3798 1166 posse

2183 1187 2503 1243 electionem
2537 1205 2550 1242 :
2579 1196 2872 1257 utrumque
2915 1187 3198 1257 aequaliter
3221 1185 3376 1251 velle,
3406 1196 3458 1240 et
3483 1194 3798 1255 utrumque

2183 1280 2466 1350 :cqualitcr
2494 1280 2659 1346 nolle,
2708 1295 2808 1335 nec
2840 1294 3002 1349 posse
3036 1278 3266 1332 alterum
3315 1277 3468 1331 alteri
3523 1277 3795 1346 praeferre

2185 1373 2238 1426 in
2261 1373 2482 1442 optione
2508 1389 2631 1442 quae
2661 1373 2812 1442 paria
2844 1372 3088 1427 omnium
3109 1380 3364 1425 constant
3388 1371 3440 1424 in
3465 1369 3791 1424 dilectione.

2187 1465 2277 1520 Sic
2299 1481 2429 1535 ergo
2454 1465 2592 1520 forte
2616 1466 2742 1536 quis
2767 1465 2907 1519 hanc
2939 1463 3297 1534 olijeetiouem
3320 1463 3524 1518 evitare
3554 1472 3796 1517 conten-

2183 1557 2294 1612 dat.
2330 1557 2434 1612 Sed
2463 1557 2593 1627 quid
2619 1557 2904 1611 dicemus?
2934 1553 2991 1608 Si
3025 1571 3193 1609 unum
3225 1556 3463 1626 aliquem
3497 1553 3789 1608 hominem

2183 1658 2340 1703 tuum
2384 1649 2607 1719 diligere
2635 1649 2804 1704 debeo
2831 1657 3097 1718 quantum
3149 1648 3440 1718 meipsum,
3495 1661 3703 1712 nonne,
3739 1647 3789 1699 si

2183 1741 2294 1796 duo
2319 1749 2446 1795 sunt
2471 1749 2565 1794 aut
2588 1748 2718 1806 tres,
2737 1751 2830 1794 aut
2850 1742 3340 1812 quatuor,diligere
3355 1739 3592 1809 amplius
3607 1737 3790 1791 debeo

2183 1849 2348 1903 quam
2385 1833 2675 1902 meipsum.
2711 1831 2802 1888 Sic
2837 1832 3041 1888 vadunt
3089 1831 3422 1903 quaestiones
3465 1830 3784 1894 hominum,

2183 1934 2238 1979 et
2302 1925 2609 1993 inquietant
2671 1923 2924 1978 homines
2975 1925 3300 1994 semetipsos
3350 1920 3786 1992 cogitationibus

2185 2016 2321 2074 suis.
2355 2016 2553 2071 Dicunt
2577 2017 2722 2071 enim
2760 2036 2772 2070 :
2801 2015 2960 2083 Quod
2994 2016 3190 2072 melius
3237 2025 3340 2081 est,
3367 2014 3608 2083 amplius
3654 2013 3783 2067 dili-

2185 2110 2419 2181 gendum
2451 2117 2552 2163 est.
2593 2107 2870 2164 Ponamus
2932 2118 3041 2163 tres
3085 2109 3357 2173 homines,
3399 2121 3571 2160 unum
3627 2104 3779 2170 hinc,

2183 2201 2323 2256 duos
2354 2199 2498 2254 inde.
2533 2198 2664 2254 Dico
2711 2199 2839 2269 quia
2881 2199 3060 2267 perire
3099 2213 3321 2252 necesse
3357 2204 3442 2250 est
3468 2203 3566 2249 aut
3607 2210 3784 2249 unum

2185 2294 2374 2360 istum,
2405 2302 2498 2348 aut
2525 2293 2663 2348 duos
2698 2294 2838 2348 illos.
2860 2293 2956 2350 Dic
2981 2301 3186 2363 ergotu
3213 2289 3350 2343 mihi
3380 2307 3393 2341 :
3426 2287 3568 2354 Quid
3597 2287 3780 2358 eligis,

2184 2387 2277 2455 qui
2305 2386 2614 2455 proximum
2644 2394 2796 2439 tuum
2819 2386 2998 2455 diligis
3024 2394 3282 2454 tauquam
3307 2381 3564 2450 teipsum?
3585 2378 3784 2433 Melius

2184 2487 2266 2533 est
2294 2478 2471 2548 perire
2499 2493 2668 2531 unum
2700 2494 2864 2548 quam
2889 2477 3048 2541 duos,
3072 2477 3204 2546 quia
3233 2474 3428 2529 melius
3452 2483 3536 2527 est
3565 2473 3785 2526 salvare

2184 2571 2322 2626 duos
2352 2585 2516 2640 quam
2551 2586 2741 2624 unum.
2784 2569 2929 2635 Ideo,
2966 2570 3169 2638 inquis,
3220 2568 3394 2638 magis
3421 2566 3568 2636 eligo
3600 2575 3662 2620 ut
3689 2581 3786 2634 pe-

2185 2672 2302 2716 reat
2328 2678 2470 2716 unus
2512 2670 2566 2715 et
2593 2661 2702 2715 duo
2747 2661 3045 2715 salventnr.
3079 2659 3220 2729 Ergo
3250 2661 3332 2714 vis
3360 2668 3420 2713 ut
3460 2657 3638 2726 magis
3669 2657 3785 2709 sal-

2187 2762 2381 2808 ventur
2395 2754 2504 2808 duo
2530 2753 2617 2807 isti
2636 2769 2799 2822 quam
2822 2753 2909 2806 ille
2933 2767 3094 2806 unus.
3124 2751 3313 2806 Nonne
3338 2765 3464 2820 ergo
3499 2749 3633 2803 illud
3659 2764 3748 2801 ma
3773 2775 3786 2783 -

2185 2847 2268 2918 gis
2295 2846 2494 2916 diligis,
2525 2845 2671 2915 quod
2701 2851 2885 2914 potius
2901 2856 2985 2902 est
3007 2845 3162 2916 eligis
3199 2862 3213 2897 :
3244 2846 3339 2908 ita,
3365 2841 3576 2911 inquis,
3597 2841 3786 2893 omni-

2185 2952 2257 2991 no
2289 2937 2464 3007 magis
2493 2936 2680 3006 diligo.
2713 2934 2843 2991 Vide
2879 2951 3010 3007 ergo
3042 2934 3173 3004 quid
3200 2941 3480 3002 sequatur.
3511 2929 3786 2999 Superius

2186 3038 2368 3084 autem
2407 3027 2696 3082 confessus
2726 3043 2786 3082 es
2820 3027 2947 3097 quia
2981 3036 3192 3080 tantum
3222 3024 3424 3094 diligis,
3455 3022 3560 3086 vel,
3590 3022 3635 3075 si
3666 3035 3783 3074 non

485 3116 774 3172 infundere
805 3119 985 3173 oleum
1016 3133 1122 3170 non
1151 3127 1331 3172 cessat
1362 3116 1470 3188 (IV
1501 3117 1626 3187 Reg.
1653 3120 1748 3185 Iv),
1799 3128 1852 3172 et
1895 3127 2079 3187 postea
2109 3141 2150 3197 ε
2184 3121 2385 3193 diligis,
2455 3121 2679 3189 diligere
2719 3118 2885 3174 debes
2939 3120 3249 3189 proximum
3304 3127 3459 3170 tuum
3508 3121 3784 3184 quantum

485 3225 611 3264 cum
645 3218 701 3264 tu
733 3209 967 3279 amplius
992 3225 1088 3263 vas
1119 3224 1226 3263 non
1279 3209 1468 3275 habes,
1508 3210 1597 3263 ille
1620 3209 1800 3264 adhuc
1841 3209 2077 3278 amplius

483 3301 665 3356 oleum
689 3299 869 3354 habet.
908 3298 1199 3369 Propterea
1231 3299 1341 3352 noli
1374 3315 1595 3369 parcere
1614 3300 1714 3362 illi,
1741 3314 1874 3370 cape
1897 3314 2074 3368 quan-

482 3399 602 3448 tum
633 3402 807 3462 potes.
847 3390 1016 3460 Dilige
1039 3401 1302 3460 quantum
1328 3391 1551 3458 sufﬁcis,
1576 3393 1704 3461 quia
1733 3392 1819 3446 ille
1845 3407 1953 3445 non
1985 3393 2077 3446 dc-

483 3484 616 3541 flcit.
655 3484 827 3555 Dilige
849 3501 917 3539 ex
957 3493 1072 3538 toto
1097 3484 1261 3538 corde
1292 3492 1402 3547 tuo,
1429 3493 1482 3537 et
1507 3498 1569 3538 ex
1599 3493 1712 3538 tota
1751 3484 1932 3538 anima
1960 3491 2075 3549 tua,

482 3587 540 3633 et
569 3593 634 3632 ex
666 3586 776 3632 tota
801 3585 980 3630 mente
1029 3586 1140 3639 tua,
1173 3573 1223 3626 id
1271 3581 1443 3628 estex
1478 3585 1590 3630 toto
1636 3577 1911 3632 intellectu
1962 3585 2074 3643 tuo,

484 3677 540 3722 et
559 3684 624 3721 ex
652 3676 763 3722 toto
790 3667 984 3720 affectu
1033 3675 1148 3731 tuo,
1175 3675 1228 3720 et
1249 3681 1315 3720 ex
1343 3675 1451 3721 tota
1480 3669 1742 3723 memoria
1765 3678 1874 3722 tua.
1901 3667 2080 3734 Quan-

487 3768 604 3813 tum
663 3757 936 3828 intelligis,
987 3769 1254 3827 quantum
1307 3761 1476 3831 sapis,
1529 3769 1797 3831 quantum
1850 3761 2075 3827 sufficis,

489 3861 700 3906 tantum
733 3850 913 3920 dilige.
969 3848 1165 3904 Totum
1203 3853 1517 3923 cognitione
1546 3853 1857 3923 impleatur,
1900 3863 2077 3908 totum

487 3943 778 3998 dilectione
800 3942 1086 4009 adiciatur,
1116 3952 1288 3999 totum
1317 3946 1579 4002 memoria
1601 3955 1868 4001 teneatur.
1893 3945 2078 4013 Quan-

493 4045 608 4090 tum
659 4033 1002 4100 illuminaris,
1038 4043 1246 4090 tantum
1301 4038 1576 4104 aliieiaris,
1606 4047 1664 4092 ut
1711 4047 1884 4092 totum
1919 4038 2077 4092 dulce

488 4127 559 4182 sit
603 4126 866 4196 quidquid
925 4126 992 4180 de
1021 4124 1116 4178 illo
1157 4125 1211 4179 in
1262 4129 1628 4192 cognitionem
1651 4136 1706 4183 et
1757 4129 2076 4183 memoriam

490 4220 654 4274 venit.
689 4219 744 4274 Si
769 4231 911 4275 recte
953 4229 1128 4276 totum
1157 4221 1438 4290 probatur,
1465 4238 1564 4276 cur
1589 4236 1698 4275 non
1749 4231 1921 4276 totum
1951 4222 2077 4276 dili-

487 4319 667 4382 gatur.
719 4310 994 4378 Quantum
1046 4327 1176 4383 ergo
1225 4314 1564 4368 innotescere
1611 4313 1866 4384 dignatur
1917 4314 2078 4370 nobis

487 4413 698 4459 tantum
735 4406 992 4475 diligatur
1013 4421 1043 4458 a
1074 4404 1252 4459 nobis.
1280 4403 1478 4459 Totum
1509 4406 1654 4476 quod
1677 4422 1871 4476 capere
1901 4407 2078 4476 possi-

489 4513 611 4551 mus
633 4497 946 4567 diligamus,
977 4506 1030 4550 et
1057 4504 1324 4566 quantum
1354 4513 1670 4566 possumus.

794 4591 870 4645 De
897 4608 1144 4647 mensura
1178 4592 1434 4662 diligendi
1467 4592 1790 4661 proximum.

557 4683 635 4740 De
657 4685 947 4741 dilectione
974 4688 1206 4757 proximi
1233 4687 1363 4742 dicit
1385 4685 1543 4742 nobis
1575 4686 1855 4757 Scriptura
1891 4706 1904 4742 :
1945 4708 1963 4739 ι
1995 4687 2079 4742 Di-

471 4776 633 4860 .liges
653 4777 962 4847 proximum
1003 4788 1152 4833 tuum
1187 4778 1330 4833 sicut
1360 4780 1591 4849 teipsum
1651 4778 1841 4848 (Levii.
1875 4781 2014 4848 xxx).
2051 4799 2069 4830 ›

488 4867 644 4934 Quod
674 4869 990 4924 mandatum
1045 4879 1176 4925 tunc
1204 4869 1448 4939 profecto
1501 4871 1810 4940 implemus,
1857 4873 1902 4928 si
1947 4887 2076 4926 vera

485 4960 619 5014 citra
651 4959 702 5013 id
734 4962 881 5029 quod
933 4963 1090 5037 nobis
1137 4965 1390 5033 cupimus
1434 4964 1660 5028 bonum,
1685 4963 1847 5018 etiam
1868 4963 1945 5017 illi
1987 4979 2076 5018 cu-

485 5051 718 5120 piamus.
763 5049 819 5103 In
869 5053 1069 5120 quibus
1111 5053 1256 5107 enim
1312 5052 1678 5121 nosmetipsos
1713 5063 1855 5108 recte
1889 5055 2074 5125 diligi-

486 5159 610 5197 mus
643 5145 949 5212 proximum
981 5155 1252 5210 nostrum,
1287 5145 1402 5201 sive
1425 5145 1492 5199 ad
1524 5146 1902 5203 necessitatem
1947 5164 2074 5204 cor-

486 5235 654 5307 poris,
689 5235 802 5290 sive
829 5236 895 5291 ad
918 5237 1114 5291 anima:
1157 5238 1408 5302 salutem,
1441 5237 1560 5293 sine
1589 5237 1810 5294 ﬁctione
1853 5241 2076 5312 diligere

485 5336 539 5382 et
573 5335 841 5397 quantum
867 5325 1264 5382 rationabiliter
1314 5341 1630 5396 possumus,
1689 5329 1949 5400 adjuvare
1975 5331 2074 5386 de-

485 5421 698 5476 bemus.
725 5420 986 5488 Quzerunt
1008 5433 1187 5475 autem
1213 5421 1380 5491 aliqui
1406 5423 1450 5476 si
1481 5422 1532 5476 id
1564 5423 1710 5493 quod
1736 5423 1940 5478 dictum
1967 5430 2072 5491 est,

491 5531 512 5564 ι
541 5514 683 5568 sicut
704 5515 958 5584 teipsum,
997 5533 1015 5565 ›
1044 5513 1341 5568 secundum
1389 5513 1800 5570 similitudinem
1838 5524 2070 5583 tantum,

487 5607 600 5662 sive
636 5607 799 5662 etiam
830 5607 1129 5662 secundum
1152 5604 1515 5674 aequalitatem
1549 5607 1954 5678 intelligendum
1979 5609 2069 5662 sit.

486 5696 620 5753 Nam
650 5699 696 5754 si
728 5701 1008 5769 proximos
1057 5705 1277 5750 nostros
1314 5704 1526 5753 tantum
1570 5699 1792 5770 diligere
1814 5699 2073 5768 juhemur

490 5801 750 5855 was-tum
779 5792 1162 5863 nosmetipsos,
1176 5792 1390 5848 videtur
1411 5792 1667 5863 quiddam
1687 5793 2070 5861 scrupulosum

2180 3215 2433 3282 teipsum.
2467 3210 2524 3265 Si
2551 3226 2680 3280 ergo
2705 3218 2914 3264 tantum
2969 3210 3151 3277 diligis
3187 3223 3356 3263 unum
3407 3207 3570 3260 istum
3599 3220 3784 3274 quan-

2180 3318 2293 3362 tum
2319 3305 2572 3374 teipsum,
2601 3313 2656 3358 et
2685 3319 2902 3359 rursum
2926 3303 3064 3357 duos
3087 3303 3220 3357 istos
3253 3301 3376 3370 plus
3398 3298 3580 3369 diligis
3605 3312 3782 3368 quam

2178 3400 2436 3468 teipsum,
2469 3397 2592 3466 plus
2626 3396 2805 3466 itaque
2831 3396 2970 3449 duos
2995 3395 3114 3449 illos
3130 3393 3312 3462 diligis
3327 3407 3492 3461 quam
3515 3390 3776 3460 teipsum.

2178 3488 2246 3543 Et
2276 3489 2323 3543 si
2354 3488 2474 3542 illos
2503 3485 2642 3540 duos
2668 3485 2790 3555 plus
2819 3484 2998 3554 diligis
3023 3499 3188 3554 quam
3215 3483 3474 3552 teipsum,
3504 3490 3778 3551 quantum

2177 3580 2392 3634 videtur
2423 3577 2544 3648 plus
2575 3576 2754 3646 dilrgis
2782 3576 3081 3644 illos;quam
3103 3573 3272 3628 Deum
3297 3582 3516 3643 propter
3532 3588 3674 3642 quos
3691 3588 3781 3625 se-

2179 3673 2358 3744 parari
2390 3671 2476 3726 vis
2504 3670 2572 3725 ab
2593 3685 2680 3737 eo,
2705 3680 2764 3724 ut
2785 3668 2952 3722 Deum
2984 3683 3092 3722 non
3131 3667 3354 3732 habeas,
3386 3682 3562 3736 neque
3578 3666 3779 3736 diligas

2178 3764 2349 3818 Deum
2374 3772 2433 3817 ut
2459 3776 2649 3832 pereas
2671 3769 2751 3828 tu,
2770 3768 2829 3814 ut
2850 3759 2926 3813 illi
2949 3759 3083 3813 salvi
3112 3759 3244 3812 ﬁant
3270 3777 3282 3812 :
3308 3757 3372 3812 Et
3394 3757 3645 3813 fortassis
3681 3758 3779 3812 ali-

2179 3862 2304 3932 quis
2334 3860 2627 3916 :estimahit
2648 3855 2918 3929 ejusmodi
2946 3855 3290 3910 dilectionem
3329 3855 3591 3909 habuisse
3624 3853 3772 3925 Moy-

2180 3969 2298 4019 sen,
2335 3953 2429 4023 qui
2471 3952 2724 4007 irascenti
2743 3950 2850 4005 Deo
2869 3965 2967 4020 pro
2995 3949 3169 4002 salute
3195 3947 3571 4017 proximorum
3606 3962 3776 4016 seop-

2179 4061 2392 4116 poneus
2421 4045 2498 4099 ait
2529 4061 2542 4099 :
2583 4063 2600 4094 ι
2637 4043 2694 4097 Si
2718 4058 2826 4097 non
2859 4041 3089 4096 dimittis
3109 4039 3190 4095 eis
3225 4040 3365 4094 hanc
3389 4039 3633 4103 noxiam,
3657 4039 3776 4092 dele

2180 4151 2268 4189 me
2296 4134 2521 4189 delihro
2542 4148 2704 4203 quem
2733 4131 3002 4202 scripsisti
3031 4129 3230 4199 (Exod.
3257 4129 3452 4199 xxx“).
3496 4149 3511 4178 ι
3550 4126 3616 4180 Ει
3635 4127 3754 4196 Apo

2181 4226 2354 4281 stolus
2393 4241 2490 4295 pro
2517 4222 2778 4278 fratribus
2811 4223 3100 4277 anathema
3150 4235 3271 4275 esse
3292 4221 3439 4290 cupit
3470 4235 3499 4273 a
3529 4219 3774 4284 Christo,

2180 4325 2240 4370 ut
2263 4317 2339 4370 illi
2386 4315 2522 4371 salvi
2570 4314 2701 4368 ﬁant
2738 4314 2792 4367 in
2821 4313 3043 4368 Christo
3092 4310 3266 4381 (Rom.
3300 4310 3402 4380 ix),
3435 4319 3490 4365 et
3538 4309 3776 4365 fortasse

2182 4407 2285 4462 hoc
2297 4405 2494 4476 aliquis
2515 4405 2677 4460 etiam
2698 4403 2763 4458 ad
2791 4418 3034 4458 amorem
3059 4401 3153 4456 Dei
3181 4401 3453 4472 pertinere
3479 4401 3689 4465 credat,
3714 4410 3776 4453 ut

2182 4518 2306 4556 eum
2329 4511 2540 4556 tantum
2562 4501 2876 4570 diligamus,
2897 4506 2956 4552 ut
2973 4498 3200 4568 gloriam
3219 4497 3338 4566 ejus
3361 4496 3414 4550 in
3440 4497 3564 4550 aliis
3591 4496 3775 4565 potius

2181 4593 2500 4662 ampliﬁcari
2528 4607 2692 4662 quam
2741 4591 2793 4643 in
2851 4589 3011 4643 nobis
3039 4589 3305 4661 coarctari
3335 4589 3645 4658 cupiamus.
3708 4588 3772 4641 Et

2181 4695 2464 4756 propterea
2494 4701 2593 4755 pro
2625 4685 2801 4739 salute
2832 4683 3126 4736 multorum
3163 4692 3406 4737 nostram
3440 4684 3599 4738 nobis
3647 4699 3764 4751 per-

2179 4776 2442 4830 ditionem
2469 4775 2786 4844 0ptandam,
2813 4783 2868 4829 ul
2895 4772 3076 4842 potius
3099 4775 3254 4827 multi
3279 4775 3560 4830 salventur
3584 4783 3637 4828 et
3671 4790 3774 4827 nos

2181 4883 2485 4938 pereamus,
2517 4886 2682 4940 quam
2719 4873 2874 4928 multi
2899 4884 3124 4943 pereant
3144 4883 3198 4928 et
3229 4888 3330 4927 nos
3358 4873 3655 4926 salvemur.

2251 4959 2357 5014 Sed
2403 4962 2744 5018 considerate
2791 4967 3052 5034 quoniam
3101 4965 3239 5020 ordo
3284 4964 3597 5019 dilectionis
3642 4965 3773 5018 talis

2176 5060 2280 5118 est,
2310 5061 2370 5106 ut
2398 5063 2523 5109 ante
2550 5071 2608 5110 se
2641 5056 2830 5127 diligat
2860 5058 3025 5113 homo
3047 5074 3211 5128 quam
3238 5059 3549 5128 proximum
3581 5077 3769 5120 suum.

2177 5145 2336 5214 cujus
2364 5147 2710 5203 dilectionem
2741 5165 2770 5202 a
2809 5165 2908 5204 sua
2941 5155 3158 5209 trahere
3183 5163 3236 5208 et
3263 5153 3501 5208 formare
3519 5154 3766 5223 juhetur,

2177 5253 2302 5293 cum
2366 5240 2603 5296 dicitur;
2655 5261 2672 5291 ι
2708 5241 2908 5314 Diliges
2944 5247 3256 5315 proximum
3291 5256 3443 5301 tuum
3499 5247 3640 5302 sicut
3682 5257 3768 5300 te—

2176 5331 2380 5400 ipsum.
2415 5350 2432 5382 )
2471 5329 2528 5385 Si
2569 5333 2715 5387 enim
2760 5333 3071 5402 proximum
3113 5353 3276 5392 suum
3307 5338 3482 5410 diligit
3505 5339 3646 5394 sicut
3679 5354 3754 5393 se-

2177 5423 2379 5492 ipsum,
2399 5425 2676 5494 quomodo
2689 5425 3000 5495 proximum
3028 5428 3360 5498 diligit,cum
3381 5433 3620 5499 seipsum
3652 5445 3766 5483 non

2174 5516 2368 5586 diligit.
2430 5516 2486 5570 Si
2518 5518 2662 5571 enim
2708 5521 3022 5588 proximum
3072 5539 3234 5578 suum
3279 5522 3457 5594 diligit
3503 5523 3644 5578 sicut
3677 5539 3765 5576 se-

2175 5609 2376 5680 ipsum,
2414 5611 2658 5680 profectu
2694 5613 2797 5667 hoc
2822 5614 2898 5668 illi
2924 5618 3073 5686 cupit
3101 5626 3155 5672 et
3183 5627 3334 5687 optat
3363 5619 3509 5688 quod
3543 5619 3668 5673 sibi.
3706 5618 3763 5673 Si

2173 5711 2354 5758 autem
2384 5704 2488 5760 hoc
2515 5706 2590 5761 illi
2615 5710 2833 5765 evenire
2859 5710 3135 5766 desiderat
3162 5716 3306 5781 quod
3332 5711 3458 5777 sibi,
3483 5712 3764 5781 quomodo

2175 5795 2321 5853 illius
2353 5797 2582 5854 salutem
2613 5800 2996 5873 desidet-atqui
3020 5819 3176 5859 suam
3201 5803 3557 5873 perditionem
3583 5813 3760 5872 optat.
