4032 6396
275 363 383 426 837

1196 354 1770 420 DEFLORATIONES
1812 363 1911 420 SS.
1952 362 2263 420 PATRUM.
2298 395 2367 405 —-
2406 362 2532 422 LIB.
2576 364 2617 419 Ι.

3443 370 3549 430 838

278 476 466 548 Itaque
515 475 754 547 primum
812 474 1053 547 seipsum
1110 475 1249 531 bene
1307 476 1533 547 diligere
1577 477 1756 544 debet,
1807 486 1865 533 ut
1893 483 1939 541 Α
1969 487 2049 533 est
2073 493 2237 548 quam
2266 477 2372 534 sibi
2396 478 2623 550 diligere
2649 497 2660 532 :
2691 478 2794 535 huc
2819 489 2901 538 est
2928 482 3065 539 velle
3090 482 3223 541 illud
3248 494 3301 542 et
3338 486 3553 543 deside-

279 576 469 638 postca
496 568 795 623 secundum
824 582 883 623 se
907 567 1043 623 bene
1062 567 1249 639 diligat
1270 576 1324 622 et
1345 569 1654 639 proximum
1677 585 1859 624 suum.

282 658 339 713 Si
366 669 546 714 autem
577 673 635 714 se
660 658 884 728 perdere
907 658 1020 713 vult
1039 667 1099 713 ut
1122 659 1331 714 salvum
1360 658 1524 714 faciat
1553 660 1861 730 proximum

279 763 462 815 suum,
511 764 619 804 non
668 758 751 805 est
781 748 1033 804 ordinata
1081 749 1321 817 dilectio,
1374 751 1502 822 quia
1543 767 1642 821 pro
1681 752 1862 807 anima

279 856 377 896 sua
406 841 610 897 nullam
659 842 1141 897 commutationem
1170 843 1302 898 dare
1324 852 1501 914 potest
1532 845 1715 900 homo.
1749 844 1863 901 Hoc

275 934 421 989 enim
453 949 485 989 a
527 941 577 998 te
602 935 840 1004 primum
875 933 1108 1005 requirit
1152 933 1314 1001 Dens,
1346 946 1406 990 ut
1441 937 1679 991 animam
1709 945 1859 993 tuam

275 1028 372 1083 des
395 1027 495 1094 illi,
525 1026 722 1083 deinde
751 1035 946 1082 caetera
970 1026 1217 1097 adjicias.
1249 1026 1304 1082 Si
1329 1028 1457 1098 quid
1480 1043 1578 1098 pro
1603 1029 1708 1084 isto
1732 1030 1861 1085 dare

275 1118 516 1175 volueris
549 1133 658 1173 non
691 1118 979 1189 accipitur,
1031 1118 1141 1174 nisi
1183 1119 1399 1174 dederis
1432 1127 1484 1174 et
1525 1119 1693 1176 istud.
1744 1121 1862 1176 Pri-

274 1227 427 1266 mum
463 1211 631 1279 istud,
663 1212 874 1281 reliqua
908 1227 1036 1268 cum
1080 1211 1206 1268 isto.
1234 1209 1353 1267 Non
1385 1220 1567 1268 autem
1598 1212 1723 1269 dico
1749 1213 1859 1270 duo

274 1314 368 1359 aut
392 1311 502 1360 tres
531 1312 627 1359 aut
656 1311 897 1375 quatuor
945 1302 1219 1367 homines,
1245 1304 1340 1360 sed
1370 1320 1470 1361 nec
1498 1313 1671 1360 totum
1692 1321 1858 1361 mun-

272 1397 403 1450 dum
434 1404 626 1452 contra
675 1395 917 1451 animam
962 1403 1111 1450 tuam
1142 1395 1369 1466 diligere
1395 1395 1579 1450 debes.
1622 1393 1678 1449 Si
1709 1396 1856 1451 enim

272 1478 480 1555 aliquid
532 1485 657 1555 plus
681 1500 845 1556 quam
877 1484 1119 1540 animam
1168 1492 1317 1540 tuam
1367 1484 1569 1556 diligis,
1622 1484 1855 1556 idipsum

272 1573 519 1644 profecto
539 1575 662 1646 plus
684 1590 849 1646 quam
868 1573 1039 1630 Deum
1059 1574 1285 1646 diligere
1311 1575 1707 1645 comprobaris,
1729 1575 1857 1646 quia

272 1664 515 1720 animam
568 1673 715 1720 tuam
774 1680 886 1720 non
941 1665 1123 1737 diligis
1178 1665 1285 1721 nisi
1332 1665 1387 1720 in
1436 1680 1504 1721 eo
1543 1667 1683 1732 solo,
1728 1668 1857 1739 quia

271 1754 475 1810 bonum
505 1754 652 1809 illius
676 1754 825 1826 quod
854 1754 1000 1811 Deus
1028 1764 1112 1811 est
1140 1755 1342 1826 diligis.
1386 1754 1595 1812 Idcirco
1616 1757 1855 1828 primum

269 1846 436 1919 dilige
461 1847 703 1903 animam
731 1856 905 1916 tuam,
939 1847 1213 1919 diligendo
1252 1849 1458 1904 bonum
1505 1850 1703 1906 animae
1728 1859 1854 1906 tuae.
1886 1835 1929 1890 Β

269 1937 477 1996 Deinde
504 1940 668 1996 etiam
699 1940 862 2011 dilige
899 1942 1210 2011 proximum
1248 1950 1400 1996 tuum
1430 1941 1573 1998 sicut
1599 1942 1855 2013 teipsum,

268 2032 546 2104 diligendo
577 2034 653 2090 illi
680 2035 887 2091 bonum
918 2035 1063 2107 quod
1105 2034 1288 2106 diligis
1320 2035 1437 2090 tibi.
1467 2034 1582 2093 lloc
1601 2045 1684 2092 est
1709 2037 1855 2091 enim

269 2122 401 2177 illud
433 2124 677 2195 diligere,
709 2126 915 2181 bonum
942 2126 1019 2180 illi
1046 2126 1292 2197 diligere.
1322 2123 1457 2181 Nam
1480 2127 1682 2182 bonum
1711 2127 1859 2184 illius

268 2215 496 2287 diligere
523 2234 733 2289 posses,
762 2218 928 2275 etiam
960 2218 1006 2275 si
1031 2219 1185 2275 illum
1211 2236 1319 2276 non
1348 2221 1623 2292 diligeres.
1657 2219 1856 2277 Posses

268 2308 417 2364 enim
449 2309 545 2364 tibi
573 2309 819 2380 diligere,
852 2318 948 2365 aut
981 2311 1139 2365 alteri
1178 2310 1424 2377 cuilibet,
1457 2320 1510 2366 et
1539 2325 1647 2364 non
1671 2310 1769 2377 illi,
1803 2318 1858 2365 et

269 2401 346 2458 ita
370 2401 524 2457 illum
565 2418 677 2457 non
719 2403 996 2474 diligeres,
1028 2404 1283 2475 quamvis
1315 2416 1519 2459 bonum
1558 2404 1705 2459 illius
1731 2404 1853 2459 dili-

268 2508 447 2566 geres,
482 2495 613 2565 quia
644 2494 722 2549 illi
742 2510 851 2550 non
878 2495 1151 2567 diligeres.
1172 2494 1374 2551 Posses
1397 2495 1624 2565 diligere
1651 2509 1853 2565 equum

268 2586 437 2652 illius,
470 2588 695 2642 domum
727 2596 782 2642 et
800 2602 1013 2657 agrum,
1046 2589 1334 2658 pecuniam
1365 2586 1534 2653 illius,
1579 2584 1856 2641 fortitudi-

269 2695 417 2747 nem,
445 2679 908 2750 pulchritudinem
936 2688 1032 2734 aut
1056 2679 1380 2750 sapientiam
1408 2678 1577 2745 illius,
1603 2678 1854 2748 quamvis

268 2771 421 2826 illum
438 2786 547 2827 non
570 2770 846 2843 diligeres,
871 2772 1000 2842 quia
1024 2771 1410 2842 tibidiligeres,
1432 2785 1543 2826 non
1568 2770 1666 2824 illi.
1692 2769 1853 2826 Enim

269 2878 456 2918 verum
504 2864 710 2919 bonum
740 2878 852 2920 non
886 2872 1106 2935 poteras
1149 2862 1373 2933 diligere
1400 2863 1518 2931 tibi,
1564 2862 1674 2919 nisi
1719 2862 1852 2919 illud

264 2955 518 3028 diligeres
547 2965 599 3012 et
629 2971 860 3028 cuperes
888 2955 1142 3027 proximo
1170 2962 1283 3011 tuo.

336 3048 597 3106 Distinxit
614 3064 747 3120 ergo
782 3048 1063 3120 Scriptura
1090 3050 1437 3106 dilectionem
1469 3048 1629 3104 istam
1656 3062 1852 3103 secun—

1966 586 2107 626 rare.
2136 570 2276 638 Quia
2300 572 2448 627 enim
2471 573 2653 629 omnis
2679 575 2771 644 qui
2802 574 3006 631 bonum
3031 591 3192 632 suum
3216 577 3413 651 diligit,
3444 580 3553 635 sibi

1964 660 2184 732 diligit;
2237 671 2292 717 et
2328 677 2547 718 rursum
2595 663 2724 734 quia
2771 667 2953 722 omnis
2997 667 3090 737 qui
3134 666 3305 724 Deum
3350 669 3548 741 diligit,

1963 750 2169 805 bonum
2218 766 2378 807 suum
2425 752 2620 823 diligit,
2663 763 2883 810 constat
2928 756 3175 827 profecto
3209 758 3337 829 quia
3385 774 3549 814 nemo

1963 840 2133 896 Deum
2165 843 2357 914 diligit,
2391 844 2487 914 qui
2520 844 2624 899 sibi
2672 845 2827 900 illum
2871 862 2982 902 non
3019 848 3228 920 diligit;
3280 858 3336 905 et
3363 852 3550 908 omnis

1962 933 2056 1004 qui
2091 934 2265 1004 diligit
2289 934 2392 990 sibi
2423 934 2618 1007 diligit,
2643 936 2773 1007 quia
2798 936 3071 995 desiderat
3096 950 3151 995 et
3175 941 3377 998 habere
3396 943 3550 1013 cupit

1960 1041 2123 1096 quem
2153 1026 2347 1098 diligit.

2032 1116 2187 1173 ltcm.
2214 1116 2355 1185 Quia
2392 1133 2503 1173 non
2527 1118 2708 1174 omnis
2730 1120 2827 1191 qui
2860 1119 3066 1176 bonum
3094 1123 3321 1182 alterius
3349 1126 3544 1198 diligit.

1962 1209 2116 1264 illum
2147 1209 2325 1281 diligit
2355 1210 2516 1279 cujus
2540 1210 2745 1264 bonum
2779 1209 2975 1282 diligit,
3002 1214 3130 1283 quia
3177 1230 3287 1271 non
3317 1216 3392 1271 illi
3422 1218 3547 1272 dili-

1960 1303 2039 1374 git
2067 1302 2271 1357 bonum
2296 1303 2444 1373 quod
2473 1301 2667 1372 diligit.
2694 1300 2950 1359 Distinin
2980 1304 3262 1378 Scriptura
3294 1290 3549 1367 humanae

1960 1394 2151 1461 menti,
2193 1395 2496 1450 secundum
2542 1410 2606 1450 ea
2635 1410 2758 1467 quae
2804 1395 2860 1450 in
2902 1396 3162 1455 humanis
3215 1400 3411 1469 divisa,
3442 1402 3547 1457 ali-

1959 1484 2177 1555 quoties
2239 1485 2622 1554 iuveniuntur,
2674 1486 2727 1541 id
2773 1487 2921 1557 quod
2960 1488 3141 1545 divina
3185 1490 3548 1563 inseparabile

1959 1575 2181 1643 habent,
2209 1575 2399 1633 dicens
2427 1575 2639 1632 homini
2663 1584 2742 1642 ut,
2768 1588 3060 1649 postquam
3085 1578 3256 1637 Deum
3276 1583 3544 1655 diligeret,

1959 1667 2209 1738 diligeret
2234 1676 2289 1723 et
2326 1668 2640 1739 proximum
2683 1683 2866 1738 suum,
2912 1686 3019 1727 non
3049 1675 3196 1744 quod
3241 1674 3387 1731 istud
3425 1676 3547 1732 sine

1962 1759 2066 1815 isto
2090 1758 2270 1815 facere
2298 1769 2551 1830 possunt,
2582 1762 2675 1817 sed
2709 1779 2776 1819 ne
2813 1779 2978 1834 posse
3000 1772 3272 1836 putarent.
3297 1766 3546 1823 Primum

1959 1865 2091 1922 ergo
2119 1850 2256 1905 dixit
2283 1859 2343 1906 ut
2373 1850 2544 1907 Deum
2590 1853 2859 1926 diligeret,
2888 1864 2942 1911 et
2973 1856 3028 1910 in
3067 1872 3134 1912 eo
3177 1857 3293 1928 ipse
3317 1859 3457 1914 dixit
3484 1867 3548 1915 ut

1959 1941 2065 1997 sibi
2092 1941 2358 2014 diligeret,
2391 1943 2521 2012 quia
2562 1944 2744 1999 omnis
2767 1948 2862 2016 qui
2911 1948 3114 2005 bonum
3144 1965 3303 2005 suum
3345 1951 3543 2023 diligit,

1960 2033 2062 2088 sibi
2095 2034 2289 2106 diligit.
2315 2033 2454 2102 Quia
2480 2051 2590 2091 non
2620 2037 2803 2095 omnis
2826 2041 2920 2110 qui
2945 2041 3146 2096 bonum
3173 2042 3401 2098 alterius
3420 2043 3548 2099 dili-

1960 2126 2056 2197 git,
2082 2126 2159 2181 illi
2191 2128 2367 2200 diligit
2393 2128 2554 2198 cujus
2588 2130 2793 2186 bonum
2819 2132 3022 2203 diligit;
3053 2143 3175 2204 post
3199 2135 3543 2191 dilectionem

1963 2217 2055 2272 Dei
2102 2219 2285 2274 statim
2337 2219 2624 2290 subjunxit
2658 2221 3006 2278 dilectionem
3053 2225 3309 2294 proximi,
3347 2235 3408 2281 ut
3442 2227 3547 2282 hoc

1959 2309 2126 2365 homo
2154 2311 2405 2380 proximo
2448 2328 2551 2368 suo
2608 2323 2830 2383 cuperet
2868 2314 3144 2386 diligendo
3175 2315 3351 2381 illum,
3395 2317 3544 2387 quod

1958 2402 2062 2458 sibi
2093 2403 2370 2474 diligendo
2404 2403 2595 2460 Deum.
2648 2405 2805 2472 Quod
2835 2407 3017 2477 majus
3046 2406 3249 2462 bonum
3274 2409 3410 2464 mihi
3438 2419 3542 2477 est,

1956 2509 1988 2549 a
2012 2508 2099 2549 me
2142 2495 2267 2564 plus
2293 2495 2629 2567 diligendum
2657 2504 2760 2563 est,
2796 2498 2925 2568 quia
2970 2498 3105 2552 mihi
3139 2498 3377 2569 primum
3405 2499 3544 2554 insi-

1956 2594 2072 2640 tum
2107 2593 2211 2650 est,
2256 2594 2315 2641 ut
2342 2586 2564 2658 diligam
2607 2587 2812 2643 bonum
2858 2604 3084 2644 meum:
3125 2589 3259 2645 illud
3303 2591 3544 2646 maxime

1955 2678 2101 2748 quod
2126 2692 2318 2733 verum
2360 2678 2565 2733 bonum
2597 2688 2702 2749 est,
2733 2688 2808 2748 et,
2839 2689 2966 2752 post
2994 2681 3126 2736 illud
3151 2691 3205 2737 et
3241 2684 3542 2738 secundum

1955 2770 2110 2837 illud,
2138 2770 2360 2841 diligam
2385 2770 2588 2826 bonum
2615 2774 2853 2844 proximi
2876 2774 3003 2830 mei.
3032 2773 3347 2830 Secundum
3372 2790 3460 2831 me
3487 2786 3541 2830 et

1957 2874 2082 2936 post
2103 2882 2192 2922 me
2236 2868 2445 2940 aliquid
2474 2869 2554 2925 illi
2583 2869 2774 2935 debeo,
2819 2876 2947 2923 ante
2987 2882 3074 2923 me
3098 2868 3183 2922 vel
3227 2877 3419 2924 contra
3454 2883 3544 2924 me

1954 2954 2112 3009 nihil.
2138 2955 2399 3029 Alioquin
2426 2974 2534 3013 non
2555 2966 2727 3014 staret
2751 2975 2764 3012 :
2791 2975 2810 3008 ι
2841 2956 3043 3028 Diliges
3057 2959 3367 3027 proximum
3386 2966 3541 3013 tuum

1954 3046 2099 3102 sicut
2149 3050 2408 3119 teipsum,
2445 3069 2464 3102 ι
2526 3051 2575 3106 si
2624 3049 2778 3104 illum
2830 3049 3134 3120 diligerem,
3159 3051 3286 3105 odio
3330 3051 3541 3106 habens

262 3141 397 3197 dum
429 3141 575 3197 illam
601 3158 711 3213 qua
755 3142 811 3197 in
857 3142 982 3198 aliis
1009 3151 1065 3198 et
1085 3142 1154 3198 de
1198 3142 1322 3197 aliis
1365 3141 1543 3196 bonus
1571 3148 1673 3195 est.
1707 3138 1852 3194 Dile-
1877 3177 1917 3233 Ο
1952 3138 2247 3233 meipsum.
2284 3140 2598 3198 Secundum
2624 3141 2774 3196 hunc
2813 3141 3000 3212 itaque
3041 3143 3264 3197 modum
3291 3157 3399 3197 non
3432 3143 3539 3199 nisi

261 3239 499 3294 stionem
529 3238 769 3307 primum
800 3237 1121 3309 praecipiens
1154 3235 1387 3302 homini,
1419 3242 1481 3289 ut
1515 3232 1685 3289 Deum
1725 3233 1849 3288 dili-
1892 3231 1901 3233 ἡ
1950 3231 2062 3286 duo
2082 3242 2212 3288 sunt
2234 3244 2500 3306 praecepta
2529 3237 2852 3293 charitatis:
2884 3237 3123 3308 primum
3153 3237 3221 3291 de
3250 3234 3540 3291 dilectione

263 3338 374 3399 gat,
404 3329 694 3386 intendens
724 3332 912 3401 utique
940 3341 999 3385 ut
1030 3330 1086 3384 in
1113 3344 1180 3385 eo
1213 3330 1334 3400 ipso
1364 3329 1606 3398 seipsum
1634 3326 1844 3395 diligat,
1949 3321 2065 3390 Dei,
2099 3324 2156 3380 in
2191 3342 2304 3397 quo
2331 3328 2497 3384 homo
2539 3329 2805 3386 veraciter
2832 3330 3008 3400 diligit
3034 3329 3299 3399 seipsum.
3329 3326 3543 3383 Secun-

262 3421 394 3492 quia
422 3420 647 3493 diligere
691 3423 932 3493 seipsum
974 3437 1083 3477 non
1115 3421 1264 3476 aliud
1311 3430 1397 3476 est
1429 3435 1597 3492 quam
1636 3418 1842 3473 bonum
1949 3413 2080 3470 dum
2109 3416 2177 3473 de
2201 3418 2497 3477 dilectione
2517 3422 2778 3493 proximi,
2807 3421 2862 3477 in
2885 3436 2997 3493 quo
3024 3421 3337 3493 proximum
3362 3418 3539 3493 diligit

262 3526 425 3567 suum
458 3513 706 3585 diligere,
734 3521 789 3570 et
820 3513 1023 3568 bonum
1067 3527 1229 3569 suum
1274 3512 1502 3586 diligere
1550 3525 1659 3567 non
1694 3507 1842 3563 aliud
1949 3506 2093 3563 sicut
2121 3511 2386 3582 seipsum.

638 3771 1236 3868 DOMINICA
1309 3780 1771 3887 QUINTA
1839 3777 2139 3904 PQST
2215 3775 3142 3870 THEOPHANIAM.

1487 3972 1856 4035 Secundum
1887 3959 2284 4034 Matthaaum.

330 4135 685 4209 Respondens
727 4135 888 4194 Jesus
925 4135 1105 4192 dixit:
1156 4153 1175 4186 ι
1208 4133 1487 4191 Confiteor
1533 4136 1653 4202 tibi,
1677 4136 1839 4194 Pater
1946 4136 2098 4210 (Luc.
2151 4136 2253 4207 ιι),
2284 4155 2305 4189 ι
2334 4135 2439 4191 hoc
2486 4143 2570 4191 est
2592 4135 2954 4192 humilitatem
2988 4138 3113 4194 ﬁdei
3152 4138 3378 4208 Christi,
3419 4155 3528 4212 qua

259 4230 490 4287 Domine
529 4230 656 4287 caali
694 4238 750 4286 et
771 4238 949 4296 terrae,
992 4229 1122 4299 quia
1162 4227 1500 4286 abscondisti
1542 4230 1659 4285 haec
1686 4245 1717 4285 a
1746 4246 1839 4285 sa-
1945 4228 2011 4282 ad
2027 4227 2330 4283 divinitatis
2348 4229 2468 4297 ejus
2492 4231 2820 4301 agnitionem
2844 4230 3126 4300 pervenire
3146 4231 3427 4300 poteratis.

256 4324 536 4395 pientibus
577 4333 632 4379 et
673 4323 1031 4394 prudentibus
1074 4331 1128 4377 et
1170 4322 1421 4378 revelasti
1469 4338 1535 4379 ea
1573 4323 1837 4394 parvulis,
2020 4337 2039 4371 ι
2084 4316 2285 4383 Etiam,
2316 4317 2497 4387 Pater,
2527 4320 2657 4390 quia
2683 4320 2766 4376 sic
2811 4319 2915 4377 fuit
2942 4321 3200 4390 placitum
3235 4330 3362 4376 ante
3388 4330 3459 4376 te.
3498 4338 3520 4373 ι

255 4425 362 4471 etc.
393 4414 612 4484 (Matth.
646 4415 748 4486 xi).
777 4434 798 4468 ι
1869 4458 1914 4514 D
1947 4407 2154 4465 Sensus
2181 4416 2305 4464 est:
2335 4407 2514 4477 Certe,
2538 4408 2718 4479 Pater,
2753 4412 2871 4469 haec
2909 4412 3108 4480 fecisti,
3151 4413 3278 4484 quia
3309 4414 3389 4468 sic
3409 4414 3526 4482 pla»

328 4507 625 4564 Exsultans
653 4510 721 4565 de
748 4507 954 4580 Spiritu
995 4516 1205 4574 sancto,
1238 4509 1307 4565 de
1340 4511 1517 4566 salute
1544 4511 1837 4566 humilium
1869 4501 1910 4514 ”
1940 4502 2053 4558 cuit
2091 4511 2221 4557 ante
2265 4511 2339 4568 te,
2386 4501 2440 4557 id
2484 4511 2570 4557 est
2614 4504 2669 4558 in
2712 4516 3004 4578 conspectu
3047 4517 3164 4563 tuo.
3191 4506 3302 4563 .llis
3340 4506 3526 4563 verbis

256 4601 459 4670 quibus
484 4601 826 4672 loquebatur,
851 4602 1054 4672 gratias
1082 4602 1195 4674 agit
1237 4611 1292 4658 et
1328 4603 1566 4659 exsultat
1593 4603 1646 4658 in
1678 4602 1839 4658 Patre
1939 4599 2185 4668 exempla
2217 4599 2543 4661 humilitatis
2584 4606 2906 4677 accipimus,
2940 4618 3008 4658 ne
3044 4610 3249 4658 temere
3284 4614 3523 4670 superna

255 4690 405 4762 quod
453 4692 719 4763 apostolis
763 4692 1032 4748 adventus
1080 4694 1164 4749 sui
1214 4696 1431 4764 aperuit
1474 4705 1835 4760 sacramenta,

253 4800 379 4855 qum
406 4785 793 4856 ignoraverunt
838 4783 1043 4843 Scribae
1090 4795 1140 4839 et
1172 4783 1454 4852 Pharisaei,
1484 4788 1578 4858 qui
1610 4787 1713 4843 sibi
1748 4803 1837 4843 sa-

254 4876 466 4946 pientes
509 4878 852 4934 videbantur.
906 4875 1061 4931 Unde
1108 4892 1315 4948 supra:
1369 4897 1387 4930 ι
1422 4876 1724 4934 Justiﬁcata
1752 4887 1839 4933 est

254 4970 521 5041 sapientia
559 4985 591 5025 a
636 4968 762 5026 tiliis
785 4969 904 5025 suis
944 4968 1144 5037 (ibid.l.
1176 4988 1193 5021 ι
1232 4968 1521 5025 Confessio
1554 4987 1661 5025 non
1690 4987 1835 5026 sem-

222 5058 351 5131 ‘per
378 5062 776 5133 pmnitentiam,
803 5061 899 5117 sed
921 5061 1216 5131 aliquando
1243 5062 1541 5132 gratiarum
1564 5065 1832 5119 actionem

253 5158 543 5225 signiﬁcat.
574 5154 985 5224 (Aususnsus.)
1016 5152 1072 5206 In
1136 5153 1245 5208 hoc
1306 5154 1453 5223 quod
1511 5155 1587 5209 ait
1622 5153 1784 5211 Pater
1816 5175 1829 5210 :

250 5247 492 5303 ostendit
533 5262 593 5303 se
635 5262 758 5305 esse
787 5246 1029 5317 genitum
1073 5262 1105 5302 a
1152 5246 1285 5313 Deo,
1336 5261 1444 5301 non
1480 5255 1742 5313 creatum,
1773 5257 1836 5304 ut

250 5339 491 5396 haeretici
528 5339 747 5408 dicunt;
774 5340 830 5394 in
860 5342 963 5396 hoc
990 5339 1138 5410 quod
1165 5338 1325 5393 dicit:
1346 5338 1591 5406 Domine,
1616 5349 1832 5395 creato-

244 5451 364 5490 rem
400 5435 524 5491 caeli
548 5444 605 5490 et
638 5444 796 5491 terra:
814 5477 828 5499 ,
856 5434 1082 5505 pulchre
1102 5431 1441 5502 sapientibus
1469 5443 1524 5487 et.
1548 5433 1831 5502 prudenti-

246 5526 373 5593 bus,
403 5542 511 5583 non
547 5526 866 5597 insipientes
890 5535 944 5580 et
971 5523 1215 5590 hebetes,
1241 5523 1335 5579 sed
1361 5524 1640 5594 parvulos,
1667 5524 1718 5579 id
1748 5533 1832 5580 est

247 5619 485 5675 humiles
511 5618 768 5689 opposuit
814 5626 873 5671 ut
892 5617 1151 5687 probaret
1175 5630 1234 5673 se
1257 5624 1523 5671 tumorem
1545 5615 1825 5680 damnate,

246 5727 355 5765 non
408 5726 639 5766 acumen
687 5709 946 5766 scientiae.
992 5707 1284 5765 Humilitas
1332 5708 1477 5764 enim
1525 5709 1694 5765 clavis
1743 5717 1827 5763 est

242 5803 506 5861 scientire.
527 5802 600 5861 De
618 5819 725 5880 qua
740 5800 867 5859 alibi
885 5801 1016 5859 dicit
1036 5818 1051 5855 ε
1076 5820 1093 5852 ι
1114 5799 1339 5858 Tulistis
1358 5801 1563 5858 clavem
1581 5800 1822 5858 scientiae

1937 4690 2165 4746 consilia
2185 4693 2253 4746 de
2280 4693 2516 4752 aliorum
2539 4699 2824 4755 vocatione
2848 4698 3191 4767 aliorumque
3212 4694 3523 4764 repulsione

1935 4800 2351 4855 praesumamus.
2381 4793 2502 4850 Non
2539 4794 2685 4850 enim
2722 4792 2988 4847 rationem
3022 4787 3273 4853 reddidit,
3309 4786 3403 4842 sed
3439 4786 3523 4842 sic

1936 4874 2046 4931 Deo
2086 4879 2347 4948 placitum
2392 4883 2551 4950 dixit,
2578 4881 2873 4938 ostendens
2918 4877 3049 4948 quia
3094 4876 3357 4946 injustum
3397 4891 3521 4930 esse

1934 4984 2044 5024 non
2081 4978 2261 5041 potest
2284 4974 2429 5043 quod
2467 4972 2672 5043 placuit
2693 4972 2862 5042 justo.
2890 4968 3045 5024 Unde
3071 4978 3127 5023 et
3164 4967 3219 5020 in
3247 4967 3403 5022 vinea
3436 4967 3518 5021 la-

1935 5062 2255 5118 borantibus
2286 5063 2590 5119 mercedem
2628 5061 2862 5118 reddens
2897 5060 3013 5115 ait:
3065 5077 3084 5111 ι
3123 5056 3263 5115 Volo
3306 5068 3358 5113 et
3391 5059 3519 5113 huic

1932 5154 2236 5210 novissimo
2264 5156 2395 5211 dare
2423 5158 2565 5213 sicut
2584 5167 2638 5211 et
2661 5155 2758 5211 tibi
2791 5153 3011 5226 (Matth.
3042 5152 3190 5224 ω.»
3216 5151 3273 5206 1η
3301 5152 3549 5232 cunctis"

1931 5263 2063 5319 ergo
2088 5264 2117 5304 a
2166 5249 2280 5305 Deo
2318 5250 2601 5321 dispositis
2629 5261 2815 5321 aperta
2858 5251 3005 5306 ratio
3023 5257 3146 5318 est,
3174 5248 3403 5307 occultae
3426 5247 3517 5316 ju-

1930 5340 2082 5395 stitia
2114 5340 2430 5397 voluntatis.

2006 5451 2025 5483 t
2064 5429 2266 5486 Omnia
2308 5432 2444 5486 mihi
2497 5432 2693 5488 tradita
2728 5441 2856 5489 sunt
2880 5450 2911 5488 a
2949 5432 3109 5486 Patre
3150 5444 3293 5484 meo.
3328 5446 3347 5478 ι
3390 5424 3516 5479 ldco

1930 5523 2195 5579 conﬁteor
2222 5521 2370 5577 Patri
2402 5523 2531 5591 quia
2554 5524 2739 5578 omnia
2769 5524 2904 5578 mihi
2932 5521 3153 5577 tradidit
3176 5519 3356 5573 Pater.
3394 5514 3513 5569 Non

1928 5615 2060 5672 dicit
2087 5615 2273 5671 omnia
2318 5614 2386 5670 de
2413 5614 2717 5681 elementis,
2746 5616 2839 5671 sed
2864 5616 2932 5671 de
2962 5613 3050 5668 bis
3076 5612 3171 5682 qui
3192 5625 3292 5682 per
3313 5608 3512 5663 Filium

1929 5710 2193 5765 accedunt
2237 5711 2304 5767 ad
2330 5711 2569 5781 Patrem,
2593 5723 2651 5769 et
2687 5720 2813 5767 ante
2852 5717 3011 5766 erant
3036 5705 3283 5762 rebelles.
3320 5701 3394 5756 De
3424 5699 3513 5755 his

1928 5801 2182 5857 omnibus
2205 5803 2341 5861 alias
2362 5805 2532 5861 dixit:
2568 5825 2587 5859 ι
2623 5804 2873 5874 Domine,
2899 5799 3043 5875 quod
3072 5798 3159 5854 dat
3190 5794 3327 5852 mihi
3350 5791 3514 5851 Pater
