4032 6396
476 336 583 394 839

1572 322 1899 382 WERNEBI
1934 319 2230 379 ABBATIS
2266 318 2324 376 S.
2368 315 2590 374 BLASll

3952 0 4022 353 ἒ

3658 309 3771 365 810
3976 309 3991 375 !

478 453 549 510 ad
573 465 664 508 me
705 447 886 505 veniet
931 444 1112 518 (Joan.
1164 440 1263 513 vr).
1309 460 1328 494 ι
1382 438 1480 497 Vel
1530 440 1642 496 ita:
1682 438 2054 513 (Auenosws.)
2085 437 2128 497 A
2159 433 2214 487 in
2252 432 2474 487 lenitate
2527 425 2696 483 animi
2726 422 2924 496 iugiter
2966 430 3381 518 perseverantes
3414 420 3774 518 nullum}:-

474 541 617 598 Cum
646 540 806 596 audis
832 536 1036 602 omnia,
1063 532 1317 606 agnoscis
1339 532 1791 600 omnipotentem,
1819 549 1929 589 non
1961 535 2060 591 de-

479 631 722 688 colorem
742 644 846 685 non
864 628 1186 698 degenerem
1200 623 1402 678 Patris.
1416 620 1553 677 Cum
1571 631 1753 678 autem
1776 623 1934 681 audis
1950 634 2062 679 tra-

477 722 615 788 dita,
643 718 919 775 confiteris
955 715 1174 782 Filium,
1201 713 1292 770 cui
1320 728 1417 784 per
1448 721 1699 769 naturam
1730 715 1896 771 unius
1926 716 2061 771 sub-

480 812 698 869 stantia:
721 809 905 865 omnia
945 808 1071 879 jure
1098 817 1228 864 sunt
1251 807 1496 878 propria,
1527 821 1639 861 non
1667 810 1812 862 dono
1840 807 2058 874 collata,

480 901 575 958 sed
598 917 694 972 per
734 899 988 971 gratiam.
1027 916 1047 951 ο
1100 894 1238 952 Nota
1270 896 1400 966 quia
1439 896 1693 952 Christus
1725 896 1780 951 in
1822 913 1888 953 eo
1913 897 2063 968 quod

480 993 649 1049 homo
694 1001 820 1059 est,
873 990 1202 1057 conﬁtetur,
1246 990 1301 1046 id
1353 997 1438 1045 est
1482 995 1686 1061 gratias
1733 990 1846 1061 agit
1890 988 2060 1056 Patri,

479 1085 590 1140 imo
656 1082 948 1139 individua:
1014 1079 1290 1136 Trinitati.
1349 1080 1406 1135 ln
1460 1081 1566 1137 hoc
1608 1081 1754 1151 quod
1806 1082 1923 1151 ipse
1977 1089 2065 1137 est

478 1176 740 1248 splendor
775 1175 871 1247 qui
895 1175 962 1231 de
989 1173 1149 1230 Patre
1189 1174 1483 1243 Splenduit,
1512 1190 1677 1243 supra
1706 1173 2060 1242 intellectum,

477 1271 658 1326 nullas
689 1267 857 1323 refert
900 1267 1125 1339 gratias,
1176 1265 1303 1322 licet
1349 1266 1537 1322 omnia
1579 1281 1611 1321 a
1637 1264 1800 1323 Patre
1843 1266 2060 1336 habeat,

476 1363 606 1434 quia
637 1378 735 1432 per
762 1370 1019 1416 naturam
1050 1360 1234 1415 habet.

554 1470 574 1503 ‹
609 1450 677 1505 Et
710 1466 873 1506 nemo
914 1449 1070 1505 novit
1118 1449 1317 1503 Filium
1365 1448 1472 1504 nisi
1520 1446 1702 1515 Pater,
1738 1464 1914 1520 neque
1961 1448 2062 1504 Pa-

475 1552 616 1599 trem
649 1543 775 1614 quis
821 1543 974 1597 novit
1011 1541 1118 1597 nisi
1159 1540 1352 1608 Filius,
1382 1549 1438 1596 et
1478 1540 1569 1597 cui
1613 1542 1847 1598 voluerit
1888 1541 2063 1598 Filius

476 1634 763 1691 revelare?
797 1653 816 1686 »
846 1632 1148 1690 Erubescat
1175 1632 1501 1701 Eunomius,
1544 1633 1733 1689 dicens
1760 1648 1820 1689 se
1844 1634 2061 1704 plenam

478 1728 726 1784 notitiam
759 1726 961 1783 habere
983 1726 1052 1783 de
1072 1726 1234 1783 Patre
1257 1736 1312 1784 et
1338 1726 1495 1783 Filio.
1522 1725 1643 1783 Non
1670 1728 1745 1784 ita
1765 1728 2065 1801 intelligen-

2160 527 2319 592 dunt,
2350 534 2405 581 et
2440 524 2521 581 sic
2546 537 2644 594 per
2688 520 2927 592 quietem
2957 516 3160 572 mentis
3202 516 3481 572 invenient
3528 515 3769 572 tandem

2161 601 2552 687 sempiternam
2574 612 2814 685 quietem
2844 607 3137 664 animabus
3161 608 3297 663 suis.
3332 605 3577 678 (Iugum
3604 608 3768 664 enim

2162 726 2346 767 meum
2379 723 2550 766 suave
2580 714 2687 773 est,
2727 713 2783 762 et
2811 717 2956 760 onus
2991 717 3177 759 meum
3212 703 3381 759 leve.»
3416 702 3769 779 (Ιῐιιλιιωε.)

2162 798 2305 869 Quid
2328 800 2464 874 iugo
2493 798 2700 856 Christi
2729 795 2995 854 suavius?
3016 794 3159 862 Quid
3181 810 3350 851 onere
3378 796 3596 852 levius?
3623 796 3771 854 Pro-

2162 893 2398 949 babilem
2454 891 2594 959 fieri,
2641 907 2673 946 a
2721 889 2927 946 scelere
2978 886 3274 956 abstinere,
3329 888 3539 944 bonum
3596 891 3768 960 velle,

2165 986 2370 1041 malum
2399 985 2563 1053 nolle,
2613 998 2800 1040 amare
2830 996 3045 1050 omnes,
3072 981 3257 1037 odisse
3286 981 3523 1049 nullum,
3552 992 3771 1039 aeterna

2163 1079 2428 1150 consequi
2468 1077 2830 1149 praesentibus
2879 1089 2988 1130 non
3018 1074 3162 1146 capi,
3192 1075 3338 1131 nolle
3364 1074 3574 1131 inferre
3600 1075 3770 1131 alteri

2163 1171 2311 1243 quod
2352 1170 2455 1227 sibi
2495 1170 2598 1241 ipsi
2622 1170 2827 1240 perpeti
2859 1170 2932 1227 sit
2972 1170 3285 1226 molestum.
3337 1165 3491 1223 Licet
3521 1179 3772 1240 angusto

2164 1263 2322 1320 initio
2345 1263 2416 1319 sit
2435 1273 2587 1318 arcta
2610 1262 2721 1328 via,
2739 1271 2800 1317 ut
2819 1263 2947 1318 alibi
2971 1261 3130 1327 dicit,
3159 1275 3283 1330 quae
3309 1259 3461 1315 ducit
3490 1259 3565 1315 ad
3592 1260 3769 1314 vitam

2166 1355 2387 1428 (Matth.
2412 1354 2535 1426 vn),
2558 1369 2821 1425 processu
2844 1362 3026 1410 tamen
3057 1352 3319 1423 temporis
3344 1351 3610 1408 ineffabili
3632 1353 3773 1408 dile

2163 1445 2361 1502 ctionis
2411 1444 2698 1501 dulcedine
2731 1444 3009 1500 dilatatur.
3053 1441 3253 1514 Jugum
3283 1443 3409 1499 fidei
3458 1458 3634 1500 suave
3684 1451 3773 1499 est

2164 1535 2576 1607 comparatione
2606 1535 2759 1607 legis,
2795 1536 2923 1606 quia
2952 1536 3028 1591 ibi
3067 1536 3428 1591 vulnerantur
3454 1536 3638 1606 pueri,
3672 1536 3771 1592 hic

2164 1627 2419 1683 lavantur
2439 1626 2704 1684 salvandi.
2733 1622 2886 1681 Onus
2908 1625 3187 1697 Evangelii
3213 1627 3330 1683 leve
3351 1634 3457 1692 εει,
3485 1636 3769 1697 quantum

2165 1721 2234 1776 ad
2259 1720 2458 1793 legem,
2494 1720 2626 1791 quia
2659 1720 2737 1776 ibi
2787 1719 3115 1777 adulterium
3156 1719 3384 1790 punitur
3410 1734 3512 1790 per
3544 1719 3769 1791 lapida-

476 1818 609 1875 dum
639 1828 723 1874 est
747 1818 848 1874 hoc
893 1820 1051 1889 quasi
1081 1818 1255 1876 Filius
1297 1835 1326 1875 a
1356 1821 1508 1875 nullo
1538 1822 1710 1890 possit
1737 1820 1867 1876 sciri
1896 1820 2003 1876 nisi
2032 1836 2062 1875 a
2094 1827 2138 1882 B
2167 1811 2395 1880 ῑίοιιοιη,
2431 1811 2521 1867 hic
2547 1821 2815 1884 ρυτεειιιπ
2840 1826 2937 1882 Per
2963 1812 3343 1882 Ρωυίίθυιίδηι

473 1908 637 1965 Patre
660 1911 799 1965 solo.
843 1909 1004 1966 Pater
1028 1920 1212 1967 autem
1259 1927 1370 1967 non
1401 1913 1579 1969 solum
1603 1929 1633 1969 a
1676 1911 1835 1980 Filio,
1867 1912 1963 1968 sed
1993 1914 2063 1969 ab

473 2001 556 2058 eis
597 2003 760 2057 etiam
795 2001 998 2073 quibus
1028 2003 1349 2060 revelaverit
1387 2003 1582 2070 Filius,
1632 2005 1727 2067 sed
1769 2014 2064 2076 utrumque

474 2095 822 2151 referendum
852 2105 937 2151 est
962 2097 1110 2166 quod
1139 2098 1239 2167 ait,
1282 2108 1337 2155 et
1363 2115 1433 2154 an
1464 2098 1603 2172 [cui]
1633 2099 1863 2155 voluerit
1891 2099 2065 2157 Filius

474 2189 736 2256 revelare,
764 2197 825 2242 ut
854 2189 1226 2262 intelligamus
1254 2201 1549 2261 utrumque
1570 2207 1667 2261 per
1688 2191 1886 2246 Filium
1911 2208 2067 2248 reve-

475 2279 600 2334 lari.
625 2277 805 2334 Vcrbo
835 2279 985 2335 enim
1012 2296 1114 2337 suo
1138 2280 1302 2337 Pater
1329 2297 1390 2337 se
1421 2282 1685 2349 declarat,
1708 2282 1836 2353 quia
1865 2282 2065 2337 mentis

475 2378 679 2428 nostra?
714 2369 901 2425 lumen
942 2379 1044 2426 εει.
1088 2369 1418 2442 (ἰῐιιΑιιιυε.)
1452 2370 1675 2426 Tradita
1714 2381 1895 2427 autem
1928 2371 2066 2426 Filio

477 2480 588 2521 non
616 2464 723 2519 alia
750 2471 900 2529 sunt,
931 2479 1096 2533 quam
1124 2480 1246 2534 quae
1269 2464 1322 2518 in
1346 2479 1414 2519 eo
1455 2464 1556 2521 soli
1579 2462 1726 2519 Patri
1758 2472 1886 2519 nota
1914 2472 2064 2521 sunt.

478 2553 620 2611 Nota
650 2552 831 2610 Verbo
855 2554 996 2608 Filio
1044 2556 1147 2610 soli
1196 2565 1327 2610 sunt
1356 2570 1480 2625 quae
1521 2554 1700 2611 Patris
1726 2566 1875 2623 sunt,
1903 2566 2070 2627 atque

477 2645 553 2701 ita
583 2644 637 2699 in
681 2644 787 2699 hoc
819 2652 1044 2710 mutuae,
1075 2644 1404 2714 cognitionis
1446 2654 1658 2701 secreto
1704 2662 1809 2701 non
1839 2646 1986 2702 aliud
2010 2646 2069 2701 in

476 2736 618 2793 Filio
643 2735 945 2808 ignorabile
967 2736 1265 2803 exstitisse,
1291 2752 1455 2806 quam
1473 2738 1618 2807 quod
1642 2738 1694 2793 in
1720 2736 1879 2793 Patre
1909 2738 2070 2809 igno-

479 2829 657 2884 rabile
682 2829 773 2883 sit.
801 2827 1054 2895 Attende,
1091 2827 1182 2883 ubi
1212 2828 1364 2884 solus
1392 2827 1572 2896 Pater,
1600 2828 1822 2897 Filium,
1851 2831 2070 2886 solusve

481 2920 655 2977 Filius
674 2919 892 2976 Patrem
925 2936 1092 2976 nosse
1128 2920 1349 2988 dicitur,
1388 2938 1495 2976 non
1544 2922 1648 2979 nisi
1690 2933 2071 2979 creaturarum

481 3013 601 3069 ﬁeri
628 3012 1021 3070 exclusionem.
1061 3011 1247 3084 Neque
1294 3014 1439 3069 enim
1487 3012 1659 3071 F.1ius
1698 3032 1729 3070 a
1760 3016 1950 3071 notitia
1982 3017 2067 3071 sui

480 3105 656 3176 ipsius
676 3105 967 3176 excipitur,
992 3120 1170 3175 neque
1195 3104 1358 3161 Pater
1382 3106 1475 3177 qui
1505 3107 1747 3178 scipsum
1776 3116 2072 3179 cognoscat

480 3174 816 3264 excluditur,
835 3207 891 3254 et
923 3174 1162 3268 Spiritus
1183 3174 1912 3256 sanctus'consubstantialis
1935 3200 2071 3255 utri-
2097 3174 2142 3237 θ

481 3306 591 3363 que
650 3291 715 3347 ab
775 3290 1065 3360 utriusque
1129 3289 1290 3360 plena
1355 3290 1665 3362 cognitione
1722 3306 2069 3361 nequaquam

483 3392 790 3454 separatur.
810 3379 964 3436 Unde
986 3379 1189 3436 Paulus
1214 3398 1227 3434 :
1261 3399 1280 3432 t
1305 3378 1541 3451 Spiritus
1567 3390 1841 3438 scrutatur
1861 3383 2069 3450 omnia,

481 3475 647 3530 etiam
671 3472 938 3544 profunda
970 3471 1067 3527 Dei
1095 3471 1149 3542 (1
1174 3471 1297 3527 Cor.
1326 3474 1409 3543 ιι).
1446 3491 1466 3524 ι

559 3583 578 3616 ‹
610 3563 675 3618 Et
716 3577 1014 3619 conversus
1047 3561 1116 3616 ad
1150 3562 1453 3631 discipulos
1499 3579 1631 3619 suos
1664 3564 1841 3620 dixit:
1880 3562 2071 3621 Venite

484 3655 553 3711 ad
586 3670 672 3709 me
703 3669 897 3710 omnes
938 3654 1033 3725 qui
1062 3653 1324 3709 laboratis
1351 3662 1406 3709 et
1453 3656 1665 3711 onerati
1701 3657 1855 3724 estis,
1886 3667 1939 3712 et
1967 3673 2070 3730 ego

484 3745 726 3801 reficiam
753 3760 874 3800 vos.
914 3764 933 3796 ι

558 3836 635 3892 De
663 3851 829 3892 onere
860 3836 1069 3907 peccati
1104 3836 1254 3903 dicit,
1286 3837 1369 3893 vel
1397 3854 1620 3913 pressos
1642 3838 1775 3910 jugo
1811 3840 1946 3912 legis
1984 3840 2073 3896 in-

485 3928 623 3983 vitat
667 3927 736 3984 ad
791 3926 1168 4000 Evangelium.
1223 3927 1342 3996 Qua
1395 3930 1608 3987 ratione
1656 3940 1740 3987 est
1792 3930 2069 4004 Evangelii

486 4021 660 4093 gratia
688 4020 861 4076 levior
887 4021 1025 4092 lege,
1048 4036 1174 4076 cum
1207 4020 1263 4076 in
1291 4022 1408 4093 lege
1431 4022 1780 4089 adulterium,
1808 4024 1862 4079 in
1888 4024 2070 4079 Evan-

488 4113 631 4185 gelio
656 4113 1135 4183 concupiscentia;
1178 4114 1252 4168 ibi
1298 4115 1676 4180 homicidium,
1707 4116 1796 4170 hic
1839 4118 1919 4171 ira
1966 4135 2069 4189 pu-

487 4202 708 4257 niatur?
733 4200 790 4255 In
814 4202 931 4273 lege
957 4216 1124 4271 opera
1156 4204 1532 4274 requiruntur,
1569 4204 1625 4259 in
1656 4204 1948 4276 Evangelio
1975 4224 2072 4263 vo-

486 4292 692 4348 luntas.
728 4291 880 4358 Duae,
910 4294 1035 4350 licet
1061 4295 1315 4350 allectum
1349 4311 1460 4350 non
1504 4296 1728 4360 habeat,
1762 4300 2067 4367 praemium,

486 4394 666 4439 tamen
689 4399 798 4439 non
833 4386 1055 4453 amittit,
1100 4395 1180 4453 ut,
1212 4386 1260 4442 si
1289 4387 1444 4458 virgo
1478 4403 1588 4443 non
1633 4389 1913 4447 voluntate
1948 4406 2072 4446 cor-

2164 1922 2244 1979 De
2267 1924 2413 1978 vitiis
2452 1932 2503 1978 et
2529 1921 2773 1994 operibus
2815 1920 2995 1996 nautis.
3024 1921 3431 1996 Degvirtutibus
3460 1940 3670 1996 quoque
3712 1935 3768 1982 et

2744 1992 2991 2064 operibus
3012 1992 3185 2048 bonis.

2243 2105 2262 2139 ι
2313 2085 2506 2143 Venite
2535 2087 2604 2143 ad
2635 2102 2745 2156 me,
2788 2103 2982 2146 omnes
3012 2089 3104 2160 qui
3132 2089 3396 2145 laboratis
3439 2097 3498 2145 et
3545 2089 3767 2144 onerati

2165 2180 2321 2247 estis,
2333 2189 2386 2235 et
2399 2195 2501 2251 ego
2513 2180 2755 2238 reficiam
2768 2197 2867 2240 vos
2885 2182 3105 2255 (Matth.
3121 2184 3222 2254 ιι).
3255 2203 3274 2234 ι
3297 2182 3508 2238 Labore
3524 2182 3766 2253 fatigati,

2166 2287 2332 2327 onere
2360 2273 2590 2343 gravati,
2615 2273 2794 2329 inedia
2825 2276 3108 2341 macerati,
3134 2274 3311 2330 venite
3334 2275 3401 2330 ad
3429 2289 3539 2329 me.
3570 2274 3769 2342 Qualis

2167 2364 2238 2420 ad
2267 2366 2519 2436 qualem?
2546 2366 2734 2423 Clausi
2775 2369 2845 2424 ad
2876 2369 3103 2433 ostium,
3130 2368 3317 2439 aegroti
3359 2366 3428 2422 ad
3458 2369 3765 2435 medicum,

2168 2459 2419 2532 naufragi
2445 2459 2513 2515 ad
2535 2469 2777 2532 portum;
2806 2461 2874 2517 ad
2890 2460 3355 2527 ostiuutluminis,
3382 2461 3452 2514 ad
3482 2461 3769 2517 medicum

2169 2552 2385 2619 salutis,
2430 2553 2499 2608 ad
2543 2561 2761 2623 portum
2806 2553 3039 2629 quietis;
3089 2552 3155 2609 ad
3198 2554 3425 2617 ostium,
3458 2562 3519 2607 ut
3549 2555 3771 2624 egressi

2169 2644 2454 2700 veritatem
2485 2645 2744 2712 videatis;
2774 2646 2841 2700 ad
2882 2644 3179 2712 medicum,
3217 2654 3278 2700 ut
3315 2646 3491 2700 curati
3516 2645 3586 2701 ad
3612 2646 3770 2703 sani-

2170 2744 2337 2792 tatem
2388 2738 2817 2804 convalescatis;
2869 2737 2939 2792 ad
2979 2745 3221 2808 portum,
3272 2744 3335 2791 ut
3373 2737 3591 2792 collecti
3638 2747 3771 2809 post

2171 2827 2412 2884 laborem
2439 2828 2774 2900 quiescatis;
2811 2843 2990 2893 vacui,
3021 2837 3085 2882 ut
3124 2828 3332 2883 lumine
3367 2830 3621 2887 veritatis
3659 2832 3770 2887 im-

2170 2920 2462 2990 pleamini;
2493 2921 2828 2987 laborantes,
2856 2928 2917 2976 ut
2939 2920 3123 2992 quiete
3144 2919 3336 2990 adepta
3356 2923 3731 2979 consulcmini
3746 2942 3771 2992 ;

2172 3010 2383 3066 onerati
2426 3011 2686 3081 peccatis,
2732 3018 2795 3066 ut
2829 3011 3069 3082 pondere
3106 3014 3361 3083 aliorum,
3403 3014 3765 3070 allevicmini.

2175 3101 2316 3158 Sunt
2343 3103 2543 3158 etenim
2576 3111 2783 3174 septem
2817 3102 3070 3174 capitalia
3098 3105 3249 3173 vitia,
3292 3107 3410 3161 sive
3436 3105 3769 3177 principalia

2175 3195 2289 3251 sive
2332 3194 2639 3267 originalia,
2688 3196 2891 3266 quibus
2935 3204 3252 3268 peccatores
3293 3208 3665 3270 aggravantur
3710 3210 3770 3256 et

2173 3295 2492 3343 onerantur.
2516 3285 2651 3354 Quae
2680 3287 2801 3343 idco
2834 3288 3114 3359 Scriptura
3153 3289 3405 3360 capitalia
3441 3291 3525 3346 vel
3556 3291 3772 3361 princi-

2173 3379 2338 3450 palia,
2370 3379 2455 3434 vel
2485 3380 2771 3452 originalia
2804 3381 3072 3448 nominat,
3101 3382 3230 3452 quia
3278 3382 3617 3453 reliquorum
3638 3400 3769 3439 om-

2174 3472 2327 3527 nium
2373 3481 2539 3542 caput
2586 3481 2747 3539 sunt,
2791 3482 2846 3529 et
2875 3473 3204 3544 principium
3245 3485 3299 3531 et
3341 3476 3514 3548 origo.
3564 3475 3769 3534 Omnia

2172 3567 2373 3636 quippe
2395 3563 2499 3618 alia
2524 3564 2730 3620 abistis
2754 3574 2962 3635 septem
2981 3566 3130 3622 vitiis
3150 3567 3425 3623 oriuntur.
3440 3567 3557 3625 Hoc
3576 3580 3767 3626 autem

2172 3657 2438 3712 interesse
2468 3658 2682 3712 videtur
2731 3658 2872 3712 inter
2917 3666 3137 3727 peccata
3180 3668 3236 3714 et
3265 3659 3419 3727 vitia,
3450 3661 3602 3731 quod
3631 3661 3769 3717 vitia

2172 3757 2300 3802 sunt
2324 3746 2707 3817 corruptiones
2736 3747 2954 3814 animae,
2985 3762 3054 3802 ex
3084 3748 3306 3819 quibus,
3336 3749 3383 3805 si
3414 3750 3628 3806 ratione
3650 3764 3768 3807 non

2173 3837 2519 3894 refrenentur
2546 3849 2789 3910 peccata,
2812 3838 2975 3894 modo
3001 3847 3158 3894 actus
3182 3839 3463 3911 injustitia:
3482 3841 3769 3905 oriuntur,

2172 3928 2313 3985 Ante
2369 3937 2551 3985 autem
2608 3929 2837 3984 teutanti
2895 3927 3032 3985 vitio
3073 3944 3378 3987 consensus
3433 3931 3764 4000 adhibetur,

2172 4028 2329 4075 actus
2359 4020 2638 4091 iniustitiae
2657 4029 2739 4076 est
2767 4040 2779 4075 :
2812 4020 2958 4091 quod
2999 4029 3285 4091 peccatum
3311 4022 3534 4077 dicitur.
3573 4023 3767 4096 Itaque

2170 4112 2363 4166 vitium
2391 4120 2475 4166 est
2508 4112 2800 4168 infirmitas
2831 4112 3094 4183 spiritalis
3125 4116 3516 4184 corruptionis.
3559 4114 3767 4172 Pecca-

2171 4213 2287 4260 tum
2317 4214 2522 4270 autem,
2567 4221 2633 4260 ex
2677 4206 3030 4277 corruptione
3071 4206 3256 4262 oriens
3298 4221 3396 4277 per
3427 4223 3764 4265 consensum

2173 4303 2257 4351 est
2288 4305 2446 4351 actus
2468 4296 2793 4367 iniquitatis.

2243 4385 2430 4457 itaque
2451 4387 2641 4441 vitium
2670 4388 2878 4458 absque
2906 4404 3177 4446 consensu
3190 4399 3275 4446 est
3302 4390 3611 4448 infirmitas.
3630 4391 3763 4459 Cui,

486 4483 792 4545 rumpatur,
821 4476 964 4545 apud
1003 4475 1358 4548 Evangelium
1391 4479 1542 4550 virgo
1577 4481 1894 4550 suscipitur,
1926 4482 2069 4553 apud
2102 4514 2147 4569 Β
2176 4477 2231 4533 in
2274 4488 2541 4549 quantum
2584 4478 2874 4535 infirmitas
2923 4490 3025 4548 est,
3073 4482 3448 4539 misericordia
3496 4483 3761 4553 debetur;

488 4567 661 4637 legem
704 4566 863 4636 quasi
915 4575 1175 4637 corrupta
1216 4569 1555 4638 repudiatur.
1606 4569 1891 4629 Laboratis
1915 4574 2068 4641 dicit,

489 4657 573 4712 vel
601 4657 655 4712 in
688 4657 823 4728 legis
843 4657 1270 4723 difﬁcultatibus,
1294 4662 1374 4715 vel
1401 4661 1454 4715 in
1475 4662 1680 4719 divitiis
1701 4666 2068 4736 acquirendis.

494 4768 513 4803 t
544 4747 805 4805 Reliciam
836 4764 955 4815 vos,
987 4769 1006 4803 ι
1037 4751 1089 4806 id
1116 4760 1197 4807 est
1223 4754 1481 4810 recreabo
1507 4771 1604 4812 vos
1630 4768 1954 4816 exoneratos
1977 4776 2076 4831 per

487 4841 842 4912 Evangelium
873 4843 1197 4913 promittens
1228 4862 1451 4917 regnum
1476 4857 1759 4905 aeternum.

565 4953 584 4984 ι
608 4932 804 4988 Tollite
822 4933 1016 5004 jugum
1048 4952 1228 4994 meum
1264 4956 1428 5010 super
1452 4954 1573 5007 vos,
1619 4950 1675 4996 et
1700 4941 1893 4998 discite
1918 4959 1949 4998 a
1983 4960 2071 5000 me

488 5023 618 5093 quia
640 5022 789 5079 mitis
809 5038 930 5078 sum
953 5035 1006 5081 et
1024 5028 1247 5086 humilis
1269 5032 1433 5086 corde
1447 5040 1495 5087 et
1522 5031 1810 5090 invenietis
1823 5035 2068 5106 requiem

488 5113 778 5168 animabus
803 5115 1051 5172 vestris.)
1082 5117 1281 5189 Jugum
1310 5122 1511 5177 dicitur
1528 5120 1879 5194 Evangelium
1905 5126 2067 5182 Chri-

491 5204 568 5272 ti,
603 5203 822 5264 Judteos
865 5217 919 5264 et
960 5218 1149 5281 gentes
1196 5211 1252 5265 in
1300 5228 1408 5267 una
1456 5211 1560 5268 fide
1607 5214 1964 5288 coniungens,
2010 5231 2072 5275 ut

489 5306 694 5354 terram
722 5298 905 5355 cordis
951 5300 1035 5355 sui
1065 5300 1318 5355 cxcolant
1362 5317 1458 5371 per
1480 5314 1752 5359 vomerem
1787 5307 1926 5362 sacri
1956 5308 2071 5362 elo.

489 5390 627 5462 quii.
655 5408 676 5443 t
707 5389 902 5449 Tollite
917 5391 1109 5462 iugum
1135 5408 1314 5447 meum
1340 5409 1505 5466 super
1526 5412 1645 5465 vos,
1677 5416 1694 5449 ι
1722 5397 1775 5452 in
1800 5399 2069 5468 superiori

491 5483 703 5539 scilicet
733 5484 933 5539 mentis
963 5500 1154 5539 vesrrze
1183 5484 1234 5539 in
1269 5485 1475 5543 honore
1503 5490 1785 5545 habentes.
1811 5489 2071 5561 Exemplo

490 5590 712 5646 quoque
760 5591 884 5631 meo
914 5577 1108 5632 discite
1156 5577 1317 5633 mites
1344 5594 1466 5634 esse
1497 5580 1693 5646 corde,
1731 5588 1786 5634 et
1833 5581 2068 5638 humiles

487 5661 704 5732 spiritu,
740 5677 810 5718 ne
846 5663 1010 5720 lateat
1067 5680 1291 5736 serpens
1320 5666 1373 5720 in
1424 5668 1604 5738 specie
1633 5669 1916 5725 columbae.
1954 5668 2067 5725 liu-

486 5754 648 5813 mlles
682 5756 884 5828 quippe
923 5758 1198 5815 neminem
1243 5769 1620 5828 contemnunt,
1653 5761 1813 5818 mites
1844 5778 2065 5834 quoque

2174 4570 2456 4641 praemium
2500 4581 2680 4626 autem
2735 4580 2788 4625 ct
2835 4587 3063 4642 corona,
3110 4573 3164 4628 in
3205 4583 3472 4645 quantum
3517 4576 3588 4633 ab
3630 4588 3765 4633 actu

2174 4662 2477 4733 iniquitatis
2505 4663 2808 4718 cohibetur.
2861 4662 2999 4718 Cum
3050 4679 3348 4731 conscnsu_
3383 4682 3511 4722 vero
3561 4668 3763 4724 vitium

2174 4755 2333 4824 culpa
2378 4754 2459 4821 fit,
2497 4756 2636 4808 utin
2676 4764 2940 4825 quantum
2977 4756 3169 4812 vitium
3221 4768 3328 4824 est,
3380 4761 3585 4816 malum
3630 4774 3759 4831 est;

2174 4844 2229 4899 in
2287 4854 2552 4914 quantum
2606 4846 2913 4902 voluntaria
2965 4856 3051 4904 est
3078 4888 3094 4914 ,
3147 4865 3309 4920 poma
3360 4852 3587 4923 dignum
3649 4863 3759 4909 est.

2185 4935 2383 4991 Vitium
2446 4952 2577 5009 ergo
2631 4946 2714 4994 est
2760 4938 2813 4993 in
2863 4941 3215 5010 corruptione
3243 4984 3258 5009 ,
3311 4954 3596 5015 peccatum
3652 4962 3760 5001 au-

2176 5036 2282 5083 tem
2313 5037 2398 5084 est
2434 5029 2490 5084 in
2533 5030 2765 5085 actione.
2811 5031 2981 5088 Actus
3029 5048 3160 5089 vero
3200 5037 3409 5105 peccati
3457 5039 3578 5093 solo
3624 5053 3764 5094 con-

2176 5135 2338 5176 sensu
2360 5120 2659 5191 perﬁcitur,
2689 5123 2852 5177 etiam
2878 5123 2924 5177 si
2951 5121 3083 5180 foris
3111 5139 3249 5196 opus
3278 5142 3387 5182 non
3413 5126 3596 5195 fuerit,
3627 5132 3762 5199 quia

2175 5214 2321 5283 quod
2353 5213 2655 5284 iniquitatis
2679 5224 2783 5281 est,
2814 5231 2908 5286 per
2934 5230 3264 5273 consensum
3294 5235 3522 5289 pravum
3552 5222 3606 5276 in
3636 5223 3762 5278 sola

2176 5304 2453 5359 voluntate
2498 5308 2820 5376 completur,
2857 5309 3022 5364 etiam
3061 5319 3213 5378 tunc,
3259 5326 3386 5366 cum
3417 5313 3487 5367 ab
3512 5327 3578 5367 eo
3606 5314 3764 5383 quod

2176 5396 2290 5451 vult
2317 5397 2648 5466 perﬁciendo
2678 5397 2812 5455 foris
2832 5401 2998 5457 invita
3022 5402 3387 5473 restringitur.
3424 5403 3578 5460 Facit
3606 5405 3759 5460 enim

2175 5488 2323 5558 quod
2367 5504 2528 5544 suum
2574 5499 2659 5547 est
2688 5499 2882 5560 totum,
2912 5502 2967 5548 et
2996 5494 3142 5564 quod
3187 5496 3421 5566 amplius
3464 5511 3576 5551 non
3626 5496 3762 5554 facit

2175 5596 2337 5637 suum
2368 5597 2474 5638 non
2503 5593 2604 5639 est.
2653 5582 2770 5639 Non
2821 5587 2892 5639 ab
2932 5586 3051 5656 ipsa
3092 5597 3178 5644 est
3207 5591 3353 5660 quod
3381 5590 3619 5661 amplius
3644 5605 3757 5646 non

2174 5670 2322 5740 facit,
2354 5674 2447 5731 sed
2474 5685 2663 5730 conta
2709 5677 2905 5746 ipsam.
2943 5677 3021 5733 Ita
3060 5680 3114 5733 in
3158 5681 3279 5737 solo
3311 5695 3583 5738 consensu
3614 5695 3759 5750 opus

2166 5765 2463 5835 judicatur,
2492 5769 2579 5822 cui
2627 5769 2843 5839 quidem
2884 5770 2938 5825 id
2976 5772 3123 5842 quod
3160 5771 3294 5830 foris
3321 5782 3409 5831 est
3434 5787 3594 5845 Opus,
3626 5782 3759 5831 tan-

4019 2331 4021 2449 ψ
