4032 6396
236 317 342 377 851

1157 310 1729 368 DEFLORATIONES
1765 310 1867 367 SS.
1904 303 2216 366 PATRUM.
2256 336 2326 347 —
2368 306 2495 364 LIB.
2544 307 2583 364 I.

3398 309 3503 366 883

239 441 358 486 tum
410 427 464 482 in
514 426 718 482 malitia
759 424 963 497 adjicit,
1007 434 1270 497 quantum
1321 424 1500 496 ipsum
1537 424 1631 497 qui
1674 425 1823 481 intus
1851 432 1897 487 Α
1927 422 1982 476 in
2017 420 2158 489 istis,
2189 422 2332 476 slcut
2360 419 2585 490 rapinae,
2611 421 2919 493 sacrilegia,
2945 430 2996 477 et
3027 419 3289 490 incestus,
3317 431 3372 478 et
3398 439 3504 480 ca:-

241 528 518 590 opcratur,
549 526 757 572 motum
789 517 1081 572 voluntatis
1130 516 1198 570 ad
1248 515 1508 570 malitiam
1553 513 1817 570 accendit.

243 610 337 665 Sic
382 623 513 680 ergo
554 608 683 662 vitia
724 606 879 676 origo
928 616 1272 677 peccatorum
1319 615 1469 673 sunt,
1503 620 1572 660 ex
1620 605 1822 675 quibus

240 710 543 756 nascuntur
570 713 735 768 opera
778 698 1103 768 iniquitatis,
1133 712 1255 767 quae
1300 696 1541 767 quidem,
1569 695 1711 752 sicut
1735 696 1822 750 di-

240 799 388 845 ctum
412 798 514 855 est,
538 791 745 859 absque
770 803 1039 843 consensu
1062 803 1279 860 paruam
1303 788 1523 854 habent,
1546 788 1674 859 quia
1701 801 1824 844 cor-

240 881 422 949 ruptio
444 889 604 947 sunt;
629 895 754 936 cum
786 894 1055 935 consensu
1085 888 1265 934 autem
1296 879 1534 950 culpam,
1564 878 1694 949 quia
1725 893 1822 932 vo.

240 972 475 1026 luntaria
520 979 667 1026 sunt.
717 969 777 1026 In
828 979 1095 1041 quantum
1147 972 1294 1025 enim
1341 970 1627 1041 originalia
1673 977 1823 1037 sunt,

239 1078 402 1132 parua
429 1062 482 1116 in
508 1062 640 1132 ipsis
659 1073 974 1130 exercetur;
1000 1062 1054 1116 in
1077 1070 1342 1133 quantum
1364 1061 1825 1133 voluntaria,poe-

239 1168 310 1206 na
330 1152 462 1222 ipsis
483 1152 727 1208 debetur.
752 1150 893 1207 Sunt
919 1162 1099 1207 autem
1129 1153 1245 1207 haec
1270 1171 1283 1207 :
1308 1154 1506 1224 prima,
1534 1154 1821 1225 superbia;

239 1248 503 1312 secunda,
527 1244 960 1311 invidia;tertia,
992 1243 1105 1311 ira;
1137 1252 1354 1316 quarta,
1378 1246 1588 1312 acedia;
1610 1246 1821 1317 quinta,

238 1335 498 1402 avaritia;
539 1345 710 1402 sexta,
735 1334 890 1405 gula;
933 1334 1183 1405 septima,
1211 1335 1449 1389 luxuria.
1477 1333 1553 1389 Ex
1583 1336 1688 1400 his,
1719 1335 1823 1390 tria

237 1425 516 1481 hominem
559 1425 884 1496 despoliant,
923 1433 1179 1497 quartum
1218 1426 1512 1497 spoliatum
1568 1425 1821 1497 ﬂagellat,

236 1517 489 1589 quintum
520 1515 845 1587 ﬂagellatum
877 1517 1044 1587 ejicit,
1073 1524 1287 1572 sextum
1326 1517 1557 1588 ejectum
1587 1518 1820 1586 seducit,

237 1610 530 1679 septimum
592 1608 878 1664 seductum
938 1610 1185 1665 servituti
1247 1609 1487 1680 subjicit.
1557 1609 1825 1681 Superbia

236 1700 417 1755 aufert
462 1699 671 1753 homini
727 1697 920 1766 Deum,
973 1699 1175 1755 invidia
1230 1699 1564 1770 proximum,
1610 1702 1689 1756 ira
1737 1716 1824 1757 se-

1923 518 2037 566 tera
2066 510 2215 566 talia.
2270 507 2514 565 Venialia
2561 518 2710 579 sunt,
2765 511 2905 568 sicut
2937 512 3017 568 ira
3059 513 3192 569 levis
3234 523 3286 570 et
3320 524 3504 570 trans-

1924 600 2107 669 itoria,
2160 600 2308 657 risus
2356 613 2413 657 et
2459 600 2728 671 ejusmodi
2776 617 2900 673 quae
2947 604 3065 659 sine
3114 605 3505 661 deliberatione

1924 692 2201 762 agentium
2245 693 2589 765 contingunt,
2622 694 2738 750 sive
2779 711 2847 750 ex
2888 696 3213 769 negligentia
3264 697 3502 765 incaute,

1924 784 2039 840 sive
2084 800 2153 840 ex
2203 784 2519 842 infirmitate
2565 786 2989 857 praecipitantur.
3043 788 3147 844 Sed
3189 789 3340 844 intus
3391 789 3506 844 haec

1923 871 2230 942 sciendum,
2272 875 2418 945 quod
2440 874 2494 930 hi
2531 874 2625 945 qui
2649 876 2719 930 ab
2751 876 3064 947 hujusmodi
3086 877 3232 933 vitiis
3249 877 3504 948 desipue-

1922 964 2056 1033 rint,
2085 973 2141 1020 et
2161 964 2325 1037 digne
2351 966 2724 1037 ptenituerint,
2750 977 2956 1037 septem
2984 969 3159 1024 modis
3181 984 3213 1025 a
3244 967 3355 1023 Deo
3377 982 3474 1024 sus
3492 998 3504 1006 -

1923 1055 2216 1128 cipiantur.
2267 1052 2453 1113 Primo
2495 1057 2871 1128 suscipiuntur
2913 1058 2982 1114 ad
3021 1061 3390 1130 sponsionem,
3419 1075 3508 1117 se-

1922 1147 2104 1203 cundo
2150 1148 2218 1203 ad
2261 1149 2679 1220 protectionem,
2712 1151 2871 1205 tertio
2916 1150 2986 1207 ad
3032 1152 3504 1217 sustentationem.

1922 1249 2121 1311 quarto
2166 1239 2237 1296 ad
2282 1228 2805 1310 reconciliationem,
2834 1244 3028 1314 quinto
3059 1244 3128 1299 ad
3158 1245 3507 1316 approbatio-

1922 1344 2069 1395 nem,
2102 1337 2258 1386 sexto
2288 1330 2358 1386 ad
2386 1330 2842 1401 consolationem,
2884 1333 3117 1402 septimo
3147 1334 3216 1389 ad
3252 1348 3507 1391 remune-

1921 1420 2214 1475 rationem.
2276 1418 2525 1478 Primum
2584 1432 2924 1494 pugnaturos
2977 1432 3168 1479 contra
3226 1424 3507 1479 diabolum

1922 1510 2153 1582 suscipit
2183 1511 2239 1566 in
2269 1526 2462 1578 causa,
2488 1520 2552 1568 ut
2578 1513 2738 1584 quasi
2782 1514 3048 1585 spondeat
3076 1529 3176 1586 pro
3203 1514 3303 1583 eis,
3330 1530 3509 1585 quarr-

1921 1600 1993 1656 do
2023 1602 2244 1658 conlidit
2276 1604 2330 1657 in
2351 1605 2456 1671 eis,
2486 1605 2946 1676 quemadmodum
2981 1623 3202 1663 causam
3230 1606 3373 1663 bcati
3402 1605 3509 1663 Job

1923 1691 2085 1762 quasi
2148 1693 2433 1764 cujusdam
2498 1696 2764 1768 agonistae
2809 1698 2925 1755 sive
2980 1707 3170 1756 contra
3226 1699 3504 1755 diabolum

236 1790 442 1860 ipsum;
493 1790 680 1846 acedia
715 1790 1006 1860 spoliatum
1047 1789 1300 1862 ﬂagellat,
1330 1792 1556 1847 avaritia
1579 1790 1822 1865 ﬂagella-
1852 1784 1896 1839 Β
1924 1781 2317 1839 defendendam
2347 1787 2607 1858 suscepit.
2658 1787 2934 1855 Quosdam
2976 1799 3074 1845 aut
3100 1791 3258 1861 quasi
3285 1790 3507 1847 timidos

236 1896 352 1939 tum
390 1885 558 1954 ejicit,
596 1883 720 1955 gula
748 1882 980 1953 ejectum
1016 1883 1247 1949 seducit,
1278 1882 1493 1939 luxuria
1533 1884 1816 1940 seductum

234 1974 487 2029 servituti
529 1973 767 2044 subjicit.
798 1974 994 2029 Anima
1034 1973 1316 2030 rationalis
1352 1973 1408 2030 in
1445 1974 1679 2030 sanitate
1720 1990 1820 2031 sua

232 2079 334 2119 vas
376 2071 462 2119 est
512 2064 746 2118 solidum
779 2072 833 2119 et
874 2063 1170 2135 integrum,
1202 2065 1409 2120 nullam
1452 2065 1662 2121 habens
1703 2082 1822 2123 cor-

238 2155 552 2225 ruptionem
579 2173 590 2208 :
616 2154 744 2210 vitia
766 2171 997 2226 quaeque
1018 2155 1288 2212 venientia
1308 2156 1363 2211 in
1380 2158 1642 2228 eam,{hoc
1657 2158 1821 2213 modo

236 2244 451 2308 vitiant,
480 2252 534 2298 et
554 2253 932 2315 corrunrpunt.
978 2242 1081 2299 Per
1110 2246 1424 2316 superbiam
1454 2246 1694 2314 inﬂatur,
1724 2263 1820 2319 per

235 2336 497 2391 invidiam
544 2338 778 2401 arescit,
831 2352 927 2407 per
979 2337 1116 2392 iram
1165 2346 1380 2408 crepat,
1431 2355 1530 2410 per
1575 2340 1817 2396 acediam

234 2427 528 2500 frangitur,
556 2445 653 2500 per
677 2430 959 2485 avaritiam
988 2431 1337 2502 dispergitur,
1364 2447 1463 2503 per
1485 2432 1666 2504 gulam
1692 2433 1817 2488 inﬂ-

235 2517 400 2583 citur,
433 2534 527 2587 per
561 2518 832 2573 luxuriam
884 2520 1239 2575 conculcatur
1287 2529 1342 2575 et
1369 2521 1425 2576 in
1456 2521 1629 2577 lutum
1675 2523 1819 2578 redi-

233 2609 399 2680 gitur.
436 2608 701 2679 Superbia
735 2618 821 2665 est
851 2625 1009 2665 amor
1037 2611 1272 2681 propriae
1298 2610 1648 2681 excellentiae,
1680 2613 1820 2667 invi-

233 2700 323 2754 dia
371 2711 455 2755 est
502 2700 689 2755 odium
726 2700 999 2756 fclicitatis
1042 2701 1250 2769 alieme,
1302 2702 1383 2757 ira
1426 2704 1818 2762 irrationabilis

233 2792 567 2861 perturbatio
596 2792 813 2858 mentis,
844 2794 1029 2849 acedia
1073 2801 1250 2849 estex
1289 2793 1612 2852 confusione
1658 2812 1816 2853 men-

234 2881 306 2935 tis
350 2890 497 2936 nata.
552 2879 794 2937 Tristitia
840 2882 956 2939 sive
983 2884 1199 2939 taedium
1235 2894 1318 2940 est
1357 2886 1666 2943 amaritudo
1693 2888 1817 2943 aui—

233 2972 308 3025 mi
360 2973 734 3040 immoderata,
787 2989 895 3046 qua
941 2974 1255 3045 jucunditas
1304 2976 1565 3047 spiritalis
1610 2980 1818 3035 exstin-

233 3064 436 3134 guitur,
465 3075 520 3120 et
561 3067 799 3136 quodam
845 3068 1239 3139 desperationis
1261 3069 1529 3140 principio
1548 3085 1705 3128 meus
1757 3072 1812 3126 in

1925 1881 1981 1929 et
2020 1889 2230 1932 merces
2273 1893 2304 1932 a
2349 1893 2530 1950 pugna
2552 1878 2822 1951 fugientes
2848 1883 3078 1952 suscipit
3121 1881 3188 1937 ad
3230 1891 3506 1938 sustenta-

1922 1964 2228 2035 tionem,ne
2248 1977 2635 2039 conterantur;
2659 1971 2797 2028 alios
2833 1981 2959 2043 post
2982 1972 3194 2028 rrrinam
3219 1983 3505 2046 surgentes

1925 2058 2155 2129 suscipit
2195 2061 2262 2115 ad
2300 2061 2821 2130 reconciliationem,
2853 2072 2914 2119 ut
2938 2065 3337 2132 restituantur;
3367 2065 3506 2120 alios

1916 2146 2029 2216 jam
2057 2148 2194 2204 bene
2214 2159 2435 2220 agentes
2463 2152 2691 2223 suscipit
2713 2169 2808 2224 per
2835 2154 3306 2223 approbationem,
3330 2162 3390 2209 ut
3418 2171 3505 2210 rc-

1920 2249 2311 2310 munercntur;
2345 2243 2483 2299 alios
2511 2260 2606 2314 per
2633 2245 2830 2300 bonam
2856 2246 3226 2315 operationem
3276 2246 3509 2316 suscipit

1920 2346 2018 2402 per
2068 2336 2585 2404 remunerationem,
2639 2346 2696 2391 ut
2742 2337 3148 2408 gloriticentur;
3179 2338 3315 2394 alios
3365 2340 3505 2395 inter

1920 2424 2257 2493 operandum
2308 2424 2485 2482 fessos
2518 2429 2746 2499 suscipit
2789 2444 2885 2499 per
2913 2429 3183 2485 internam
3214 2431 3506 2501 aspiratio-

1920 2528 2067 2581 nem,
2104 2523 2164 2569 ut
2193 2516 2560 2573 refoeillentur
2585 2528 2639 2574 et
2664 2520 3037 2576 consolentur.

2044 2594 2059 2603 .
2604 2624 2823 2664 DIVISIO.

1992 2696 2146 2754 Sicut
2175 2699 2429 2770 superius
2455 2699 2696 2757 diximus
2743 2701 2890 2757 aliud
2934 2702 3128 2757 vitium
3169 2718 3313 2771 esse,
3340 2713 3506 2774 atque

1920 2787 2068 2844 aliud
2110 2797 2420 2859 peccatum,
2450 2791 2595 2863 quod
2621 2807 2685 2847 ex
2716 2792 2837 2863 ipso
2864 2791 2998 2847 vitio
3022 2794 3289 2864 procedit,
3319 2794 3393 2851 ita
3420 2795 3505 2850 in-

1920 2881 2216 2953 telligimus
2263 2882 2414 2938 aliud
2462 2898 2585 2939 esse
2639 2884 2892 2951 virtutes,
2938 2893 3104 2955 atque
3146 2885 3293 2941 aliud
3338 2901 3503 2957 opera

1916 2972 2162 3044 justitiae,
2190 2988 2314 3043 quae
2337 2988 2404 3029 ex
2446 2975 2580 3045 ipsis
2607 2975 2882 3031 oriuntur.
2932 2975 3123 3031 Virtus
3152 2977 3301 3031 enim
3343 2978 3505 3047 quasi

1920 3064 2171 3137 quaedam
2203 3066 2412 3120 sanitas
2440 3075 2544 3132 est,
2575 3074 2630 3122 et
2650 3066 2933 3138 integritas
2966 3066 3164 3122 anima:
3197 3066 3499 3131 rationalis,

231 3158 521 3228 semetipsa
568 3159 922 3215 subvertitur.
995 3160 1234 3215 Avaritia
1283 3171 1369 3217 est
1416 3161 1811 3220 immoderatus
1838 3145 1881 3203 ο
1914 3155 2073 3226 cuius
2120 3155 2402 3226 corruptio
2444 3155 2638 3211 vilium
2680 3167 2925 3212 vocatur.
2984 3156 3135 3227 Opus
3176 3172 3309 3213 vero
3341 3157 3502 3229 iusti-

231 3247 504 3317 appetitus
569 3249 835 3319 habendi;
894 3253 1020 3322 gula
1086 3252 1478 3309 immoderatus
1539 3257 1809 3324 appetitus

227 3339 461 3406 Cdt'lldi;
492 3341 708 3397 luxuria
753 3352 838 3397 cst
870 3343 1308 3413 concupiscentia
1350 3345 1687 3414 experienda:
1712 3361 1808 3401 vo-

227 3429 452 3499 luptatis
498 3432 708 3500 nimia,
751 3434 835 3488 vel
898 3435 1221 3490 concubitus
1268 3435 1598 3492 desiderium
1641 3452 1807 3508 supra

226 3522 473 3589 modum,
520 3524 604 3579 vel
651 3533 840 3579 contra
879 3525 1143 3580 rationem
1185 3526 1469 3583 effervens.
1526 3526 1808 3599 Superbiae

226 3613 339 3666 duo
385 3622 515 3669 sunt
564 3631 802 3686 genera:
836 3632 1005 3671 unum
1058 3617 1226 3684 intus,
1260 3617 1406 3673 aliud
1455 3619 1608 3675 foris.
1656 3619 1808 3677 Intus

223 3714 311 3759 est
357 3705 633 3773 superbia,
662 3703 797 3761 foris
827 3706 1105 3777 iactantia.
1159 3707 1424 3778 Superbia
1473 3711 1527 3765 in
1574 3712 1809 3769 elatione

224 3796 437 3862 cordis;
482 3795 745 3866 iactantia
776 3797 831 3852 in
860 3799 1172 3855 ostensione
1202 3801 1400 3870 operis.
1436 3799 1720 3872 Superbia,
1753 3805 1806 3860 in

222 3902 291 3941 co
319 3887 464 3956 quod
490 3887 594 3941 sibi
630 3887 826 3956 placet,
870 3889 1107 3945 alienum
1138 3889 1509 3946 testimonium
1543 3892 1805 3963 despicit;

219 3977 484 4047 jactantia
532 3986 737 4045 autem,
768 3989 829 4035 ut
873 3980 1045 4050 magis
1074 3980 1176 4036 sibi
1202 3981 1431 4050 placeat,
1462 3983 1698 4039 alienum
1729 3993 1809 4040 te-

224 4068 543 4124 stimunium
575 4072 825 4145 requirit.
876 4071 1166 4143 Propterea
1208 4073 1471 4144 jactantia
1499 4091 1594 4147 per
1624 4077 1809 4132 lenita-

224 4174 335 4220 tem
386 4161 641 4220 blandam
686 4180 745 4220 se
790 4164 1032 4231 simulat,
1066 4165 1319 4235 superbia
1347 4181 1479 4221 vero
1526 4168 1581 4221 in
1613 4168 1808 4225 timore

226 4269 289 4310 se
313 4254 585 4310 crudelem
617 4255 989 4321 demonstrat;
1013 4269 1139 4308 nam
1172 4255 1348 4310 timeri
1373 4256 1506 4325 vult,
1545 4255 1806 4327 jactantia

223 4361 355 4402 vero
383 4347 576 4401 amari.
608 4345 669 4401 Et
698 4355 928 4417 utraque
956 4357 1138 4401 tamen
1170 4346 1225 4401 in
1255 4360 1323 4401 eo
1348 4348 1494 4418 quod
1524 4358 1804 4420 appetunt,

1912 3247 2002 3303 tia:
2042 3256 2126 3303 est
2159 3247 2214 3302 in
2262 3256 2415 3302 motu
2463 3248 2662 3305 mentis
2708 3248 3011 3316 rationalis,
3035 3263 3158 3318 quae
3200 3249 3501 3305 secundum

1914 3339 2204 3394 Dominum
2238 3341 2459 3408 incedit,
2495 3356 2527 3396 a
2556 3341 2739 3398 cordis
2775 3341 3133 3411 conceptione
3163 3356 3413 3413 surgens,
3447 3352 3502 3397 et

1913 3430 2051 3486 foris
2098 3447 2275 3502 usque
2335 3432 2403 3487 ad
2458 3431 2692 3488 actionis
2735 3432 3036 3502 corporalis
3082 3434 3499 3503 cornpletioncm

1910 3525 2230 3594 procedens.
2282 3522 2525 3580 Virtutes
2564 3523 2620 3579 in
2671 3523 2970 3593 Scripturis
3016 3522 3265 3594 plurimae
3309 3541 3502 3581 nume-

1911 3627 2120 3683 rantur,
2154 3617 2392 3674 maxime
2433 3632 2563 3673 vero
2610 3632 2733 3688 quae
2768 3616 2821 3671 in
2848 3615 3142 3689 Evangelio
3170 3618 3326 3689 quasi
3357 3635 3502 3690 qua-

1910 3707 2035 3762 dam
2082 3706 2323 3762 antidota
2356 3706 2440 3762 vel
2484 3707 2747 3762 sanitates
2781 3717 2969 3762 contra
3002 3716 3208 3779 septem
3241 3709 3499 3764 vitiorum

1910 3799 2312 3868 corruptionem
2346 3798 2448 3854 sub
2469 3797 2659 3854 eodem
2687 3813 2920 3854 numero
2940 3798 3308 3871 disponuntur
3340 3818 3355 3855 :
3386 3803 3499 3872 pri-

1910 3906 2000 3946 ma
2027 3899 2112 3945 est
2132 3890 2433 3957 humilitas,
2461 3890 2699 3946 secunda
2711 3892 3093 3954 mansuetudo.
3118 3893 3276 3948 tertia
3302 3895 3500 3951 mentis

1910 3981 2258 4052 compositio,
2284 3990 2479 4050 quarta
2513 3980 2843 4037 desiderium
2869 3981 3121 4051 justitiaz,
3166 3985 3358 4054 quinta
3391 3987 3497 4040 mi-

1910 4071 2229 4137 sericordia,
2285 4079 2438 4126 sexta
2495 4070 2678 4127 cordis
2734 4070 3023 4138 munditia,
3091 4073 3320 4142 septima
3391 4091 3493 4144 pax

1911 4162 2110 4219 mentis
2162 4163 2396 4218 interna.
2454 4160 2630 4217 Homo
2686 4161 2853 4234 igitur
2910 4160 2966 4216 in
3018 4162 3256 4233 peccatis
3306 4163 3498 4234 iacens

1909 4264 2146 4326 aegrotus
2171 4262 2276 4321 est,
2304 4254 2433 4309 vitia
2456 4253 2706 4320 vulnera,
2735 4251 2881 4309 Deus
2904 4253 3170 4322 medicus,
3196 4256 3339 4310 dona
3368 4272 3498 4311 sau-

1910 4349 1983 4403 cti
2032 4345 2270 4417 Spiritus
2297 4347 2563 4412 antidota,
2599 4345 2828 4401 virtutes
2870 4345 3155 4413 sanitates,
3201 4345 3494 4403 beatitudi-

226 4437 330 4493 sibi
370 4438 589 4506 placens
617 4438 850 4505 diverse,
898 4438 1075 4493 diviso
1118 4438 1243 4495 licet
1282 4441 1465 4507 modo,
1496 4440 1805 4497 inordinate
1840 4479 1882 4531 ι)
1913 4454 2009 4494 nes
2034 4437 2250 4509 gaudia.
2293 4436 2397 4493 Per
2436 4437 2580 4492 dona
2607 4435 2753 4492 enim
2786 4434 3022 4507 Spiritus
3048 4437 3224 4494 sancti
3247 4439 3375 4493 vitia
3405 4455 3496 4495 sa-

224 4530 568 4586 convincitur
597 4529 836 4600 gloriari.
890 4528 948 4584 Si
1003 4529 1129 4600 quis
1178 4529 1344 4601 igitur
1396 4532 1708 4602 superbiam
1751 4543 1805 4589 et

220 4619 538 4691 jactantiam
582 4621 687 4675 sub
725 4634 836 4674 uno
865 4620 1262 4691 computaverit
1289 4623 1559 4691 membro,
1596 4634 1801 4695 septem

224 4712 459 4767 inveniet
532 4711 664 4766 vitia
711 4712 961 4781 capitalia
992 4753 1007 4778 ,
1055 4712 1123 4767 de
1168 4713 1370 4782 quibus
1416 4724 1637 4784 peccata
1684 4731 1803 4771 om-

223 4800 334 4867 nia,
357 4799 410 4854 id
434 4809 518 4856 est
540 4800 842 4872 iniquitatis
867 4810 1022 4856 actus
1046 4809 1101 4856 et
1123 4801 1402 4873 injustitiae
1426 4819 1589 4874 opera
1613 4805 1801 4861 oriun-

223 4904 334 4949 tur.

292 4984 517 5041 Pcecata
537 4992 718 5040 autem
739 4982 844 5038 alia
865 4982 1118 5049 venialia,
1138 4983 1243 5038 alia
1268 4984 1573 5041 criminalia
1595 4986 1792 5043 dicun-

216 5089 329 5135 tur.
358 5076 603 5133 Venialia
631 5086 778 5145 sunt,
807 5092 928 5147 quae
954 5090 1054 5131 nec
1090 5074 1247 5132 facile
1271 5077 1426 5133 vitari
1457 5089 1709 5148 possunt,
1737 5089 1798 5136 ut

218 5170 510 5240 aliquando
538 5184 647 5225 non
678 5169 829 5235 ﬂant,
881 5183 1057 5238 neque
1103 5169 1330 5224 multam
1377 5168 1792 5240 turpitudinem,

216 5259 300 5312 vel
329 5258 602 5314 lxsionem
648 5272 903 5328 magnam
952 5257 1172 5325 habent,
1206 5258 1252 5313 si
1292 5257 1445 5313 ﬂant.
1474 5259 1792 5318 Criminalia

214 5349 475 5405 dicuntur
513 5364 635 5420 qua:
667 5348 751 5405 vel
793 5349 1069 5405 laesionem
1105 5365 1360 5420 magnam
1392 5351 1677 5419 inducunt,
1706 5354 1789 5410 vel

212 5442 573 5511 turpitudinem
610 5442 884 5513 ingerunt,
928 5443 983 5494 in
1015 5440 1217 5511 quibus
1242 5440 1328 5496 vel
1367 5441 1530 5509 Deus,
1557 5444 1638 5497 vel
1664 5459 1790 5514 pro-

214 5534 397 5590 ximus
441 5527 673 5589 multum
715 5532 1026 5599 offenditur,
1066 5533 1152 5588 vel
1179 5533 1296 5603 ipse
1323 5533 1416 5603 qui
1446 5532 1573 5590 fecit
1603 5551 1782 5590 macu-

212 5621 377 5679 latur.
416 5623 568 5681 Talia
620 5635 748 5682 sunt
796 5624 1131 5689 homicidia,
1184 5625 1471 5693 adulteria,
1526 5626 1788 5697 perjuria,

209 5716 441 5786 furta,et
456 5734 578 5791 quae
602 5718 687 5772 bis
708 5715 905 5774 similia
928 5717 1317 5786 adjunguntur,
1337 5716 1418 5773 vel
1442 5717 1790 5773 continentur

563 5812 830 5872 ParnoL.
868 5808 1107 5871 CLVII.

1912 4538 2152 4584 nantur:
2191 4528 2399 4584 sanitas
2444 4528 2702 4584 vitiorum
2746 4527 3031 4601 integritas
3075 4538 3161 4584 est
3203 4529 3490 4585 virtutum.

1913 4616 2093 4673 Sanus
2117 4627 2395 4688 operatur,
2423 4633 2656 4688 operans
2684 4627 3088 4674 remuneratur.
3122 4617 3214 4675 Sic
3232 4629 3357 4690 post
3381 4621 3495 4676 vir-

1908 4719 2051 4766 tutes
2079 4725 2247 4781 opera
2292 4710 2434 4766 bona
2475 4720 2800 4782 sequuntur,
2825 4718 2880 4766 et
2903 4726 2971 4767 ex
2998 4711 3292 4769 virtutibus
3326 4728 3492 4783 opera

1910 4803 2051 4858 bona
2093 4803 2368 4859 oriuntur.
2393 4801 2497 4857 Sex
2522 4818 2687 4874 opera
2706 4802 3099 4859 misericordia:
3121 4804 3174 4859 in
3199 4802 3493 4875 Evangelia

1908 4896 2221 4965 specialiter
2245 4909 2277 4949 a
2316 4892 2549 4948 Domino
2585 4903 2981 4949 enumerantur
3008 4893 3225 4965 (Matth.
3258 4895 3406 4966 xxv),
3435 4895 3489 4950 in

1903 4986 2104 5057 quibus
2138 4984 2400 5055 perfectio
2426 4985 2693 5039 bonorum
2717 4999 2944 5055 operum
2972 4986 3328 5057 significatur.
3366 4987 3456 5042 Pri
3473 5019 3490 5029 -

1904 5093 2054 5132 mum
2080 5086 2165 5132 est
2195 5076 2525 5132 esurientem
2565 5091 2809 5147 pascere,
2861 5079 3160 5135 secundum
3212 5080 3487 5137 sitientem

1902 5179 2114 5238 potare,
2149 5168 2368 5222 tertium
2392 5167 2661 5238 hospitem
2687 5167 2961 5239 colligere,
2990 5179 3245 5241 quartum
3280 5172 3486 5227 nudum

1901 5260 2125 5328 vestire,
2154 5259 2404 5330 quintum
2457 5259 2734 5316 inﬁrmum
2763 5261 3006 5328 visitare,
3051 5271 3265 5318 sextum
3303 5264 3370 5317 ad
3405 5264 3489 5318 in-

1900 5360 2239 5407 carceratum
2266 5359 2320 5406 et
2346 5350 2594 5407 clausum
2623 5353 2828 5408 venire.
2865 5351 2924 5407 In
2952 5352 3039 5408 bis
3063 5353 3207 5408 enim
3240 5353 3488 5407 necessi-

1898 5445 2103 5500 tatibus
2128 5442 2307 5498 omnis
2326 5443 2449 5499 vita:
2477 5443 2731 5501 humanae
2752 5445 2997 5501 molestia
3020 5444 3105 5500 vel
3134 5442 3491 5512 comprehen.

1897 5535 2046 5591 ditur
2070 5534 2153 5590 vel
2174 5534 2458 5606 ﬁguratur,
2478 5535 2533 5591 in
2561 5537 2762 5607 quibus
2790 5534 3040 5607 quisquis
3064 5543 3284 5606 propter
3311 5531 3485 5592 Deum

1899 5625 2150 5694 proximo
2192 5627 2552 5697 compatitur,
2596 5625 3027 5684 misericordiam
3067 5638 3100 5680 a
3130 5622 3242 5679 Deo
3283 5623 3338 5678 in
3383 5639 3485 5684 sua

1899 5716 2226 5773 necessitate
2259 5723 2517 5771 meretur.

3049 5803 3127 5865 27
