3964 6452
569 330 680 386 815

1677 326 2000 382 WERNERI
2042 322 2334 382 ABBATIS
2375 328 2432 383 S.
2474 327 2699 384 BLASII

3725 334 3817 393 ευ

1034 610 1629 703 DOMINICA
1696 613 2143 702 TERTIA
2216 614 2340 703 IN
2415 608 3354 704 SEPTUAGESIMA.

1815 803 2182 865 Secundum
2216 802 2618 866 Mattbteum.

626 966 855 1023 «Simile
881 975 967 1021 est
1010 982 1236 1038 regnum
1262 969 1526 1025 caelorum
1548 968 1753 1023 homini
1776 968 2160 1039 patrifamilias
2189 978 2233 1035 Α
2264 978 2369 1035 tes,
2400 979 2455 1025 et
2497 970 2631 1026 dicit
2679 969 2787 1025 illis
2819 988 2833 1024 :
2861 969 3002 1036 Quid
3049 969 3137 1025 hic
3169 972 3330 1027 statis
3376 979 3487 1026 tota
3525 972 3606 1029 die
3628 976 3794 1033 otiosi?

557 1060 652 1131 qui
669 1060 801 1117 exiit
824 1058 1001 1129 primo
1030 1074 1190 1114 mane
1219 1061 1524 1116 conducere
1552 1062 1831 1130 operarios
1858 1062 1913 1117 in
1937 1063 2154 1119 vineam

557 1167 738 1217 suam,
774 1170 795 1204 ι
824 1159 929 1206 etc.
971 1150 1188 1219 (Matth.
1232 1155 1349 1224 xx.)
1380 1152 1627 1224 Regnum
1670 1154 1959 1223 caelorum,
1991 1156 2043 1210 id
2072 1167 2156 1213 est

554 1242 829 1308 Christus,
860 1242 949 1297 cui
977 1253 1333 1314 comparatur
1363 1244 1780 1314 paterfamilias,
1803 1247 1897 1317 qui
1945 1248 2154 1318 primos

557 1332 689 1388 fecit
730 1334 1087 1399 novissimos,
1124 1343 1178 1389 et
1207 1336 1536 1393 novissimos
1563 1338 1790 1407 primos.
1841 1338 1961 1409 Ipse
1984 1341 2151 1396 enim

552 1423 1014 1491 Cbristus,verus
1044 1425 1456 1495 paterfamilias,
1486 1429 1654 1485 totius
1683 1430 1909 1484 humani
1936 1433 2153 1501 generis

553 1534 745 1574 curam
770 1520 1000 1585 habens,
1031 1520 1181 1574 omni
1204 1531 1449 1590 tempore
1472 1521 1759 1577 universos
1785 1523 1852 1577 ad
1878 1523 2148 1578 culturam

551 1609 727 1665 vinem
759 1620 934 1666 vocat.
993 1610 1121 1677 Qui,
1160 1612 1382 1681 quando
1432 1628 1539 1667 non
1590 1614 1927 1685 agnoscitur,
1961 1615 2014 1668 in
2064 1632 2149 1671 se-

551 1712 703 1759 creto
754 1713 861 1771 est,
891 1705 983 1760 sed
1037 1705 1258 1774 quando
1302 1706 1619 1773 agnoscitur
1655 1706 1787 1761 exiit
1845 1708 2149 1763 conducere

551 1795 859 1863 operarios,
892 1810 959 1849 ex
991 1796 1206 1849 occulto
1241 1795 1541 1865 procedens
1575 1796 1641 1851 ad
1667 1797 1937 1851 notitiam.
1976 1797 2146 1854 Vinea

548 1894 731 1941 autem
755 1895 839 1941 est
857 1885 1123 1952 Ecclesia,
1147 1903 1269 1956 quae
1296 1887 1365 1941 ab
1394 1887 1527 1941 Abel
1550 1887 1702 1957 justo
1732 1904 1903 1959 usque
1931 1890 2000 1944 ad
2020 1891 2147 1944 ulti-

546 1994 697 2033 mum
718 1978 1142 2047 electum,quasi
1177 1989 1255 2033 tot
1278 1979 1527 2048 palmites
1557 1980 1740 2045 mittit,
1766 1990 1899 2050 quot
1923 1993 2144 2038 sanctos

546 2068 773 2139 profert.
829 2068 1076 2140 Operarii
1113 2086 1242 2124 vero
1288 2079 1420 2125 sunt
1460 2070 1864 2141 praedicatores,
1892 2082 2141 2128 etunus-

545 2161 801 2232 quisque,
832 2161 960 2216 dum
1009 2162 1113 2216 lide
1168 2170 1316 2216 recta
1349 2162 1596 2232 persistit
1647 2163 1702 2217 in
1759 2162 1956 2218 divina:
2007 2165 2141 2235 legis

546 2253 880 2308 obedientia.

2258 1060 2457 1117 Dicunt
2501 1062 2552 1117 ei
2582 1077 2595 1114 :
2630 1060 2771 1128 Quia
2810 1077 2972 1116 nemo
3017 1077 3120 1117 nos
3167 1063 3453 1119 conduxit.
3507 1062 3634 1121 Dicit
3674 1070 3792 1126 illis:

2258 1151 2332 1208 Ite
2377 1162 2432 1208 et
2477 1168 2575 1209 vos
2605 1154 2659 1208 in
2689 1153 2904 1208 vineam
2953 1169 3151 1207 meam.
3191 1172 3208 1203 ι
3255 1151 3439 1208 Prima
3468 1156 3613 1223 hora,
3641 1160 3792 1215 volunt

2255 1245 2429 1300 Adam
2480 1245 2712 1301 missum
2763 1246 2819 1299 in
2870 1244 3085 1298 vineam
3122 1253 3174 1298 et
3217 1245 3461 1315 reliquos
3505 1249 3793 1317 patriarchas

2256 1349 2429 1404 usque
2457 1335 2525 1388 ad
2550 1333 2693 1402 Noe;
2727 1335 2906 1400 tertia,
2942 1334 3119 1404 ipsum
3148 1334 3261 1391 Noe
3288 1344 3341 1391 et
3365 1338 3596 1407 reliquos
3620 1342 3679 1394 ad
3704 1342 3794 1396 cir-

2252 1421 2646 1483 crimcisionem
2696 1427 2960 1492 Abrahae;
3018 1435 3192 1493 sexta,
3239 1429 3309 1482 ab
3343 1428 3610 1485 Abraham
3650 1448 3796 1503 usque

2252 1517 2318 1570 ad
2351 1514 2596 1587 Moysen,
2625 1517 2849 1586 quando
2873 1517 2959 1571 lex
2990 1518 3115 1573 data
3151 1527 3233 1573 est
3271 1535 3286 1573 :
3339 1534 3506 1586 nona,
3533 1519 3729 1593 Moysen
3754 1535 3799 1580 et

2254 1607 2586 1676 prophetas;
2639 1608 2930 1662 undecima
2960 1609 3240 1680 apostolos
3285 1618 3340 1664 et
3381 1612 3613 1681 gentium
3655 1630 3797 1685 popu-

2252 1699 2387 1765 lum,
2427 1700 2523 1769 qui
2558 1700 2715 1770 prius
2753 1701 2927 1755 stabat
2965 1709 3076 1755 tota
3113 1701 3201 1756 die
3243 1702 3479 1768 otiosus,
3526 1703 3636 1759 ideo
3673 1709 3794 1762 omni

2249 1798 2494 1860 tempore
2520 1806 2620 1861 pro
2645 1791 2821 1847 salute
2852 1792 3107 1847 laborare
3142 1792 3444 1862 negligens.
3483 1793 3585 1849 Lex
3611 1798 3792 1866 quidem

2248 1882 2589 1937 conduxerat
2608 1881 2774 1937 Israel
2798 1883 2987 1939 dicens
3014 1902 3026 1938 :
3065 1902 3084 1935 ι
3114 1883 3228 1938 Hoc
3273 1884 3361 1939 fac
3393 1894 3447 1939 et
3477 1887 3615 1941 vives
3645 1888 3791 1958 (Deut.

2247 1990 2299 2027 vt
2325 1991 2340 2040 ;
2375 1972 2507 2028 Luc.
2538 1975 2618 2044 κ),
2663 1993 2683 2026 ι
2733 1975 2827 2029 sed
2856 1968 3043 2045 gentes
3073 1990 3237 2030 nemo
3259 1976 3543 2032 conduxit.
3583 1977 3792 2035 Debitiun

2246 2081 2484 2135 namque
2507 2075 2625 2121 erat
2648 2081 2744 2137 per
2766 2066 2954 2121 orbem
2977 2079 3250 2122 terrarum
3268 2066 3614 2139 Evangelium
3631 2072 3790 2140 pradi-

2246 2158 2386 2224 cari,
2428 2166 2484 2213 ct
2529 2168 2720 2229 gentes
2774 2159 2898 2214 ﬁdei
2942 2160 3338 2229 justilicatione
3394 2161 3604 2216 salvari.
3656 2163 3792 2219 Aliter

2244 2265 2407 2305 mane
2440 2260 2524 2305 est
2566 2251 2834 2321 pueritia;
2872 2253 3049 2318 tertia,
3087 2252 3456 2308 adolescentia
3491 2255 3791 2324 proﬁciscens

623 2364 643 2396 ι
688 2343 1061 2399 Conventione
1099 2352 1279 2399 autem
1322 2343 1460 2399 facta
1493 2359 1617 2399 cum
1650 2345 1915 2416 operariis
1944 2361 2011 2401 ex
2044 2346 2139 2401 de-
2169 2349 2210 2404 Β
2241 2343 2296 2398 in
2326 2345 2496 2397 altum
2526 2342 2683 2412 quasi
2711 2344 2813 2409 sol;
2848 2352 3022 2410 sexta,
3048 2342 3340 2413 juventus;
3372 2357 3537 2411 nona,
3564 2357 3787 2413 senectus;

544 2437 705 2492 nario
731 2437 950 2503 diurno,
1002 2436 1152 2491 misit
1180 2452 1277 2492 eos
1307 2437 1359 2490 in
1385 2438 1599 2492 vineam
1632 2452 1809 2492 suam.
1843 2457 1862 2488 ι
1894 2437 2144 2493 Conven-

542 2530 625 2584 tio
676 2527 781 2582 fuit
819 2529 1140 2584 conﬁrmata
1193 2528 1487 2599 promissio
1531 2529 1678 2599 quod
1731 2529 1798 2583 ad
1850 2529 2142 2599 imaginem

545 2617 649 2673 Dei
706 2628 890 2675 essent
947 2618 1303 2683 reformandi,
1362 2618 1407 2673 si
1463 2616 1762 2673 Ecclesiam
1820 2616 2142 2671 mdificaudo

545 2707 807 2779 Decalogi
865 2708 1139 2763 mandatis
1193 2708 1528 2762 insisterent.
1588 2705 1646 2761 In
1695 2707 1922 2761 denario
1978 2707 2144 2777 igitur

543 2802 776 2870 ﬁguram
795 2801 941 2871 regis
960 2800 1212 2866 habente,
1226 2799 1319 2869 qui
1332 2799 1467 2853 .olim
1485 2814 1579 2868 per
1601 2815 1635 2852 ι
1654 2813 1907 2853 nummos
1923 2813 2144 2869 compu-

545 2894 788 2959 tabatur,
820 2903 873 2947 et
897 2891 1218 2948 obedientize
1238 2892 1544 2960 praemium,
1567 2899 1621 2945 et
1645 2891 1772 2961 quia
1797 2906 1863 2944 ex
1885 2889 2139 2961 Decalogi

545 2983 890 3038 observantia
936 2980 1201 3051 operariis
1224 2980 1408 3048 datur,
1442 2980 1728 3035 manifeste
1776 2979 2139 3049 significatur.

619 3094 639 3127 ι
663 3074 731 3130 Et
757 3091 1011 3146 egressus
1037 3076 1186 3129 circa
1210 3075 1400 3128 horam
1428 3074 1638 3128 tertiam
1671 3072 1805 3127 vidit
1829 3073 1967 3128 alios
1988 3084 2139 3128 stan-

541 3178 627 3224 tes
650 3169 706 3224 in
732 3166 853 3222 foro
880 3168 1109 3233 otiosos,
1134 3178 1187 3220 et
1211 3166 1348 3220 dixit
1370 3165 1512 3220 illis:
1541 3164 1615 3220 Ite
1641 3175 1696 3219 et
1715 3181 1813 3221 vos
1840 3166 1892 3219 in
1921 3165 2136 3220 vineam

541 3276 747 3326 meam,
777 3267 833 3314 et
880 3258 1027 3329 quod
1068 3259 1279 3329 justum
1325 3257 1493 3312 fuerit
1533 3258 1673 3312 dabo
1702 3257 1875 3311 vobis.
1928 3256 2009 3311 Illi
2039 3272 2137 3312 au-

541 3364 653 3408 tem
706 3354 977 3409 abierunt.
1018 3372 1037 3404 ι
1074 3351 1177 3406 Per
1228 3351 1407 3405 forum
1458 3350 1696 3405 mundus
1742 3349 2029 3419 accipitur,
2079 3349 2135 3403 in

542 3460 656 3514 quo
709 3442 1015 3507 calumnia),
1063 3442 1298 3513 injuriae,
1352 3440 1750 3506 contentiones,
1790 3439 2133 3494 diversorum

543 3537 888 3608 negotiorum
914 3534 1278 3599 diﬂicultatcs,
1311 3548 1526 3603 semper
1551 3532 1901 3587 tumultuosae
1918 3571 1935 3597 ,
1960 3539 2013 3585 et
2041 3529 2134 3584 ubi

544 3627 731 3682 omnia
780 3635 909 3682 sunt
957 3625 1189 3680 venalia.
1235 3623 1555 3679 Peccatorcs
1604 3624 1860 3678 dicuntur
1904 3622 2128 3687 mortui,

2253 2435 2567 2501 undecima,
2599 2434 2872 2503 decrepita
2922 2442 3075 2489 atlas.
3132 2432 3364 2488 Videtur
3417 2436 3595 2506 itaque
3640 2438 3788 2507 prima:

2247 2525 2396 2579 hora?
2427 2540 2551 2580 esse
2576 2524 2857 2595 operarios
2885 2523 3196 2580 Samuelem
3227 2534 3280 2581 et
3312 2524 3620 2595 Jeremiam,
3653 2526 3786 2583 Joan-

2246 2632 2369 2671 nem
2404 2616 2740 2686 Baptistam;
2773 2617 2965 2684 tertiae,
3016 2618 3141 2673 illos
3176 2619 3270 2688 qui
3319 2634 3352 2673 a
3398 2620 3664 2689 pubertate
3700 2619 3786 2676 Deo

2244 2709 2449 2763 servire
2499 2717 2817 2777 coeperunt;
2849 2719 3036 2775 sextre,
3068 2711 3162 2779 qui
3206 2725 3238 2764 a
3269 2721 3488 2766 matura
3515 2721 3684 2779 aetate;
3708 2728 3784 2766 ηο-

2244 2817 2327 2855 nte
2357 2801 2448 2871 qui
2476 2801 2590 2871 jam
2627 2801 2936 2856 declinante
2988 2812 3147 2857 actate
3190 2803 3258 2857 ad
3318 2806 3567 2872 senium;
3607 2804 3783 2861 undeci~

2243 2907 2346 2946 tua:
2393 2891 2485 2961 qui
2535 2891 2728 2947 ultima
2784 2902 3083 2948 senectute.
3143 2892 3452 2965 Torpentes
3492 2911 3614 2967 ergo
3647 2911 3785 2966 usque

2243 2984 2310 3037 ad
2344 2984 2594 3039 ultimam
2626 2994 2838 3041 :etatem
2893 2997 3039 3040 recte
3087 2986 3444 3055 increpantur
3491 2990 3553 3043 de
3600 2989 3711 3053 otio,
3737 2999 3785 3041 ut

2242 3074 2325 3127 vel
2373 3074 2427 3128 in
2481 3076 2688 3132 ultimis
2734 3078 3082 3147 resipiscant.
3114 3075 3311 3133 Nullus
3345 3079 3541 3149 quippe
3565 3078 3787 3133 conduxit

2241 3167 2397 3234 tales,
2426 3167 2553 3223 licet
2583 3168 2662 3223 eis
2696 3170 2811 3223 vias
2847 3170 2970 3223 vita?
3000 3168 3352 3238 praedicaret,
3387 3170 3511 3239 quia
3533 3168 3681 3224 solius
3706 3167 3785 3222 Dei

2238 3266 2323 3311 cst
2356 3259 2502 3314 intus
2529 3260 2727 3315 docere
2753 3261 2840 3314 cui
2874 3262 3120 3315 nondum
3150 3261 3494 3316 obedierunt.

2317 3366 2335 3397 α
2379 3348 2515 3402 Cum
2558 3365 2682 3404 sero
2708 3360 2888 3405 autem
2936 3350 3139 3405 factum
3171 3359 3337 3416 esset,
3392 3351 3517 3405 dicit
3562 3349 3786 3404 Dominus

2238 3438 2408 3490 vinea:
2431 3440 2772 3506 procuratori
2797 3455 2919 3506 suo,
2933 3460 2950 3492 ι
2976 3442 3078 3495 hoc
3095 3449 3202 3506 est,
3224 3442 3310 3495 vel
3333 3441 3490 3496 Pater
3508 3441 3624 3496 dicit
3647 3440 3783 3500 Filio,

2238 3528 2321 3582 vel
2352 3528 2520 3585 Filius
2550 3529 2775 3600 Spiritui
2801 3542 2990 3587 sancto
3016 3550 3030 3586 ;
3064 3552 3082 3583 ι
3119 3531 3264 3587 Voca
3289 3534 3560 3602 operarios
3577 3540 3624 3586 et
3648 3533 3783 3586 redde

2241 3619 2349 3675 illis
2392 3623 2696 3677 mercedem
2722 3665 2736 3689 ,
2784 3624 3052 3694 incipiens
3108 3640 3139 3678 a
3178 3625 3494 3680 novissimis
3530 3640 3683 3694 usque
3725 3622 3783 3675 ad

544 3732 656 3771 non
687 3715 869 3770 otiosi.
922 3713 1075 3769 Sicut
1109 3715 1252 3769 enim
1287 3714 1486 3769 surdus
1513 3712 1656 3782 apud
1683 3710 1973 3766 Dominum
1998 3710 2133 3765 dici-
2160 3686 2201 3744 (ἶ
2236 3709 2462 3779 primos.
2502 3730 2520 3762 ι
2581 3711 2880 3767 Considera
2939 3714 3066 3783 quia
3124 3728 3250 3768 sero
3322 3730 3434 3769 non
3491 3713 3590 3768 alio
3648 3725 3782 3766 mane

544 3818 636 3863 tur
658 3806 753 3877 qui
800 3820 909 3860 non
941 3805 1094 3859 audit
1123 3820 1245 3874 qua:
1270 3802 1367 3858 Dei
1412 3810 1560 3867 sunt,
1589 3801 1682 3857 sed
1721 3817 1844 3871 qua:
1893 3800 2129 3866 diaboli;

545 3914 748 3962 caecus,
779 3913 874 3968 per
914 3897 1074 3967 cujus
1104 3897 1294 3951 oculos
1324 3895 1575 3950 diabolus
1602 3893 1768 3961 videt,
1812 3907 1921 3947 non
1955 3892 2129 3948 Deus:

544 3990 626 4045 sic
652 3989 747 4058 qui
777 3988 998 4057 diabolo
1027 3987 1160 4042 vivit
1185 3996 1435 4041 mortuus
1464 3994 1548 4040 est
1589 3984 1723 4039 Deo.
1774 3982 1979 4054 Raptor
2022 3999 2132 4038 non

543 4091 628 4136 est
654 4081 890 4148 otiosus,
917 4080 1011 4136 sed
1046 4088 1312 4134 mortuus.
1349 4077 1632 4143 Ebriosus,
1664 4074 1996 4130 fornicarius
2023 4090 2133 4129 non

542 4182 673 4228 sunt
697 4172 883 4238 otiosi,
904 4172 997 4228 sed
1024 4172 1258 4237 mortui;
1287 4171 1375 4224 ille
1397 4177 1577 4223 autem
1603 4168 1697 4237 qui
1725 4167 1862 4221 nihil
1888 4166 2023 4220 tollit
2050 4176 2135 4221 cst

548 4267 784 4332 otiosus,
813 4265 917 4320 nisi
947 4266 1012 4320 de
1044 4265 1159 4320 suis
1185 4263 1275 4317 det
1316 4261 1721 4331 impotentibus.
1751 4258 1846 4315 Vis
1875 4275 1982 4313 non
2012 4272 2136 4313 esse

543 4357 797 4412 otiosus?
821 4354 968 4410 Nihil
1000 4355 1183 4419 tollas,
1224 4362 1278 4407 et
1311 4354 1378 4407 de
1402 4353 1508 4406 tuis
1536 4352 1633 4406 des
1660 4366 1759 4419 pro
1781 4348 1913 4413 Deo,
1942 4359 2132 4403 utnon

544 4451 643 4506 ubi
677 4450 852 4513 vivas,
886 4449 979 4503 sed
1018 4445 1148 4501 Deo.
1178 4444 1270 4500 Vis
1302 4459 1410 4499 non
1440 4458 1563 4498 esse
1588 4441 1838 4497 otiosus?
1864 4439 2056 4510 Jejuna
2081 4448 2135 4494 et

542 4546 612 4596 ila
650 4556 757 4611 pro
796 4540 911 4594 Deo
936 4538 1079 4609 quod
1109 4536 1441 4592 manducare
1474 4534 1639 4590 debes
1682 4541 1738 4588 et
1782 4533 1987 4588 bibere.
2044 4529 2135 4585 Vis

542 4651 660 4689 non
704 4648 826 4689 esse
862 4633 1106 4688 otiosus?
1155 4631 1213 4685 Si
1252 4632 1370 4685 sine
1419 4643 1590 4684 uxore
1638 4643 1700 4683 es
1739 4641 1807 4681 ne
1851 4625 2134 4697 quaesieris

542 4741 803 4792 uxorem,
823 4726 918 4781 sed
950 4738 1176 4794 operare
1204 4722 1370 4776 vitam
1390 4720 1676 4776 castitatis.
1716 4719 1772 4773 Si
1807 4717 1947 4773 dicis
1976 4735 1989 4771 :
2016 4714 2134 4770 Non

555 4834 783 4887 possunt
806 4818 1100 4882 abstinere,
1124 4814 1351 4869 ostendo
1372 4812 1471 4867 tibi
1495 4820 1553 4865 ut
1574 4821 1626 4867 et
1650 4825 1873 4865 uxorem
1909 4808 2133 4873 habeas,

546 4919 602 4963 et
645 4911 910 4966 castitatis
937 4909 1102 4964 vitam
1147 4907 1315 4962 colas.
1341 4906 1570 4961 Abstine
1615 4912 1667 4958 te
1714 4919 1743 4957 a
1796 4910 2135 4956 menstruata

2236 3803 2412 3857 reddit
2463 3805 2788 3860 mercedem.
2836 3803 2979 3875 Ergo
3022 3804 3203 3860 adhuc
3233 3814 3412 3861 stante
3453 3805 3635 3860 sacculo
3676 3804 3781 3867 isto,

2232 3895 2500 3964 judicium
2549 3897 2654 3951 erit
2684 3905 2906 3967 propter
2944 3899 3083 3951 duas
3130 3899 3393 3953 rationes.
3427 3897 3647 3952 Primum
3673 3896 3783 3967 quia

2235 3996 2463 4041 ventura
2515 3988 2795 4043 beatitudo
2841 3998 2924 4043 est
2971 4004 3179 4044 merces
3216 3990 3467 4059 justitize,
3513 3989 3684 4044 dende
3728 4002 3786 4040 ne

2237 4087 2550 4149 peccatores
2627 4081 2842 4134 videant
2917 4080 3349 4147 beatitudinem,
3412 4082 3609 4135 dicente
3678 4092 3787 4147 pro-

2238 4171 2400 4239 pheta
2441 4186 2455 4223 :
2502 4189 2519 4221 ι
2553 4169 2799 4226 Tollatur
2842 4171 3042 4241 impius
3101 4186 3169 4225 ne
3229 4171 3407 4225 videat
3448 4172 3655 4241 gloriam
3704 4166 3785 4220 Dei

2239 4260 2380 4333 (lsa.
2407 4265 2581 4334 xxvr).
2621 4282 2640 4315 υ

2314 4373 2330 4407 t
2363 4355 2499 4410 Cum
2523 4356 2799 4412 venissent
2819 4372 2950 4428 ergo
2971 4355 3063 4426 qui
3092 4371 3237 4410 czrca
3264 4355 3594 4409 undecimam
3619 4351 3786 4405 horam

2235 4456 2518 4513 venerant,
2567 4456 2893 4517 acceperunt
2930 4447 3177 4517 singulos
3207 4448 3485 4501 denarios.
3509 4464 3527 4495 ι
3559 4440 3789 4510 Quamvis

2235 4537 2547 4593 felicitatem
2573 4538 2989 4593 resurrectionis
3010 4551 3203 4591 omnes
3219 4537 3357 4607 justi
3377 4535 3634 4605 accepturi
3656 4540 3789 4593 sunt,

2238 4635 2416 4682 tamen
2448 4628 2575 4698 quia
2604 4628 2696 4682 alii
2720 4628 2988 4698 accipient
3017 4632 3170 4697 prius
3194 4642 3383 4691 uuam,
3415 4626 3506 4681 alii
3533 4634 3644 4695 post
3668 4621 3791 4676 mul-

2239 4727 2343 4784 tas,
2373 4719 2447 4771 illi
2476 4719 2734 4774 dicuntur
2776 4720 2987 4788 priores
3027 4720 3295 4790 accipere,
3339 4718 3434 4787 qui
3466 4718 3610 4786 prius
3635 4713 3791 4768 modio

2236 4825 2362 4863 cum
2397 4810 2660 4881 temporis
2684 4810 2970 4879 accipient.
3002 4808 3189 4878 Itaque
3235 4808 3519 4863 novrssimi
3551 4805 3602 4859 in
3626 4803 3793 4857 labore

2237 4910 2399 4957 erunt
2429 4903 2588 4972 primi
2613 4902 2668 4956 in
2703 4901 2959 4972 praemio;
3003 4910 3057 4956 et
3088 4901 3248 4970 primi
3296 4900 3352 4954 in
3394 4900 3597 4965 labore,
3627 4894 3793 4950 novis-

549 5016 606 5061 et
633 5018 964 5078 praegnante,
998 5008 1322 5062 erubescere
1353 5004 1533 5060 facere
1554 5002 1718 5071 quod
1744 5000 2000 5055 animalia
2022 5015 2130 5054 non
2163 5033 2209 5087 Β
2239 4996 2366 5052 simi
2402 4997 2457 5051 in
2508 4995 2753 5065 praemio.
2788 4993 2855 5048 Et
2878 4995 3008 5063 quia
3028 4993 3290 5048 denarius
3337 4992 3432 5046 ille
3466 4994 3570 5046 vita
3610 4999 3796 5087 aeterna

550 5101 779 5156 faciunt.
832 5099 1033 5168 thuid
1062 5115 1287 5166 servus,
1319 5099 1595 5167 accipiens
1626 5110 1817 5149 mnam
1849 5109 1879 5148 a
1906 5094 2133 5148 domino

548 5208 673 5258 suo,
706 5193 913 5246 audivit
959 5209 969 5243 :
1020 5209 1038 5242 ι
1077 5190 1241 5244 Serve
1284 5204 1516 5260 nequam
1549 5204 1565 5257 i
1596 5186 1786 5240 Matth.
1813 5201 1908 5239 vin
1934 5186 1990 5254 );
2026 5202 2045 5235 ι
2080 5194 2134 5239 et

548 5287 741 5356 utquid
791 5286 994 5339 missus
1038 5293 1119 5337 est
1171 5284 1224 5336 in
1278 5280 1589 5337 carcerem?
1635 5278 1760 5348 quia
1791 5277 1922 5329 nihil
1954 5277 2134 5330 lucra-

548 5389 637 5434 tus
663 5388 747 5432 est
787 5379 854 5431 de
898 5392 981 5430 ea.
1034 5374 1091 5429 Si
1136 5389 1265 5443 ergo
1299 5374 1387 5425 ille
1417 5386 1523 5423 nun
1555 5371 1658 5423 erit.
1688 5368 1925 5437 impunis
1957 5368 2011 5420 in
2045 5366 2134 5421 die

544 5472 735 5542 judicii
767 5470 863 5539 qui
911 5478 1122 5521 otmsus
1166 5474 1313 5519 stetit
1358 5464 1411 5515 in
1463 5461 1603 5525 foro,
1643 5460 1773 5528 qud
1806 5459 1965 5512 faciet
1998 5472 2132 5527 pee-

546 5577 721 5629 cutor,
745 5574 797 5617 ct
826 5577 1008 5615 ninam
1034 5575 1187 5614 suam
1214 5555 1485 5627 perdens?
1513 5573 1531 5603 ‹
1566 5553 1761 5607 lterum
1794 5564 1975 5605 autem
2000 5551 2134 5604 exiit

550 5675 696 5712 circa
748 5671 841 5709 ses
871 5670 958 5707 ani
1010 5654 1221 5714 horam,
1262 5659 1314 5704 et
1340 5664 1561 5713 nonam,
1594 5655 1647 5699 ct
1685 5644 1812 5700 fecit
1857 5644 2128 5699 similiter.

550 5747 713 5803 Circa
742 5745 1085 5801 undecimam
1120 5757 1245 5797 vero
1272 5741 1403 5795 exiit
1448 5749 1500 5795 et
1547 5737 1752 5792 invenit
1795 5737 1933 5791 alios
1982 5744 2132 5792 stan-

2238 5096 2341 5154 est,
2363 5087 2600 5159 requaIes
2624 5096 2788 5142 erunt
2817 5086 2873 5140 in
2890 5086 2985 5139 illa
3011 5084 3262 5139 mercede
3294 5082 3481 5153 primi,
3504 5084 3640 5136 chut
3658 5074 3795 5137 Abel.

2239 5178 2372 5247 Noe,
2402 5187 2665 5248 tanquam
2710 5177 2885 5248 prima
2933 5176 3017 5230 vel
3043 5175 3198 5230 tertia
3242 5174 3377 5227 hora
3419 5171 3585 5226 vocati
3630 5168 3799 5222 adre-

2239 5285 2426 5340 gnum;
2460 5279 2516 5325 et
2539 5268 2822 5325 novissimi
2850 5266 2943 5335 qui
2967 5265 3036 5320 ab
3061 5264 3295 5318 adventu
3319 5275 3580 5331 corporeo
3601 5254 3795 5311 Domini

2239 5362 2399 5430 quasi
2429 5362 2485 5415 in
2510 5360 2799 5416 undecima
2824 5358 2957 5411 hora
2998 5355 3116 5410 sine
3158 5353 3340 5421 aliqua
3393 5350 3646 5403 tarditate
3674 5359 3798 5416 pra.

2238 5456 2485 5510 veniunt.
2540 5453 2856 5507 Meritorum
2901 5448 3119 5518 quidem
3173 5444 3490 5499 diversitate
3515 5440 3798 5510 fulgebunt,

2242 5547 2379 5601 alius
2398 5546 2591 5618 magis,
2616 5544 2757 5597 alius
2778 5541 2994 5604 minus;
3025 5536 3254 5605 ideoque
3276 5530 3674 5603 paterfamilias
3695 5542 3802 5618 pru-

2236 5640 2390 5695 niisit
2413 5654 2473 5694 se
2492 5613 2751 5692 daturum
2800 5628 3028 5700 singulis
3060 5625 3207 5695 quod
3246 5627 3458 5693 justum
3496 5620 3683 5675 fuerit.
3714 5613 3803 5667 Ve-

2239 5743 2544 5788 rumtamen
2591 5722 2815 5794 aequalis
2849 5721 2951 5775 erit
2978 5718 3089 5773 vita
3134 5725 3359 5782 aeterna,
3390 5713 3655 5769 erunibus
3688 5704 3807 5762 nulli

3916 3580 3917 3663 i

3912 3838 3913 3873 ι

3907 4014 3909 4083 4
