3964 6468
261 331 365 386 845

1187 324 1761 384 DEFLORATIONES
1801 326 1902 381 SS.
1946 321 2256 379 PATRUM.
2287 351 2359 363 -—
2396 321 2524 377 LIB.
2568 321 2607 376 i.

3432 312 3539 375 856

264 442 475 514 longior
510 442 595 497 vel
641 441 860 497 brevior
894 438 1021 510 quia
1062 454 1170 494 non
1210 441 1428 496 habebit
1468 441 1651 496 linem.
1702 440 1836 496 Sero
1868 448 1910 500 Δ
1940 437 2082 504 Quid
2110 436 2311 510 quaeris
2338 436 2605 507 amplius?
2642 433 2803 500 \‘ade,
2835 444 3118 502 persevera
3164 430 3217 484 in
3244 430 3436 502 adepta
3454 433 3542 503 jus

262 534 464 589 factum
485 542 592 596 est,
622 533 928 602 cuicunque
950 530 1075 585 linis
1104 530 1224 585 vitae
1252 532 1417 586 venit.
1450 530 1496 584 A
1530 531 1847 586 novissimis

263 624 518 681 denarios
550 622 943 693 paterfamilias
971 621 1194 677 reddere
1225 622 1428 693 coepit;
1468 622 1562 691 qui
1591 624 1658 678 ad
1688 638 1849 693 para-

262 714 362 770 disi
392 713 640 783 requiem
666 713 817 783 prius
844 713 1108 769 latronem
1132 730 1298 785 quam
1328 714 1548 770 Petrum
1574 714 1845 785 perduxit.

263 804 363 871 Qui
390 803 534 858 latro
558 811 615 858 et
630 804 676 856 si
708 818 803 872 per
825 811 1039 859 aetatem
1076 820 1183 859 non
1213 805 1360 859 venit
1381 806 1449 860 ad
1481 805 1847 871 undecimam,

264 895 410 950 venit
441 903 625 947 tamen
672 907 797 947 sero
843 909 935 963 per
968 909 1206 962 poenam.
1235 894 1327 949 Sic
1369 894 1663 964 aliquando
1699 894 1852 964 prius

264 995 686 1041 remunerantur
701 999 826 1040 sero
852 987 1129 1040 venientes
1152 987 1245 1055 qui
1270 985 1422 1056 prius
1443 987 1509 1041 de
1531 985 1852 1056 corporibus

263 1083 641 1144 exeuntquam
660 1075 753 1145 qui
787 1075 840 1128 in
861 1074 1109 1144 pueritiis
1135 1076 1314 1131 vocati
1347 1085 1495 1131 sunt.
1523 1096 1541 1127 ι
1563 1074 1854 1131 Venientes

263 1176 444 1221 autem
468 1165 631 1235 primi
650 1165 897 1221 arbitrati
917 1175 1046 1222 sunt
1060 1166 1207 1238 quod
1224 1168 1346 1238 plus
1360 1176 1542 1222 essent
1558 1168 1851 1237 accepturi.

260 1257 798 1327 Acceperuntautem
814 1259 976 1312 etiam
990 1258 1090 1328 ipsi
1104 1259 1350 1329 singulos
1362 1259 1635 1314 denarios.
1662 1278 1681 1310 ι
1702 1258 1859 1312 Eam-

261 1350 383 1406 dem
407 1350 621 1405 scilicet
648 1348 971 1404 Trinitatem
998 1366 1122 1405 cum
1151 1351 1406 1420 gentibus
1424 1351 1740 1422 justilicatis
1764 1366 1857 1407 ac-

261 1444 470 1514 cipient
510 1451 662 1498 retro
708 1442 904 1508 vocati,
957 1442 1286 1500 conformati
1332 1444 1567 1500 claritati
1627 1443 1855 1499 Christi.

260 1540 399 1595 Cum
427 1548 610 1595 tamen
635 1539 814 1610 primo
838 1547 1103 1594 venerunt
1121 1539 1213 1608 qui
1240 1539 1476 1610 populus
1492 1538 1589 1593 Dei
1611 1538 1681 1593 ab
1703 1536 1860 1591 initio

258 1634 611 1699 exstiterant,
642 1631 890 1687 arbitrati
916 1640 1045 1687 sunt
1070 1632 1216 1702 quod
1253 1642 1460 1705 gentes,
1514 1632 1669 1703 prius
1701 1630 1860 1687 idolis

256 1724 595 1791 servientes,
628 1722 812 1778 minus
833 1730 1021 1778 essent
1054 1722 1354 1793 accepturi.

338 1865 357 1899 σ
380 1844 451 1900 Et
477 1845 806 1916 accipientes
830 1845 1248 1900 murmurabant
1275 1844 1536 1900 adversus
1566 1844 1864 1916 patremfa-

257 1936 471 2003 milias,
491 1935 772 1990 dicentes:
806 1933 871 1987 iii
906 1934 1192 1990 novissimi
1220 1950 1327 1989 una
1358 1934 1493 1989 hora
1517 1933 1782 2001 fecerunt,
1813 1944 1868 1989 et

254 2043 426 2098 pares
484 2027 608 2080 illos
660 2026 824 2081 nobis
872 2025 1072 2094 fecisti,
1111 2026 1221 2096 qui
1250 2026 1591 2096 portavimus
1648 2028 1864 2097 pondus

253 2118 368 2173 dici
402 2125 461 2173 et
487 2127 706 2173 mstus.)
724 2118 947 2189 Antiqui
970 2118 1064 2189 qui
1082 2132 1205 2188 posr
1221 2117 1380 2189 longa
1406 2117 1605 2174 inferni
1622 2128 1866 2189 tempora

254 2210 324 2264 ad
350 2208 561 2264 coelum
594 2217 960 2278 pervenerunt
1001 2209 1159 2279 quasi
1203 2219 1329 2280 post
1371 2210 1864 2266 murmurationem

253 2301 556 2357 denarium
576 2300 872 2371 accipiunt.
908 2300 1017 2357 Nos
1042 2309 1224 2357 autem
1268 2303 1384 2358 sine
1415 2304 1864 2371 murmuratione,

257 2394 395 2464 quia
430 2408 562 2450 mox
598 2402 657 2448 ut
684 2394 752 2448 de
802 2409 1030 2463 carpere
1073 2394 1308 2462 eximus,
1362 2395 1482 2451 sine
1526 2411 1680 2451 mora
1729 2412 1868 2467 pra:-

259 2487 440 2541 mium
486 2487 808 2557 :.ccipimus.
848 2485 916 2541 Et
942 2487 1241 2543 notandum
1296 2488 1426 2559 quia
1466 2488 1726 2546 denarius
1758 2506 1867 2546 non

259 2580 397 2634 totis
423 2579 656 2633 insimul
680 2579 967 2650 accipitur,
998 2580 1093 2635 sed
1139 2581 1254 2635 veri
1296 2583 1537 2637 cultores
1565 2584 1869 2653 spirituaiis

259 2670 440 2725 vinea:
463 2671 523 2724 in
551 2671 654 2725 hac
682 2672 788 2725 vita
825 2673 1160 2741 centuplum,
1184 2672 1380 2729 deinde
1420 2673 1641 2741 cadum,
1667 2684 1721 2729 et
1744 2684 1869 2745 post

259 2763 458 2832 judieii
491 2762 993 2820 remunerationem
1019 2764 1291 2835 duplicem
1342 2767 1538 2821 stolam
1567 2767 1864 2822 habebunt.

266 2853 572 2910 Denarium
608 2855 772 2925 igitur
794 2855 1146 2925 accipientes,
1199 2872 1307 2912 non
1339 2873 1405 2913 ex
1449 2858 1653 2915 invidia
1680 2862 1868 2931 gratiae

267 2954 628 3001 murmurant
666 2947 928 3003 adversus
972 2948 1304 3004 novissimos
1342 2950 1643 3021 operarios,
1680 2952 1774 3008 sed
1799 2969 1863 3008 ex

267 3039 585 3107 ignorantia
605 3049 940 3095 secretorum
969 3041 1232 3098 adversus
1261 3042 1731 3113 patremfamilias.
1761 3043 1869 3100 Ta-

267 3127 338 3183 iis
361 3144 497 3198 ergo
524 3140 609 3184 est
636 3129 735 3199 pia:
758 3131 1101 3200 superiorum
1145 3133 1518 3203 inquisitionis
1549 3151 1862 3191 murmura-
1889 3143 1931 3200 C

272 3220 368 3272 tio.
402 3220 549 3286 Quid
590 3236 772 3275 causa:
811 3230 895 3276 est
937 3223 1082 3288 quod
1131 3225 1337 3279 tamdiu
1394 3225 1654 3283 distulisti
1686 3227 1863 3298 ignem

269 3311 395 3366 coeli
427 3312 484 3365 in
545 3321 743 3367 terram
772 3313 985 3368 mittere
1030 3323 1085 3369 et
1130 3317 1447 3373 accendere.
1472 3318 1580 3374 Aut
1608 3335 1778 3390 quare
1800 3320 1867 3375 ad

271 3402 378 3457 hoc
404 3411 626 3474 tempus
666 3419 776 3458 non
820 3408 1113 3461 reservasti
1160 3422 1280 3463 nos.
1329 3407 1426 3463 Vel
1458 3410 1737 3466 novissimi
1770 3426 1870 3468 cur

275 3506 522 3565 tempora
558 3506 743 3552 nostra
770 3500 1055 3554 nobscum
1093 3516 1197 3556 non
1232 3501 1561 3559 habuerunt.
1590 3503 1870 3565 AuLunde

274 3590 336 3643 lit
357 3590 504 3659 quod
543 3591 827 3646 novissimi
880 3609 988 3647 non
1021 3593 1329 3650 habuerunt
1376 3605 1621 3668 tempora
1659 3608 1868 3665 nostra,

274 3690 333 3735 et
365 3698 467 3736 nos
496 3692 742 3753 tempora
774 3677 1092 3739 novissima.
1118 3683 1299 3752 Quare
1337 3688 1500 3742 etiam
1526 3688 1733 3760 dispari
1772 3706 1870 3744 vo-

273 3778 482 3831 cationi
531 3794 631 3847 par
677 3779 840 3833 datur
896 3780 1200 3849 prmmium.
1232 3780 1297 3836 Et
1345 3783 1579 3853 plurima
1623 3786 1679 3840 in
1727 3787 1874 3843 hunc

275 3871 505 3925 modum
549 3881 982 3941 conquerantur.
1029 3871 1251 3930 Pondus
1289 3876 1560 3946 signilicat
1601 3892 1740 3948 opus
1777 3878 1871 3949 ju-

276 3963 465 4031 stitlae,
495 3974 664 4017 mstns
687 3965 1185 4034 concupiscentiam
1208 3968 1412 4023 saeculi.
1447 3967 1563 4024 Hoc
1589 3969 1710 4025 ideo
1739 3971 1876 4026 dici-

277 4067 394 4122 tur,
411 4058 540 4128 quia
567 4059 697 4112 olim
720 4060 976 4115 omnibus
996 4061 1156 4116 bonis
1173 4063 1871 4134 mundus‘prosperabatur.

278 4147 351 4201 Et
382 4149 504 4203 ideo
530 4151 619 4220 qui
651 4160 779 4207 tunc
808 4150 1030 4208 fuerunt
1061 4170 1185 4209 cum
1217 4156 1412 4225 majori
1448 4157 1763 4213 dillicultate
1786 4159 1868 4230 ju-

283 4243 489 4296 stitiam
516 4246 1031 4316 scrvaverunt,quia
1049 4245 1280 4303 felicitas
1305 4249 1493 4304 mundi
1522 4249 1880 4320 impedimen-

287 4340 403 4385 tum
443 4345 526 4388 est
574 4336 790 4391 anima}.
843 4335 1071 4392 Multum
1106 4353 1238 4409 ergo
1265 4348 1393 4395 tunc
1437 4350 1555 4395 erat
1583 4342 1758 4398 bonus
1784 4344 1876 4412 qui

282 4426 470 4493 justus
526 4436 738 4495 poterat
784 4442 945 4494 esse;
996 4429 1226 4483 multum
1273 4445 1403 4485 vero
1440 4432 1617 4487 maius
1644 4433 1736 4502 qui
1764 4450 1871 4488 non

288 4516 428 4586 fugit
461 4517 527 4571 ad
554 4516 749 4583 Deum,
795 4533 920 4572 cum
967 4518 1217 4586 pluribus
1245 4499 1678 4578 adversitatibus
1710 4525 1871 4592 primi
1907 4499 1949 4552 ί)

288 4608 475 4663 videat
540 4609 828 4665 mundum.
882 4609 1103 4666 Pondus
1155 4611 1316 4666 etiam
1369 4624 1602 4683 possunt
1650 4616 1874 4688 intelligi

288 4716 524 4755 onerosa
553 4702 807 4756 mandata
841 4702 995 4772 legis,
1025 4712 1191 4760 :estus
1214 4720 1340 4760 vero
1368 4722 1533 4763 urens
1560 4723 1715 4763 error
1760 4718 1878 4764 ten~

290 4792 557 4844 tationum
609 4805 721 4861 quo
774 4792 1084 4846 conﬂabant
1133 4792 1357 4863 maligni
1400 4795 1626 4865 spiritus
1673 4798 1726 4852 in
1780 4814 1878 4853 an-

288 4883 477 4952 tiquos
509 4884 572 4938 ad
600 4883 1004 4938 aemulationem
1035 4886 1274 4956 gentium
1297 4901 1393 4941 eos
1417 4886 1721 4944 irritantes.

366 5019 383 5045 ι
442 4999 515 5051 At
564 4996 654 5052 ille
687 4997 1041 5066 rsspondcns,
1085 5000 1178 5052 uni
1224 5014 1417 5056 eorum
1462 5003 1639 5057 dixit:
1670 5005 1877 5071 Amice,

289 5106 400 5145 non
436 5089 580 5145 facio
619 5089 712 5142 tibi
748 5088 1027 5158 injuriam.
1053 5088 1242 5145 Nonne
1275 5108 1342 5146 ex
1372 5093 1597 5149 denario
1625 5098 1881 5151 conveni-

288 5182 358 5235 sti
398 5179 661 5235 mecum?
697 5178 848 5234 Tulle
870 5180 1015 5249 quod
1047 5190 1200 5236 tuum
1226 5191 1329 5250 est,
1358 5193 1413 5238 et
1433 5185 1589 5253 vade.
1628 5205 1648 5238 ι

364 5290 472 5347 Uni
500 5290 705 5347 dicitur
729 5290 1100 5360 respondisse,
1124 5294 1251 5363 quia
1274 5309 1372 5364 par
1403 5306 1520 5351 erat
1550 5298 1604 5351 in
1627 5299 1884 5355 omnibus

293 5383 677 5440 murmurandi
718 5383 957 5439 occasio.
1008 5384 1233 5441 Amicus
1266 5387 1368 5443 iste
1407 5390 1776 5460 protopiastus
1801 5394 1885 5447 in-

295 5476 576 5548 teiligitur,
590 5484 644 5530 et
666 5475 760 5530 illo
794 5484 1039 5545 tempore
1061 5478 1363 5535 credentes.
1384 5481 1522 5536 Cum
1539 5482 1674 5538 dicit
1699 5500 1766 5538 ex
1792 5484 1886 5540 de—

284 5569 492 5633 nario;
530 5565 637 5621 tale
665 5574 749 5621 est
791 5566 949 5635 quasi
979 5565 1166 5623 dicat:
1212 5568 1512 5626 Mercedem
1554 5574 1884 5643 promissam

266 5657 573 5730 ωσι-ρίεῑί,
603 5656 708 5712 hoc
733 5665 818 5711 est
845 5657 1133 5727 imaginem
1162 5670 1217 5715 et
1242 5661 1654 5719 similitudinem
1687 5680 1886 5733 meam,

251 5773 390 5819 lion
424 5755 663 5814 alterius
683 5756 961 5812 consortio
980 5755 1245 5811 minuitur
1267 5755 1362 5810 tibi
1386 5757 1671 5828 przemium
1690 5758 1885 5815 meriti.

1948 532 2115 587 stitia.

2027 643 2044 674 ι
2076 621 2208 678 Volo
2239 629 2418 677 autem
2449 628 2504 676 et
2526 619 2654 674 huic
2681 616 2981 674 novissimo
3002 616 3135 673 dare
3166 616 3309 672 sicut
3334 625 3388 671 et
3417 614 3535 670 tibi.

1949 715 2030 768 An
2057 728 2165 768 non
2194 714 2323 768 licet
2349 712 2484 767 mihi
2511 710 2656 782 quod
2690 711 2812 765 volo
2844 709 3163 766 facere?An
3190 708 3384 764 oculus
3411 718 3540 763 tuus

1952 822 2186 876 nequam
2210 814 2294 860 est
2320 846 2335 871 ,
2363 804 2492 875 quia
2537 819 2639 874 ego
2666 803 2843 858 bonus
2873 802 3041 858 sum?
3071 822 3089 853 ι
3134 800 3271 857 Volo
3313 809 3371 855 ut
3402 815 3541 856 com-

1951 898 2131 969 qualis
2146 906 2199 951 et
2214 894 2622 966 concorporalis
2634 894 2727 949 tibi
2747 896 2839 949 liat
2849 894 3083 965 populus
3099 894 3337 964 gentilis.
3350 891 3542 948 Nonne

1955 1001 2198 1063 potestas
2220 1002 2303 1047 est
2321 990 2523 1060 judicis
2554 990 2636 1044 vel
2654 989 2925 1059 justitiam
2966 986 3166 1055 facere,
3203 988 3289 1043 vel
3321 987 3541 1043 miseri-

1954 1085 2197 1140 cordiam
2215 1083 2301 1138 cui
2320 1083 2437 1138 vult
2464 1081 2801 1151 impendere.
2833 1080 2978 1135 Cave
3006 1094 3136 1150 ergo
3160 1094 3228 1134 ne
3253 1078 3545 1133 occasione

1956 1176 2215 1232 bonitatis
2273 1174 2459 1228 invido
2509 1173 2670 1228 oculo
2719 1172 3033 1243 proximum
3084 1170 3370 1240 respicias.
3412 1168 3545 1223 Mihi

1958 1276 2141 1323 autem
2168 1267 2270 1322 soli
2316 1264 2575 1320 invisibili
2609 1274 2663 1319 et
2716 1263 3007 1319 immortali
3062 1263 3385 1317 saeculorum
3415 1259 3547 1331 Regi

1961 1367 2173 1413 secreta
2203 1372 2321 1412 mea
2371 1357 2550 1411 honor
2589 1364 2644 1409 et
2679 1354 2848 1425 gloria
2883 1362 2939 1409 ct
2970 1353 3167 1408 saecula
3198 1350 3546 1407 saeculorum.

1966 1472 1985 1503 ι
2019 1452 2111 1507 Sic
2139 1459 2302 1506 erunt
2338 1449 2623 1505 novissimi
2652 1448 2853 1518 primi:
2880 1457 2934 1502 et
2970 1447 3130 1518 primi
3174 1444 3482 1500 novissimi.
3523 1464 3542 1496 ι

1964 1542 2075 1608 Sic,
2104 1541 2353 1597 videlicet
2395 1548 2456 1594 ut
2497 1549 2776 1595 ostensum
2806 1546 2910 1604 est,
2933 1537 3296 1608 azquabuntur
3322 1534 3554 1589 novissi-

1966 1635 2038 1689 mi
2068 1646 2124 1690 et
2156 1634 2339 1705 primi.
2371 1633 2523 1689 Sicut
2545 1634 2690 1688 enim
2724 1634 2777 1686 in
2814 1647 3017 1687 corona
3045 1646 3145 1685 nec
3191 1628 3405 1684 initium
3440 1638 3545 1692 est,

1966 1743 2067 1782 nec
2100 1728 2230 1781 linis
2256 1745 2269 1793 ;
2305 1728 2377 1782 ita
2408 1727 2549 1781 inter
2576 1734 2817 1789 sanctos,
2843 1734 3108 1795 quantum
3137 1723 3204 1777 ad
3238 1731 3472 1792 tempus,
3499 1722 3553 1774 iu

1897 1795 1938 1849 Β
1968 1821 2060 1875 illo
2088 1820 2288 1875 saeculo
2314 1834 2477 1874 nemo
2513 1818 2847 1873 novissimus
2874 1817 3093 1879 dicitur,
3122 1830 3284 1870 nemo
3320 1815 3551 1885 primus.

1974 1934 1991 1965 ι
2026 1912 2178 1968 Multi
2212 1913 2358 1967 enim
2400 1921 2528 1967 sunt
2548 1911 2747 1975 vocati,
2794 1911 2950 1981 pauci
3005 1924 3133 1964 vero
3167 1907 3346 1963 eiecti.
3379 1927 3399 1959 ι
3439 1905 3554 1961 Hoc

1969 2021 2080 2060 non
2109 2005 2176 2060 ad
2204 2006 2515 2075 superiores
2564 2012 2806 2069 sanctos,
2840 2002 2934 2057 sed
2992 2002 3057 2056 ad
3090 2008 3275 2071 gentes
3296 1998 3554 2085 pertinet,

1968 2097 2096 2168 quia
2124 2097 2308 2167 plures
2331 2096 2397 2151 ad
2424 2096 2582 2150 fidem
2614 2094 2861 2158 veniunt,
2891 2093 3073 2163 plures
3092 2086 3350 2147 Ecclesia:
3379 2106 3557 2161 parte-

1969 2197 2049 2243 tes
2074 2188 2318 2258 implent,
2350 2187 2441 2241 sed
2474 2186 2539 2241 ad
2567 2201 2794 2257 regnum
2821 2184 2980 2254 pauci
3019 2183 3411 2253 perducuntur.
3438 2180 3554 2234 Ali-

1969 2290 2084 2336 ter:
2116 2278 2370 2335 Nonnulli
2403 2296 2497 2350 per
2523 2280 2731 2350 primos
2776 2278 3089 2347 intelligunt
3117 2292 3224 2331 non
3249 2276 3427 2331 solum
3455 2275 3556 2328 bna

1968 2390 2089 2441 nos,
2122 2374 2216 2429 sed
2241 2381 2294 2427 ct
2320 2373 2587 2443 quosdam
2616 2372 2712 2442 qui
2763 2379 3046 2441 coeperunt
3075 2370 3127 2423 in
3154 2369 3334 2435 vinea,
3367 2376 3421 2421 et
3449 2381 3557 2421 non

1968 2473 2471 2537 persoveraverunt.
2508 2462 2572 2516 iii
2597 2480 2664 2517 ex
2696 2462 2898 2519 invidia
2944 2460 3372 2516 novissimorum
3407 2474 3559 2512 mur—

1968 2564 2224 2621 murant;
2256 2555 2403 2609 velut
2430 2553 2507 2607 illi
2534 2553 2627 2624 qui
2659 2553 2817 2607 initio
2855 2552 3131 2608 nascentis
3170 2549 3430 2605 Ecclesia:
3459 2564 3557 2601 vo-

1973 2645 2189 2701 catisex
2216 2644 2468 2716 gentibus
2499 2659 2557 2699 se
2582 2642 2963 2714 praeferebant.
2995 2641 3185 2712 Itaque
3210 2642 3278 2697 de
3307 2656 3561 2696 commu-

1968 2738 2111 2792 niter
2135 2736 2297 2791 dictis
2317 2735 2567 2806 quasdam
2611 2734 2924 2790 referuntur
2958 2733 3027 2789 ad
3056 2735 3253 2798 bonos,
3285 2742 3347 2788 ut
3378 2733 3510 2787 illud
3544 2752 3555 2787 :

1974 2849 1993 2881 ι
2032 2828 2169 2884 Volo
2196 2828 2293 2883 tibi
2336 2828 2478 2883 sicut
2504 2837 2559 2882 et
2588 2827 2718 2882 huic
2753 2827 3053 2883 novissimo
3074 2827 3221 2881 dare.
3262 2846 3281 2878 ι
3317 2827 3396 2882 Ad
3421 2826 3561 2881 alios

1968 2936 2098 2977 vero
2122 2920 2259 2977 falso
2284 2931 2536 2991 putantes
2560 2919 2846 2976 denarium
2869 2935 2928 2975 se
2946 2929 3288 2989 accepturos,-
3306 2926 3557 2990 quaedam

1966 3016 2259 3086 pertinent,
2292 3023 2351 3068 ut
2380 3014 2511 3068 illud
2539 3034 2551 3069 ς
2590 3013 2687 3069 (Ει
2727 3014 3056 3084 accipientes
3080 3013 3555 3068 murmurabanLn

1967 3106 2265 3163 Etdeinde:
2285 3124 2302 3158 ι
2314 3108 2395 3159 An
2411 3105 2603 3162 oculus
2620 3115 2748 3161 tuus
2764 3121 2997 3175 nequam
3010 3114 3113 3172 est,
3128 3106 3255 3176 quia
3272 3120 3373 3175 ego
3383 3106 3563 3160 bonus

1970 3217 2091 3257 sum
2104 3198 2393 3267 ?——Erunt,
2409 3200 2606 3270 inquit,
2625 3199 2906 3254 novissimi
2922 3199 3104 3271 primi,
3120 3209 3174 3253 et
3195 3199 3357 3269 primi
3384 3198 3564 3254 novis-

1970 3292 2093 3348 simi
2120 3312 2133 3348 :
2167 3313 2186 3346 ι
2214 3291 2542 3363 (ιυοιυυάιιξί
2567 3292 2633 3347 de
2656 3292 2831 3362 capite
2854 3301 3135 3347 vertantur
3161 3292 3215 3348 in
3239 3292 3492 3359 caudam,
3509 3303 3565 3347 ct

1972 3403 2071 3442 nos
2091 3386 2156 3441 de
2166 3387 2340 3442 cauda
2353 3395 2630 3441 mutemur
2651 3385 2705 3439 in
2725 3395 2906 3454 caput.
2940 3384 3090 3440 Unde
3108 3384 3322 3457 Moyses
3346 3386 3398 3439 in
3422 3384 3564 3440 Dcn~

1972 3479 2312 3535 teronomio:
2338 3477 2586 3533 «Advena
2605 3478 2698 3548 qui
2722 3486 2898 3533 tecum
2925 3488 3171 3533 moratur
3191 3482 3449 3534 ascendet
3472 3495 3563 3533 su-

1973 3585 2069 3639 per
2094 3579 2175 3635 te;
2204 3569 2292 3623 ille
2315 3569 2412 3623 erit
2441 3569 2495 3623 in
2524 3558 2708 3639 caput,
2734 3579 2786 3623 ct
2818 3579 2871 3622 tu
2898 3569 3007 3624 eris
3037 3569 3091 3623 in
3118 3569 3348 3624 caudam
3378 3568 3559 3641 (Deut.

1975 3662 2187 3728 xxviii).
2202 3678 2220 3710 ι
2238 3658 2392 3725 Quod
2413 3668 2591 3714 tamen
2613 3660 2763 3714 multi
2785 3668 2894 3715 tam
2916 3661 3200 3716 novissimi
3220 3677 3383 3730 quam
3403 3662 3565 3731 primi

1974 3753 2331 3822 reprobentur
2349 3751 2573 3806 terribili
2597 3753 2863 3807 sententia
2884 3754 3133 3808 subditur
3156 3773 3168 3807 :
3200 3774 3219 3806 ι
3240 3753 3289 3807 Μ
3299 3756 3393 3808 ulti
3417 3756 3564 3809 enim

1976 3851 2101 3896 sunt
2120 3843 2294 3897 vocati
2322 3862 2339 3893 ι
2360 3841 2425 3895 ad
2452 3843 2661 3908 ﬁdem,c
2686 3844 2841 3912 pauci
2865 3859 2994 3897 vero
3010 3844 3163 3899 eiecti
3186 3865 3204 3896 ι
3227 3846 3293 3900 ad
3313 3861 3562 3917 regnum.

2298 3930 2531 3985 SERMO
2567 3931 2629 3984 LV
2675 3932 3227 3988 SEPTUAGESIMA.

2055 4051 2071 4074 ι
2122 4022 2375 4093 Lapidem
2418 4023 2669 4092 caliginis
2715 4032 2770 4077 et
2816 4025 3067 4078 umbram
3116 4026 3311 4080 mortis
3362 4026 3568 4082 dividet

1980 4124 2193 4170 torrens
2223 4130 2253 4169 a
2290 4114 2490 4184 populo
2510 4115 2887 4185 peregrinante
2935 4115 3055 4188 (Job
3094 4117 3309 4187 xxviii).
3350 4137 3369 4169 ›
3402 4117 3568 4188 Lapis

1978 4215 2056 4260 est
2084 4205 2284 4260 duritia
2309 4204 2647 4271 Iudaeorum,
2673 4206 2851 4276 caligo
2874 4205 3163 4261 inlideiitas
3184 4222 3394 4263 eorum.
3418 4206 3568 4263 Mors

1979 4308 2061 4352 cst
2082 4297 2353 4363 diabolus,
2373 4296 2566 4351 umbra
2589 4297 2707 4365 ejus
2725 4298 2940 4367 gentilis
2966 4298 3222 4369 populus.
3244 4297 3399 4353 Sicut
3417 4299 3566 4354 enim

1983 4389 2175 4443 umbra
2206 4380 2423 4457 Corpori
2450 4388 2845 4455 conformatur,
2879 4389 2951 4443 ita
2976 4390 3092 4459 ipse
3139 4389 3415 4444 diabolum
3443 4389 3567 4444 imis

1981 4481 2145 4535 tando
2172 4482 2221 4536 ei
2254 4480 2649 4536 consimilatnr.
2708 4479 2947 4550 Populus
2978 4483 3332 4554 peregrinans
3376 4492 3461 4538 est
3503 4485 3568 4537 ii-

1976 4571 2113 4626 delis
2141 4572 2374 4641 populus
2404 4571 2457 4626 in
2488 4572 2651 4641 hujus
2692 4571 2812 4626 vitae
2840 4572 3035 4628 exsilio
3075 4572 3379 4643 suspirans.
3429 4572 3570 4629 Tura

1980 4680 2106 4718 rens
2129 4672 2211 4718 est
2244 4663 2435 4735 igneus
2461 4662 2659 4718 fluvius
2682 4666 2773 4734 qui
2804 4679 2835 4718 a
2868 4664 3005 4719 facie
3025 4663 3241 4719 Domini
3261 4664 3565 4735 egreditur,

1981 4771 2076 4824 per
2104 4770 2267 4825 quem
2321 4754 2494 4810 fidelis
2520 4756 2755 4825 populus
2791 4756 2859 4810 ab
2897 4755 3098 4811 infideli
3149 4756 3203 4810 in
3242 4756 3452 4813 ultimis
3478 4773 3571 4812 see

1980 4846 2242 4899 cernitur.
2269 4843 2529 4914 Lapidem
2552 4861 2682 4915 ergo
2715 4846 2983 4916 caliginis,
3010 4856 3063 4901 ct
3089 4847 3340 4902 umbram
3373 4850 3575 4905 mortis

1983 4946 2197 4991 torrens
2243 4952 2274 4990 a
2305 4936 2506 5006 popqu
2548 4937 2930 5007 peregrinante
2974 4938 3201 5006 dividet,
3250 4953 3375 4995 cum
3425 4941 3574 5011 ignis

1981 5027 2208 5083 extremi
2230 5028 2421 5097 judicii
2457 5026 2675 5083 Judmos
2704 5029 2756 5083 in
2790 5030 3015 5098 perfidia
3044 5032 3235 5097 duros,
3258 5042 3313 5088 et
3343 5034 3577 5105 gentiles

1985 5120 2037 5173 in
2082 5118 2289 5174 malitia
2329 5119 2548 5174 diabolo
2584 5119 2916 5188 conformes,
2951 5138 2980 5177 a
3020 5123 3340 5181 Christiano
3367 5131 3569 5197 populo

1986 5220 2044 5265 ut
2074 5210 2283 5267 zizania
2313 5226 2344 5266 a
2374 5211 2557 5267 tritico
2589 5213 2850 5279 secludet,
2874 5224 2927 5269 et
2950 5218 3170 5272 camino
3199 5218 3451 5274 infernaii
3481 5220 3569 5273 in-

1984 5302 2230 5367 xolvens,
2277 5302 2389 5373 igni
2439 5302 2868 5374 inexstinguibili
2914 5318 3126 5375 exuret,
3157 5318 3211 5365 et
3239 5308 3415 5380 patria
3466 5324 3533 5379 pa
3554 5339 3579 5353 ς·

1987 5392 2151 5448 radisi
2175 5393 2434 5464 pepulum
2463 5410 2572 5451 non
2614 5398 2855 5453 exsulem
2886 5399 2939 5454 in
2988 5410 3191 5456 aeterna
3216 5402 3573 5458 tabernacula

1987 5487 2229 5557 recipiet.
2255 5487 2637 5559 Peregrinator
2675 5501 2856 5546 autent
2909 5493 3073 5562 hujus
3111 5495 3232 5548 vita:
3260 5491 3433 5548 fidelis
3464 5508 3570 5563 po~

1989 5578 2098 5648 puli
2137 5578 2571 5649 praesignebatur
2614 5582 2668 5636 in
2713 5582 2914 5653 populo
2956 5582 3204 5648 Judaico,
3257 5599 3397 5654 quos
3426 5583 3576 5639 dum

1989 5670 2212 5724 servitio
2255 5669 2420 5740 longo
2467 5680 2707 5743 tempore
2752 5682 3099 5743 oppresserat
3143 5673 3371 5727 l’harao.
3422 5670 3573 5732 Olim

1993 5776 2229 5834 namque
2273 5760 2531 5818 Hebraeus
2583 5764 2814 5837 populus
2837 5764 3117 5821 descendit
3162 5764 3214 5820 in
3247 5763 3574 5841 Egyptum,
