3964 6496
490 332 593 389 8ιῖ

1602 322 1926 381 WERNERI
1966 322 2260 380 ABBATIS
2303 323 2361 380 S.
2401 320 2622 379 BLASH
2828 332 2836 338 '
3028 356 3033 361 ~
3604 337 3691 397 διε

488 453 619 507 dum
650 464 775 505 eum
823 448 995 502 fames
1034 444 1242 508 atllixit,
1297 440 1391 499 sed
1439 456 1565 496 eum
1622 439 1839 497 Pharao
1865 440 2073 497 crudeli
2102 445 2146 501 Α
2179 437 2359 496 Finito
2389 448 2572 496 autem
2601 437 2792 494 mundi
2828 438 3081 504 termino,
3130 454 3255 495 cum
3283 456 3465 501 uxores
3489 457 3536 504 et
3557 451 3690 522 ﬁlios,

491 542 740 599 servituti
776 540 1002 595 addixit.
1033 537 1290 602 Quicum
1338 534 1403 588 ad
1443 533 1730 588 Dominum
1772 534 2074 589 clamarent

488 633 713 705 Moysen
740 632 821 685 eis
851 629 1016 694 misit,
1065 626 1156 697 qui
1189 624 1375 679 multis
1404 624 1576 696 plagis
1612 633 1667 679 ct
1704 624 1876 694 signis
1907 624 2074 697 Αῖεγ-

488 736 644 796 ptum
683 721 969 794 percussit,
1001 718 1260 788 populum
1288 716 1380 770 Dei
1426 732 1521 786 per
1561 731 1710 771 mare
1732 715 1979 770 Rubrum
2018 716 2074 769 in

491 827 688 871 terram
718 813 973 867 liuentem
997 810 1081 863 lac
1109 818 1164 863 et
1200 807 1306 862 mel
1338 808 1610 877 perduxit.
1641 807 1748 862 Per
1774 806 2072 879 Egyptum

487 907 580 962 hic
608 904 846 960 mundus
875 901 1235 973 significatur,
1265 900 1318 953 in
1355 914 1466 969 quo
1501 914 1673 969 genus
1713 900 2015 953 humanum
2042 914 2073 953 a
2142 944 2148 953 .

487 996 725 1069 paradisi
748 995 923 1066 patria
949 993 1342 1064 peregrinatur,
1383 1000 1438 1045 et
1467 1006 1496 1045 a
1547 991 1766 1046 diabolo
1794 991 1943 1061 gravi
1976 1006 2075 1060 0p-

485 1090 769 1160 prcssione
807 1086 1150 1157 subjugatur.
1183 1084 1286 1139 Cui
1325 1084 1392 1138 ad
1426 1082 1594 1137 Deum
1643 1098 1739 1153 per
1762 1083 1942 1153 justos
1974 1099 2074 1138 vo-

487 1178 759 1244 ciferanti,
801 1178 1056 1232 Christus
1122 1174 1191 1230 ad
1259 1175 1601 1230 liberandum
1669 1175 1921 1242 mittitur,
1980 1190 2076 1244 per

486 1288 650 1343 quem
684 1270 924 1325 mundus
954 1267 1141 1323 multis
1169 1266 1446 1322 miraculis
1475 1267 1808 1333 concutitur,
1838 1268 2073 1338 populus

488 1378 586 1433 per
607 1378 759 1416 mare
778 1361 1049 1427 Rubrum,
1070 1360 1121 1414 id
1145 1367 1230 1415 est
1258 1374 1352 1428 per
1380 1358 1734 1427 baptismum,
1752 1359 1817 1412 ad
1844 1360 2072 1428 patriam

489 1455 731 1525 paradisi
780 1454 1077 1518 reducitur,
1136 1451 1229 1505 ubi
1276 1451 1381 1504 mel
1410 1459 1463 1506 et
1512 1449 1595 1505 lac
1622 1451 1883 1515 exundat,
1916 1450 2077 1505 idest

492 1546 766 1601 afﬂuentia
794 1544 1040 1598 onmium
1080 1544 1350 1597 bonorum
1375 1541 1658 1596 exuberat.

562 1639 688 1694 lbec
716 1637 1082 1708 peregrinatio
1111 1635 1468 1689 nihilominus
1498 1649 1593 1703 per
1625 1633 1876 1689 eumdem
1904 1649 2076 1704 popu-

488 1732 601 1786 lum
630 1728 1099 1800 prtcligurabatur,
1133 1727 1263 1780 dum
1294 1727 1347 1780 in
1388 1726 1713 1797 Babylonica
1760 1727 2074 1796 captivitate

2175 531 2231 586 id
2258 540 2344 587 est
2359 546 2587 602 corpora
2619 539 2671 587 et
2691 546 2853 602 opera
2878 531 3165 603 recipiunt,
3192 541 3319 590 tunc
3333 551 3503 595 verum
3518 543 3695 606 alleluia

2170 622 2516 691 jubilabunt,
2577 623 2706 694 quia
2761 637 2886 678 cum
2947 639 3178 694 corpore
3241 636 3295 682 et
3355 630 3520 689 anima
3565 637 3699 696 simul

2176 714 2488 781 perenniter
2515 713 2567 767 in
2595 713 2768 784 gloria
2791 714 3162 770 exsultabant.

2859 821 3078 861 DIVISIO.

2248 893 2386 961 Quia
2434 896 2611 963 hodie,
2663 897 3003 964 eharissimi,
3053 902 3326 956 canticum
3358 902 3539 962 ltetitite
3569 911 3699 984 depo-

2177 986 2412 1051 suimus,
2439 997 2492 1041 et
2519 988 2795 1043 canticum
2830 990 3062 1046 tristitia:
3084 993 3437 1063 sumpsimus,
3456 1000 3564 1055 volo
3577 1006 3698 1063 vobis

2176 1076 2243 1131 de
2268 1077 2423 1132 libris
2454 1080 2737 1149 gentilium
2766 1081 3007 1137 breviter
3058 1083 3290 1139 recitare
3333 1089 3545 1157 qualiter
3567 1097 3701 1152 melo.

2175 1170 2320 1225 diam
2374 1172 2795 1229 delectationum
2824 1175 3013 1230 mundi
3064 1177 3310 1234 debeatis
3362 1180 3619 1253 declinare,
3656 1201 3702 1245 ut

2176 1261 2401 1331 possitis
2445 1265 2598 1333 prius
2640 1281 2765 1320 cum
2812 1266 3023 1338 angelis
3061 1268 3277 1324 dulcem
3332 1270 3638 1333 harmoniam
3661 1283 3704 1337 in

2178 1354 2334 1409 cmlis
2388 1369 2668 1411 resonare.
2724 1356 3009 1413 Gemmam
3065 1375 3307 1430 namque
3353 1362 3407 1416 in
3460 1380 3598 1421 ςαξηο
3639 1371 3705 1425 in-

2176 1457 2392 1502 ventam
2417 1449 2577 1504 debet
2613 1450 2840 1519 quilibet
2870 1451 2938 1506 de
2965 1452 3081 1507 luto
3132 1454 3344 1522 tollere,
3376 1465 3427 1510 ct
3455 1456 3504 1510 in
3537 1462 3707 1532 regium

2176 1548 2560 1594 ornamentum
2588 1556 2809 1610 ponere.
2849 1540 2924 1596 Ita
2947 1550 3001 1597 et
3021 1542 3177 1599 decet
3197 1586 3213 1611 ,
3252 1544 3298 1600 si
3354 1560 3385 1600 a
3413 1547 3556 1603 nobis
3582 1554 3709 1620 quid-

2176 1643 2342 1699 quam
2369 1631 2500 1685 utile
2529 1631 2583 1686 in
2618 1631 2772 1687 libris
2799 1633 3081 1703 gentilium
3125 1636 3453 1706 reperiatur,
3480 1642 3539 1695 ad
3572 1643 3710 1699 tedili-

2179 1721 2448 1775 cationem
2476 1721 2734 1778 Ecclesia:
2781 1723 2983 1780 Christi
3014 1741 3231 1795 sponsas
3269 1737 3523 1785 vertatur.
3553 1730 3708 1789 Saeculi

485 1839 584 1893 per
610 1837 712 1887 ωςχ
749 1835 924 1874 annos
952 1817 1290 1872 morabatur,
1335 1815 1842 1871 Nabuchodonosor
1870 1818 2071 1873 etenim
2104 1801 2148 1855 Β
2178 1811 2452 1880 sapientes
2479 1813 2725 1867 scribunt
2746 1822 2857 1869 tres
2878 1812 3097 1871 Sirenes
3121 1816 3176 1871 in
3201 1818 3385 1873 insula
3409 1822 3560 1876 maris
3579 1823 3715 1881 luisse

487 1930 583 1969 rex
612 1911 944 1984 Babyloniae,
988 1909 1324 1965 Hierusalem
1354 1909 1632 1975 obsidens,
1662 1909 1952 1976 tlestruxit,
1977 1926 2075 1980 po-

483 2003 676 2074 pulum
729 2004 783 2056 in
835 2000 1189 2072 Babyloniam
1233 1999 1508 2070 captivum
1542 1999 1719 2065 duxit,
1742 2000 1835 2070 qui
1863 2000 1935 2055 ibi
1967 2017 2073 2055 Lxx

489 2095 649 2150 annis
697 2096 751 2148 in
795 2093 1020 2149 tristitia
1047 2092 1351 2157 habitabat,
1401 2092 1677 2146 canticum
1733 2092 1929 2147 lwtitite
1962 2107 2073 2146 non

487 2185 801 2251 resonabat,
823 2200 1027 2255 organa
1057 2185 1122 2238 ad
1148 2184 1345 2238 salices
1367 2183 1670 2252 suspendit,
1693 2182 1847 2252 juxta
1879 2185 2075 2239 sedens

486 2279 653 2334 ﬂevit.
687 2277 880 2332 Finitis
910 2293 1014 2330 Lxx
1046 2276 1227 2342 annis,
1253 2275 1318 2329 ad
1348 2274 1685 2330 Hierusalem
1718 2286 1944 2342 remeat,
1971 2277 2075 2331 Pa-

488 2376 620 2427 scha
670 2386 795 2426 cum
844 2368 1041 2440 gaudio
1096 2368 1354 2431 celebrat,
1405 2377 1596 2437 postea
1629 2383 1753 2422 eum
1786 2384 1986 2423 uxoaes
2021 2378 2075 2423 et

486 2465 585 2519 lilii
619 2472 901 2528 venerunt,
925 2462 1122 2531 duplex
1157 2460 1416 2531 gaudium
1444 2461 1771 2515 habuerunt.
1803 2460 1929 2516 llzec
1953 2477 2074 2534 om-

487 2557 602 2621 nia,
660 2554 990 2620 charissimi,
1048 2552 1114 2608 ad
1148 2562 1472 2622 praesentem
1525 2551 1669 2605 diem
1723 2554 2070 2621 respiciunt:

488 2650 607 2702 lucc
633 2646 818 2701 omnia
864 2652 1051 2699 nostra
1090 2652 1334 2713 tempora
1362 2642 1849 2712 prmsiguaverunt.
1884 2641 2074 2698 Hieru-

484 2741 657 2796 salem
685 2746 767 2792 est
794 2736 1101 2807 paradisus,
1132 2732 1639 2788 Nabuchodonosor
1689 2741 1771 2788 est
1798 2733 2069 2799 diabolus,

490 2830 784 2903 Babylonia
799 2841 879 2884 est
905 2827 992 2881 hic
1015 2825 1271 2880 mundus.
1292 2822 1795 2879 Nabuchodonosor
1812 2825 2070 2895 populum

485 2921 542 2976 in
589 2918 941 2992 Babyloniam
985 2915 1261 2985 captivum
1303 2914 1480 2981 duxit,
1525 2923 1579 2969 et
1609 2915 1859 2970 diabolus
1899 2931 2071 2986 genus

484 3015 788 3069 humanum
823 3009 876 3062 in
902 3008 1050 3062 hunc
1092 3005 1355 3059 mundum
1395 3005 1629 3072 seduxit,
1658 3006 1751 3061 ubi
1783 3022 1985 3076 organa
2015 3007 2067 3063 in

482 3107 681 3164 salices
725 3101 1028 3173 suspendit,
1075 3107 1130 3155 et
1172 3099 1368 3155 sedens
1410 3099 1665 3169 lacrymis
1691 3098 1827 3153 fluit.
1864 3099 2069 3155 Salices

485 3196 645 3253 facile
673 3205 830 3249 terra:
874 3192 1204 3256 coalesceut,
1257 3188 1414 3243 facile
1474 3189 1658 3244 incisae
1707 3191 2064 3248 revirescunt.

488 3289 697 3344 Salices
747 3294 875 3341 sunt
913 3281 1103 3339 mundi
1147 3290 1421 3337 amatores
1471 3281 1563 3351 qui
1612 3282 1826 3337 radices
1860 3298 1991 3339 suas
2014 3284 2069 3339 in

484 3390 701 3437 terrena
775 3378 1077 3439 miserunt,
1135 3373 1337 3444 quibus
1409 3374 1725 3429 transitoria
1788 3391 1887 3445 pro
1942 3387 2069 3434 voto

482 3472 734 3528 afﬂuunt.
764 3468 823 3523 In
870 3468 970 3522 has
1003 3465 1139 3535 justi
1187 3480 1392 3536 organa
1434 3465 1795 3535 suspendunt,
1829 3466 1957 3538 quia
1982 3468 2067 3524 his

483 3564 682 3637 gaudia
735 3561 923 3616 mundi
977 3558 1312 3627 relinquunt.
1361 3554 1568 3610 Deﬂent
1622 3556 1893 3623 sedentes,
1937 3559 2064 3629 quia

480 3655 721 3712 humiles
762 3666 952 3707 eorum
1004 3650 1281 3704 interitum
1331 3656 1457 3703 sunt
1497 3663 1618 3701 cum
1657 3663 1854 3719 magno
1879 3650 2067 3705 dolore

483 3753 780 3818 gementes.
810 3741 911 3796 Per
939 3755 1145 3809 organa
1171 3738 1334 3792 etiam
1372 3736 1613 3792 cmlestis
1653 3737 1901 3792 doctrina
1924 3738 2068 3793 acci-

481 3843 629 3912 pitur
662 3852 784 3908 qute
808 3838 860 3889 in
888 3832 1086 3889 salices
1133 3831 1504 3901 suspenditur,
1550 3831 1680 3884 dum
1708 3832 2065 3888 smcularibus

481 3931 731 3987 doctrina
764 3926 1026 3998 spiritalis
1056 3924 1417 3988 subtrahitur,
1468 3922 1593 3992 quia
1618 3923 1687 3978 ab
1721 3924 1801 3978 eis
1828 3934 2066 3978 contem-

470 4003 648 4079 nitur.
681 4019 781 4076 Per
813 4034 919 4074 LXX
942 4032 1118 4072 annos
1166 4016 1367 4087 quibus
1396 4016 1631 4086 populus
1685 4015 1739 4069 in
1765 4014 2063 4088 Babylonia

479 4111 835 4181 aﬂligcbatur,
865 4116 1073 4178 septem
1125 4106 1292 4162 millia
1340 4121 1611 4160 annorum
1662 4105 2059 4176 intelliguntur,

477 4206 678 4274 quibus
701 4218 874 4274 genus
902 4202 1202 4256 humanum
1257 4200 1310 4253 in
1357 4199 1459 4253 hau
1500 4199 1611 4253 vita
1657 4200 2057 4271 peregrinatur.

478 4296 633 4353 Sicut
678 4296 823 4350 enim
866 4303 1072 4363 septem
1135 4290 1326 4361 primis
1386 4291 1579 4345 diebus
1637 4298 1748 4345 tota
1811 4301 2060 4346 creatura

473 4389 808 4461 disponitur,
836 4386 908 4440 ita
933 4400 1028 4455 per
1053 4393 1260 4454 septem
1284 4383 1451 4436 millia
1489 4396 1761 4437 annorum
1790 4382 1879 4438 hic
1898 4398 2060 4438 mun-

2176 1910 2230 1956 et
2257 1902 2639 1958 suavissimam
2667 1906 2997 1960 cantilenam
3028 1907 3223 1963 divisis
3260 1911 3440 1966 modis
3474 1915 3712 1970 cecinisse.

2178 1991 2298 2048 Una
2329 1995 2531 2064 quippe
2579 2010 2732 2060 voce,
2785 1996 2950 2052 altera
2996 1998 3147 2065 tibia,
3182 2000 3348 2055 tertia
3381 2001 3491 2073 lyra
3509 2005 3715 2060 canebat.

2177 2085 2272 2142 Hie
2302 2088 2574 2143 habebant
2605 2086 2773 2144 facies
2799 2090 3113 2157 mulierum,
3144 2093 3263 2149 alas
3309 2103 3368 2149 et
3411 2111 3599 2167 ungues
3641 2114 3714 2151 vo—

2177 2178 2411 2234 lucrum.
2442 2176 2646 2235 Omnes
2701 2196 2867 2235 naves
2913 2192 3311 2251 praetereuntes
3342 2187 3592 2242 suavitate
3613 2203 3717 2242 eau-

2177 2281 2267 2327 tus
2293 2273 2578 2339 sistebant,
2611 2282 2809 2329 nautas
2850 2288 3045 2329 somno
3093 2291 3397 2347 oppressos
3440 2279 3717 2346 lacerabant,

2177 2380 2342 2419 naves
2370 2365 2487 2419 salo
2530 2365 2943 2437 immergebant.
2996 2367 3247 2438 Cumque
3272 2372 3498 2440 quidam
3535 2369 3717 2444 Ulysses

2175 2471 2399 2511 necesse
2450 2457 2671 2512 haberet
2726 2457 2800 2512 ibi
2850 2462 3334 2530 pnetcrnavigare,
3377 2462 3535 2531 jussit
3574 2479 3623 2517 se
3669 2465 3718 2517 al

2175 2550 2379 2604 malum
2415 2551 2569 2605 navis
2594 2549 2781 2621 ligare,
2831 2552 2997 2606 sociis
3040 2562 3223 2607 autem
3264 2570 3398 2609 cum
3442 2571 3558 2610 cera
3590 2572 3721 2611 aures

2175 2641 2466 2708 obdurare,
2506 2649 2561 2697 et
2583 2642 2664 2696 sic
2714 2641 3017 2710 periculum
3068 2643 3273 2700 illaesus
3327 2648 3517 2712 evasit,
3558 2657 3604 2702 et
3650 2664 3722 2703 eas

2173 2733 2428 2788 fluetibus
2457 2733 2773 2789 submersit.
2808 2731 2935 2790 Haec
2955 2743 3105 2799 sunt,
3138 2737 3479 2803 charissimi,
3511 2739 3719 2811 mystica,

2173 2824 2423 2894 quamvis
2477 2839 2574 2893 per
2636 2824 2890 2880 inimicos
2936 2825 3143 2882 Christi
3192 2830 3426 2900 scripta.
3468 2831 3563 2886 l‘er
3604 2848 3724 2885 usarc

2172 2916 2316 2972 istud
2346 2917 2605 2971 saeculum
2659 2918 2997 2988 intelligitur,
3028 2920 3174 2991 quod
3209 2925 3495 2978 continuis
3538 2924 3726 2977 tribula-

2172 3010 2377 3065 tionum
2395 3009 2648 3078 procellis
2673 3010 2925 3064 volvitur.
2947 3009 3129 3067 Insula
3160 3022 3243 3069 est
3263 3016 3462 3070 mundi
3486 3016 3726 3085 gaudium.

2095 3139 2137 3196 Ο
2171 3103 2315 3175 quod
2378 3102 2586 3157 crebris
2640 3102 2923 3158 doloribus
2987 3104 3362 3176 intercipitur,
3428 3109 3556 3163 sicut
3600 3109 3728 3163 littus

2175 3193 2382 3250 crebris
2429 3193 2592 3248 undis
2623 3194 2922 3264 impetitur.
2978 3194 3113 3252 Tres
3159 3197 3417 3268 Sirenes,
3446 3217 3556 3271 quia
3598 3201 3731 3255 suavi

2172 3290 2334 3335 cantu
2369 3280 2688 3351 navigantes
2717 3281 3080 3337 demulccndo
3137 3284 3192 3338 in
3229 3300 3495 3341 smmum
3528 3296 3729 3351 vertunt,

2172 3382 2302 3429 sunt
2356 3383 2467 3428 tres
2537 3373 2927 3430 delectationes
2984 3392 3108 3446 quae
3153 3378 3325 3433 corda
3381 3381 3647 3435 hominum
3677 3380 3733 3435 ad

2171 3467 2303 3520 vitia
2333 3466 2608 3531 molliunt,
2641 3474 2696 3520 ct
2726 3466 2781 3520 in
2814 3482 3067 3523 somnum
3112 3472 3306 3526 mortis
3357 3474 3579 3528 ducunt.
3623 3472 3734 3539 Qua

2171 3556 2410 3610 humana
2441 3571 2574 3610 voce
2603 3564 2809 3624 cantat,
2846 3565 2931 3612 est
2957 3560 3209 3626 avaritia,
3243 3577 3375 3631 quae
3413 3564 3529 3618 suis
3561 3565 3739 3619 audito-

2169 3648 2322 3703 ribus
2344 3648 2724 3718 bujuscemodi
2754 3650 3070 3705 modulatur
3096 3654 3346 3709 carmina
3371 3673 3385 3708 :
3415 3654 3579 3711 Multa
3597 3672 3735 3725 opor-

2168 3752 2244 3796 tet
2296 3751 2349 3797 te
2413 3757 2778 3814 congregare,
2816 3753 2874 3798 ut
2930 3745 3211 3815 possimus
3256 3746 3472 3804 famam
3531 3749 3742 3805 nominis

2172 3835 2252 3891 tui
2301 3835 2505 3906 ubique
2532 3835 2781 3903 dilatare,
2827 3837 3178 3907 sepulchrum
3208 3856 3442 3913 quoque
3472 3841 3673 3898 Domini
3697 3853 3741 3897 et

2167 3927 2273 3981 alia
2322 3927 2439 3982 loca
2494 3926 2748 3995 lustrare,
2797 3928 3060 3984 ecclesias
3103 3941 3452 4001 restaurare,
3506 3950 3745 4006 pauperes

2166 4020 2618 4091 consanguineos
2651 4030 2776 4077 tuos
2830 4021 3111 4092 adjuvare.
3156 4024 3275 4080 Tali
3300 4027 3573 4096 pestifero
3601 4036 3742 4083 cantu

2167 4122 2263 4163 cor
2313 4107 2461 4161 avari
2505 4106 2780 4163 demulcet
2833 4124 3008 4179 usque
3034 4109 3166 4164 dum
3217 4129 3349 4167 eum
3384 4129 3560 4184 sopor
3583 4115 3749 4183 Oppri-

2166 4207 2295 4267 met,
2327 4207 2382 4254 et
2434 4207 2567 4255 tunc
2621 4214 2843 4254 carnem
2884 4199 3005 4270 ejus
3047 4200 3296 4267 lacerat;
3337 4206 3532 4260 navim
3572 4205 3750 4262 ﬂuctus

2162 4291 2408 4369 devorat,
2441 4291 2571 4359 quia
2600 4290 2692 4346 hic
2715 4292 2884 4346 miser
2911 4293 3180 4349 violenter
3216 4294 3521 4354 doloribus
3549 4313 3580 4352 a
3623 4297 3754 4352 vitiis

2164 4383 2279 4438 suis
2316 4382 2588 4447 avellitur,
2620 4392 2672 4439 et
2711 4393 2928 4440 aeterna:
2958 4385 3192 4443 ﬂammae
3222 4389 3607 4463 immergitur.
3637 4391 3753 4458 Quze

474 4482 581 4537 dus
607 4478 824 4536 extendi
855 4478 1114 4533 creditur.
1146 4474 1313 4546 Igitur
1340 4474 1385 4527 si
1415 4483 1620 4543 septem
1668 4473 1839 4527 millia
1876 4488 2053 4528 anno-
2087 4479 2132 4535 ι)
2160 4477 2309 4531 canit
2334 4475 2488 4542 tibia,
2516 4486 2599 4531 est
2625 4476 2908 4546 jactantia.
2942 4493 3065 4548 quae
3094 4480 3212 4535 suis
3242 4481 3361 4537 haec
3398 4482 3621 4553 profert
3642 4500 3761 4540 caus

472 4591 598 4631 rum
629 4574 682 4628 in
716 4571 1026 4643 septuagies
1070 4577 1329 4624 centenos
1357 4580 1532 4621 annos
1571 4566 1841 4629 diviseris,
1868 4575 1921 4620 et
1956 4581 2058 4621 an—

472 4681 609 4725 num
641 4667 708 4723 de
735 4673 953 4720 centum
993 4663 1153 4716 amrs
1189 4659 1347 4729 quasi
1387 4659 1655 4713 decimam
1690 4656 1929 4724 dederis,
1951 4671 2058 4710 Lxx

473 4773 650 4814 annos
676 4756 925 4812 habebis.
952 4753 1124 4809 Porro
1149 4753 1195 4807 si
1226 4752 1293 4807 de
1336 4750 1677 4821 septuaginta
1724 4752 1885 4805 annis
1911 4749 2057 4805 diem

472 4868 574 4921 pro
599 4850 744 4906 anno
768 4848 1091 4915 decimabis,
1140 4862 1248 4901 ιλιι
1289 4844 1406 4900 dies
1432 4843 1798 4914 computabis.
1841 4840 1908 4895 Hi
1929 4850 2059 4897 sunt

472 4945 565 4999 isti
600 4944 716 4998 dies
745 4943 945 5013 quibus
970 4939 1208 4997 Ecclesia
1245 4939 1349 4993 alia
1377 4953 1487 4992 non
1526 4945 1769 5001 resonat,
1794 4939 1921 5005 quia
1951 4950 2056 4989 ι.κὲ

471 5051 649 5091 annos
674 5038 1001 5104 captivitatis
1019 5033 1085 5088 ad
1111 5031 1430 5086 memoriam
1456 5037 1694 5094 revocat,
1734 5028 1828 5097 qui
1851 5037 2054 5096 septem

471 5130 642 5186 millia
673 5143 939 5182 annorum
979 5137 1177 5180 nostra:
1217 5123 1672 5194 peregrinationis
1702 5121 2050 5190 praesignant.

468 5221 596 5276 Ideo
618 5219 781 5275 etiam
811 5233 955 5272 nunc
983 5218 1120 5271 liber
1151 5216 1383 5271 Genesis
1412 5216 1626 5289 legitur,
1652 5214 1704 5266 in
1731 5227 1839 5283 quo
1868 5212 2054 5281 lapsus

470 5312 713 5367 hominis
745 5311 812 5365 de
848 5308 1101 5379 paradiso
1132 5308 1185 5361 in
1225 5307 1372 5360 hunc
1412 5306 1674 5360 mundum
1702 5304 2048 5360 describitur.

468 5402 615 5457 Istud
642 5410 856 5470 tempus
887 5399 1090 5453 dicitur
1111 5396 1541 5468 Septuagesima,
1568 5397 1696 5467 quia
1734 5396 1804 5451 ab
1835 5395 2053 5449 hodier-

470 5511 539 5548 na
577 5496 664 5549 die
698 5508 871 5561 usque
907 5492 961 5545 in
1017 5492 1316 5545 secundum
1341 5489 1563 5545 Pascha:
1593 5488 1892 5544 Sabbatum
1924 5496 2052 5543 sunt

468 5588 583 5641 dies
608 5602 734 5650 Lxx,
778 5584 998 5655 quando
1041 5584 1151 5638 duo
1197 5592 1491 5638 cantantur
1522 5582 1759 5637 alleluia.
1807 5580 2050 5651 Populus

467 5677 532 5727 ad
575 5675 908 5729 Hierusalem
946 5690 1200 5730 reversus
1245 5690 1369 5728 cum
1404 5673 1604 5744 gaudio
1630 5672 1888 5736 exsultat,
1917 5672 2048 5741 quia

469 5764 706 5819 hhelium
738 5766 935 5819 anima:
978 5780 1125 5820 nunc
1168 5764 1426 5835 gaudium
1480 5762 1699 5818 Domini
1742 5762 2044 5820 intrabunt.

2165 4567 2270 4622 tica
2308 4584 2320 4618 :
2353 4566 2578 4622 Iuvenis
2623 4582 2683 4623 es
2735 4579 2789 4622 et
2827 4568 3047 4631 nobilis,
3078 4570 3246 4627 debes
3303 4581 3361 4627 te
3439 4575 3757 4644 puellarum

2162 4658 2424 4714 exhibere
2473 4659 2769 4713 universis.
2810 4657 2956 4715 Nulli
2995 4660 3351 4719 inimicorum
3403 4675 3647 4722 tuomm
3679 4666 3761 4721 de-

2160 4751 2258 4805 bes
2287 4765 2533 4820 parcere,
2578 4751 2671 4805 sed
2712 4767 2905 4807 omnes
2949 4753 3151 4823 quibus
3183 4759 3499 4825 praevalere
3530 4761 3764 4830 potueris

2160 4843 2431 4908 occidere,
2487 4850 2618 4896 tunc
2678 4842 2869 4897 dicunt
2924 4852 2977 4899 te
3044 4845 3247 4901 bonum
3303 4864 3441 4905 esse
3520 4852 3765 4905 militem.

2158 4933 2263 4986 Alii
2305 4933 2451 4987 cauit
2505 4933 2653 4988 haec:
2685 4931 3026 4990 Hierusalem
3064 4937 3233 4993 debes
3268 4955 3544 5011 pergere,
3578 4942 3785 5013 multas

2157 5027 2535 5098 eleemosynas
2563 5027 2824 5093 tribuere,
2857 5036 2987 5084 ttmc
3017 5029 3114 5084 fies
3144 5029 3423 5102 fantOsus,
3455 5045 3517 5090 et
3548 5036 3624 5090 ab
3656 5048 3769 5088 om-

2159 5117 2322 5171 nibus
2347 5118 2548 5172 diecris
2578 5118 2775 5173 bonus.
2807 5118 3102 5176 Conversis
3130 5129 3314 5177 autem
3352 5126 3635 5180 concinit
3667 5126 3773 5179 sic:

2159 5210 2311 5279 Saepe
2336 5211 2502 5265 debes
2517 5210 2789 5280 jejunare,
2821 5228 2962 5281 saepe
2988 5216 3167 5281 orare,
3195 5216 3305 5270 alia
3335 5231 3492 5272 voce
3522 5227 3775 5281 cantare,

2155 5312 2285 5358 tunc
2315 5303 2504 5358 audies
2548 5312 2600 5357 te
2642 5320 2833 5359 omnes
2861 5319 3105 5361 consono
3138 5322 3233 5363 ore
3265 5319 3323 5363 ut
3351 5324 3648 5366 sanctum
3678 5312 3781 5364 lau-

2154 5396 2304 5450 dare.
2343 5394 2527 5450 Talem
2559 5397 2889 5451 cantilenam
2918 5414 3060 5452 vano
3107 5401 3260 5454 cordi
3292 5401 3569 5471 insonat,
3605 5418 3780 5473 usque

2153 5489 2282 5543 dum
2324 5488 2585 5543 miserum
2619 5504 2650 5543 a
2678 5489 2824 5543 bono
2848 5505 3076 5544 vacuum
3127 5507 3328 5563 vorago
3358 5497 3601 5550 mortis
3621 5498 3783 5550 devo-

2152 5589 2258 5635 rat.
2284 5579 2418 5647 Qua:
2445 5581 2617 5637 melos
2644 5583 2897 5652 exprimit
2921 5583 3057 5654 lyra,
3089 5594 3170 5639 est
3199 5586 3453 5652 luxuria,
3496 5606 3641 5655 qua:
3672 5587 3785 5641 suis

2152 5673 2481 5744 sequacibus
2511 5676 2637 5730 talia
2676 5676 2919 5746 prtecinit
2950 5676 3319 5732 modulamina
3353 5697 3367 5731 :
3409 5681 3790 5737 Adolescens

2151 5780 2232 5836 es,
2262 5765 2467 5836 poteris
2492 5782 2616 5823 cum
2636 5767 2969 5838 quibuslibet
2994 5768 3190 5824 Duellis
3220 5768 3447 5836 ludere,
3487 5783 3709 5841 postea
3735 5771 3790 5824 in
