3964 6434
269 465 362 522 849

1206 470 1781 533 DEFLORATZONES
1822 476 1922 533 SS.
1966 478 2275 536 PATRUM.
2302 512 2370 521 -—
2412 480 2538 538 LIB.
2578 483 2615 539 l.

3442 493 3551 549 8530

273 593 555 640 senectute
621 587 919 657 corrigere.
967 586 1093 645 Haec
1139 589 1336 661 insigni
1391 591 1565 647 forma
1595 595 1860 663 splendet,
1891 601 1938 654 Α
1967 596 2114 652 denti
2132 614 2363 654 numero
2379 602 2605 656 dictum.
2624 600 2756 668 Quae
2780 611 2958 658 autem
2978 602 3206 660 intentio
3233 606 3547 665 addentium

276 674 381 729 hth
408 678 638 747 magnis
668 681 864 750 Opibus
892 682 1056 753 pollet
1090 701 1104 750 ;
1145 684 1285 740 hanc
1322 687 1369 741 si
1408 688 1686 755 habueris,
1713 705 1864 760 mag-

281 783 401 821 num
441 771 757 838 proficuum
796 778 1171 845 consequeris,
1221 785 1402 832 tamen
1436 780 1675 836 animam
1714 790 1863 837 tuam

284 861 409 915 bene
438 861 663 918 salvarc
697 865 920 934 poteris.
952 865 1068 921 Tali
1090 869 1251 922 modo
1283 872 1554 939 permollit
1581 888 1677 928 eor
1705 875 1864 928 luxu-

292 950 438 1016 riosi,
464 966 646 1022 usque
672 954 802 1009 dum
837 965 1055 1025 repente
1099 967 1274 1013 morte
1317 970 1631 1029 perventum
1680 964 1865 1019 absor-

286 1043 365 1097 bet
397 1043 562 1097 turbo
589 1045 799 1117 Cocyti.
849 1046 1039 1104 Facies
1092 1048 1363 1105 habebant
1393 1054 1703 1122 mulierum,
1734 1058 1861 1126 quia

285 1133 351 1188 nil
380 1135 451 1189 ita
482 1145 721 1191 mentem
767 1139 1007 1197 hominis
1060 1143 1196 1197 adeo
1224 1144 1457 1211 alienat,
1506 1163 1670 1218 quam
1707 1166 1863 1205 amor

286 1226 592 1284 mulierum.
628 1228 759 1287 Alas
805 1232 1080 1289 habebant
1130 1237 1439 1305 volucrum,
1491 1240 1617 1309 quia
1648 1257 1862 1313 semper

284 1326 358 1371 est
421 1317 678 1375 instabile
725 1322 1056 1380 desiderium
1089 1327 1513 1385 mundanorum.
1544 1330 1678 1388 Nam
1716 1350 1861 1391 nunc

286 1408 400 1475 hoc,
437 1409 520 1462 vel
555 1411 660 1465 hoc
687 1422 972 1481 appetunt;
1006 1432 1152 1473 nunc
1176 1432 1302 1472 vero
1331 1418 1460 1474 illud
1491 1429 1544 1475 et
1571 1421 1700 1478 illud
1729 1438 1862 1478 eon-

284 1501 584 1571 cupiscunt.
621 1502 845 1575 Ungues
879 1507 1043 1562 etiam
1079 1508 1352 1566 habebant
1395 1514 1699 1583 volucrum,
1732 1518 1861 1586 quia

286 1607 422 1660 quos
450 1593 518 1647 ad
550 1603 773 1664 peccata
816 1599 1169 1668 pertrahunt,
1233 1601 1517 1661 doloribus
1557 1607 1860 1666 lacerantes

262 1682 341 1737 ad
367 1681 568 1739 inferni
600 1686 879 1743 cruciatus
914 1689 1230 1748 detrahunt.
1283 1692 1506 1767 Ulysses
1534 1698 1735 1754 dicitur
1771 1717 1860 1757 sa-

284 1775 453 1845 piens.
483 1774 583 1831 llie
626 1777 828 1834 illaesos
855 1784 1295 1854 praeternavigat,
1346 1787 1475 1856 quia
1512 1789 1859 1848 Christianus

278 1869 501 1943 popuius
539 1883 667 1928 vere
714 1870 933 1940 sapiens
977 1872 1031 1927 in
1071 1875 1193 1930 navi
1226 1876 1482 1935 Ecclesia:
1516 1898 1666 1937 mare
1694 1884 1858 1951 hujus

277 1966 452 2021 seculi
504 1971 847 2037 supernatat.
919 1963 1108 2019 Timor
1165 1966 1382 2023 Domini
1427 1987 1487 2026 se
1515 1974 1580 2027 aJ
1605 1975 1853 2031 arborem

276 2059 443 2125 navis,
480 2059 532 2113 id
554 2069 638 2114 est
659 2060 726 2114 ad
751 2076 967 2116 crucem
993 2057 1221 2127 Christi,
1257 2061 1403 2133 ligat,
1441 2066 1609 2121 sociis
1631 2082 1776 2134 cera,
1807 2069 1859 2123 id

271 2161 349 2207 est
364 2152 742 2209 incarnatione
759 2152 963 2209 Clu-isti
989 2155 1240 2211 auditum
1265 2155 1560 2227 obsigillat,
1584 2168 1695 2214 uta
1717 2161 1859 2218 vitiis

268 2254 318 2299 et
338 2247 802 2317 concupiscentiis
847 2263 942 2302 cor
971 2256 1221 2303 avertant
1263 2257 1317 2304 et
1342 2248 1458 2303 sola
1485 2251 1728 2307 cmlestia
1756 2270 1853 2324 ap-

267 2345 470 2405 petant.
502 2336 724 2394 Sirenes
764 2338 1213 2411 snbmerguntur,
1241 2340 1369 2410 quia
1397 2344 1859 2413 concupiscentiae

264 2425 330 2479 ab
356 2426 481 2496 ejus
509 2428 696 2497 vigore
728 2429 954 2496 spiritus
981 2430 1361 2499 praemunitur.
1393 2430 1500 2501 Ipsi
1542 2433 1695 2489 illaesi
1725 2451 1856 2491 eva~

261 2519 399 2573 dunt
428 2520 755 2589 periculum,
789 2521 919 2591 quia
949 2530 1074 2592 post
1109 2523 1398 2579 victoriam
1428 2525 1497 2581 ad
1535 2538 1854 2585 sanctorum

259 2611 593 2680 perveniunt
622 2614 906 2684 gaudium.

258 2724 501 2781 SERMO
534 2726 625 2781 DE
660 2727 1213 2793 SEPTUAGESIMA,
1270 2730 1715 2788 SEXAGESIMA
1764 2733 1852 2789 ET

765 2798 1362 2867 QUINQUAGESIMA.

320 2887 682 2956 (iharissimi,
715 2890 877 2946 lectio
901 2891 1163 2948 hodierna
1191 2910 1290 2951 nos
1316 2896 1572 2952 admonet
1613 2898 1850 2968 qualiter

246 2981 552 3036 victoriam
577 2983 938 3050 obtineamus,
961 2985 1029 3040 de
1058 3002 1164 3056 qua
1208 2988 1560 3059 loquebamur
1595 2990 1649 3046 in
1681 3007 1848 3062 supe-

243 3070 525 3128 rioribns‘.
560 3072 699 3130 Dicit
719 3074 863 3129 enim
892 3093 905 3128 :
936 3095 955 3127 ι
997 3074 1230 3134 Nescitis
1257 3079 1403 3149 quod
1434 3079 1490 3133 hi
1526 3080 1620 3151 qui
1646 3081 1702 3136 in
1730 3090 1846 3137 sta-

227 3168 340 3222 .dio
375 3175 641 3233 currunt,
689 3182 881 3223 omnes
907 3168 1128 3239 quidem
1165 3179 1415 3236 currunt,
1466 3172 1559 3227 sed
1591 3189 1734 3229 unus
1753 3189 1847 3230 ac-

1888 1942 1930 1997 Β

1965 701 2113 745 esset
2142 692 2444 749 videamus.
2477 693 2697 749 Illorum
2729 694 2894 765 igitur
2919 696 3012 766 qui
3056 699 3341 768 septimam
3393 701 3551 756 addi-

1962 781 2162 838 derunt
2206 785 2436 840 intentio
2480 784 2580 841 fuit
2635 803 2710 842 vit
2756 787 2974 845 auferre
3006 788 3351 856 Dominicas;
3406 794 3550 850 unde

1964 887 2250 932 remanent
2292 895 2422 945 χιιι,
2478 895 2602 949 qua:
2662 881 2826 934 etiam
2881 882 3025 950 apud
3080 886 3349 954 quosdam
3407 887 3550 941 cele-

1964 968 2285 1025 brabantur.
2332 969 2439 1026 Sed
2496 980 2743 1027 octavam
2796 973 3111 1029 addentium
3162 976 3389 1033 intentio
3446 977 3550 1033 fuit

1962 1075 2057 1115 vui
2114 1061 2331 1117 auferre
2392 1061 2705 1119 Dominicas
2739 1106 2754 1131 ,
2823 1074 2878 1119 et
2943 1082 3034 1120 vm
3086 1068 3308 1137 quintas
3361 1068 3545 1128 ferias.

1963 1151 2172 1207 Ahlatis
2215 1152 2300 1207 his
2343 1169 2455 1219 va,
2508 1163 2916 1218 remanenth,
2956 1165 3015 1210 ut
3065 1159 3288 1213 totidem
3331 1160 3550 1230 jejuna-

1964 1252 2105 1310 rent,
2130 1254 2264 1313 quot
2286 1255 2341 1299 et
2370 1246 2655 1301 Dominus.
2702 1245 2965 1302 Similiter
3000 1263 3199 1304 nonam
3230 1252 3546 1308 addentium

1964 1333 2067 1388 fuit
2094 1336 2323 1391 intentio
2352 1353 2407 1390 ix
2436 1336 2652 1392 auferre
2679 1338 2997 1395 Dominicas
3027 1340 3165 1408 dies,
3191 1351 3244 1397 et
3280 1350 3358 1397 tot
3386 1345 3551 1414 quin»

1962 1436 2046 1481 tas
2079 1426 2265 1494 ferias,
2294 1438 2349 1483 et
2382 1437 2462 1484 tot
2493 1429 2751 1486 Sabbata.
2820 1430 3118 1489 Dominica:
3162 1434 3551 1492 aufereLanlur

1962 1526 2182 1588 propter
2213 1520 2691 1588 resurrectionem,
2710 1523 2916 1593 quinta:
2944 1524 3093 1582 feria:
3115 1538 3337 1598 propter
3364 1544 3551 1584 ascen-

1962 1610 2197 1675 sionem,
2217 1611 2453 1668 Sabbata
2467 1629 2534 1669 ne
2548 1615 2964 1671 sahbizarentur
2992 1634 3116 1673 eum
3145 1618 3368 1675 Iudaeis.
3399 1620 3548 1688 Qua-

1960 1701 2268 1775 dragesima
2300 1705 2487 1761 linitur
2511 1708 2565 1762 in
2590 1723 2746 1764 emna
2781 1708 3019 1778 Domini,
3046 1714 3191 1782 quod
3214 1715 3549 1771 celebratum

1960 1802 2045 1848 est
2076 1796 2313 1865 typicum
2343 1796 2575 1853 Pascha.
2607 1798 3073 1871 Quinquagesima
3089 1811 3269 1857 autem
3295 1806 3549 1875 inprima

1965 1884 2119 1954 feria,
2179 1888 2299 1958 ipso
2362 1891 2782 1947 resurrectionis
2831 1893 2958 1959 die;
3004 1891 3357 1965 Sexagesima
3412 1895 3547 1952 feria

1961 1975 2016 2031 in
2066 1992 2119 2030 tv
2170 1975 2327 2043 feria,
2374 1979 2647 2036 mediante
2703 1981 2933 2036 solemni
2992 1981 3257 2049 Pasclne;
3319 1983 3552 2055 Septua-

1959 2068 2166 2137 gesima
2207 2069 2261 2122 in
2311 2086 2384 2123 vu
2426 2068 2584 2136 feria,
2628 2071 2892 2142 depositis
2923 2073 3063 2129 albis
3102 2076 3365 2130 vestibus.
3403 2074 3547 2132 Inter

1959 2161 2446 2233 Quadragesimam
2476 2172 2531 2218 et
2561 2163 3107 2236 Quinquagesimam,
3153 2185 3204 2223 vi
3226 2171 3343 2226 dies
3363 2181 3493 2228 sunt
3527 2191 3543 2237 ;

1958 2254 2101 2310 inter
2144 2253 2671 2327 Quinquagesimam
2714 2265 2770 2313 et
2816 2257 3227 2330 Sesagesimam
3274 2280 3326 2318 vr
3355 2304 3370 2329 ,
3401 2265 3543 2320 inter

1959 2344 2368 2414 Sexagesimam
2395 2354 2450 2401 et
2484 2346 2956 2420 Septuagesimam
2989 2367 3063 2405 vi.
3090 2350 3158 2405 Et
3200 2368 3254 2407 vt
3283 2362 3365 2408 ter
3388 2355 3545 2411 ducti

1955 2432 2166 2490 faciunt
2189 2452 2357 2502 xvm;
2388 2438 2445 2492 in
2476 2453 2587 2509 quo
2617 2442 2937 2511 mysterium
2971 2443 3261 2512 reperitur.
3295 2444 3429 2500 Nam
3457 2448 3511 2502 di
3532 2478 3549 2488 -

1954 2522 2110 2579 visus
2158 2523 2358 2593 duplex
2411 2524 2647 2595 simplici
2692 2540 3063 2599 comparatur.
3117 2531 3222 2586 Per
3271 2534 3547 2604 duplicem

1953 2615 2152 2684 duplex
2193 2631 2342 2671 mors
2381 2627 2590 2685 nostra,
2638 2635 2736 2689 per
2784 2621 3084 2690 simplicem
3117 2625 3348 2693 simplex
3394 2643 3551 2683 mors

1953 2705 2172 2761 Domini
2220 2706 2538 2778 designatur
2570 2728 2584 2775 ;
2615 2710 2774 2779 cujus
2831 2720 3007 2767 morte
3064 2713 3300 2783 simplici
3355 2725 3575 2792 nostra.

1951 2814 2102 2856 mors
2124 2799 2319 2869 duplex
2343 2800 2600 2857 damnata
2625 2814 2727 2859 est.
2757 2802 2811 2858 Si
2836 2804 2979 2858 enim
3008 2805 3097 2862 ille
3118 2807 3388 2878 duplicem
3415 2827 3548 2881 gus-

1952 2899 2144 2957 tasset,
2178 2907 2280 2948 nos
2310 2908 2341 2946 a
2371 2893 2518 2947 nulla
2569 2893 2876 2951 liberasset.
2914 2895 3060 2952 lnter
3101 2897 3261 2955 tinem
3294 2900 3551 2967 Quadra-

1950 2984 2171 3056 gesimze
2196 2993 2247 3039 et
2278 2983 2776 3055 Quinquagesimaz,
2805 2987 2915 3043 duo
2945 3000 3074 3045 sunt
3096 2990 3214 3047 dies
3246 3009 3260 3047 :
3286 2993 3541 3049 similiter

1949 3085 2003 3131 et
2028 3076 2082 3129 in
2113 3076 2344 3132 caeteris.
2374 3074 2476 3130 Ter
2501 3077 2646 3131 enim
2676 3076 2786 3132 duo
2810 3076 3017 3134 faciunt
3042 3095 3158 3136 sex.
3185 3080 3243 3138 In
3268 3098 3380 3153 quo
3402 3099 3545 3154 pra:-

1949 3172 2148 3225 cedens
2177 3169 2395 3235 divisio,
2420 3170 2841 3240 pnecedensque
2878 3174 3199 3243 mysterium
3247 3176 3538 3245 reperitur.

236 3259 387 3328 cipit
427 3258 681 3313 bravium
712 3258 765 3320 (l
800 3257 924 3315 Cor.
980 3262 1079 3331 Ix).
1112 3280 1130 3313 ι
1167 3262 1283 3318 Mos
1311 3264 1450 3333 apud
1479 3264 1698 3322 Graecos
1729 3281 1846 3322 ser-
1872 3287 1914 3342 ρ
1952 3260 2150 3316 Verum
2181 3261 2225 3316 si
2256 3276 2477 3317 sensum
2509 3261 2836 3331 spiritalium
2881 3265 3276 3332 scripturarum
3315 3282 3546 3337 genera,

234 3351 516 3417 vahatur,
546 3352 692 3420 quod
726 3357 1007 3421 pra-mium
1032 3354 1249 3425 aliquod
1283 3357 1601 3413 cursoribus
1648 3375 1848 3429 propo-

230 3442 517 3508 uehatur,
550 3443 695 3514 quod
719 3452 898 3499 tamen
929 3459 1035 3499 non
1060 3446 1317 3501 omnibus
1355 3449 1722 3517 currentibus,
1752 3451 1845 3506 sed

226 3535 341 3590 soli
382 3533 653 3605 primitus
693 3535 1037 3604 praevenis-uti
1091 3536 1343 3591 dabatur.
1403 3536 1652 3609 Regnum
1687 3542 1848 3596 cmlo-

226 3645 370 3684 rum
411 3628 655 3683 nobisin
679 3629 902 3698 pnemio
937 3630 1278 3699 proponitur,
1315 3630 1381 3685 a.l
1412 3631 1556 3701 quod
1586 3649 1688 3689 nos
1718 3634 1847 3690 totis

222 3720 470 3776 viribus
520 3733 742 3774 currere
772 3734 928 3774 saera
962 3718 1245 3789 Scriptura
1271 3721 1543 3786 hortatur,
1573 3724 1701 3793 quia
1735 3741 1844 3782 non

223 3811 522 3870 omnibus
577 3826 674 3880 per
720 3811 878 3866 tidem
949 3814 1322 3881 currentibus,
1375 3815 1469 3871 sed
1525 3815 1658 3871 solis
1686 3817 1845 3874 bonis

224 3904 523 3975 operibus
554 3904 608 3957 in
659 3903 817 3959 linem
874 3906 1351 3973 perseverantibus
1391 3906 1648 3963 donatur.
1688 3910 1845 3966 Alius

231 4012 366 4053 mos
411 3996 562 4066 apud
584 4009 681 4050 eos
707 4004 822 4050 erat
853 4014 866 4050 :
904 3994 1046 4050 Nudi
1088 3997 1211 4050 oleo
1240 3999 1487 4066 peruncti
1518 3999 1684 4055 simul
1733 4003 1845 4058 col-

235 4088 630 4150 laetabantur,
691 4096 855 4157 atque
907 4087 1141 4142 victores
1168 4103 1305 4143 auro
1353 4098 1405 4143 et
1432 4089 1586 4145 lauro
1615 4107 1845 4148 corona-

244 4182 481 4236 bantur.
520 4178 652 4247 Nos,
686 4179 1049 4245 dilectissimi,
1081 4179 1201 4235 oleo
1248 4181 1561 4236 chrismatis
1597 4186 1843 4253 peruncti

255 4288 455 4328 sumus
484 4291 500 4339 ;
525 4272 649 4327 ideo
677 4289 708 4327 a
741 4273 889 4328 vitiis
910 4272 1062 4339 nudi,
1096 4288 1219 4327 cum
1248 4273 1466 4329 diabolo
1511 4275 1702 4330 luctari
1749 4277 1843 4331 cle-

261 4365 477 4429 hemus,
511 4364 640 4435 quia
704 4380 813 4419 non
865 4373 952 4420 est
997 4365 1163 4419 nobis‘
1206 4365 1520 4421 colluctatio
1574 4367 1837 4426 adversus

263 4469 483 4510 carnem
505 4466 559 4510 et
580 4456 921 4526 sanguinem,
948 4456 1041 4511 sel
1071 4455 1333 4511 adversus
1364 4458 1620 4511 vitorum
1646 4467 1700 4513 et
1733 4460 1842 4516 dat:-

265 4562 488 4600 rnonum
514 4546 914 4602 infestationem
933 4545 1150 4616 (Ep/les.
1171 4548 1268 4616 vi).
1291 4546 1347 4600 Si
1378 4562 1508 4617 ergo
1543 4547 1838 4617 luxuriam,

1950 3352 2058 3407 lem
2102 3350 2383 3422 inspicias,
2442 3351 2497 3406 in
2555 3352 2814 3408 omnibus
2848 3348 3188 3424 mysterium
3244 3358 3539 3428 reperitur.

2336 3442 2617 3496 Dominica
2644 3442 2698 3496 in
2723 3441 3144 3514 Septuagesima.

2025 3553 2042 3585 ι
2074 3532 2217 3588 Exiit
2248 3533 2341 3603 qui
2386 3534 2619 3588 seminat
2641 3533 2913 3589 seminare
2933 3550 3119 3590 semen
3165 3552 3351 3605 suum,
3378 3548 3483 3595 etc.
3511 3558 3533 3589 ι

1950 3625 2145 3680 Matth.
2200 3630 2384 3695 ιιι-ιιι.)
2442 3625 2611 3681 Multa
2664 3626 2718 3680 in
2780 3625 3055 3695 parabolis
3105 3628 3366 3697 loquitur,
3407 3629 3545 3699 quia

1947 3716 1995 3771 si
2025 3725 2220 3771 cuncta
2242 3717 2549 3786 parabolice
2567 3717 2904 3787 loqueretur,
2928 3716 3136 3787 absque
3157 3719 3537 3774 emolumento

1946 3809 2305 3863 recessissent
2335 3809 2635 3863 auditores.
2668 3808 2934 3866 Parabola
2958 3821 3041 3867 est
3065 3825 3248 3865 rerum
3267 3812 3319 3865 in
3338 3821 3541 3867 natura

1945 3902 2369 3971 discrepantium
2401 3903 2505 3959 sub
2550 3902 2732 3972 aliqua
2763 3904 3117 3959 similitudine
3146 3903 3286 3959 facta
3314 3919 3538 3974 compa-

1946 3994 2103 4049 ratio.
2159 3992 2321 4049 Sator
2358 3994 2450 4063 qui
2509 3994 2643 4050 exiit
2698 3995 2992 4059 seminare,
3050 3995 3168 4065 ipse
3221 3994 3392 4050 Filius
3439 3996 3531 4050 Dei

1946 4087 2280 4158 intelligitur,
2308 4087 2400 4156 qui
2432 4086 2622 4142 exiens
2647 4086 2714 4141 de
2751 4087 2874 4141 sinu
2912 4086 3086 4143 Patris
3124 4088 3272 4142 venit
3293 4088 3348 4141 in
3376 4102 3535 4142 mun-

1944 4179 2073 4235 dum
2097 4179 2164 4233 ad
2195 4178 2573 4233 seminandum
2610 4192 2702 4245 per
2734 4192 2793 4230 se
2841 4192 2904 4232 ae
2937 4194 3032 4248 per
3055 4193 3189 4233 suos
3213 4178 3535 4233 hominibus

1944 4271 2169 4324 verbum
2184 4268 2425 4323 veritatis
2446 4268 2587 4337 quod
2606 4268 2746 4338 apud
2768 4268 2980 4322 Patrem
3010 4268 3162 4322 \idit.
3193 4267 3429 4322 iEtdum
3450 4283 3533 4323 se-

1945 4362 2137 4425 minat,
2168 4361 2416 4431 quaedam
2440 4360 2756 4415 ceciderunt
2779 4376 2938 4414 secus
2960 4360 3099 4413 viam
3128 4369 3181 4415 et
3209 4361 3529 4415 conculcata

1944 4463 2091 4518 sunt,
2121 4463 2175 4508 et
2198 4462 2463 4508 venerunt
2488 4453 2737 4508 volucres
2765 4454 2911 4516 eueli,
2941 4460 2994 4506 et
3018 4452 3373 4508 comederunt
3403 4467 3524 4507 ea.»

1944 4543 2204 4610 Quzcilam
2258 4544 2592 4610 ceciderunt,
2623 4545 2884 4599 subaudis
2915 4559 3085 4613 grana
3128 4543 3242 4600 sive
3291 4546 3535 4609 semina,

266 4639 429 4707 imm,
463 4641 670 4706 odium,
715 4641 797 4694 νει
825 4640 969 4695 apud
1002 4639 1193 4693 νίιευιη
1238 4640 1552 4707 νξοργίηιυς’
1575 4657 1835 4698 coronam
1868 4625 1910 4684 C
1943 4650 2103 4690 secus
2145 4634 2310 4689 viam.
2372 4633 2469 4690 Via
2516 4645 2600 4692 est
2650 4652 2805 4691 meus
2836 4636 3104 4690 malarum
3136 4636 3535 4707 cogitationum

260 4744 342 4783 ex
365 4746 492 4785 auro
536 4740 593 4786 et
663 4732 818 4787 lauro
890 4730 1237 4797 habebimus,
1316 4732 1443 4801 quia
1494 4734 1839 4803 splendorem

262 4830 483 4877 aeterna!
529 4821 792 4877 claritatis
840 4821 893 4875 in
922 4822 1174 4876 vernanti
1202 4823 1458 4891 paradiso
1494 4823 1838 4893 recipiemus.

261 4909 448 4977 Quare
475 4922 654 4967 autem
693 4912 807 4967 haec
850 4910 1130 4967 Dominica
1156 4928 1282 4976 Lxx,
1309 4929 1544 4982 sequens
1568 4931 1658 4977 ιι.
1684 4916 1843 4971 item-

261 5018 381 5073 que
417 5005 515 5060 alia
538 5012 758 5059 vocetur
778 5018 829 5069 ι,
854 5002 1139 5073 diligenter
1162 5004 1551 5073 perdiceudum
1575 5015 1679 5061 est.
1711 5006 1843 5062 Fer-

260 5105 367 5149 un-
380 5099 513 5151 enim
544 5095 959 5165 Telesphorum,
980 5093 1239 5149 Romamn
1270 5095 1420 5150 urbis
1450 5099 1843 5169 papam,septi-

260 5202 416 5243 niam
436 5187 822 5243 hebdomadam
840 5185 1132 5253 addidisse,
1152 5202 1317 5257 quam
1334 5203 1365 5241 a
1380 5203 1517 5243 sono
1531 5190 1808 5259 prazeedcn
1820 5220 1840 5231 -

258 5279 350 5332 tis
375 5282 593 5346 numeri,
617 5280 826 5334 scilicet
854 5294 943 5344 XL,
975 5277 1494 5348 Quinquagesimam
1519 5280 1838 5337 nominavit.

249 5368 520 5428 Octavam
556 5373 722 5429 etiam
755 5371 1151 5427 hebdomadam
1201 5372 1305 5426 viri
1367 5372 1501 5443 justi
1556 5373 1838 5443 addentes,

246 5461 515 5520 similiter
546 5481 655 5520 non
692 5473 752 5519 ut
784 5480 851 5519 ιιι
879 5465 990 5519 sint
1011 5465 1128 5520 dies
1163 5480 1338 5535 usque
1374 5464 1441 5519 ad
1482 5468 1840 5522 resurrectio-

235 5567 412 5622 nem,
435 5558 526 5632 sed
552 5574 582 5613 a
624 5572 764 5613 sono
788 5557 1139 5627 praecedentis
1177 5557 1387 5611 numeri
1432 5555 1840 5630 Sexagesimam

222 5650 687 5711 appellaverunt.
736 5650 842 5705 Alii
899 5665 1098 5705 nonam
1143 5651 1505 5720 septimanam
1558 5652 1836 5721 addentes,

208 5748 255 5786 a
294 5748 453 5797 sono
494 5742 696 5813 prioris
730 5742 940 5796 numeri
986 5740 1453 5812 Septuagesimum
1486 5758 1838 5813 nuncupave-

200 5838 411 5886 ιἠιιι.
447 5832 508 5886 Et
542 5834 588 5888 si
645 5849 792 5888 nunc
830 5833 1039 5887 decima
1085 5833 1393 5899 adderetur,
1438 5849 1546 5889 non
1594 5832 1835 5905 Decage-

184 5911 435 5991 5301a,
465 5925 560 5981 sed
584 5923 943 5995 Octogesimte
990 5939 1188 5982 nomen
1227 5925 1534 5999 sortiretur,
1567 5943 1596 5981 a
1626 5943 1830 5998 praece-

1944 4728 2136 4782 Sedulo
2166 4740 2344 4782 meatu
2381 4729 2505 4782 trita
2537 4739 2591 4783 et
2619 4728 2877 4783 arefacta.
2918 4726 3019 4783 Ubi
3052 4727 3341 4797 dupliciter
3387 4729 3529 4798 perit

1944 4832 2152 4882 semen,
2186 4818 2315 4886 quia
2362 4818 2594 4872 transitu
2624 4820 2924 4872 carnalium
2958 4817 3352 4887 cogitationum
3396 4832 3529 4872 eon-

1943 4908 2211 4972 culeatur,
2238 4917 2294 4962 et
2316 4908 2592 4963 daemones
2617 4908 3075 4975 ceineduntillud,
3104 4908 3157 4962 id
3180 4918 3264 4964 est
3290 4908 3528 4979 quadam

1942 4998 2302 5054 delectatione
2339 4998 2557 5068 rapiunt
2581 5009 2635 5054 et
2663 4999 2978 5065 absorbent,
3028 5007 3089 5055 ut
3138 5015 3239 5056 nec
3262 5003 3529 5057 memoria

1944 5108 2100 5147 mens
2123 5101 2299 5147 teneat
2334 5092 2480 5163 quod
2502 5107 2604 5162 ope
2632 5092 2886 5161 neglexit.
2918 5090 3201 5149 Daemones
3222 5103 3403 5149 autem
3427 5109 3529 5148 vo-

1943 5184 2123 5238 lucres
2147 5184 2268 5239 ρωιί
2318 5183 2678 5254 appellantur,
2723 5183 2807 5237 vel
2852 5185 2980 5253 quia
3037 5195 3167 5240 sunt
3187 5186 3426 5242 caelestis
3474 5195 3531 5240 et

1944 5277 2244 5347 spiritualis
2276 5285 2506 5338 naturae,
2536 5277 2620 5330 vel
2643 5277 2771 5347 quia
2794 5276 2862 5347 lin
2900 5293 3027 5333 aere
3059 5278 3325 5333 habitant.
3364 5277 3526 5332 «Alia

1942 5378 2121 5424 autem
2149 5369 2464 5426 ceciderunt
2492 5369 2544 5424 iu
2571 5379 2809 5439 petrosa,
2842 5371 2934 5425 ubi
2968 5386 3074 5425 non
3104 5370 3375 5424 habebant
3426 5377 3528 5423 ter-

1942 5478 2061 5517 ram
2110 5462 2359 5518 multam.
2416 5461 2484 5517 Et
2523 5463 2784 5517 continuo
2830 5471 3017 5518 exorta
3052 5470 3198 5529 sunt,
3239 5461 3370 5532 quia
3412 5477 3525 5516 non

1941 5556 2214 5613 habebant
2238 5556 2575 5612 altitudinem
2602 5564 2779 5610 terrai.
2811 5555 2937 5611 Sole
2959 5564 3139 5609 autem
3172 5562 3294 5609 orto
3319 5562 3523 5609 aestua-

1943 5656 2160 5714 verunt,
2206 5656 2261 5703 et
2310 5646 2438 5718 quia
2466 5663 2572 5703 non
2605 5645 2878 5701 habebant
2920 5645 3156 5699 radicem
3183 5652 3467 5700 aruerunt.
3497 5663 3519 5695 ι

1944 5739 2165 5795 Semina
2188 5754 2311 5809 quae
2339 5738 2542 5793 cadunt
2564 5739 2616 5793 in
2648 5746 2885 5808 petrosa,
2932 5737 2983 5792 id
3014 5746 3097 5791 est
3122 5752 3286 5806 super
3316 5744 3521 5790 terram

1941 5833 2110 5904 petris
2139 5832 2527 5893 abundantem,
2570 5830 2878 5899 germinare
2907 5829 3124 5899 quidem
3158 5830 3265 5885 cito
3289 5840 3518 5899 queunt,

1942 5926 2034 5983 sed
2090 5941 2197 5981 non
2248 5923 2433 5997 [igitur
2491 5922 2683 5989 radix,
2736 5921 2863 5990 quia
2936 5932 3092 5978 terrae
3153 5922 3521 5988 altitudinem,
