  <div class='ocr_page' id='page_1' title='image "/cluster/home/n/w/nwhite01/storage/ocr_20150623/157/hvd.32044010248185/431.png"; bbox 0 0 3964 6454; ppageno 0'>
   <div class='ocr_carea' id='block_1_1' title="bbox 500 470 604 529">
    <p class='ocr_par' dir='ltr' id='par_1_1' title="bbox 500 470 604 529">
     <span class='ocr_line' id='line_1_1' title="bbox 500 470 604 529; baseline -0.019 0"><span class='ocrx_word' id='word_1_1' title='bbox 500 470 604 529; x_wconf 72' lang='grc'><strong>851</strong></span> 
     </span>
    </p>
   </div>
   <div class='ocr_carea' id='block_1_2' title="bbox 1605 465 3714 542">
    <p class='ocr_par' dir='ltr' id='par_1_2' title="bbox 1605 465 3714 542">
     <span class='ocr_line' id='line_1_2' title="bbox 1605 465 3714 542; baseline 0.005 -18"><span class='ocrx_word' id='word_1_2' title='bbox 1605 465 1933 526; x_wconf 76' lang='lat' dir='ltr'><strong>WERNERI</strong></span> <span class='ocrx_word' id='word_1_3' title='bbox 1974 469 2265 526; x_wconf 76' lang='lat' dir='ltr'><strong>ABBA&#39;I‘IS</strong></span> <span class='ocrx_word' id='word_1_4' title='bbox 2304 471 2360 526; x_wconf 91' lang='lat' dir='ltr'><strong>S.</strong></span> <span class='ocrx_word' id='word_1_5' title='bbox 2403 465 2636 526; x_wconf 67' lang='lat' dir='ltr'><strong>DIASII-</strong></span> <span class='ocrx_word' id='word_1_6' title='bbox 3630 478 3714 542; x_wconf 68' lang='lat'><strong>852</strong></span> 
     </span>
    </p>
   </div>
   <div class='ocr_carea' id='block_1_3' title="bbox 507 582 3715 666">
    <p class='ocr_par' dir='ltr' id='par_1_3' title="bbox 507 582 3715 666">
     <span class='ocr_line' id='line_1_3' title="bbox 507 582 3715 666; baseline 0.004 -25"><span class='ocrx_word' id='word_1_7' title='bbox 507 586 614 649; x_wconf 84' lang='lat' dir='ltr'><strong>hoc</strong></span> <span class='ocrx_word' id='word_1_8' title='bbox 655 595 740 642; x_wconf 87' lang='lat' dir='ltr'><strong>est</strong></span> <span class='ocrx_word' id='word_1_9' title='bbox 792 585 1216 655; x_wconf 84' lang='lat' dir='ltr'><strong>profunditatem</strong></span> <span class='ocrx_word' id='word_1_10' title='bbox 1265 600 1370 638; x_wconf 89' lang='lat' dir='ltr'><strong>non</strong></span> <span class='ocrx_word' id='word_1_11' title='bbox 1422 585 1604 649; x_wconf 88' lang='lat' dir='ltr'><strong>habet,</strong></span> <span class='ocrx_word' id='word_1_12' title='bbox 1642 594 1698 641; x_wconf 88' lang='lat' dir='ltr'><strong>et</strong></span> <span class='ocrx_word' id='word_1_13' title='bbox 1727 587 1929 643; x_wconf 90' lang='lat' dir='ltr'><strong>ideirco</strong></span> <span class='ocrx_word' id='word_1_14' title='bbox 1956 596 2090 641; x_wconf 77' lang='lat' dir='ltr'><strong>aestu</strong></span> <span class='ocrx_word' id='word_1_15' title='bbox 2124 592 2163 648; x_wconf 78' lang='grc' dir='ltr'><strong>Α</strong></span> <span class='ocrx_word' id='word_1_16' title='bbox 2196 586 2288 642; x_wconf 91' lang='lat' dir='ltr'><strong>sed</strong></span> <span class='ocrx_word' id='word_1_17' title='bbox 2321 595 2375 641; x_wconf 90' lang='lat' dir='ltr'><strong>et</strong></span> <span class='ocrx_word' id='word_1_18' title='bbox 2399 587 2452 642; x_wconf 93' lang='lat' dir='ltr'><strong>in</strong></span> <span class='ocrx_word' id='word_1_19' title='bbox 2482 586 2638 642; x_wconf 82' lang='lat' dir='ltr'><strong>factis</strong></span> <span class='ocrx_word' id='word_1_20' title='bbox 2666 583 2952 656; x_wconf 79' lang='lat' dir='ltr'><strong>parabolas</strong></span> <span class='ocrx_word' id='word_1_21' title='bbox 2979 597 3121 648; x_wconf 88' lang='lat' dir='ltr'><strong>esse,</strong></span> <span class='ocrx_word' id='word_1_22' title='bbox 3151 582 3203 639; x_wconf 87' lang='lat' dir='ltr'><strong>id</strong></span> <span class='ocrx_word' id='word_1_23' title='bbox 3231 592 3312 640; x_wconf 90' lang='lat' dir='ltr'><strong>est</strong></span> <span class='ocrx_word' id='word_1_24' title='bbox 3332 587 3476 660; x_wconf 83' lang='lat' dir='ltr'><strong>signa</strong></span> <span class='ocrx_word' id='word_1_25' title='bbox 3497 598 3715 666; x_wconf 82' lang='lat' dir='ltr'><strong>mystica-</strong></span> 
     </span>
    </p>
   </div>
   <div class='ocr_carea' id='block_1_4' title="bbox 504 673 2088 749">
    <p class='ocr_par' dir='ltr' id='par_1_4' title="bbox 504 673 2088 749">
     <span class='ocr_line' id='line_1_4' title="bbox 504 673 2088 749; baseline 0.001 -17"><span class='ocrx_word' id='word_1_26' title='bbox 504 677 641 733; x_wconf 74' lang='lat' dir='ltr'><strong>solis</strong></span> <span class='ocrx_word' id='word_1_27' title='bbox 667 676 883 730; x_wconf 85' lang='lat' dir='ltr'><strong>arescit.</strong></span> <span class='ocrx_word' id='word_1_28' title='bbox 931 673 1090 730; x_wconf 86' lang='lat' dir='ltr'><strong>Petra</strong></span> <span class='ocrx_word' id='word_1_29' title='bbox 1123 675 1395 745; x_wconf 88' lang='lat' dir='ltr'><strong>signiticat</strong></span> <span class='ocrx_word' id='word_1_30' title='bbox 1421 676 1509 731; x_wconf 93' lang='lat' dir='ltr'><strong>hic</strong></span> <span class='ocrx_word' id='word_1_31' title='bbox 1533 677 1789 732; x_wconf 79' lang='lat' dir='ltr'><strong>duritiam</strong></span> <span class='ocrx_word' id='word_1_32' title='bbox 1825 687 2088 749; x_wconf 66' lang='lat' dir='ltr'><strong>protervaa</strong></span> 
     </span>
    </p>
   </div>
   <div class='ocr_carea' id='block_1_5' title="bbox 505 766 2085 835">
    <p class='ocr_par' dir='ltr' id='par_1_5' title="bbox 505 766 2085 835">
     <span class='ocr_line' id='line_1_5' title="bbox 505 766 2085 835; baseline 0 -13"><span class='ocrx_word' id='word_1_33' title='bbox 505 769 724 826; x_wconf 79' lang='lat' dir='ltr'><strong>urentis.</strong></span> <span class='ocrx_word' id='word_1_34' title='bbox 779 779 922 822; x_wconf 77' lang='lat' dir='ltr'><strong>terra</strong></span> <span class='ocrx_word' id='word_1_35' title='bbox 949 781 1078 820; x_wconf 89' lang='lat' dir='ltr'><strong>vero</strong></span> <span class='ocrx_word' id='word_1_36' title='bbox 1105 766 1382 821; x_wconf 85' lang='lat' dir='ltr'><strong>lenitatem</strong></span> <span class='ocrx_word' id='word_1_37' title='bbox 1415 768 1612 824; x_wconf 78' lang='lat' dir='ltr'><strong>animae</strong></span> <span class='ocrx_word' id='word_1_38' title='bbox 1642 769 1966 835; x_wconf 88' lang='lat' dir='ltr'><strong>obedientis,</strong></span> <span class='ocrx_word' id='word_1_39' title='bbox 2005 770 2085 824; x_wconf 91' lang='lat' dir='ltr'><strong>sol</strong></span> 
     </span>
    </p>
   </div>
   <div class='ocr_carea' id='block_1_6' title="bbox 505 858 2087 934">
    <p class='ocr_par' dir='ltr' id='par_1_6' title="bbox 505 858 2087 934">
     <span class='ocr_line' id='line_1_6' title="bbox 505 858 2087 934; baseline 0.003 -23"><span class='ocrx_word' id='word_1_40' title='bbox 505 869 686 917; x_wconf 76' lang='lat' dir='ltr'><strong>alitem</strong></span> <span class='ocrx_word' id='word_1_41' title='bbox 712 858 978 913; x_wconf 79' lang='lat' dir='ltr'><strong>fervorem</strong></span> <span class='ocrx_word' id='word_1_42' title='bbox 1001 860 1386 929; x_wconf 62' lang='lat' dir='ltr'><strong>persecutoris.</strong></span> <span class='ocrx_word' id='word_1_43' title='bbox 1402 860 1562 917; x_wconf 83' lang='lat' dir='ltr'><strong>Cadit</strong></span> <span class='ocrx_word' id='word_1_44' title='bbox 1580 877 1709 934; x_wconf 85' lang='lat' dir='ltr'><strong>ergo</strong></span> <span class='ocrx_word' id='word_1_45' title='bbox 1727 879 1911 918; x_wconf 86' lang='lat' dir='ltr'><strong>semen</strong></span> <span class='ocrx_word' id='word_1_46' title='bbox 1938 863 2087 917; x_wconf 86' lang='lat' dir='ltr'><strong>verbi</strong></span> 
     </span>
    </p>
   </div>
   <div class='ocr_carea' id='block_1_7' title="bbox 511 949 2090 1019">
    <p class='ocr_par' dir='ltr' id='par_1_7' title="bbox 511 949 2090 1019">
     <span class='ocr_line' id='line_1_7' title="bbox 511 949 2090 1019; baseline 0.004 -19"><span class='ocrx_word' id='word_1_47' title='bbox 511 963 675 1017; x_wconf 88' lang='lat' dir='ltr'><strong>super</strong></span> <span class='ocrx_word' id='word_1_48' title='bbox 706 957 921 1017; x_wconf 85' lang='lat' dir='ltr'><strong>petram</strong></span> <span class='ocrx_word' id='word_1_49' title='bbox 954 949 1176 1019; x_wconf 83' lang='lat' dir='ltr'><strong>quando</strong></span> <span class='ocrx_word' id='word_1_50' title='bbox 1206 949 1492 1004; x_wconf 82' lang='lat' dir='ltr'><strong>dulcedine</strong></span> <span class='ocrx_word' id='word_1_51' title='bbox 1518 951 1943 1019; x_wconf 80' lang='lat' dir='ltr'><strong>promissionum</strong></span> <span class='ocrx_word' id='word_1_52' title='bbox 1972 968 2090 1006; x_wconf 89' lang='lat' dir='ltr'><strong>mo-</strong></span> 
     </span>
    </p>
   </div>
   <div class='ocr_carea' id='block_1_8' title="bbox 502 1040 2090 1111">
    <p class='ocr_par' dir='ltr' id='par_1_8' title="bbox 502 1040 2090 1111">
     <span class='ocr_line' id='line_1_8' title="bbox 502 1040 2090 1111; baseline 0.003 -21"><span class='ocrx_word' id='word_1_53' title='bbox 502 1048 595 1093; x_wconf 95' lang='lat' dir='ltr'><strong>vet</strong></span> <span class='ocrx_word' id='word_1_54' title='bbox 619 1040 941 1094; x_wconf 89' lang='lat' dir='ltr'><strong>indomitum</strong></span> <span class='ocrx_word' id='word_1_55' title='bbox 970 1054 1086 1106; x_wconf 85' lang='lat' dir='ltr'><strong>cor,</strong></span> <span class='ocrx_word' id='word_1_56' title='bbox 1109 1040 1256 1094; x_wconf 73' lang='lat' dir='ltr'><strong>nullo</strong></span> <span class='ocrx_word' id='word_1_57' title='bbox 1280 1056 1421 1095; x_wconf 71' lang='lat' dir='ltr'><strong>vera:</strong></span> <span class='ocrx_word' id='word_1_58' title='bbox 1454 1040 1572 1094; x_wconf 80' lang='lat' dir='ltr'><strong>fidei</strong></span> <span class='ocrx_word' id='word_1_59' title='bbox 1605 1056 1822 1096; x_wconf 81' lang='lat' dir='ltr'><strong>vomere</strong></span> <span class='ocrx_word' id='word_1_60' title='bbox 1839 1051 2090 1111; x_wconf 88' lang='lat' dir='ltr'><strong>penetra-</strong></span> 
     </span>
    </p>
   </div>
   <div class='ocr_carea' id='block_1_9' title="bbox 502 1131 2089 1203">
    <p class='ocr_par' dir='ltr' id='par_1_9' title="bbox 502 1131 2089 1203">
     <span class='ocr_line' id='line_1_9' title="bbox 502 1131 2089 1203; baseline 0.001 -17"><span class='ocrx_word' id='word_1_61' title='bbox 502 1139 638 1187; x_wconf 89' lang='lat' dir='ltr'><strong>tum.</strong></span> <span class='ocrx_word' id='word_1_62' title='bbox 662 1131 764 1187; x_wconf 86' lang='lat' dir='ltr'><strong>Ubi</strong></span> <span class='ocrx_word' id='word_1_63' title='bbox 795 1148 902 1187; x_wconf 91' lang='lat' dir='ltr'><strong>non</strong></span> <span class='ocrx_word' id='word_1_64' title='bbox 930 1133 1153 1192; x_wconf 86' lang='lat' dir='ltr'><strong>invenit,</strong></span> <span class='ocrx_word' id='word_1_65' title='bbox 1178 1143 1235 1188; x_wconf 91' lang='lat' dir='ltr'><strong>ut</strong></span> <span class='ocrx_word' id='word_1_66' title='bbox 1264 1132 1439 1187; x_wconf 84' lang='lat' dir='ltr'><strong>Lucas</strong></span> <span class='ocrx_word' id='word_1_67' title='bbox 1462 1134 1535 1187; x_wconf 88' lang='lat' dir='ltr'><strong>ait</strong></span> <span class='ocrx_word' id='word_1_68' title='bbox 1558 1132 1708 1199; x_wconf 77' lang='lat' dir='ltr'><strong>(Luc.</strong></span> <span class='ocrx_word' id='word_1_69' title='bbox 1730 1134 1870 1203; x_wconf 82' lang='lat' dir='ltr'><strong>xm),</strong></span> <span class='ocrx_word' id='word_1_70' title='bbox 1889 1135 2089 1188; x_wconf 83' lang='lat' dir='ltr'><strong>Immo-</strong></span> 
     </span>
    </p>
   </div>
   <div class='ocr_carea' id='block_1_10' title="bbox 502 1222 2090 1296">
    <p class='ocr_par' dir='ltr' id='par_1_10' title="bbox 502 1222 2090 1296">
     <span class='ocr_line' id='line_1_10' title="bbox 502 1222 2090 1296; baseline 0.004 -21"><span class='ocrx_word' id='word_1_71' title='bbox 502 1236 637 1288; x_wconf 87' lang='lat' dir='ltr'><strong>rem,</strong></span> <span class='ocrx_word' id='word_1_72' title='bbox 664 1222 715 1277; x_wconf 84' lang='lat' dir='ltr'><strong>id</strong></span> <span class='ocrx_word' id='word_1_73' title='bbox 734 1231 820 1277; x_wconf 86' lang='lat' dir='ltr'><strong>est</strong></span> <span class='ocrx_word' id='word_1_74' title='bbox 840 1223 1057 1279; x_wconf 88' lang='lat' dir='ltr'><strong>virtutis</strong></span> <span class='ocrx_word' id='word_1_75' title='bbox 1071 1238 1333 1277; x_wconf 85' lang='lat' dir='ltr'><strong>amorem.</strong></span> <span class='ocrx_word' id='word_1_76' title='bbox 1359 1222 1421 1277; x_wconf 83' lang='lat' dir='ltr'><strong>Et</strong></span> <span class='ocrx_word' id='word_1_77' title='bbox 1436 1224 1618 1278; x_wconf 79' lang='lat' dir='ltr'><strong>statim</strong></span> <span class='ocrx_word' id='word_1_78' title='bbox 1640 1234 1886 1279; x_wconf 69' lang='lat' dir='ltr'><strong>exortum</strong></span> <span class='ocrx_word' id='word_1_79' title='bbox 1900 1234 2090 1296; x_wconf 85' lang='lat' dir='ltr'><strong>estper</strong></span> 
     </span>
    </p>
   </div>
   <div class='ocr_carea' id='block_1_11' title="bbox 500 1315 2087 1387">
    <p class='ocr_par' dir='ltr' id='par_1_11' title="bbox 500 1315 2087 1387">
     <span class='ocr_line' id='line_1_11' title="bbox 500 1315 2087 1387; baseline 0.004 -21"><span class='ocrx_word' id='word_1_80' title='bbox 500 1315 934 1370; x_wconf 91' lang='lat' dir='ltr'><strong>recordationem</strong></span> <span class='ocrx_word' id='word_1_81' title='bbox 987 1317 1398 1379; x_wconf 84' lang='lat' dir='ltr'><strong>tantummodo,</strong></span> <span class='ocrx_word' id='word_1_82' title='bbox 1474 1331 1581 1370; x_wconf 92' lang='lat' dir='ltr'><strong>non</strong></span> <span class='ocrx_word' id='word_1_83' title='bbox 1620 1333 1715 1387; x_wconf 84' lang='lat' dir='ltr'><strong>per</strong></span> <span class='ocrx_word' id='word_1_84' title='bbox 1772 1318 2087 1383; x_wconf 89' lang='lat' dir='ltr'><strong>eflicaeiam,</strong></span> 
     </span>
    </p>
   </div>
   <div class='ocr_carea' id='block_1_12' title="bbox 500 1405 2091 1480">
    <p class='ocr_par' dir='ltr' id='par_1_12' title="bbox 500 1405 2091 1480">
     <span class='ocr_line' id='line_1_12' title="bbox 500 1405 2091 1480; baseline 0.004 -21"><span class='ocrx_word' id='word_1_85' title='bbox 500 1405 762 1476; x_wconf 90' lang='lat' dir='ltr'><strong>quoniam</strong></span> <span class='ocrx_word' id='word_1_86' title='bbox 789 1423 898 1466; x_wconf 91' lang='lat' dir='ltr'><strong>non</strong></span> <span class='ocrx_word' id='word_1_87' title='bbox 932 1408 1165 1463; x_wconf 81' lang='lat' dir='ltr'><strong>habebat</strong></span> <span class='ocrx_word' id='word_1_88' title='bbox 1194 1407 1535 1464; x_wconf 88' lang='lat' dir='ltr'><strong>altitudinem</strong></span> <span class='ocrx_word' id='word_1_89' title='bbox 1572 1416 1728 1463; x_wconf 74' lang='lat' dir='ltr'><strong>terrze</strong></span> <span class='ocrx_word' id='word_1_90' title='bbox 1775 1410 1829 1465; x_wconf 90' lang='lat' dir='ltr'><strong>in</strong></span> <span class='ocrx_word' id='word_1_91' title='bbox 1864 1413 2091 1480; x_wconf 82' lang='lat' dir='ltr'><strong>profun-</strong></span> 
     </span>
    </p>
   </div>
   <div class='ocr_carea' id='block_1_13' title="bbox 504 1496 2092 1565">
    <p class='ocr_par' dir='ltr' id='par_1_13' title="bbox 504 1496 2092 1565">
     <span class='ocr_line' id='line_1_13' title="bbox 504 1496 2092 1565; baseline 0.002 -12"><span class='ocrx_word' id='word_1_92' title='bbox 504 1496 729 1553; x_wconf 81' lang='lat' dir='ltr'><strong>ditatem</strong></span> <span class='ocrx_word' id='word_1_93' title='bbox 786 1498 916 1555; x_wconf 90' lang='lat' dir='ltr'><strong>boni</strong></span> <span class='ocrx_word' id='word_1_94' title='bbox 964 1501 1169 1565; x_wconf 88' lang='lat' dir='ltr'><strong>cordis,</strong></span> <span class='ocrx_word' id='word_1_95' title='bbox 1218 1500 1310 1555; x_wconf 89' lang='lat' dir='ltr'><strong>ubi</strong></span> <span class='ocrx_word' id='word_1_96' title='bbox 1383 1502 1557 1557; x_wconf 85' lang='lat' dir='ltr'><strong>solide</strong></span> <span class='ocrx_word' id='word_1_97' title='bbox 1630 1501 1972 1557; x_wconf 82' lang='lat' dir='ltr'><strong>fundaretur.</strong></span> <span class='ocrx_word' id='word_1_98' title='bbox 2027 1504 2092 1556; x_wconf 81' lang='lat' dir='ltr'><strong>Et</strong></span> 
     </span>
    </p>
   </div>
   <div class='ocr_carea' id='block_1_14' title="bbox 503 1590 2090 1665">
    <p class='ocr_par' dir='ltr' id='par_1_14' title="bbox 503 1590 2090 1665">
     <span class='ocr_line' id='line_1_14' title="bbox 503 1590 2090 1665; baseline 0.003 -22"><span class='ocrx_word' id='word_1_99' title='bbox 503 1590 725 1659; x_wconf 87' lang='lat' dir='ltr'><strong>quando</strong></span> <span class='ocrx_word' id='word_1_100' title='bbox 752 1602 976 1647; x_wconf 84' lang='lat' dir='ltr'><strong>exortus</strong></span> <span class='ocrx_word' id='word_1_101' title='bbox 1000 1601 1083 1647; x_wconf 87' lang='lat' dir='ltr'><strong>est</strong></span> <span class='ocrx_word' id='word_1_102' title='bbox 1108 1594 1210 1659; x_wconf 92' lang='lat' dir='ltr'><strong>sol,</strong></span> <span class='ocrx_word' id='word_1_103' title='bbox 1232 1593 1282 1649; x_wconf 88' lang='lat' dir='ltr'><strong>id</strong></span> <span class='ocrx_word' id='word_1_104' title='bbox 1306 1604 1388 1648; x_wconf 90' lang='lat' dir='ltr'><strong>est</strong></span> <span class='ocrx_word' id='word_1_105' title='bbox 1410 1604 1575 1649; x_wconf 72' lang='lat' dir='ltr'><strong>mstus</strong></span> <span class='ocrx_word' id='word_1_106' title='bbox 1593 1594 1987 1665; x_wconf 90' lang='lat' dir='ltr'><strong>persecutionis</strong></span> <span class='ocrx_word' id='word_1_107' title='bbox 2008 1596 2090 1648; x_wconf 79' lang='lat' dir='ltr'><strong>vel</strong></span> 
     </span>
    </p>
   </div>
   <div class='ocr_carea' id='block_1_15' title="bbox 503 1682 2081 1753">
    <p class='ocr_par' dir='ltr' id='par_1_15' title="bbox 503 1682 2081 1753">
     <span class='ocr_line' id='line_1_15' title="bbox 503 1682 2081 1753; baseline 0.004 -20"><span class='ocrx_word' id='word_1_108' title='bbox 503 1682 795 1750; x_wconf 77' lang='lat' dir='ltr'><strong>cujuslibet</strong></span> <span class='ocrx_word' id='word_1_109' title='bbox 816 1683 1207 1750; x_wconf 82' lang='lat' dir='ltr'><strong>tribulationis,</strong></span> <span class='ocrx_word' id='word_1_110' title='bbox 1236 1686 1577 1753; x_wconf 74' lang='lat' dir='ltr'><strong>exaestuavit,</strong></span> <span class='ocrx_word' id='word_1_111' title='bbox 1602 1687 1652 1741; x_wconf 88' lang='lat' dir='ltr'><strong>id</strong></span> <span class='ocrx_word' id='word_1_112' title='bbox 1677 1695 1760 1741; x_wconf 88' lang='lat' dir='ltr'><strong>est</strong></span> <span class='ocrx_word' id='word_1_113' title='bbox 1786 1686 2081 1741; x_wconf 41' lang='lat' dir='ltr'><strong>ad&#39;siccita.</strong></span> 
     </span>
    </p>
   </div>
   <div class='ocr_carea' id='block_1_16' title="bbox 502 1774 2090 1849">
    <p class='ocr_par' dir='ltr' id='par_1_16' title="bbox 502 1774 2090 1849">
     <span class='ocr_line' id='line_1_16' title="bbox 502 1774 2090 1849; baseline -0.001 -18"><span class='ocrx_word' id='word_1_114' title='bbox 502 1782 609 1831; x_wconf 86' lang='lat' dir='ltr'><strong>tem</strong></span> <span class='ocrx_word' id='word_1_115' title='bbox 635 1774 798 1840; x_wconf 80' lang='lat' dir='ltr'><strong>venit,</strong></span> <span class='ocrx_word' id='word_1_116' title='bbox 822 1784 875 1829; x_wconf 91' lang='lat' dir='ltr'><strong>et</strong></span> <span class='ocrx_word' id='word_1_117' title='bbox 908 1792 974 1830; x_wconf 83' lang='lat' dir='ltr'><strong>ex</strong></span> <span class='ocrx_word' id='word_1_118' title='bbox 1008 1785 1120 1831; x_wconf 89' lang='lat' dir='ltr'><strong>toto</strong></span> <span class='ocrx_word' id='word_1_119' title='bbox 1146 1777 1381 1842; x_wconf 80' lang='lat' dir='ltr'><strong>exaruit,</strong></span> <span class='ocrx_word' id='word_1_120' title='bbox 1405 1793 1469 1831; x_wconf 93' lang='lat' dir='ltr'><strong>co</strong></span> <span class='ocrx_word' id='word_1_121' title='bbox 1492 1778 1636 1849; x_wconf 88' lang='lat' dir='ltr'><strong>quod</strong></span> <span class='ocrx_word' id='word_1_122' title='bbox 1657 1777 1794 1832; x_wconf 80' lang='lat' dir='ltr'><strong>firmi</strong></span> <span class='ocrx_word' id='word_1_123' title='bbox 1836 1777 2090 1831; x_wconf 86' lang='lat' dir='ltr'><strong>desiderii</strong></span> 
     </span>
    </p>
   </div>
   <div class='ocr_carea' id='block_1_17' title="bbox 498 1864 2093 1939">
    <p class='ocr_par' dir='ltr' id='par_1_17' title="bbox 498 1864 2093 1939">
     <span class='ocr_line' id='line_1_17' title="bbox 498 1864 2093 1939; baseline 0 -18"><span class='ocrx_word' id='word_1_124' title='bbox 498 1864 738 1921; x_wconf 80' lang='lat' dir='ltr'><strong>radicem</strong></span> <span class='ocrx_word' id='word_1_125' title='bbox 771 1882 879 1920; x_wconf 90' lang='lat' dir='ltr'><strong>non</strong></span> <span class='ocrx_word' id='word_1_126' title='bbox 907 1866 1158 1921; x_wconf 87' lang='lat' dir='ltr'><strong>habebat.</strong></span> <span class='ocrx_word' id='word_1_127' title='bbox 1185 1868 1429 1923; x_wconf 81' lang='lat' dir='ltr'><strong>Altitudo</strong></span> <span class='ocrx_word' id='word_1_128' title='bbox 1458 1869 1658 1939; x_wconf 81' lang='lat' dir='ltr'><strong>quippe</strong></span> <span class='ocrx_word' id='word_1_129' title='bbox 1688 1877 1846 1923; x_wconf 73' lang='lat' dir='ltr'><strong>terra:</strong></span> <span class='ocrx_word' id='word_1_130' title='bbox 1864 1876 1946 1924; x_wconf 86' lang='lat' dir='ltr'><strong>est</strong></span> <span class='ocrx_word' id='word_1_131' title='bbox 1968 1885 2093 1938; x_wconf 82' lang='lat' dir='ltr'><strong>pro-</strong></span> 
     </span>
    </p>
   </div>
   <div class='ocr_carea' id='block_1_18' title="bbox 499 1959 2095 2031">
    <p class='ocr_par' dir='ltr' id='par_1_18' title="bbox 499 1959 2095 2031">
     <span class='ocr_line' id='line_1_18' title="bbox 499 1959 2095 2031; baseline 0.001 -18"><span class='ocrx_word' id='word_1_132' title='bbox 499 1959 647 2013; x_wconf 79' lang='lat' dir='ltr'><strong>bitas</strong></span> <span class='ocrx_word' id='word_1_133' title='bbox 689 1959 858 2014; x_wconf 88' lang='lat' dir='ltr'><strong>animi</strong></span> <span class='ocrx_word' id='word_1_134' title='bbox 889 1959 1193 2031; x_wconf 84' lang='lat' dir='ltr'><strong>disciplinis</strong></span> <span class='ocrx_word' id='word_1_135' title='bbox 1226 1962 1542 2018; x_wconf 86' lang='lat' dir='ltr'><strong>coelestibus</strong></span> <span class='ocrx_word' id='word_1_136' title='bbox 1564 1963 1758 2017; x_wconf 88' lang='lat' dir='ltr'><strong>eruditi</strong></span> <span class='ocrx_word' id='word_1_137' title='bbox 1799 1970 1853 2016; x_wconf 89' lang='lat' dir='ltr'><strong>et</strong></span> <span class='ocrx_word' id='word_1_138' title='bbox 1880 1961 1932 2016; x_wconf 90' lang='lat' dir='ltr'><strong>in</strong></span> <span class='ocrx_word' id='word_1_139' title='bbox 1982 1971 2095 2015; x_wconf 90' lang='lat' dir='ltr'><strong>ten-</strong></span> 
     </span>
    </p>
   </div>
   <div class='ocr_carea' id='block_1_19' title="bbox 498 2049 2089 2123">
    <p class='ocr_par' dir='ltr' id='par_1_19' title="bbox 498 2049 2089 2123">
     <span class='ocr_line' id='line_1_19' title="bbox 498 2049 2089 2123; baseline 0.002 -21"><span class='ocrx_word' id='word_1_140' title='bbox 498 2049 801 2107; x_wconf 77' lang='lat' dir='ltr'><strong>:ationihus</strong></span> <span class='ocrx_word' id='word_1_141' title='bbox 822 2050 1056 2120; x_wconf 88' lang='lat' dir='ltr'><strong>probati.</strong></span> <span class='ocrx_word' id='word_1_142' title='bbox 1086 2052 1233 2106; x_wconf 75' lang='lat' dir='ltr'><strong>«Alia</strong></span> <span class='ocrx_word' id='word_1_143' title='bbox 1258 2062 1438 2107; x_wconf 86' lang='lat' dir='ltr'><strong>autem</strong></span> <span class='ocrx_word' id='word_1_144' title='bbox 1461 2054 1777 2109; x_wconf 86' lang='lat' dir='ltr'><strong>ceciderunt</strong></span> <span class='ocrx_word' id='word_1_145' title='bbox 1800 2054 1851 2107; x_wconf 90' lang='lat' dir='ltr'><strong>in</strong></span> <span class='ocrx_word' id='word_1_146' title='bbox 1882 2053 2089 2123; x_wconf 88' lang='lat' dir='ltr'><strong>spinas,</strong></span> 
     </span>
    </p>
   </div>
   <div class='ocr_carea' id='block_1_20' title="bbox 497 2145 2088 2213">
    <p class='ocr_par' dir='ltr' id='par_1_20' title="bbox 497 2145 2088 2213">
     <span class='ocr_line' id='line_1_20' title="bbox 497 2145 2088 2213; baseline 0 -16"><span class='ocrx_word' id='word_1_147' title='bbox 497 2151 551 2202; x_wconf 87' lang='lat' dir='ltr'><strong>et</strong></span> <span class='ocrx_word' id='word_1_148' title='bbox 572 2145 1065 2213; x_wconf 72' lang='lat' dir='ltr'><strong>creveruntspinte.</strong></span> <span class='ocrx_word' id='word_1_149' title='bbox 1086 2155 1138 2200; x_wconf 88' lang='lat' dir='ltr'><strong>et</strong></span> <span class='ocrx_word' id='word_1_150' title='bbox 1168 2145 1572 2200; x_wconf 82' lang='lat' dir='ltr'><strong>snﬂ‘oeaverunt</strong></span> <span class='ocrx_word' id='word_1_151' title='bbox 1597 2162 1679 2201; x_wconf 89' lang='lat' dir='ltr'><strong>ea.</strong></span> <span class='ocrx_word' id='word_1_152' title='bbox 1706 2166 1722 2195; x_wconf 81' lang='grc' dir='ltr'><strong>ι</strong></span> <span class='ocrx_word' id='word_1_153' title='bbox 1749 2146 1865 2200; x_wconf 78' lang='lat' dir='ltr'><strong>Alia</strong></span> <span class='ocrx_word' id='word_1_154' title='bbox 1884 2146 2088 2201; x_wconf 89' lang='lat' dir='ltr'><strong>semina</strong></span> 
     </span>
    </p>
   </div>
   <div class='ocr_carea' id='block_1_21' title="bbox 497 2236 2092 2309">
    <p class='ocr_par' dir='ltr' id='par_1_21' title="bbox 497 2236 2092 2309">
     <span class='ocr_line' id='line_1_21' title="bbox 497 2236 2092 2309; baseline 0.002 -20"><span class='ocrx_word' id='word_1_155' title='bbox 497 2236 815 2292; x_wconf 84' lang='lat' dir='ltr'><strong>ceciderunt</strong></span> <span class='ocrx_word' id='word_1_156' title='bbox 860 2238 914 2291; x_wconf 91' lang='lat' dir='ltr'><strong>in</strong></span> <span class='ocrx_word' id='word_1_157' title='bbox 952 2238 1161 2309; x_wconf 89' lang='lat' dir='ltr'><strong>spinas,</strong></span> <span class='ocrx_word' id='word_1_158' title='bbox 1195 2239 1301 2295; x_wconf 88' lang='lat' dir='ltr'><strong>hoc</strong></span> <span class='ocrx_word' id='word_1_159' title='bbox 1352 2247 1437 2295; x_wconf 87' lang='lat' dir='ltr'><strong>est</strong></span> <span class='ocrx_word' id='word_1_160' title='bbox 1481 2240 1621 2294; x_wconf 89' lang='lat' dir='ltr'><strong>inter</strong></span> <span class='ocrx_word' id='word_1_161' title='bbox 1676 2239 1881 2309; x_wconf 84' lang='lat' dir='ltr'><strong>spinas.</strong></span> <span class='ocrx_word' id='word_1_162' title='bbox 1935 2238 2092 2293; x_wconf 81' lang='lat' dir='ltr'><strong>Cadit</strong></span> 
     </span>
    </p>
   </div>
   <div class='ocr_carea' id='block_1_22' title="bbox 498 2328 2090 2401">
    <p class='ocr_par' dir='ltr' id='par_1_22' title="bbox 498 2328 2090 2401">
     <span class='ocr_line' id='line_1_22' title="bbox 498 2328 2090 2401; baseline 0.003 -21"><span class='ocrx_word' id='word_1_163' title='bbox 498 2343 718 2397; x_wconf 85' lang='lat' dir='ltr'><strong>quoque</strong></span> <span class='ocrx_word' id='word_1_164' title='bbox 751 2329 974 2384; x_wconf 78' lang='lat' dir='ltr'><strong>verbum</strong></span> <span class='ocrx_word' id='word_1_165' title='bbox 1011 2328 1102 2385; x_wconf 92' lang='lat' dir='ltr'><strong>Dei</strong></span> <span class='ocrx_word' id='word_1_166' title='bbox 1160 2331 1300 2386; x_wconf 90' lang='lat' dir='ltr'><strong>inter</strong></span> <span class='ocrx_word' id='word_1_167' title='bbox 1326 2332 1539 2401; x_wconf 85' lang='lat' dir='ltr'><strong>spinas,</strong></span> <span class='ocrx_word' id='word_1_168' title='bbox 1576 2348 1703 2385; x_wconf 88' lang='lat' dir='ltr'><strong>cum</strong></span> <span class='ocrx_word' id='word_1_169' title='bbox 1735 2332 2032 2401; x_wconf 81' lang='lat' dir='ltr'><strong>suscipitur</strong></span> <span class='ocrx_word' id='word_1_170' title='bbox 2060 2347 2090 2385; x_wconf 91' lang='lat' dir='ltr'><strong>a</strong></span> 
     </span>
    </p>
   </div>
   <div class='ocr_carea' id='block_1_23' title="bbox 500 2421 2093 2494">
    <p class='ocr_par' dir='ltr' id='par_1_23' title="bbox 500 2421 2093 2494">
     <span class='ocr_line' id='line_1_23' title="bbox 500 2421 2093 2494; baseline 0.003 -20"><span class='ocrx_word' id='word_1_171' title='bbox 500 2421 665 2475; x_wconf 90' lang='lat' dir='ltr'><strong>corde</strong></span> <span class='ocrx_word' id='word_1_172' title='bbox 691 2421 1002 2476; x_wconf 83' lang='lat' dir='ltr'><strong>divitiarum</strong></span> <span class='ocrx_word' id='word_1_173' title='bbox 1036 2439 1191 2488; x_wconf 86' lang='lat' dir='ltr'><strong>cura,</strong></span> <span class='ocrx_word' id='word_1_174' title='bbox 1227 2424 1557 2490; x_wconf 78' lang='lat' dir='ltr'><strong>Sollicitudo,</strong></span> <span class='ocrx_word' id='word_1_175' title='bbox 1589 2434 1641 2479; x_wconf 91' lang='lat' dir='ltr'><strong>et</strong></span> <span class='ocrx_word' id='word_1_176' title='bbox 1673 2433 1799 2480; x_wconf 87' lang='lat' dir='ltr'><strong>tunc</strong></span> <span class='ocrx_word' id='word_1_177' title='bbox 1831 2423 2093 2494; x_wconf 68' lang='lat' dir='ltr'><strong>multipli«</strong></span> 
     </span>
    </p>
   </div>
   <div class='ocr_carea' id='block_1_24' title="bbox 499 2513 2093 2588">
    <p class='ocr_par' dir='ltr' id='par_1_24' title="bbox 499 2513 2093 2588">
     <span class='ocr_line' id='line_1_24' title="bbox 499 2513 2093 2588; baseline 0.003 -21"><span class='ocrx_word' id='word_1_178' title='bbox 499 2523 635 2567; x_wconf 59' lang='lat' dir='ltr'><strong>cata!</strong></span> <span class='ocrx_word' id='word_1_179' title='bbox 663 2513 863 2569; x_wconf 65' lang='lat' dir='ltr'><strong>divitia:</strong></span> <span class='ocrx_word' id='word_1_180' title='bbox 903 2530 1025 2585; x_wconf 65' lang='lat' dir='ltr'><strong>qua:</strong></span> <span class='ocrx_word' id='word_1_181' title='bbox 1058 2532 1150 2585; x_wconf 87' lang='lat' dir='ltr'><strong>per</strong></span> <span class='ocrx_word' id='word_1_182' title='bbox 1179 2517 1367 2586; x_wconf 87' lang='lat' dir='ltr'><strong>spinas</strong></span> <span class='ocrx_word' id='word_1_183' title='bbox 1396 2517 1792 2588; x_wconf 85' lang='lat' dir='ltr'><strong>intelliguntur,</strong></span> <span class='ocrx_word' id='word_1_184' title='bbox 1823 2527 2093 2587; x_wconf 87' lang='lat' dir='ltr'><strong>occupant</strong></span> 
     </span>
    </p>
   </div>
   <div class='ocr_carea' id='block_1_25' title="bbox 501 2605 2090 2677">
    <p class='ocr_par' dir='ltr' id='par_1_25' title="bbox 501 2605 2090 2677">
     <span class='ocr_line' id='line_1_25' title="bbox 501 2605 2090 2677; baseline 0 -16"><span class='ocrx_word' id='word_1_185' title='bbox 501 2614 760 2670; x_wconf 88' lang='lat' dir='ltr'><strong>mentem,</strong></span> <span class='ocrx_word' id='word_1_186' title='bbox 788 2614 848 2659; x_wconf 91' lang='lat' dir='ltr'><strong>ut</strong></span> <span class='ocrx_word' id='word_1_187' title='bbox 878 2605 1089 2661; x_wconf 83' lang='lat' dir='ltr'><strong>fruetus</strong></span> <span class='ocrx_word' id='word_1_188' title='bbox 1115 2608 1417 2677; x_wconf 84' lang='lat' dir='ltr'><strong>spiritualis</strong></span> <span class='ocrx_word' id='word_1_189' title='bbox 1469 2608 1520 2661; x_wconf 92' lang='lat' dir='ltr'><strong>iu</strong></span> <span class='ocrx_word' id='word_1_190' title='bbox 1577 2624 1639 2662; x_wconf 89' lang='lat' dir='ltr'><strong>ea</strong></span> <span class='ocrx_word' id='word_1_191' title='bbox 1672 2608 1935 2677; x_wconf 87' lang='lat' dir='ltr'><strong>proficere</strong></span> <span class='ocrx_word' id='word_1_192' title='bbox 1981 2623 2090 2663; x_wconf 91' lang='lat' dir='ltr'><strong>non</strong></span> 
     </span>
    </p>
   </div>
   <div class='ocr_carea' id='block_1_26' title="bbox 497 2696 2093 2769">
    <p class='ocr_par' dir='ltr' id='par_1_26' title="bbox 497 2696 2093 2769">
     <span class='ocr_line' id='line_1_26' title="bbox 497 2696 2093 2769; baseline 0.004 -21"><span class='ocrx_word' id='word_1_193' title='bbox 497 2696 692 2769; x_wconf 84' lang='lat' dir='ltr'><strong>possit.</strong></span> <span class='ocrx_word' id='word_1_194' title='bbox 738 2716 754 2747; x_wconf 85' lang='grc'>‹</span> <span class='ocrx_word' id='word_1_195' title='bbox 778 2697 895 2752; x_wconf 76' lang='lat' dir='ltr'><strong>Alia</strong></span> <span class='ocrx_word' id='word_1_196' title='bbox 926 2714 1056 2753; x_wconf 89' lang='lat' dir='ltr'><strong>vero</strong></span> <span class='ocrx_word' id='word_1_197' title='bbox 1082 2700 1397 2754; x_wconf 74' lang='lat' dir='ltr'><strong>ceciderunt</strong></span> <span class='ocrx_word' id='word_1_198' title='bbox 1431 2700 1483 2754; x_wconf 91' lang='lat' dir='ltr'><strong>in</strong></span> <span class='ocrx_word' id='word_1_199' title='bbox 1517 2711 1715 2755; x_wconf 89' lang='lat' dir='ltr'><strong>terram</strong></span> <span class='ocrx_word' id='word_1_200' title='bbox 1769 2700 1989 2765; x_wconf 87' lang='lat' dir='ltr'><strong>bonam,</strong></span> <span class='ocrx_word' id='word_1_201' title='bbox 2038 2710 2093 2755; x_wconf 90' lang='lat' dir='ltr'><strong>ct</strong></span> 
     </span>
    </p>
   </div>
   <div class='ocr_carea' id='block_1_27' title="bbox 498 2788 2089 2862">
    <p class='ocr_par' dir='ltr' id='par_1_27' title="bbox 498 2788 2089 2862">
     <span class='ocr_line' id='line_1_27' title="bbox 498 2788 2089 2862; baseline 0.003 -21"><span class='ocrx_word' id='word_1_202' title='bbox 498 2789 701 2844; x_wconf 82' lang='lat' dir='ltr'><strong>dabant</strong></span> <span class='ocrx_word' id='word_1_203' title='bbox 750 2788 1009 2857; x_wconf 73' lang='lat' dir='ltr'><strong>fructum,</strong></span> <span class='ocrx_word' id='word_1_204' title='bbox 1043 2791 1187 2845; x_wconf 85' lang='lat' dir='ltr'><strong>aliud</strong></span> <span class='ocrx_word' id='word_1_205' title='bbox 1221 2792 1605 2857; x_wconf 87' lang='lat' dir='ltr'><strong>centesimum,</strong></span> <span class='ocrx_word' id='word_1_206' title='bbox 1632 2790 1777 2847; x_wconf 88' lang='lat' dir='ltr'><strong>aliud</strong></span> <span class='ocrx_word' id='word_1_207' title='bbox 1812 2791 2089 2862; x_wconf 79' lang='lat' dir='ltr'><strong>sexagesi-</strong></span> 
     </span>
    </p>
   </div>
   <div class='ocr_carea' id='block_1_28' title="bbox 500 2881 2091 2947">
    <p class='ocr_par' dir='ltr' id='par_1_28' title="bbox 500 2881 2091 2947">
     <span class='ocr_line' id='line_1_28' title="bbox 500 2881 2091 2947; baseline -0.001 -7"><span class='ocrx_word' id='word_1_208' title='bbox 500 2896 672 2947; x_wconf 86' lang='lat' dir='ltr'><strong>mum,</strong></span> <span class='ocrx_word' id='word_1_209' title='bbox 690 2881 835 2937; x_wconf 86' lang='lat' dir='ltr'><strong>aliud</strong></span> <span class='ocrx_word' id='word_1_210' title='bbox 857 2883 1217 2937; x_wconf 83' lang='lat' dir='ltr'><strong>tricesimum.</strong></span> <span class='ocrx_word' id='word_1_211' title='bbox 1233 2903 1250 2931; x_wconf 72' lang='grc' dir='ltr'><strong>ι</strong></span> <span class='ocrx_word' id='word_1_212' title='bbox 1282 2882 1371 2937; x_wconf 87' lang='lat' dir='ltr'><strong>Sic</strong></span> <span class='ocrx_word' id='word_1_213' title='bbox 1397 2884 1450 2937; x_wconf 89' lang='lat' dir='ltr'><strong>in</strong></span> <span class='ocrx_word' id='word_1_214' title='bbox 1476 2891 1617 2937; x_wconf 90' lang='lat' dir='ltr'><strong>terra</strong></span> <span class='ocrx_word' id='word_1_215' title='bbox 1640 2883 1781 2937; x_wconf 90' lang='lat' dir='ltr'><strong>mala</strong></span> <span class='ocrx_word' id='word_1_216' title='bbox 1806 2892 1918 2939; x_wconf 90' lang='lat' dir='ltr'><strong>tres</strong></span> <span class='ocrx_word' id='word_1_217' title='bbox 1940 2881 2091 2938; x_wconf 83' lang='lat' dir='ltr'><strong>fuere</strong></span> 
     </span>
    </p>
   </div>
   <div class='ocr_carea' id='block_1_29' title="bbox 500 2973 2090 3040">
    <p class='ocr_par' dir='ltr' id='par_1_29' title="bbox 500 2973 2090 3040">
     <span class='ocr_line' id='line_1_29' title="bbox 500 2973 2090 3040; baseline 0.002 -15"><span class='ocrx_word' id='word_1_218' title='bbox 500 2973 866 3040; x_wconf 79' lang='lat' dir='ltr'><strong>diversitates,</strong></span> <span class='ocrx_word' id='word_1_219' title='bbox 897 2975 976 3027; x_wconf 84' lang='lat' dir='ltr'><strong>sic</strong></span> <span class='ocrx_word' id='word_1_220' title='bbox 1007 2984 1133 3028; x_wconf 88' lang='lat' dir='ltr'><strong>sunt</strong></span> <span class='ocrx_word' id='word_1_221' title='bbox 1158 2976 1210 3028; x_wconf 90' lang='lat' dir='ltr'><strong>in</strong></span> <span class='ocrx_word' id='word_1_222' title='bbox 1236 2975 1376 3028; x_wconf 91' lang='lat' dir='ltr'><strong>bona</strong></span> <span class='ocrx_word' id='word_1_223' title='bbox 1408 2984 1536 3029; x_wconf 88' lang='lat' dir='ltr'><strong>tres.</strong></span> <span class='ocrx_word' id='word_1_224' title='bbox 1557 2973 1712 3030; x_wconf 80' lang='lat' dir='ltr'><strong>Alius</strong></span> <span class='ocrx_word' id='word_1_225' title='bbox 1738 2975 1882 3029; x_wconf 90' lang='lat' dir='ltr'><strong>enim</strong></span> <span class='ocrx_word' id='word_1_226' title='bbox 1913 2974 2090 3029; x_wconf 86' lang='lat' dir='ltr'><strong>bonus</strong></span> 
     </span>
    </p>
   </div>
   <div class='ocr_carea' id='block_1_30' title="bbox 503 3064 2092 3136">
    <p class='ocr_par' dir='ltr' id='par_1_30' title="bbox 503 3064 2092 3136">
     <span class='ocr_line' id='line_1_30' title="bbox 503 3064 2092 3136; baseline 0.001 -17"><span class='ocrx_word' id='word_1_227' title='bbox 503 3073 609 3130; x_wconf 86' lang='lat' dir='ltr'><strong>est,</strong></span> <span class='ocrx_word' id='word_1_228' title='bbox 634 3065 776 3121; x_wconf 89' lang='lat' dir='ltr'><strong>alius</strong></span> <span class='ocrx_word' id='word_1_229' title='bbox 808 3067 1023 3132; x_wconf 84' lang='lat' dir='ltr'><strong>melior,</strong></span> <span class='ocrx_word' id='word_1_230' title='bbox 1043 3076 1091 3119; x_wconf 87' lang='lat' dir='ltr'><strong>et</strong></span> <span class='ocrx_word' id='word_1_231' title='bbox 1118 3067 1259 3121; x_wconf 85' lang='lat' dir='ltr'><strong>alius</strong></span> <span class='ocrx_word' id='word_1_232' title='bbox 1275 3064 1691 3136; x_wconf 59' lang='lat' dir='ltr'><strong>(iptinitls.:Cunl</strong></span> <span class='ocrx_word' id='word_1_233' title='bbox 1712 3066 1973 3122; x_wconf 89' lang='lat' dir='ltr'><strong>denarius</strong></span> <span class='ocrx_word' id='word_1_234' title='bbox 1995 3083 2092 3120; x_wconf 90' lang='lat' dir='ltr'><strong>nu-</strong></span> 
     </span>
    </p>
   </div>
   <div class='ocr_carea' id='block_1_31' title="bbox 501 3158 2087 3230">
    <p class='ocr_par' dir='ltr' id='par_1_31' title="bbox 501 3158 2087 3230">
     <span class='ocr_line' id='line_1_31' title="bbox 501 3158 2087 3230; baseline 0.003 -21"><span class='ocrx_word' id='word_1_235' title='bbox 501 3172 690 3212; x_wconf 86' lang='lat' dir='ltr'><strong>merus</strong></span> <span class='ocrx_word' id='word_1_236' title='bbox 720 3174 816 3225; x_wconf 72' lang='lat' dir='ltr'><strong>pro</strong></span> <span class='ocrx_word' id='word_1_237' title='bbox 850 3158 1185 3229; x_wconf 80' lang='lat' dir='ltr'><strong>perfectione</strong></span> <span class='ocrx_word' id='word_1_238' title='bbox 1224 3160 1396 3213; x_wconf 73' lang='lat' dir='ltr'><strong>soleat</strong></span> <span class='ocrx_word' id='word_1_239' title='bbox 1428 3159 1625 3228; x_wconf 88' lang='lat' dir='ltr'><strong>accipi,</strong></span> <span class='ocrx_word' id='word_1_240' title='bbox 1657 3159 1785 3230; x_wconf 87' lang='lat' dir='ltr'><strong>quia</strong></span> <span class='ocrx_word' id='word_1_241' title='bbox 1812 3160 1865 3213; x_wconf 93' lang='lat' dir='ltr'><strong>in</strong></span> <span class='ocrx_word' id='word_1_242' title='bbox 1896 3160 2087 3215; x_wconf 80' lang='lat' dir='ltr'><strong>decem</strong></span> 
     </span>
    </p>
   </div>
   <div class='ocr_carea' id='block_1_32' title="bbox 2192 677 3714 749">
    <p class='ocr_par' dir='ltr' id='par_1_32' title="bbox 2192 677 3714 749">
     <span class='ocr_line' id='line_1_32' title="bbox 2192 677 3714 749; baseline 0.006 -16"><span class='ocrx_word' id='word_1_243' title='bbox 2192 697 2313 734; x_wconf 84' lang='lat' dir='ltr'><strong>rum</strong></span> <span class='ocrx_word' id='word_1_244' title='bbox 2343 695 2547 743; x_wconf 88' lang='lat' dir='ltr'><strong>rerum,</strong></span> <span class='ocrx_word' id='word_1_245' title='bbox 2580 694 2721 749; x_wconf 90' lang='lat' dir='ltr'><strong>quas</strong></span> <span class='ocrx_word' id='word_1_246' title='bbox 2750 677 2992 748; x_wconf 84' lang='lat' dir='ltr'><strong>perversi</strong></span> <span class='ocrx_word' id='word_1_247' title='bbox 3041 693 3150 733; x_wconf 93' lang='lat' dir='ltr'><strong>non</strong></span> <span class='ocrx_word' id='word_1_248' title='bbox 3184 687 3475 748; x_wconf 87' lang='lat' dir='ltr'><strong>penetrant.</strong></span> <span class='ocrx_word' id='word_1_249' title='bbox 3498 682 3714 746; x_wconf 86' lang='lat' dir='ltr'><strong>Scorsum</strong></span> 
     </span>
    </p>
   </div>
   <div class='ocr_carea' id='block_1_33' title="bbox 2190 770 3714 842">
    <p class='ocr_par' dir='ltr' id='par_1_33' title="bbox 2190 770 3714 842">
     <span class='ocr_line' id='line_1_33' title="bbox 2190 770 3714 842; baseline 0.007 -15"><span class='ocrx_word' id='word_1_250' title='bbox 2190 781 2372 828; x_wconf 87' lang='lat' dir='ltr'><strong>autem</strong></span> <span class='ocrx_word' id='word_1_251' title='bbox 2404 772 2688 842; x_wconf 86' lang='lat' dir='ltr'><strong>discipulis</strong></span> <span class='ocrx_word' id='word_1_252' title='bbox 2752 772 2869 827; x_wconf 89' lang='lat' dir='ltr'><strong>suis</strong></span> <span class='ocrx_word' id='word_1_253' title='bbox 2900 770 3207 826; x_wconf 87' lang='lat' dir='ltr'><strong>disserebat</strong></span> <span class='ocrx_word' id='word_1_254' title='bbox 3240 772 3439 827; x_wconf 88' lang='lat' dir='ltr'><strong>omnia.</strong></span> <span class='ocrx_word' id='word_1_255' title='bbox 3485 773 3555 831; x_wconf 94' lang='lat' dir='ltr'><strong>llli</strong></span> <span class='ocrx_word' id='word_1_256' title='bbox 3598 783 3714 838; x_wconf 87' lang='lat' dir='ltr'><strong>enim</strong></span> 
     </span>
    </p>
   </div>
   <div class='ocr_carea' id='block_1_34' title="bbox 2189 861 3715 935">
    <p class='ocr_par' dir='ltr' id='par_1_34' title="bbox 2189 861 3715 935">
     <span class='ocr_line' id='line_1_34' title="bbox 2189 861 3715 935; baseline 0.006 -16"><span class='ocrx_word' id='word_1_257' title='bbox 2189 863 2338 935; x_wconf 83' lang='lat' dir='ltr'><strong>digni</strong></span> <span class='ocrx_word' id='word_1_258' title='bbox 2363 873 2520 920; x_wconf 90' lang='lat' dir='ltr'><strong>erant</strong></span> <span class='ocrx_word' id='word_1_259' title='bbox 2561 862 2753 918; x_wconf 89' lang='lat' dir='ltr'><strong>audire</strong></span> <span class='ocrx_word' id='word_1_260' title='bbox 2807 862 3064 934; x_wconf 74' lang='lat' dir='ltr'><strong>mysteria</strong></span> <span class='ocrx_word' id='word_1_261' title='bbox 3120 861 3174 915; x_wconf 92' lang='lat' dir='ltr'><strong>in</strong></span> <span class='ocrx_word' id='word_1_262' title='bbox 3220 862 3408 918; x_wconf 88' lang='lat' dir='ltr'><strong>intimo</strong></span> <span class='ocrx_word' id='word_1_263' title='bbox 3445 872 3715 935; x_wconf 83' lang='lat' dir='ltr'><strong>penetrabili</strong></span> 
     </span>
    </p>
   </div>
   <div class='ocr_carea' id='block_1_35' title="bbox 2190 953 3714 1026">
    <p class='ocr_par' dir='ltr' id='par_1_35' title="bbox 2190 953 3714 1026">
     <span class='ocr_line' id='line_1_35' title="bbox 2190 953 3714 1026; baseline 0.007 -17"><span class='ocrx_word' id='word_1_264' title='bbox 2190 956 2501 1026; x_wconf 62' lang='lat' dir='ltr'><strong>sapientiai,</strong></span> <span class='ocrx_word' id='word_1_265' title='bbox 2539 955 2632 1026; x_wconf 86' lang='lat' dir='ltr'><strong>qui</strong></span> <span class='ocrx_word' id='word_1_266' title='bbox 2669 954 2892 1010; x_wconf 89' lang='lat' dir='ltr'><strong>remotis</strong></span> <span class='ocrx_word' id='word_1_267' title='bbox 2923 953 3333 1024; x_wconf 73' lang='lat' dir='ltr'><strong>cogitationum!</strong></span> <span class='ocrx_word' id='word_1_268' title='bbox 3353 958 3637 1018; x_wconf 89' lang='lat' dir='ltr'><strong>tumultibus</strong></span> <span class='ocrx_word' id='word_1_269' title='bbox 3673 965 3714 1020; x_wconf 89' lang='lat' dir='ltr'><strong>in</strong></span> 
     </span>
    </p>
   </div>
   <div class='ocr_carea' id='block_1_36' title="bbox 2191 1044 3717 1119">
    <p class='ocr_par' dir='ltr' id='par_1_36' title="bbox 2191 1044 3717 1119">
     <span class='ocr_line' id='line_1_36' title="bbox 2191 1044 3717 1119; baseline 0.005 -18"><span class='ocrx_word' id='word_1_270' title='bbox 2191 1047 2486 1103; x_wconf 89' lang='lat' dir='ltr'><strong>solitudine</strong></span> <span class='ocrx_word' id='word_1_271' title='bbox 2514 1048 2776 1102; x_wconf 90' lang='lat' dir='ltr'><strong>virtutum</strong></span> <span class='ocrx_word' id='word_1_272' title='bbox 2804 1046 3213 1116; x_wconf 89' lang='lat' dir='ltr'><strong>permanebant.</strong></span> <span class='ocrx_word' id='word_1_273' title='bbox 3244 1044 3396 1100; x_wconf 67' lang='lat' dir='ltr'><strong>«Ideo</strong></span> <span class='ocrx_word' id='word_1_274' title='bbox 3418 1048 3468 1102; x_wconf 92' lang='lat' dir='ltr'><strong>in</strong></span> <span class='ocrx_word' id='word_1_275' title='bbox 3489 1054 3717 1119; x_wconf 82' lang='lat' dir='ltr'><strong>parabolis</strong></span> 
     </span>
    </p>
   </div>
   <div class='ocr_carea' id='block_1_37' title="bbox 2192 1137 3716 1209">
    <p class='ocr_par' dir='ltr' id='par_1_37' title="bbox 2192 1137 3716 1209">
     <span class='ocr_line' id='line_1_37' title="bbox 2192 1137 3716 1209; baseline 0.005 -17"><span class='ocrx_word' id='word_1_276' title='bbox 2192 1139 2386 1209; x_wconf 88' lang='lat' dir='ltr'><strong>loquor</strong></span> <span class='ocrx_word' id='word_1_277' title='bbox 2400 1139 2500 1203; x_wconf 90' lang='lat' dir='ltr'><strong>eis,</strong></span> <span class='ocrx_word' id='word_1_278' title='bbox 2520 1138 2647 1209; x_wconf 88' lang='lat' dir='ltr'><strong>quia</strong></span> <span class='ocrx_word' id='word_1_279' title='bbox 2671 1138 2914 1193; x_wconf 84' lang='lat' dir='ltr'><strong>videntes</strong></span> <span class='ocrx_word' id='word_1_280' title='bbox 2937 1153 3045 1191; x_wconf 92' lang='lat' dir='ltr'><strong>non</strong></span> <span class='ocrx_word' id='word_1_281' title='bbox 3069 1137 3270 1197; x_wconf 91' lang='lat' dir='ltr'><strong>vident,</strong></span> <span class='ocrx_word' id='word_1_282' title='bbox 3290 1146 3341 1191; x_wconf 88' lang='lat' dir='ltr'><strong>et</strong></span> <span class='ocrx_word' id='word_1_283' title='bbox 3362 1140 3617 1198; x_wconf 80' lang='lat' dir='ltr'><strong>audientes</strong></span> <span class='ocrx_word' id='word_1_284' title='bbox 3634 1162 3716 1202; x_wconf 86' lang='lat' dir='ltr'><strong>non</strong></span> 
     </span>
    </p>
   </div>
   <div class='ocr_carea' id='block_1_38' title="bbox 2192 1229 3719 1306">
    <p class='ocr_par' dir='ltr' id='par_1_38' title="bbox 2192 1229 3719 1306">
     <span class='ocr_line' id='line_1_38' title="bbox 2192 1229 3719 1306; baseline 0.005 -21"><span class='ocrx_word' id='word_1_285' title='bbox 2192 1233 2421 1285; x_wconf 84' lang='lat' dir='ltr'><strong>audiunt</strong></span> <span class='ocrx_word' id='word_1_286' title='bbox 2448 1247 2623 1301; x_wconf 88' lang='lat' dir='ltr'><strong>neque</strong></span> <span class='ocrx_word' id='word_1_287' title='bbox 2658 1230 2989 1300; x_wconf 84' lang='lat' dir='ltr'><strong>intelligunt,</strong></span> <span class='ocrx_word' id='word_1_288' title='bbox 3024 1239 3078 1284; x_wconf 93' lang='lat' dir='ltr'><strong>et</strong></span> <span class='ocrx_word' id='word_1_289' title='bbox 3107 1229 3432 1299; x_wconf 89' lang='lat' dir='ltr'><strong>adimpletur</strong></span> <span class='ocrx_word' id='word_1_290' title='bbox 3456 1232 3506 1287; x_wconf 89' lang='lat' dir='ltr'><strong>in</strong></span> <span class='ocrx_word' id='word_1_291' title='bbox 3534 1235 3604 1290; x_wconf 88' lang='lat' dir='ltr'><strong>eis</strong></span> <span class='ocrx_word' id='word_1_292' title='bbox 3622 1253 3719 1306; x_wconf 87' lang='lat' dir='ltr'><strong>pro-</strong></span> 
     </span>
    </p>
   </div>
   <div class='ocr_carea' id='block_1_39' title="bbox 2191 1319 3717 1392">
    <p class='ocr_par' dir='ltr' id='par_1_39' title="bbox 2191 1319 3717 1392">
     <span class='ocr_line' id='line_1_39' title="bbox 2191 1319 3717 1392; baseline 0.005 -16"><span class='ocrx_word' id='word_1_293' title='bbox 2191 1322 2372 1392; x_wconf 88' lang='lat' dir='ltr'><strong>phetia</strong></span> <span class='ocrx_word' id='word_1_294' title='bbox 2386 1322 2538 1377; x_wconf 72' lang='lat' dir='ltr'><strong>Isaize</strong></span> <span class='ocrx_word' id='word_1_295' title='bbox 2557 1319 2941 1389; x_wconf 76' lang='lat' dir='ltr'><strong>dicentisUsa.</strong></span> <span class='ocrx_word' id='word_1_296' title='bbox 2965 1324 3073 1387; x_wconf 80' lang='lat' dir='ltr'><strong>vi):</strong></span> <span class='ocrx_word' id='word_1_297' title='bbox 3101 1319 3303 1375; x_wconf 71' lang='lat' dir='ltr'><strong>Anditu</strong></span> <span class='ocrx_word' id='word_1_298' title='bbox 3332 1322 3717 1390; x_wconf 85' lang='lat' dir='ltr'><strong>audietis,etnon</strong></span> 
     </span>
    </p>
   </div>
   <div class='ocr_carea' id='block_1_40' title="bbox 2194 1411 3716 1483">
    <p class='ocr_par' dir='ltr' id='par_1_40' title="bbox 2194 1411 3716 1483">
     <span class='ocr_line' id='line_1_40' title="bbox 2194 1411 3716 1483; baseline 0.001 -16"><span class='ocrx_word' id='word_1_299' title='bbox 2194 1413 2504 1483; x_wconf 77' lang='lat' dir='ltr'><strong>intelligetis</strong></span> <span class='ocrx_word' id='word_1_300' title='bbox 2532 1432 2546 1469; x_wconf 90' lang='lat'><strong>:</strong></span> <span class='ocrx_word' id='word_1_301' title='bbox 2575 1423 2630 1469; x_wconf 91' lang='lat' dir='ltr'><strong>ct</strong></span> <span class='ocrx_word' id='word_1_302' title='bbox 2658 1414 2906 1469; x_wconf 86' lang='lat' dir='ltr'><strong>videntes</strong></span> <span class='ocrx_word' id='word_1_303' title='bbox 2928 1411 3203 1476; x_wconf 87' lang='lat' dir='ltr'><strong>videbitis,</strong></span> <span class='ocrx_word' id='word_1_304' title='bbox 3235 1424 3289 1467; x_wconf 91' lang='lat' dir='ltr'><strong>et</strong></span> <span class='ocrx_word' id='word_1_305' title='bbox 3332 1428 3438 1468; x_wconf 87' lang='lat' dir='ltr'><strong>non</strong></span> <span class='ocrx_word' id='word_1_306' title='bbox 3466 1415 3716 1473; x_wconf 62' lang='lat' dir='ltr'><strong>videbitis.»</strong></span> 
     </span>
    </p>
   </div>
   <div class='ocr_carea' id='block_1_41' title="bbox 2195 1502 3721 1572">
    <p class='ocr_par' dir='ltr' id='par_1_41' title="bbox 2195 1502 3721 1572">
     <span class='ocr_line' id='line_1_41' title="bbox 2195 1502 3721 1572; baseline 0.005 -17"><span class='ocrx_word' id='word_1_307' title='bbox 2195 1502 2451 1559; x_wconf 80' lang='lat' dir='ltr'><strong>Videntes</strong></span> <span class='ocrx_word' id='word_1_308' title='bbox 2480 1520 2589 1558; x_wconf 91' lang='lat' dir='ltr'><strong>non</strong></span> <span class='ocrx_word' id='word_1_309' title='bbox 2620 1503 2823 1568; x_wconf 91' lang='lat' dir='ltr'><strong>vident,</strong></span> <span class='ocrx_word' id='word_1_310' title='bbox 2854 1504 2956 1557; x_wconf 92' lang='lat' dir='ltr'><strong>hoc</strong></span> <span class='ocrx_word' id='word_1_311' title='bbox 2999 1512 3104 1569; x_wconf 87' lang='lat' dir='ltr'><strong>est,</strong></span> <span class='ocrx_word' id='word_1_312' title='bbox 3138 1502 3358 1570; x_wconf 83' lang='lat' dir='ltr'><strong>ingenio</strong></span> <span class='ocrx_word' id='word_1_313' title='bbox 3389 1517 3721 1572; x_wconf 72' lang='lat' dir='ltr'><strong>prmsumentcs</strong></span> 
     </span>
    </p>
   </div>
   <div class='ocr_carea' id='block_1_42' title="bbox 2194 1592 3723 1666">
    <p class='ocr_par' dir='ltr' id='par_1_42' title="bbox 2194 1592 3723 1666">
     <span class='ocr_line' id='line_1_42' title="bbox 2194 1592 3723 1666; baseline 0.001 -14"><span class='ocrx_word' id='word_1_314' title='bbox 2194 1612 2252 1652; x_wconf 84' lang='lat' dir='ltr'><strong>se</strong></span> <span class='ocrx_word' id='word_1_315' title='bbox 2277 1597 2479 1662; x_wconf 87' lang='lat' dir='ltr'><strong>videre,</strong></span> <span class='ocrx_word' id='word_1_316' title='bbox 2513 1595 2794 1666; x_wconf 90' lang='lat' dir='ltr'><strong>privantur</strong></span> <span class='ocrx_word' id='word_1_317' title='bbox 2816 1594 3086 1664; x_wconf 90' lang='lat' dir='ltr'><strong>spirituali</strong></span> <span class='ocrx_word' id='word_1_318' title='bbox 3133 1592 3406 1649; x_wconf 88' lang='lat' dir='ltr'><strong>intellectu</strong></span> <span class='ocrx_word' id='word_1_319' title='bbox 3437 1612 3451 1659; x_wconf 87' lang='lat'><strong>;</strong></span> <span class='ocrx_word' id='word_1_320' title='bbox 3477 1606 3522 1649; x_wconf 90' lang='lat' dir='ltr'><strong>et</strong></span> <span class='ocrx_word' id='word_1_321' title='bbox 3542 1598 3723 1654; x_wconf 87' lang='lat' dir='ltr'><strong>audien-</strong></span> 
     </span>
    </p>
   </div>
   <div class='ocr_carea' id='block_1_43' title="bbox 2196 1687 3718 1761">
    <p class='ocr_par' dir='ltr' id='par_1_43' title="bbox 2196 1687 3718 1761">
     <span class='ocr_line' id='line_1_43' title="bbox 2196 1687 3718 1761; baseline 0.003 -19"><span class='ocrx_word' id='word_1_322' title='bbox 2196 1698 2275 1744; x_wconf 90' lang='lat' dir='ltr'><strong>tes</strong></span> <span class='ocrx_word' id='word_1_323' title='bbox 2301 1687 2433 1743; x_wconf 83' lang='lat' dir='ltr'><strong>foris</strong></span> <span class='ocrx_word' id='word_1_324' title='bbox 2462 1703 2570 1742; x_wconf 92' lang='lat' dir='ltr'><strong>non</strong></span> <span class='ocrx_word' id='word_1_325' title='bbox 2602 1687 2831 1743; x_wconf 90' lang='lat' dir='ltr'><strong>audiunt</strong></span> <span class='ocrx_word' id='word_1_326' title='bbox 2853 1687 3018 1741; x_wconf 90' lang='lat' dir='ltr'><strong>corde</strong></span> <span class='ocrx_word' id='word_1_327' title='bbox 3037 1687 3182 1757; x_wconf 89' lang='lat' dir='ltr'><strong>quod</strong></span> <span class='ocrx_word' id='word_1_328' title='bbox 3212 1696 3298 1740; x_wconf 87' lang='lat' dir='ltr'><strong>est</strong></span> <span class='ocrx_word' id='word_1_329' title='bbox 3323 1703 3427 1742; x_wconf 91' lang='lat' dir='ltr'><strong>non</strong></span> <span class='ocrx_word' id='word_1_330' title='bbox 3456 1688 3718 1761; x_wconf 86' lang='lat' dir='ltr'><strong>intelligere.</strong></span> 
     </span>
    </p>
   </div>
   <div class='ocr_carea' id='block_1_44' title="bbox 2199 1780 3724 1852">
    <p class='ocr_par' dir='ltr' id='par_1_44' title="bbox 2199 1780 3724 1852">
     <span class='ocr_line' id='line_1_44' title="bbox 2199 1780 3724 1852; baseline 0.002 -16"><span class='ocrx_word' id='word_1_331' title='bbox 2199 1780 2354 1836; x_wconf 88' lang='lat' dir='ltr'><strong>Unde</strong></span> <span class='ocrx_word' id='word_1_332' title='bbox 2399 1780 2571 1836; x_wconf 88' lang='lat' dir='ltr'><strong>Isaias</strong></span> <span class='ocrx_word' id='word_1_333' title='bbox 2614 1798 2627 1834; x_wconf 92' lang='lat'>:</span> <span class='ocrx_word' id='word_1_334' title='bbox 2671 1780 2876 1834; x_wconf 87' lang='lat' dir='ltr'><strong>Auditu</strong></span> <span class='ocrx_word' id='word_1_335' title='bbox 2925 1780 3183 1834; x_wconf 78' lang='lat' dir='ltr'><strong>exteriori</strong></span> <span class='ocrx_word' id='word_1_336' title='bbox 3238 1780 3470 1835; x_wconf 84' lang='lat' dir='ltr'><strong>audietis</strong></span> <span class='ocrx_word' id='word_1_337' title='bbox 3515 1785 3724 1852; x_wconf 75' lang='lat' dir='ltr'><strong>pradica-</strong></span> 
     </span>
    </p>
   </div>
   <div class='ocr_carea' id='block_1_45' title="bbox 2198 1871 3718 1941">
    <p class='ocr_par' dir='ltr' id='par_1_45' title="bbox 2198 1871 3718 1941">
     <span class='ocr_line' id='line_1_45' title="bbox 2198 1871 3718 1941; baseline 0.002 -13"><span class='ocrx_word' id='word_1_338' title='bbox 2198 1874 2401 1928; x_wconf 90' lang='lat' dir='ltr'><strong>tionem</strong></span> <span class='ocrx_word' id='word_1_339' title='bbox 2424 1871 2630 1927; x_wconf 89' lang='lat' dir='ltr'><strong>Christi</strong></span> <span class='ocrx_word' id='word_1_340' title='bbox 2659 1882 2713 1927; x_wconf 89' lang='lat' dir='ltr'><strong>et</strong></span> <span class='ocrx_word' id='word_1_341' title='bbox 2741 1888 2847 1926; x_wconf 91' lang='lat' dir='ltr'><strong>non</strong></span> <span class='ocrx_word' id='word_1_342' title='bbox 2883 1872 3217 1941; x_wconf 79' lang='lat' dir='ltr'><strong>intelligetis.</strong></span> <span class='ocrx_word' id='word_1_343' title='bbox 3277 1882 3330 1926; x_wconf 81' lang='lat' dir='ltr'><strong>et</strong></span> <span class='ocrx_word' id='word_1_344' title='bbox 3391 1873 3603 1930; x_wconf 86' lang='lat' dir='ltr'><strong>videntes</strong></span> <span class='ocrx_word' id='word_1_345' title='bbox 3633 1893 3718 1932; x_wconf 77' lang='grc' dir='ltr'><strong>ετο-</strong></span> 
     </span>
    </p>
   </div>
   <div class='ocr_carea' id='block_1_46' title="bbox 2196 1961 3724 2035">
    <p class='ocr_par' dir='ltr' id='par_1_46' title="bbox 2196 1961 3724 2035">
     <span class='ocr_line' id='line_1_46' title="bbox 2196 1961 3724 2035; baseline 0.006 -22"><span class='ocrx_word' id='word_1_346' title='bbox 2196 1971 2428 2032; x_wconf 88' lang='lat' dir='ltr'><strong>quenler</strong></span> <span class='ocrx_word' id='word_1_347' title='bbox 2459 1961 2714 2016; x_wconf 86' lang='lat' dir='ltr'><strong>videbitis</strong></span> <span class='ocrx_word' id='word_1_348' title='bbox 2745 1961 3002 2016; x_wconf 62' lang='lat' dir='ltr'><strong>exteriori</strong></span> <span class='ocrx_word' id='word_1_349' title='bbox 3061 1962 3181 2016; x_wconf 73' lang='lat' dir='ltr'><strong>visu</strong></span> <span class='ocrx_word' id='word_1_350' title='bbox 3226 1962 3486 2018; x_wconf 85' lang='lat' dir='ltr'><strong>miracula</strong></span> <span class='ocrx_word' id='word_1_351' title='bbox 3530 1965 3648 2035; x_wconf 86' lang='lat' dir='ltr'><strong>ejus.</strong></span> <span class='ocrx_word' id='word_1_352' title='bbox 3683 1977 3724 2022; x_wconf 79' lang='lat' dir='ltr'><strong>et</strong></span> 
     </span>
    </p>
   </div>
   <div class='ocr_carea' id='block_1_47' title="bbox 2196 2053 3724 2114">
    <p class='ocr_par' dir='ltr' id='par_1_47' title="bbox 2196 2053 3724 2114">
     <span class='ocr_line' id='line_1_47' title="bbox 2196 2053 3724 2114; baseline 0.003 -7"><span class='ocrx_word' id='word_1_353' title='bbox 2196 2070 2303 2108; x_wconf 89' lang='lat' dir='ltr'><strong>non</strong></span> <span class='ocrx_word' id='word_1_354' title='bbox 2355 2053 2607 2109; x_wconf 80' lang='lat' dir='ltr'><strong>videbitis</strong></span> <span class='ocrx_word' id='word_1_355' title='bbox 2643 2054 2805 2108; x_wconf 84' lang='lat' dir='ltr'><strong>oculo</strong></span> <span class='ocrx_word' id='word_1_356' title='bbox 2843 2053 3061 2109; x_wconf 80' lang='lat' dir='ltr'><strong>mentis.</strong></span> <span class='ocrx_word' id='word_1_357' title='bbox 3100 2073 3117 2106; x_wconf 84' lang='grc' dir='ltr'><strong>ι</strong></span> <span class='ocrx_word' id='word_1_358' title='bbox 3161 2053 3521 2110; x_wconf 77' lang='lat' dir='ltr'><strong>Incrassatuni</strong></span> <span class='ocrx_word' id='word_1_359' title='bbox 3549 2069 3617 2112; x_wconf 87' lang='lat' dir='ltr'><strong>est</strong></span> <span class='ocrx_word' id='word_1_360' title='bbox 3651 2074 3724 2114; x_wconf 87' lang='lat' dir='ltr'><strong>eor</strong></span> 
     </span>
    </p>
   </div>
   <div class='ocr_carea' id='block_1_48' title="bbox 2196 2146 3726 2219">
    <p class='ocr_par' dir='ltr' id='par_1_48' title="bbox 2196 2146 3726 2219">
     <span class='ocr_line' id='line_1_48' title="bbox 2196 2146 3726 2219; baseline 0.004 -20"><span class='ocrx_word' id='word_1_361' title='bbox 2196 2146 2380 2218; x_wconf 89' lang='lat' dir='ltr'><strong>populi</strong></span> <span class='ocrx_word' id='word_1_362' title='bbox 2444 2147 2626 2217; x_wconf 88' lang='lat' dir='ltr'><strong>hujus,</strong></span> <span class='ocrx_word' id='word_1_363' title='bbox 2678 2157 2731 2201; x_wconf 89' lang='lat' dir='ltr'><strong>et</strong></span> <span class='ocrx_word' id='word_1_364' title='bbox 2787 2147 3017 2202; x_wconf 90' lang='lat' dir='ltr'><strong>auribus</strong></span> <span class='ocrx_word' id='word_1_365' title='bbox 3054 2148 3291 2219; x_wconf 80' lang='lat' dir='ltr'><strong>graviter</strong></span> <span class='ocrx_word' id='word_1_366' title='bbox 3375 2150 3647 2210; x_wconf 81' lang='lat' dir='ltr'><strong>aulicruut.</strong></span> <span class='ocrx_word' id='word_1_367' title='bbox 3684 2161 3726 2205; x_wconf 89' lang='lat' dir='ltr'><strong>et</strong></span> 
     </span>
    </p>
   </div>
   <div class='ocr_carea' id='block_1_49' title="bbox 2195 2240 3723 2310">
    <p class='ocr_par' dir='ltr' id='par_1_49' title="bbox 2195 2240 3723 2310">
     <span class='ocr_line' id='line_1_49' title="bbox 2195 2240 3723 2310; baseline 0.001 -17"><span class='ocrx_word' id='word_1_368' title='bbox 2195 2241 2385 2295; x_wconf 91' lang='lat' dir='ltr'><strong>oculos</strong></span> <span class='ocrx_word' id='word_1_369' title='bbox 2422 2255 2554 2295; x_wconf 92' lang='lat' dir='ltr'><strong>suos</strong></span> <span class='ocrx_word' id='word_1_370' title='bbox 2608 2240 2947 2306; x_wconf 78' lang='lat' dir='ltr'><strong>clauserunt,</strong></span> <span class='ocrx_word' id='word_1_371' title='bbox 2978 2240 3270 2310; x_wconf 89' lang='lat' dir='ltr'><strong>nequando</strong></span> <span class='ocrx_word' id='word_1_372' title='bbox 3321 2241 3495 2296; x_wconf 88' lang='lat' dir='ltr'><strong>oeulis</strong></span> <span class='ocrx_word' id='word_1_373' title='bbox 3536 2241 3723 2304; x_wconf 87' lang='lat' dir='ltr'><strong>videant,</strong></span> 
     </span>
    </p>
   </div>
   <div class='ocr_carea' id='block_1_50' title="bbox 2194 2331 3726 2403">
    <p class='ocr_par' dir='ltr' id='par_1_50' title="bbox 2194 2331 3726 2403">
     <span class='ocr_line' id='line_1_50' title="bbox 2194 2331 3726 2403; baseline -0.001 -17"><span class='ocrx_word' id='word_1_374' title='bbox 2194 2341 2248 2386; x_wconf 91' lang='lat' dir='ltr'><strong>ct</strong></span> <span class='ocrx_word' id='word_1_375' title='bbox 2271 2331 2498 2386; x_wconf 89' lang='lat' dir='ltr'><strong>auribus</strong></span> <span class='ocrx_word' id='word_1_376' title='bbox 2520 2332 2766 2395; x_wconf 87' lang='lat' dir='ltr'><strong>audiant,</strong></span> <span class='ocrx_word' id='word_1_377' title='bbox 2782 2340 2835 2385; x_wconf 87' lang='lat' dir='ltr'><strong>et</strong></span> <span class='ocrx_word' id='word_1_378' title='bbox 2861 2331 3025 2386; x_wconf 77' lang='lat' dir='ltr'><strong>corde</strong></span> <span class='ocrx_word' id='word_1_379' title='bbox 3040 2331 3372 2403; x_wconf 86' lang='lat' dir='ltr'><strong>intelligant,</strong></span> <span class='ocrx_word' id='word_1_380' title='bbox 3405 2343 3455 2388; x_wconf 89' lang='lat' dir='ltr'><strong>et</strong></span> <span class='ocrx_word' id='word_1_381' title='bbox 3477 2343 3726 2388; x_wconf 73' lang='lat' dir='ltr'><strong>convenae-</strong></span> 
     </span>
    </p>
   </div>
   <div class='ocr_carea' id='block_1_51' title="bbox 2204 2421 3728 2490">
    <p class='ocr_par' dir='ltr' id='par_1_51' title="bbox 2204 2421 3728 2490">
     <span class='ocr_line' id='line_1_51' title="bbox 2204 2421 3728 2490; baseline -0.001 -15"><span class='ocrx_word' id='word_1_382' title='bbox 2204 2431 2290 2476; x_wconf 89' lang='lat' dir='ltr'><strong>tur</strong></span> <span class='ocrx_word' id='word_1_383' title='bbox 2320 2430 2375 2476; x_wconf 91' lang='lat' dir='ltr'><strong>et</strong></span> <span class='ocrx_word' id='word_1_384' title='bbox 2407 2437 2595 2477; x_wconf 89' lang='lat' dir='ltr'><strong>sanem</strong></span> <span class='ocrx_word' id='word_1_385' title='bbox 2629 2436 2727 2477; x_wconf 92' lang='lat' dir='ltr'><strong>eos</strong></span> <span class='ocrx_word' id='word_1_386' title='bbox 2766 2423 2931 2490; x_wconf 80' lang='lat' dir='ltr'><strong>(ibid.</strong></span> <span class='ocrx_word' id='word_1_387' title='bbox 2960 2423 3002 2489; x_wconf 86' lang='lat'><strong>).</strong></span> <span class='ocrx_word' id='word_1_388' title='bbox 3026 2439 3044 2474; x_wconf 81' lang='grc' dir='ltr'><strong>ι</strong></span> <span class='ocrx_word' id='word_1_389' title='bbox 3078 2421 3431 2477; x_wconf 75' lang='lat' dir='ltr'><strong>Abundantia</strong></span> <span class='ocrx_word' id='word_1_390' title='bbox 3461 2421 3646 2477; x_wconf 63' lang='lat' dir='ltr'><strong>malitis</strong></span> <span class='ocrx_word' id='word_1_391' title='bbox 3668 2421 3728 2475; x_wconf 87' lang='lat' dir='ltr'><strong>di-</strong></span> 
     </span>
    </p>
   </div>
   <div class='ocr_carea' id='block_1_52' title="bbox 2194 2513 3729 2586">
    <p class='ocr_par' dir='ltr' id='par_1_52' title="bbox 2194 2513 3729 2586">
     <span class='ocr_line' id='line_1_52' title="bbox 2194 2513 3729 2586; baseline -0.003 -16"><span class='ocrx_word' id='word_1_392' title='bbox 2194 2516 2339 2570; x_wconf 86' lang='lat' dir='ltr'><strong>citur</strong></span> <span class='ocrx_word' id='word_1_393' title='bbox 2360 2516 2723 2570; x_wconf 81' lang='lat' dir='ltr'><strong>iuerassaluni</strong></span> <span class='ocrx_word' id='word_1_394' title='bbox 2743 2530 2837 2570; x_wconf 91' lang='lat' dir='ltr'><strong>cor</strong></span> <span class='ocrx_word' id='word_1_395' title='bbox 2851 2513 3189 2570; x_wconf 67' lang='lat' dir='ltr'><strong>Jutlmorum.</strong></span> <span class='ocrx_word' id='word_1_396' title='bbox 3211 2517 3548 2586; x_wconf 77' lang='lat' dir='ltr'><strong>Quapropter</strong></span> <span class='ocrx_word' id='word_1_397' title='bbox 3566 2516 3729 2585; x_wconf 74' lang='lat' dir='ltr'><strong>ingrate</strong></span> 
     </span>
    </p>
   </div>
   <div class='ocr_carea' id='block_1_53' title="bbox 2196 2606 3731 2679">
    <p class='ocr_par' dir='ltr' id='par_1_53' title="bbox 2196 2606 3731 2679">
     <span class='ocr_line' id='line_1_53' title="bbox 2196 2606 3731 2679; baseline -0.002 -17"><span class='ocrx_word' id='word_1_398' title='bbox 2196 2617 2558 2678; x_wconf 86' lang='lat' dir='ltr'><strong>susceperunt</strong></span> <span class='ocrx_word' id='word_1_399' title='bbox 2595 2609 2760 2663; x_wconf 88' lang='lat' dir='ltr'><strong>verba</strong></span> <span class='ocrx_word' id='word_1_400' title='bbox 2809 2606 3047 2673; x_wconf 85' lang='lat' dir='ltr'><strong>Domini,</strong></span> <span class='ocrx_word' id='word_1_401' title='bbox 3099 2608 3248 2678; x_wconf 90' lang='lat' dir='ltr'><strong>quod</strong></span> <span class='ocrx_word' id='word_1_402' title='bbox 3295 2607 3403 2663; x_wconf 83' lang='lat' dir='ltr'><strong>fuit</strong></span> <span class='ocrx_word' id='word_1_403' title='bbox 3435 2608 3731 2679; x_wconf 82' lang='lat' dir='ltr'><strong>graviterau-</strong></span> 
     </span>
    </p>
   </div>
   <div class='ocr_carea' id='block_1_54' title="bbox 2199 2698 3731 2763">
    <p class='ocr_par' dir='ltr' id='par_1_54' title="bbox 2199 2698 3731 2763">
     <span class='ocr_line' id='line_1_54' title="bbox 2199 2698 3731 2763; baseline -0.002 -9"><span class='ocrx_word' id='word_1_404' title='bbox 2199 2699 2337 2754; x_wconf 90' lang='lat' dir='ltr'><strong>dire.</strong></span> <span class='ocrx_word' id='word_1_405' title='bbox 2378 2698 2583 2755; x_wconf 88' lang='lat' dir='ltr'><strong>Oculos</strong></span> <span class='ocrx_word' id='word_1_406' title='bbox 2617 2715 2749 2756; x_wconf 91' lang='lat' dir='ltr'><strong>suos</strong></span> <span class='ocrx_word' id='word_1_407' title='bbox 2777 2700 3044 2756; x_wconf 88' lang='lat' dir='ltr'><strong>clausisse</strong></span> <span class='ocrx_word' id='word_1_408' title='bbox 3071 2700 3354 2763; x_wconf 86' lang='lat' dir='ltr'><strong>dicuntur,</strong></span> <span class='ocrx_word' id='word_1_409' title='bbox 3375 2717 3447 2755; x_wconf 88' lang='lat' dir='ltr'><strong>ne</strong></span> <span class='ocrx_word' id='word_1_410' title='bbox 3468 2700 3731 2755; x_wconf 80' lang='lat' dir='ltr'><strong>arbitremur</strong></span> 
     </span>
    </p>
   </div>
   <div class='ocr_carea' id='block_1_55' title="bbox 2192 2792 3729 2862">
    <p class='ocr_par' dir='ltr' id='par_1_55' title="bbox 2192 2792 3729 2862">
     <span class='ocr_line' id='line_1_55' title="bbox 2192 2792 3729 2862; baseline -0.001 -17"><span class='ocrx_word' id='word_1_411' title='bbox 2192 2806 2314 2848; x_wconf 88' lang='lat' dir='ltr'><strong>esse</strong></span> <span class='ocrx_word' id='word_1_412' title='bbox 2367 2792 2582 2862; x_wconf 89' lang='lat' dir='ltr'><strong>culpam</strong></span> <span class='ocrx_word' id='word_1_413' title='bbox 2634 2802 2864 2854; x_wconf 80' lang='lat' dir='ltr'><strong>naturae,</strong></span> <span class='ocrx_word' id='word_1_414' title='bbox 2918 2808 3027 2847; x_wconf 90' lang='lat' dir='ltr'><strong>non</strong></span> <span class='ocrx_word' id='word_1_415' title='bbox 3078 2794 3408 2848; x_wconf 77' lang='lat' dir='ltr'><strong>voluntatis.</strong></span> <span class='ocrx_word' id='word_1_416' title='bbox 3452 2793 3573 2846; x_wconf 75' lang='lat' dir='ltr'><strong>(lum</strong></span> <span class='ocrx_word' id='word_1_417' title='bbox 3619 2792 3729 2845; x_wconf 73' lang='lat' dir='ltr'><strong>enim</strong></span> 
     </span>
    </p>
   </div>
   <div class='ocr_carea' id='block_1_56' title="bbox 2193 2882 3728 2958">
    <p class='ocr_par' dir='ltr' id='par_1_56' title="bbox 2193 2882 3728 2958">
     <span class='ocr_line' id='line_1_56' title="bbox 2193 2882 3728 2958; baseline -0.002 -19"><span class='ocrx_word' id='word_1_418' title='bbox 2193 2894 2417 2958; x_wconf 86' lang='lat' dir='ltr'><strong>possent</strong></span> <span class='ocrx_word' id='word_1_419' title='bbox 2437 2886 2677 2957; x_wconf 88' lang='lat' dir='ltr'><strong>c0gitare</strong></span> <span class='ocrx_word' id='word_1_420' title='bbox 2693 2896 2747 2941; x_wconf 86' lang='lat' dir='ltr'><strong>ct</strong></span> <span class='ocrx_word' id='word_1_421' title='bbox 2777 2885 3098 2957; x_wconf 81' lang='lat' dir='ltr'><strong>intelligere,</strong></span> <span class='ocrx_word' id='word_1_422' title='bbox 3117 2897 3441 2942; x_wconf 75' lang='lat' dir='ltr'><strong>averterunt</strong></span> <span class='ocrx_word' id='word_1_423' title='bbox 3466 2901 3563 2957; x_wconf 69' lang='lat' dir='ltr'><strong>pra!</strong></span> <span class='ocrx_word' id='word_1_424' title='bbox 3578 2882 3728 2938; x_wconf 75' lang='lat' dir='ltr'><strong>invidia</strong></span> 
     </span>
    </p>
   </div>
   <div class='ocr_carea' id='block_1_57' title="bbox 2194 2977 3734 3049">
    <p class='ocr_par' dir='ltr' id='par_1_57' title="bbox 2194 2977 3734 3049">
     <span class='ocr_line' id='line_1_57' title="bbox 2194 2977 3734 3049; baseline -0.004 -17"><span class='ocrx_word' id='word_1_425' title='bbox 2194 2977 2451 3033; x_wconf 89' lang='lat' dir='ltr'><strong>intuitum</strong></span> <span class='ocrx_word' id='word_1_426' title='bbox 2482 2977 2704 3042; x_wconf 91' lang='lat' dir='ltr'><strong>mentis,</strong></span> <span class='ocrx_word' id='word_1_427' title='bbox 2748 2987 2803 3032; x_wconf 92' lang='lat' dir='ltr'><strong>et</strong></span> <span class='ocrx_word' id='word_1_428' title='bbox 2846 2977 2918 3031; x_wconf 91' lang='lat' dir='ltr'><strong>ita</strong></span> <span class='ocrx_word' id='word_1_429' title='bbox 2970 2978 3072 3049; x_wconf 92' lang='lat' dir='ltr'><strong>ipsi</strong></span> <span class='ocrx_word' id='word_1_430' title='bbox 3115 2978 3219 3034; x_wconf 89' lang='lat' dir='ltr'><strong>sibi</strong></span> <span class='ocrx_word' id='word_1_431' title='bbox 3257 2994 3432 3034; x_wconf 84' lang='lat' dir='ltr'><strong>causa</strong></span> <span class='ocrx_word' id='word_1_432' title='bbox 3466 2977 3652 3031; x_wconf 87' lang='lat' dir='ltr'><strong>fuerunt</strong></span> <span class='ocrx_word' id='word_1_433' title='bbox 3689 2984 3734 3028; x_wconf 85' lang='lat' dir='ltr'><strong>ut</strong></span> 
     </span>
    </p>
   </div>
   <div class='ocr_carea' id='block_1_58' title="bbox 2196 3065 3734 3126">
    <p class='ocr_par' dir='ltr' id='par_1_58' title="bbox 2196 3065 3734 3126">
     <span class='ocr_line' id='line_1_58' title="bbox 2196 3065 3734 3126; baseline 0 -3"><span class='ocrx_word' id='word_1_434' title='bbox 2196 3068 2337 3125; x_wconf 90' lang='lat' dir='ltr'><strong>Deus</strong></span> <span class='ocrx_word' id='word_1_435' title='bbox 2357 3084 2453 3125; x_wconf 90' lang='lat' dir='ltr'><strong>eos</strong></span> <span class='ocrx_word' id='word_1_436' title='bbox 2475 3069 2778 3125; x_wconf 91' lang='lat' dir='ltr'><strong>deserendo</strong></span> <span class='ocrx_word' id='word_1_437' title='bbox 2798 3079 3116 3125; x_wconf 73' lang='lat' dir='ltr'><strong>excmearet.</strong></span> <span class='ocrx_word' id='word_1_438' title='bbox 3137 3069 3292 3125; x_wconf 90' lang='lat' dir='ltr'><strong>Unde</strong></span> <span class='ocrx_word' id='word_1_439' title='bbox 3313 3069 3572 3126; x_wconf 81' lang='lat' dir='ltr'><strong>Joannes:</strong></span> <span class='ocrx_word' id='word_1_440' title='bbox 3598 3087 3613 3117; x_wconf 75' lang='grc' dir='ltr'><strong>ι</strong></span> <span class='ocrx_word' id='word_1_441' title='bbox 3632 3065 3734 3119; x_wconf 79' lang='lat' dir='ltr'><strong>Pro-</strong></span> 
     </span>
    </p>
   </div>
   <div class='ocr_carea' id='block_1_59' title="bbox 2192 3158 3733 3234">
    <p class='ocr_par' dir='ltr' id='par_1_59' title="bbox 2192 3158 3733 3234">
     <span class='ocr_line' id='line_1_59' title="bbox 2192 3158 3733 3234; baseline -0.003 -19"><span class='ocrx_word' id='word_1_442' title='bbox 2192 3170 2375 3231; x_wconf 88' lang='lat' dir='ltr'><strong>pterea</strong></span> <span class='ocrx_word' id='word_1_443' title='bbox 2430 3177 2538 3216; x_wconf 91' lang='lat' dir='ltr'><strong>non</strong></span> <span class='ocrx_word' id='word_1_444' title='bbox 2586 3171 2886 3232; x_wconf 78' lang='lat' dir='ltr'><strong>potuerunt</strong></span> <span class='ocrx_word' id='word_1_445' title='bbox 2926 3162 3169 3229; x_wconf 88' lang='lat' dir='ltr'><strong>credere,</strong></span> <span class='ocrx_word' id='word_1_446' title='bbox 3211 3164 3341 3234; x_wconf 90' lang='lat' dir='ltr'><strong>quia</strong></span> <span class='ocrx_word' id='word_1_447' title='bbox 3388 3162 3522 3218; x_wconf 78' lang='lat' dir='ltr'><strong>dixit</strong></span> <span class='ocrx_word' id='word_1_448' title='bbox 3565 3158 3733 3214; x_wconf 87' lang='lat' dir='ltr'><strong>Isaias:</strong></span> 
     </span>
    </p>
   </div>
   <div class='ocr_carea' id='block_1_60' title="bbox 502 3251 3731 3328">
    <p class='ocr_par' dir='ltr' id='par_1_60' title="bbox 502 3251 3731 3328">
     <span class='ocr_line' id='line_1_60' title="bbox 502 3251 3731 3328; baseline 0 -23"><span class='ocrx_word' id='word_1_449' title='bbox 502 3252 785 3322; x_wconf 70' lang='lat' dir='ltr'><strong>prmerptis</strong></span> <span class='ocrx_word' id='word_1_450' title='bbox 836 3252 972 3320; x_wconf 76' lang='lat' dir='ltr'><strong>legis</strong></span> <span class='ocrx_word' id='word_1_451' title='bbox 1042 3251 1290 3307; x_wconf 84' lang='lat' dir='ltr'><strong>custodia</strong></span> <span class='ocrx_word' id='word_1_452' title='bbox 1344 3252 1677 3315; x_wconf 88' lang='lat' dir='ltr'><strong>continetur,</strong></span> <span class='ocrx_word' id='word_1_453' title='bbox 1740 3252 2090 3308; x_wconf 87' lang='lat' dir='ltr'><strong>centenarius</strong></span> <span class='ocrx_word' id='word_1_454' title='bbox 2116 3270 2157 3328; x_wconf 66' lang='grc' dir='ltr'><strong>(ς</strong></span> <span class='ocrx_word' id='word_1_455' title='bbox 2193 3252 2499 3308; x_wconf 74' lang='lat' dir='ltr'><strong>Excmcavit</strong></span> <span class='ocrx_word' id='word_1_456' title='bbox 2532 3254 2722 3310; x_wconf 90' lang='lat' dir='ltr'><strong>oculos</strong></span> <span class='ocrx_word' id='word_1_457' title='bbox 2754 3269 2945 3310; x_wconf 91' lang='lat' dir='ltr'><strong>eorum</strong></span> <span class='ocrx_word' id='word_1_458' title='bbox 2985 3264 3045 3310; x_wconf 95' lang='lat' dir='ltr'><strong>ut</strong></span> <span class='ocrx_word' id='word_1_459' title='bbox 3077 3271 3183 3310; x_wconf 91' lang='lat' dir='ltr'><strong>non</strong></span> <span class='ocrx_word' id='word_1_460' title='bbox 3213 3255 3441 3311; x_wconf 84' lang='lat' dir='ltr'><strong>videant</strong></span> <span class='ocrx_word' id='word_1_461' title='bbox 3468 3253 3626 3325; x_wconf 79' lang='lat' dir='ltr'><strong>(Joan.</strong></span> <span class='ocrx_word' id='word_1_462' title='bbox 3648 3265 3731 3314; x_wconf 76' lang='lat' dir='ltr'><strong>xu;</strong></span> 
     </span>
    </p>
   </div>
   <div class='ocr_carea' id='block_1_61' title="bbox 498 3344 2090 3416">
    <p class='ocr_par' dir='ltr' id='par_1_61' title="bbox 498 3344 2090 3416">
     <span class='ocr_line' id='line_1_61' title="bbox 498 3344 2090 3416; baseline 0.001 -18"><span class='ocrx_word' id='word_1_463' title='bbox 498 3344 591 3414; x_wconf 83' lang='lat' dir='ltr'><strong>qui</strong></span> <span class='ocrx_word' id='word_1_464' title='bbox 622 3360 716 3414; x_wconf 90' lang='lat' dir='ltr'><strong>per</strong></span> <span class='ocrx_word' id='word_1_465' title='bbox 762 3344 1180 3413; x_wconf 84' lang='lat' dir='ltr'><strong>multiplicatum</strong></span> <span class='ocrx_word' id='word_1_466' title='bbox 1227 3344 1510 3398; x_wconf 82' lang='lat' dir='ltr'><strong>denarium</strong></span> <span class='ocrx_word' id='word_1_467' title='bbox 1536 3344 1733 3416; x_wconf 84' lang='lat' dir='ltr'><strong>surgit,</strong></span> <span class='ocrx_word' id='word_1_468' title='bbox 1765 3359 1864 3414; x_wconf 91' lang='lat' dir='ltr'><strong>pro</strong></span> <span class='ocrx_word' id='word_1_469' title='bbox 1894 3360 2090 3415; x_wconf 89' lang='lat' dir='ltr'><strong>magna</strong></span> 
     </span>
    </p>
   </div>
   <div class='ocr_carea' id='block_1_62' title="bbox 502 3434 2095 3506">
    <p class='ocr_par' dir='ltr' id='par_1_62' title="bbox 502 3434 2095 3506">
     <span class='ocr_line' id='line_1_62' title="bbox 502 3434 2095 3506; baseline 0.002 -19"><span class='ocrx_word' id='word_1_470' title='bbox 502 3436 838 3503; x_wconf 74' lang='lat' dir='ltr'><strong>perfectione</strong></span> <span class='ocrx_word' id='word_1_471' title='bbox 863 3436 1103 3506; x_wconf 90' lang='lat' dir='ltr'><strong>ponitur.</strong></span> <span class='ocrx_word' id='word_1_472' title='bbox 1136 3435 1305 3490; x_wconf 86' lang='lat' dir='ltr'><strong>Terra</strong></span> <span class='ocrx_word' id='word_1_473' title='bbox 1337 3451 1468 3506; x_wconf 82' lang='lat' dir='ltr'><strong>ergo</strong></span> <span class='ocrx_word' id='word_1_474' title='bbox 1498 3436 1641 3490; x_wconf 89' lang='lat' dir='ltr'><strong>bona</strong></span> <span class='ocrx_word' id='word_1_475' title='bbox 1688 3434 1868 3490; x_wconf 90' lang='lat' dir='ltr'><strong>fructu</strong></span> <span class='ocrx_word' id='word_1_476' title='bbox 1900 3445 2095 3490; x_wconf 88' lang='lat' dir='ltr'><strong>centu-</strong></span> 
     </span>
    </p>
   </div>
   <div class='ocr_carea' id='block_1_63' title="bbox 503 3525 2096 3601">
    <p class='ocr_par' dir='ltr' id='par_1_63' title="bbox 503 3525 2096 3601">
     <span class='ocr_line' id='line_1_63' title="bbox 503 3525 2096 3601; baseline 0 -22"><span class='ocrx_word' id='word_1_477' title='bbox 503 3529 592 3601; x_wconf 86' lang='lat' dir='ltr'><strong>plo</strong></span> <span class='ocrx_word' id='word_1_478' title='bbox 639 3526 984 3593; x_wconf 82' lang='lat' dir='ltr'><strong>fecundatur,</strong></span> <span class='ocrx_word' id='word_1_479' title='bbox 1049 3526 1273 3596; x_wconf 80' lang='lat' dir='ltr'><strong>quando</strong></span> <span class='ocrx_word' id='word_1_480' title='bbox 1326 3526 1456 3580; x_wconf 89' lang='lat' dir='ltr'><strong>mite</strong></span> <span class='ocrx_word' id='word_1_481' title='bbox 1507 3540 1604 3579; x_wconf 91' lang='lat' dir='ltr'><strong>eor</strong></span> <span class='ocrx_word' id='word_1_482' title='bbox 1673 3534 1727 3579; x_wconf 93' lang='lat' dir='ltr'><strong>et</strong></span> <span class='ocrx_word' id='word_1_483' title='bbox 1774 3525 1948 3580; x_wconf 90' lang='lat' dir='ltr'><strong>docile</strong></span> <span class='ocrx_word' id='word_1_484' title='bbox 2001 3541 2096 3595; x_wconf 91' lang='lat' dir='ltr'><strong>per</strong></span> 
     </span>
    </p>
   </div>
   <div class='ocr_carea' id='block_1_64' title="bbox 502 3616 2097 3689">
    <p class='ocr_par' dir='ltr' id='par_1_64' title="bbox 502 3616 2097 3689">
     <span class='ocr_line' id='line_1_64' title="bbox 502 3616 2097 3689; baseline 0.001 -19"><span class='ocrx_word' id='word_1_485' title='bbox 502 3635 743 3677; x_wconf 82' lang='lat' dir='ltr'><strong>amorem</strong></span> <span class='ocrx_word' id='word_1_486' title='bbox 778 3617 1012 3689; x_wconf 67' lang='lat' dir='ltr'><strong>proximi</strong></span> <span class='ocrx_word' id='word_1_487' title='bbox 1038 3619 1295 3682; x_wconf 63' lang='lat' dir='ltr'><strong>activam,</strong></span> <span class='ocrx_word' id='word_1_488' title='bbox 1330 3633 1424 3687; x_wconf 81' lang='lat' dir='ltr'><strong>per</strong></span> <span class='ocrx_word' id='word_1_489' title='bbox 1455 3632 1697 3672; x_wconf 87' lang='lat' dir='ltr'><strong>amorem</strong></span> <span class='ocrx_word' id='word_1_490' title='bbox 1728 3616 1822 3673; x_wconf 78' lang='lat' dir='ltr'><strong>Dei</strong></span> <span class='ocrx_word' id='word_1_491' title='bbox 1854 3626 2097 3673; x_wconf 86' lang='lat' dir='ltr'><strong>contem-</strong></span> 
     </span>
    </p>
   </div>
   <div class='ocr_carea' id='block_1_65' title="bbox 502 3710 2098 3785">
    <p class='ocr_par' dir='ltr' id='par_1_65' title="bbox 502 3710 2098 3785">
     <span class='ocr_line' id='line_1_65' title="bbox 502 3710 2098 3785; baseline 0.004 -25"><span class='ocrx_word' id='word_1_492' title='bbox 502 3711 757 3785; x_wconf 72' lang='lat' dir='ltr'><strong>plativarn</strong></span> <span class='ocrx_word' id='word_1_493' title='bbox 806 3710 1127 3781; x_wconf 81' lang='lat' dir='ltr'><strong>adipiscitur</strong></span> <span class='ocrx_word' id='word_1_494' title='bbox 1170 3710 1330 3765; x_wconf 85' lang='lat' dir='ltr'><strong>vitam</strong></span> <span class='ocrx_word' id='word_1_495' title='bbox 1365 3719 1420 3766; x_wconf 89' lang='lat' dir='ltr'><strong>et</strong></span> <span class='ocrx_word' id='word_1_496' title='bbox 1469 3710 1838 3781; x_wconf 87' lang='lat' dir='ltr'><strong>spiritualium</strong></span> <span class='ocrx_word' id='word_1_497' title='bbox 1871 3721 2098 3768; x_wconf 90' lang='lat' dir='ltr'><strong>ornatur</strong></span> 
     </span>
    </p>
   </div>
   <div class='ocr_carea' id='block_1_66' title="bbox 503 3802 2097 3875">
    <p class='ocr_par' dir='ltr' id='par_1_66' title="bbox 503 3802 2097 3875">
     <span class='ocr_line' id='line_1_66' title="bbox 503 3802 2097 3875; baseline 0.004 -19"><span class='ocrx_word' id='word_1_498' title='bbox 503 3802 832 3870; x_wconf 81' lang='lat' dir='ltr'><strong>perfectione</strong></span> <span class='ocrx_word' id='word_1_499' title='bbox 854 3803 1134 3858; x_wconf 92' lang='lat' dir='ltr'><strong>virtutum.</strong></span> <span class='ocrx_word' id='word_1_500' title='bbox 1161 3803 1216 3858; x_wconf 93' lang='lat' dir='ltr'><strong>In</strong></span> <span class='ocrx_word' id='word_1_501' title='bbox 1246 3804 1461 3858; x_wconf 86' lang='lat' dir='ltr'><strong>senario</strong></span> <span class='ocrx_word' id='word_1_502' title='bbox 1497 3814 1677 3859; x_wconf 89' lang='lat' dir='ltr'><strong>autem</strong></span> <span class='ocrx_word' id='word_1_503' title='bbox 1704 3820 1934 3861; x_wconf 83' lang='lat' dir='ltr'><strong>numero</strong></span> <span class='ocrx_word' id='word_1_504' title='bbox 1968 3806 2097 3875; x_wconf 81' lang='lat' dir='ltr'><strong>quia</strong></span> 
     </span>
    </p>
   </div>
   <div class='ocr_carea' id='block_1_67' title="bbox 506 3893 2101 3966">
    <p class='ocr_par' dir='ltr' id='par_1_67' title="bbox 506 3893 2101 3966">
     <span class='ocr_line' id='line_1_67' title="bbox 506 3893 2101 3966; baseline 0 -15"><span class='ocrx_word' id='word_1_505' title='bbox 506 3893 693 3955; x_wconf 82' lang='lat' dir='ltr'><strong>mundi</strong></span> <span class='ocrx_word' id='word_1_506' title='bbox 731 3902 959 3949; x_wconf 87' lang='lat' dir='ltr'><strong>ornatus</strong></span> <span class='ocrx_word' id='word_1_507' title='bbox 987 3895 1235 3964; x_wconf 74' lang='lat' dir='ltr'><strong>expletus</strong></span> <span class='ocrx_word' id='word_1_508' title='bbox 1260 3903 1361 3959; x_wconf 86' lang='lat' dir='ltr'><strong>est,</strong></span> <span class='ocrx_word' id='word_1_509' title='bbox 1388 3910 1627 3965; x_wconf 81' lang='lat' dir='ltr'><strong>congrue</strong></span> <span class='ocrx_word' id='word_1_510' title='bbox 1661 3894 1923 3966; x_wconf 80' lang='lat' dir='ltr'><strong>perfectio</strong></span> <span class='ocrx_word' id='word_1_511' title='bbox 1945 3896 2101 3951; x_wconf 78' lang='lat' dir='ltr'><strong>bonze</strong></span> 
     </span>
    </p>
   </div>
   <div class='ocr_carea' id='block_1_68' title="bbox 501 3986 2101 4059">
    <p class='ocr_par' dir='ltr' id='par_1_68' title="bbox 501 3986 2101 4059">
     <span class='ocr_line' id='line_1_68' title="bbox 501 3986 2101 4059; baseline 0.001 -19"><span class='ocrx_word' id='word_1_512' title='bbox 501 3986 869 4056; x_wconf 86' lang='lat' dir='ltr'><strong>operationis,</strong></span> <span class='ocrx_word' id='word_1_513' title='bbox 930 3986 983 4041; x_wconf 91' lang='lat' dir='ltr'><strong>in</strong></span> <span class='ocrx_word' id='word_1_514' title='bbox 1033 3987 1420 4057; x_wconf 78' lang='lat' dir='ltr'><strong>azlimpletione</strong></span> <span class='ocrx_word' id='word_1_515' title='bbox 1478 3986 1766 4058; x_wconf 86' lang='lat' dir='ltr'><strong>Decalogi,</strong></span> <span class='ocrx_word' id='word_1_516' title='bbox 1825 3987 2101 4059; x_wconf 79' lang='lat' dir='ltr'><strong>sexagesi-</strong></span> 
     </span>
    </p>
   </div>
   <div class='ocr_carea' id='block_1_69' title="bbox 505 4078 2098 4149">
    <p class='ocr_par' dir='ltr' id='par_1_69' title="bbox 505 4078 2098 4149">
     <span class='ocr_line' id='line_1_69' title="bbox 505 4078 2098 4149; baseline 0.001 -17"><span class='ocrx_word' id='word_1_517' title='bbox 505 4094 629 4139; x_wconf 85' lang='lat' dir='ltr'><strong>mus</strong></span> <span class='ocrx_word' id='word_1_518' title='bbox 646 4079 857 4137; x_wconf 87' lang='lat' dir='ltr'><strong>fructus</strong></span> <span class='ocrx_word' id='word_1_519' title='bbox 894 4079 1230 4149; x_wconf 73' lang='lat' dir='ltr'><strong>intelligitur.</strong></span> <span class='ocrx_word' id='word_1_520' title='bbox 1268 4078 1605 4135; x_wconf 83' lang='lat' dir='ltr'><strong>Trieesimus</strong></span> <span class='ocrx_word' id='word_1_521' title='bbox 1642 4094 1774 4134; x_wconf 89' lang='lat' dir='ltr'><strong>vero</strong></span> <span class='ocrx_word' id='word_1_522' title='bbox 1805 4078 2018 4135; x_wconf 85' lang='lat' dir='ltr'><strong>fruetus</strong></span> <span class='ocrx_word' id='word_1_523' title='bbox 2046 4079 2098 4133; x_wconf 89' lang='lat' dir='ltr'><strong>in</strong></span> 
     </span>
    </p>
   </div>
   <div class='ocr_carea' id='block_1_70' title="bbox 501 4170 1708 4243">
    <p class='ocr_par' dir='ltr' id='par_1_70' title="bbox 501 4170 1708 4243">
     <span class='ocr_line' id='line_1_70' title="bbox 501 4170 1708 4243; baseline 0.002 -19"><span class='ocrx_word' id='word_1_524' title='bbox 501 4170 604 4237; x_wconf 75' lang='lat' dir='ltr'><strong>title</strong></span> <span class='ocrx_word' id='word_1_525' title='bbox 658 4181 861 4229; x_wconf 64' lang='lat' dir='ltr'><strong>sanctae</strong></span> <span class='ocrx_word' id='word_1_526' title='bbox 916 4170 1200 4227; x_wconf 88' lang='lat' dir='ltr'><strong>Trinitatis</strong></span> <span class='ocrx_word' id='word_1_527' title='bbox 1256 4171 1500 4242; x_wconf 89' lang='lat' dir='ltr'><strong>impletio</strong></span> <span class='ocrx_word' id='word_1_528' title='bbox 1553 4171 1708 4243; x_wconf 80' lang='lat' dir='ltr'><strong>legis.</strong></span> 
     </span>
    </p>
   </div>
   <div class='ocr_carea' id='block_1_71' title="bbox 575 4262 2098 4329">
    <p class='ocr_par' dir='ltr' id='par_1_71' title="bbox 575 4262 2098 4329">
     <span class='ocr_line' id='line_1_71' title="bbox 575 4262 2098 4329; baseline 0.001 -12"><span class='ocrx_word' id='word_1_529' title='bbox 575 4262 702 4320; x_wconf 71' lang='lat' dir='ltr'><strong>Ilaec</strong></span> <span class='ocrx_word' id='word_1_530' title='bbox 729 4264 918 4320; x_wconf 90' lang='lat' dir='ltr'><strong>dicens</strong></span> <span class='ocrx_word' id='word_1_531' title='bbox 942 4265 1214 4325; x_wconf 88' lang='lat' dir='ltr'><strong>clamabat</strong></span> <span class='ocrx_word' id='word_1_532' title='bbox 1247 4284 1259 4319; x_wconf 93' lang='lat'>:</span> <span class='ocrx_word' id='word_1_533' title='bbox 1299 4264 1431 4329; x_wconf 66' lang='lat' dir='ltr'><strong>«Qui</strong></span> <span class='ocrx_word' id='word_1_534' title='bbox 1462 4264 1625 4319; x_wconf 83' lang='lat' dir='ltr'><strong>habet</strong></span> <span class='ocrx_word' id='word_1_535' title='bbox 1652 4279 1814 4320; x_wconf 88' lang='lat' dir='ltr'><strong>aures</strong></span> <span class='ocrx_word' id='word_1_536' title='bbox 1842 4264 2098 4319; x_wconf 86' lang='lat' dir='ltr'><strong>audiendi</strong></span> 
     </span>
    </p>
   </div>
   <div class='ocr_carea' id='block_1_72' title="bbox 501 4353 2104 4427">
    <p class='ocr_par' dir='ltr' id='par_1_72' title="bbox 501 4353 2104 4427">
     <span class='ocr_line' id='line_1_72' title="bbox 501 4353 2104 4427; baseline -0.001 -18"><span class='ocrx_word' id='word_1_537' title='bbox 501 4357 738 4418; x_wconf 69' lang='lat' dir='ltr'><strong>aitdiat.)</strong></span> <span class='ocrx_word' id='word_1_538' title='bbox 772 4353 1095 4426; x_wconf 86' lang='lat' dir='ltr'><strong>Ubicunque</strong></span> <span class='ocrx_word' id='word_1_539' title='bbox 1118 4357 1233 4410; x_wconf 81' lang='lat' dir='ltr'><strong>luce</strong></span> <span class='ocrx_word' id='word_1_540' title='bbox 1261 4355 1563 4410; x_wconf 88' lang='lat' dir='ltr'><strong>admonitio</strong></span> <span class='ocrx_word' id='word_1_541' title='bbox 1587 4355 1950 4425; x_wconf 87' lang='lat' dir='ltr'><strong>interponitur</strong></span> <span class='ocrx_word' id='word_1_542' title='bbox 1963 4370 2104 4427; x_wconf 79' lang='lat' dir='ltr'><strong>mys-</strong></span> 
     </span>
    </p>
   </div>
   <div class='ocr_carea' id='block_1_73' title="bbox 500 4446 2102 4517">
    <p class='ocr_par' dir='ltr' id='par_1_73' title="bbox 500 4446 2102 4517">
     <span class='ocr_line' id='line_1_73' title="bbox 500 4446 2102 4517; baseline 0.001 -16"><span class='ocrx_word' id='word_1_543' title='bbox 500 4448 669 4511; x_wconf 84' lang='lat' dir='ltr'><strong>ticum</strong></span> <span class='ocrx_word' id='word_1_544' title='bbox 721 4464 863 4513; x_wconf 88' lang='lat' dir='ltr'><strong>esse,</strong></span> <span class='ocrx_word' id='word_1_545' title='bbox 891 4458 946 4503; x_wconf 86' lang='lat' dir='ltr'><strong>et</strong></span> <span class='ocrx_word' id='word_1_546' title='bbox 973 4449 1234 4503; x_wconf 82' lang='lat' dir='ltr'><strong>attentius</strong></span> <span class='ocrx_word' id='word_1_547' title='bbox 1269 4447 1624 4517; x_wconf 62' lang='lat' dir='ltr'><strong>quatrendum</strong></span> <span class='ocrx_word' id='word_1_548' title='bbox 1673 4447 1932 4515; x_wconf 85' lang='lat' dir='ltr'><strong>ostendit,</strong></span> <span class='ocrx_word' id='word_1_549' title='bbox 1956 4446 2102 4517; x_wconf 88' lang='lat' dir='ltr'><strong>quod</strong></span> 
     </span>
    </p>
   </div>
   <div class='ocr_carea' id='block_1_74' title="bbox 503 4539 2099 4611">
    <p class='ocr_par' dir='ltr' id='par_1_74' title="bbox 503 4539 2099 4611">
     <span class='ocr_line' id='line_1_74' title="bbox 503 4539 2099 4611; baseline -0.001 -16"><span class='ocrx_word' id='word_1_550' title='bbox 503 4540 705 4601; x_wconf 88' lang='lat' dir='ltr'><strong>dicitur</strong></span> <span class='ocrx_word' id='word_1_551' title='bbox 732 4560 745 4595; x_wconf 88' lang='lat'><strong>:</strong></span> <span class='ocrx_word' id='word_1_552' title='bbox 785 4541 877 4611; x_wconf 91' lang='lat' dir='ltr'><strong>qui</strong></span> <span class='ocrx_word' id='word_1_553' title='bbox 904 4540 1068 4595; x_wconf 84' lang='lat' dir='ltr'><strong>habet</strong></span> <span class='ocrx_word' id='word_1_554' title='bbox 1088 4555 1252 4594; x_wconf 88' lang='lat' dir='ltr'><strong>aures</strong></span> <span class='ocrx_word' id='word_1_555' title='bbox 1273 4540 1475 4604; x_wconf 86' lang='lat' dir='ltr'><strong>cordis,</strong></span> <span class='ocrx_word' id='word_1_556' title='bbox 1499 4540 1551 4594; x_wconf 90' lang='lat' dir='ltr'><strong>id</strong></span> <span class='ocrx_word' id='word_1_557' title='bbox 1579 4548 1662 4594; x_wconf 92' lang='lat' dir='ltr'><strong>est</strong></span> <span class='ocrx_word' id='word_1_558' title='bbox 1692 4539 2099 4611; x_wconf 76' lang='lat' dir='ltr'><strong>intelligentiam</strong></span> 
     </span>
    </p>
   </div>
   <div class='ocr_carea' id='block_1_75' title="bbox 506 4618 2171 4703">
    <p class='ocr_par' dir='ltr' id='par_1_75' title="bbox 506 4618 2171 4703">
     <span class='ocr_line' id='line_1_75' title="bbox 506 4618 2171 4703; baseline -0.001 -16"><span class='ocrx_word' id='word_1_559' title='bbox 506 4633 724 4697; x_wconf 84' lang='lat' dir='ltr'><strong>mentis,</strong></span> <span class='ocrx_word' id='word_1_560' title='bbox 758 4633 963 4696; x_wconf 85' lang='lat' dir='ltr'><strong>audiat,</strong></span> <span class='ocrx_word' id='word_1_561' title='bbox 984 4634 1087 4689; x_wconf 90' lang='lat' dir='ltr'><strong>hoc</strong></span> <span class='ocrx_word' id='word_1_562' title='bbox 1104 4634 1194 4688; x_wconf 78' lang='lat' dir='ltr'><strong>est</strong></span> <span class='ocrx_word' id='word_1_563' title='bbox 1223 4633 1575 4703; x_wconf 83' lang='lat' dir='ltr'><strong>spiritualiter</strong></span> <span class='ocrx_word' id='word_1_564' title='bbox 1610 4635 1723 4688; x_wconf 75' lang='lat' dir='ltr'><strong>lucc</strong></span> <span class='ocrx_word' id='word_1_565' title='bbox 1747 4633 1911 4687; x_wconf 87' lang='lat' dir='ltr'><strong>verba</strong></span> <span class='ocrx_word' id='word_1_566' title='bbox 1936 4633 2097 4687; x_wconf 82' lang='lat' dir='ltr'><strong>intel-</strong></span> <span class='ocrx_word' id='word_1_567' title='bbox 2126 4618 2171 4672; x_wconf 88' lang='grc' dir='ltr'><strong>Ῑ)</strong></span> 
     </span>
    </p>
   </div>
   <div class='ocr_carea' id='block_1_76' title="bbox 504 4723 2096 4797">
    <p class='ocr_par' dir='ltr' id='par_1_76' title="bbox 504 4723 2096 4797">
     <span class='ocr_line' id='line_1_76' title="bbox 504 4723 2096 4797; baseline -0.003 -14"><span class='ocrx_word' id='word_1_568' title='bbox 504 4726 654 4797; x_wconf 85' lang='lat' dir='ltr'><strong>ligat.</strong></span> <span class='ocrx_word' id='word_1_569' title='bbox 691 4746 711 4777; x_wconf 86' lang='grc'>‹</span> <span class='ocrx_word' id='word_1_570' title='bbox 765 4725 832 4780; x_wconf 81' lang='lat' dir='ltr'><strong>Et</strong></span> <span class='ocrx_word' id='word_1_571' title='bbox 863 4725 1186 4781; x_wconf 88' lang='lat' dir='ltr'><strong>accedentes</strong></span> <span class='ocrx_word' id='word_1_572' title='bbox 1223 4724 1476 4795; x_wconf 88' lang='lat' dir='ltr'><strong>discipuli</strong></span> <span class='ocrx_word' id='word_1_573' title='bbox 1505 4725 1761 4781; x_wconf 82' lang='lat' dir='ltr'><strong>dixerunt</strong></span> <span class='ocrx_word' id='word_1_574' title='bbox 1792 4725 1840 4780; x_wconf 90' lang='lat' dir='ltr'><strong>ei</strong></span> <span class='ocrx_word' id='word_1_575' title='bbox 1877 4723 2096 4791; x_wconf 89' lang='lat' dir='ltr'><strong>:Quare</strong></span> 
     </span>
    </p>
   </div>
   <div class='ocr_carea' id='block_1_77' title="bbox 506 4814 2093 4888">
    <p class='ocr_par' dir='ltr' id='par_1_77' title="bbox 506 4814 2093 4888">
     <span class='ocr_line' id='line_1_77' title="bbox 506 4814 2093 4888; baseline -0.003 -15"><span class='ocrx_word' id='word_1_576' title='bbox 506 4817 561 4873; x_wconf 83' lang='lat' dir='ltr'><strong>in</strong></span> <span class='ocrx_word' id='word_1_577' title='bbox 596 4817 874 4886; x_wconf 86' lang='lat' dir='ltr'><strong>parabolis</strong></span> <span class='ocrx_word' id='word_1_578' title='bbox 906 4816 1149 4888; x_wconf 88' lang='lat' dir='ltr'><strong>loqueris</strong></span> <span class='ocrx_word' id='word_1_579' title='bbox 1175 4817 1276 4872; x_wconf 90' lang='lat' dir='ltr'><strong>eis.</strong></span> <span class='ocrx_word' id='word_1_580' title='bbox 1323 4816 1426 4884; x_wconf 86' lang='lat' dir='ltr'><strong>Qui</strong></span> <span class='ocrx_word' id='word_1_581' title='bbox 1470 4815 1809 4886; x_wconf 87' lang='lat' dir='ltr'><strong>respondens</strong></span> <span class='ocrx_word' id='word_1_582' title='bbox 1831 4815 1907 4870; x_wconf 81' lang='lat' dir='ltr'><strong>ait</strong></span> <span class='ocrx_word' id='word_1_583' title='bbox 1941 4814 2049 4871; x_wconf 91' lang='lat' dir='ltr'><strong>illis</strong></span> <span class='ocrx_word' id='word_1_584' title='bbox 2079 4831 2093 4869; x_wconf 88' lang='lat'><strong>:</strong></span> 
     </span>
    </p>
   </div>
   <div class='ocr_carea' id='block_1_78' title="bbox 503 4908 2093 4983">
    <p class='ocr_par' dir='ltr' id='par_1_78' title="bbox 503 4908 2093 4983">
     <span class='ocr_line' id='line_1_78' title="bbox 503 4908 2093 4983; baseline 0 -20"><span class='ocrx_word' id='word_1_585' title='bbox 503 4908 644 4977; x_wconf 83' lang='lat' dir='ltr'><strong>Quia</strong></span> <span class='ocrx_word' id='word_1_586' title='bbox 666 4912 822 4967; x_wconf 88' lang='lat' dir='ltr'><strong>vobis</strong></span> <span class='ocrx_word' id='word_1_587' title='bbox 835 4912 1023 4967; x_wconf 89' lang='lat' dir='ltr'><strong>datum</strong></span> <span class='ocrx_word' id='word_1_588' title='bbox 1042 4920 1127 4967; x_wconf 91' lang='lat' dir='ltr'><strong>est</strong></span> <span class='ocrx_word' id='word_1_589' title='bbox 1158 4926 1321 4966; x_wconf 90' lang='lat' dir='ltr'><strong>nosse</strong></span> <span class='ocrx_word' id='word_1_590' title='bbox 1345 4911 1603 4983; x_wconf 81' lang='lat' dir='ltr'><strong>mysteria</strong></span> <span class='ocrx_word' id='word_1_591' title='bbox 1629 4910 1780 4981; x_wconf 80' lang='lat' dir='ltr'><strong>regni</strong></span> <span class='ocrx_word' id='word_1_592' title='bbox 1806 4910 2093 4977; x_wconf 81' lang='lat' dir='ltr'><strong>caelorum,</strong></span> 
     </span>
    </p>
   </div>
   <div class='ocr_carea' id='block_1_79' title="bbox 508 5002 2098 5075">
    <p class='ocr_par' dir='ltr' id='par_1_79' title="bbox 508 5002 2098 5075">
     <span class='ocr_line' id='line_1_79' title="bbox 508 5002 2098 5075; baseline -0.001 -18"><span class='ocrx_word' id='word_1_593' title='bbox 508 5003 614 5065; x_wconf 86' lang='lat' dir='ltr'><strong>illis</strong></span> <span class='ocrx_word' id='word_1_594' title='bbox 644 5012 826 5058; x_wconf 89' lang='lat' dir='ltr'><strong>autem</strong></span> <span class='ocrx_word' id='word_1_595' title='bbox 865 5021 974 5059; x_wconf 91' lang='lat' dir='ltr'><strong>non</strong></span> <span class='ocrx_word' id='word_1_596' title='bbox 1020 5013 1105 5061; x_wconf 82' lang='lat' dir='ltr'><strong>est</strong></span> <span class='ocrx_word' id='word_1_597' title='bbox 1129 5004 1338 5059; x_wconf 88' lang='lat' dir='ltr'><strong>datum.</strong></span> <span class='ocrx_word' id='word_1_598' title='bbox 1374 5024 1391 5056; x_wconf 83' lang='grc' dir='ltr'><strong>ι</strong></span> <span class='ocrx_word' id='word_1_599' title='bbox 1424 5003 1679 5075; x_wconf 80' lang='lat' dir='ltr'><strong>Mysteria</strong></span> <span class='ocrx_word' id='word_1_600' title='bbox 1727 5002 1881 5073; x_wconf 84' lang='lat' dir='ltr'><strong>regni</strong></span> <span class='ocrx_word' id='word_1_601' title='bbox 1928 5003 2098 5058; x_wconf 74' lang='lat' dir='ltr'><strong>cmlo-</strong></span> 
     </span>
    </p>
   </div>
   <div class='ocr_carea' id='block_1_80' title="bbox 509 5091 2094 5163">
    <p class='ocr_par' dir='ltr' id='par_1_80' title="bbox 509 5091 2094 5163">
     <span class='ocr_line' id='line_1_80' title="bbox 509 5091 2094 5163; baseline -0.001 -16"><span class='ocrx_word' id='word_1_602' title='bbox 509 5108 631 5147; x_wconf 86' lang='lat' dir='ltr'><strong>rum</strong></span> <span class='ocrx_word' id='word_1_603' title='bbox 683 5092 737 5147; x_wconf 91' lang='lat' dir='ltr'><strong>in</strong></span> <span class='ocrx_word' id='word_1_604' title='bbox 781 5101 989 5148; x_wconf 85' lang='lat' dir='ltr'><strong>secreta</strong></span> <span class='ocrx_word' id='word_1_605' title='bbox 1022 5091 1429 5163; x_wconf 84' lang='lat' dir='ltr'><strong>Scripturarum</strong></span> <span class='ocrx_word' id='word_1_606' title='bbox 1481 5093 1868 5148; x_wconf 89' lang='lat' dir='ltr'><strong>revelabuntur</strong></span> <span class='ocrx_word' id='word_1_607' title='bbox 1918 5093 2094 5158; x_wconf 89' lang='lat' dir='ltr'><strong>vobis,</strong></span> 
     </span>
    </p>
   </div>
   <div class='ocr_carea' id='block_1_81' title="bbox 505 5185 2097 5257">
    <p class='ocr_par' dir='ltr' id='par_1_81' title="bbox 505 5185 2097 5257">
     <span class='ocr_line' id='line_1_81' title="bbox 505 5185 2097 5257; baseline 0 -16"><span class='ocrx_word' id='word_1_608' title='bbox 505 5186 600 5255; x_wconf 88' lang='lat' dir='ltr'><strong>qui</strong></span> <span class='ocrx_word' id='word_1_609' title='bbox 625 5199 836 5239; x_wconf 90' lang='lat' dir='ltr'><strong>mecum</strong></span> <span class='ocrx_word' id='word_1_610' title='bbox 874 5185 1007 5240; x_wconf 84' lang='lat' dir='ltr'><strong>estis</strong></span> <span class='ocrx_word' id='word_1_611' title='bbox 1035 5195 1087 5240; x_wconf 91' lang='lat' dir='ltr'><strong>et</strong></span> <span class='ocrx_word' id='word_1_612' title='bbox 1117 5187 1444 5257; x_wconf 87' lang='lat' dir='ltr'><strong>sequacibus</strong></span> <span class='ocrx_word' id='word_1_613' title='bbox 1473 5186 1673 5242; x_wconf 91' lang='lat' dir='ltr'><strong>vestris</strong></span> <span class='ocrx_word' id='word_1_614' title='bbox 1709 5186 1981 5257; x_wconf 88' lang='lat' dir='ltr'><strong>spirituali</strong></span> <span class='ocrx_word' id='word_1_615' title='bbox 2013 5187 2097 5241; x_wconf 90' lang='lat' dir='ltr'><strong>in-</strong></span> 
     </span>
    </p>
   </div>
   <div class='ocr_carea' id='block_1_82' title="bbox 505 5276 2097 5350">
    <p class='ocr_par' dir='ltr' id='par_1_82' title="bbox 505 5276 2097 5350">
     <span class='ocr_line' id='line_1_82' title="bbox 505 5276 2097 5350; baseline 0.003 -20"><span class='ocrx_word' id='word_1_616' title='bbox 505 5276 799 5347; x_wconf 84' lang='lat' dir='ltr'><strong>telligentia</strong></span> <span class='ocrx_word' id='word_1_617' title='bbox 823 5277 1224 5333; x_wconf 87' lang='lat' dir='ltr'><strong>introeuntibus</strong></span> <span class='ocrx_word' id='word_1_618' title='bbox 1254 5280 1320 5334; x_wconf 84' lang='lat' dir='ltr'><strong>ad</strong></span> <span class='ocrx_word' id='word_1_619' title='bbox 1341 5295 1449 5346; x_wconf 92' lang='lat' dir='ltr'><strong>me,</strong></span> <span class='ocrx_word' id='word_1_620' title='bbox 1474 5298 1492 5330; x_wconf 82' lang='grc' dir='ltr'><strong>ι</strong></span> <span class='ocrx_word' id='word_1_621' title='bbox 1525 5279 1632 5334; x_wconf 93' lang='lat' dir='ltr'><strong>illis</strong></span> <span class='ocrx_word' id='word_1_622' title='bbox 1650 5287 1830 5334; x_wconf 89' lang='lat' dir='ltr'><strong>autem</strong></span> <span class='ocrx_word' id='word_1_623' title='bbox 1850 5279 1943 5350; x_wconf 91' lang='lat' dir='ltr'><strong>qui</strong></span> <span class='ocrx_word' id='word_1_624' title='bbox 1963 5278 2097 5334; x_wconf 85' lang='lat' dir='ltr'><strong>foris</strong></span> 
     </span>
    </p>
   </div>
   <div class='ocr_carea' id='block_1_83' title="bbox 508 5368 2099 5443">
    <p class='ocr_par' dir='ltr' id='par_1_83' title="bbox 508 5368 2099 5443">
     <span class='ocr_line' id='line_1_83' title="bbox 508 5368 2099 5443; baseline -0.001 -17"><span class='ocrx_word' id='word_1_625' title='bbox 508 5379 655 5434; x_wconf 82' lang='lat' dir='ltr'><strong>sunt,</strong></span> <span class='ocrx_word' id='word_1_626' title='bbox 680 5389 699 5423; x_wconf 85' lang='grc' dir='ltr'><strong>ι</strong></span> <span class='ocrx_word' id='word_1_627' title='bbox 723 5379 781 5424; x_wconf 91' lang='grc' dir='ltr'><strong>ιιι</strong></span> <span class='ocrx_word' id='word_1_628' title='bbox 798 5368 1014 5426; x_wconf 71' lang='lat' dir='ltr'><strong>Marcus</strong></span> <span class='ocrx_word' id='word_1_629' title='bbox 1036 5372 1223 5426; x_wconf 90' lang='lat' dir='ltr'><strong>scribit</strong></span> <span class='ocrx_word' id='word_1_630' title='bbox 1244 5371 1439 5443; x_wconf 78' lang='lat' dir='ltr'><strong>(Marc.</strong></span> <span class='ocrx_word' id='word_1_631' title='bbox 1461 5372 1587 5436; x_wconf 77' lang='lat' dir='ltr'><strong>Iv),«</strong></span> <span class='ocrx_word' id='word_1_632' title='bbox 1611 5372 1663 5425; x_wconf 92' lang='lat' dir='ltr'><strong>in</strong></span> <span class='ocrx_word' id='word_1_633' title='bbox 1688 5371 1961 5442; x_wconf 89' lang='lat' dir='ltr'><strong>parabolis</strong></span> <span class='ocrx_word' id='word_1_634' title='bbox 1978 5387 2099 5424; x_wconf 89' lang='lat' dir='ltr'><strong>om-</strong></span> 
     </span>
    </p>
   </div>
   <div class='ocr_carea' id='block_1_84' title="bbox 507 5460 2098 5533">
    <p class='ocr_par' dir='ltr' id='par_1_84' title="bbox 507 5460 2098 5533">
     <span class='ocr_line' id='line_1_84' title="bbox 507 5460 2098 5533; baseline 0 -17"><span class='ocrx_word' id='word_1_635' title='bbox 507 5463 597 5526; x_wconf 82' lang='lat' dir='ltr'><strong>nia</strong></span> <span class='ocrx_word' id='word_1_636' title='bbox 624 5462 814 5517; x_wconf 55' lang='lat' dir='ltr'><strong>fiunt»</strong></span> <span class='ocrx_word' id='word_1_637' title='bbox 847 5461 1004 5517; x_wconf 82' lang='lat' dir='ltr'><strong>Foris</strong></span> <span class='ocrx_word' id='word_1_638' title='bbox 1033 5462 1233 5533; x_wconf 88' lang='lat' dir='ltr'><strong>quippe</strong></span> <span class='ocrx_word' id='word_1_639' title='bbox 1258 5462 1449 5516; x_wconf 89' lang='lat' dir='ltr'><strong>dicens</strong></span> <span class='ocrx_word' id='word_1_640' title='bbox 1477 5477 1585 5517; x_wconf 91' lang='lat' dir='ltr'><strong>non</strong></span> <span class='ocrx_word' id='word_1_641' title='bbox 1609 5461 1786 5517; x_wconf 87' lang='lat' dir='ltr'><strong>solum</strong></span> <span class='ocrx_word' id='word_1_642' title='bbox 1824 5476 1944 5518; x_wconf 89' lang='lat' dir='ltr'><strong>esse</strong></span> <span class='ocrx_word' id='word_1_643' title='bbox 1976 5460 2098 5516; x_wconf 89' lang='lat' dir='ltr'><strong>illos</strong></span> 
     </span>
    </p>
   </div>
   <div class='ocr_carea' id='block_1_85' title="bbox 506 5554 2099 5626">
    <p class='ocr_par' dir='ltr' id='par_1_85' title="bbox 506 5554 2099 5626">
     <span class='ocr_line' id='line_1_85' title="bbox 506 5554 2099 5626; baseline 0 -19"><span class='ocrx_word' id='word_1_644' title='bbox 506 5554 600 5625; x_wconf 85' lang='lat' dir='ltr'><strong>qui</strong></span> <span class='ocrx_word' id='word_1_645' title='bbox 627 5569 803 5626; x_wconf 84' lang='lat' dir='ltr'><strong>neque</strong></span> <span class='ocrx_word' id='word_1_646' title='bbox 828 5555 1097 5610; x_wconf 87' lang='lat' dir='ltr'><strong>curabant</strong></span> <span class='ocrx_word' id='word_1_647' title='bbox 1118 5554 1322 5611; x_wconf 86' lang='lat' dir='ltr'><strong>intrare</strong></span> <span class='ocrx_word' id='word_1_648' title='bbox 1341 5568 1557 5616; x_wconf 86' lang='lat' dir='ltr'><strong>navem,</strong></span> <span class='ocrx_word' id='word_1_649' title='bbox 1577 5568 1753 5625; x_wconf 89' lang='lat' dir='ltr'><strong>neque</strong></span> <span class='ocrx_word' id='word_1_650' title='bbox 1768 5568 2099 5625; x_wconf 85' lang='lat' dir='ltr'><strong>cognoscere</strong></span> 
     </span>
    </p>
   </div>
   <div class='ocr_carea' id='block_1_86' title="bbox 505 5644 2099 5716">
    <p class='ocr_par' dir='ltr' id='par_1_86' title="bbox 505 5644 2099 5716">
     <span class='ocr_line' id='line_1_86' title="bbox 505 5644 2099 5716; baseline 0.001 -19"><span class='ocrx_word' id='word_1_651' title='bbox 505 5648 813 5710; x_wconf 65' lang='lat' dir='ltr'><strong>veritatem,</strong></span> <span class='ocrx_word' id='word_1_652' title='bbox 834 5645 928 5701; x_wconf 74' lang='lat' dir='ltr'><strong>sel</strong></span> <span class='ocrx_word' id='word_1_653' title='bbox 953 5655 1006 5703; x_wconf 92' lang='lat' dir='ltr'><strong>et</strong></span> <span class='ocrx_word' id='word_1_654' title='bbox 1035 5660 1228 5700; x_wconf 86' lang='lat' dir='ltr'><strong>omnes</strong></span> <span class='ocrx_word' id='word_1_655' title='bbox 1261 5645 1367 5700; x_wconf 89' lang='lat' dir='ltr'><strong>illis</strong></span> <span class='ocrx_word' id='word_1_656' title='bbox 1399 5644 1607 5700; x_wconf 84' lang='lat' dir='ltr'><strong>similes</strong></span> <span class='ocrx_word' id='word_1_657' title='bbox 1632 5645 1879 5716; x_wconf 88' lang='lat' dir='ltr'><strong>corporis</strong></span> <span class='ocrx_word' id='word_1_658' title='bbox 1902 5659 2099 5700; x_wconf 88' lang='lat' dir='ltr'><strong>sensus</strong></span> 
     </span>
    </p>
   </div>
   <div class='ocr_carea' id='block_1_87' title="bbox 510 5734 2095 5806">
    <p class='ocr_par' dir='ltr' id='par_1_87' title="bbox 510 5734 2095 5806">
     <span class='ocr_line' id='line_1_87' title="bbox 510 5734 2095 5806; baseline -0.001 -15"><span class='ocrx_word' id='word_1_659' title='bbox 510 5749 721 5802; x_wconf 65' lang='lat' dir='ltr'><strong>talltum</strong></span> <span class='ocrx_word' id='word_1_660' title='bbox 756 5744 1082 5806; x_wconf 80' lang='lat' dir='ltr'><strong>sequentes,</strong></span> <span class='ocrx_word' id='word_1_661' title='bbox 1108 5745 1168 5790; x_wconf 88' lang='lat' dir='ltr'><strong>ut</strong></span> <span class='ocrx_word' id='word_1_662' title='bbox 1201 5735 1337 5788; x_wconf 88' lang='lat' dir='ltr'><strong>nihil</strong></span> <span class='ocrx_word' id='word_1_663' title='bbox 1374 5734 1731 5804; x_wconf 86' lang='lat' dir='ltr'><strong>spiritualiter</strong></span> <span class='ocrx_word' id='word_1_664' title='bbox 1771 5735 2095 5805; x_wconf 85' lang='lat' dir='ltr'><strong>intelligant.</strong></span> 
     </span>
    </p>
   </div>
   <div class='ocr_carea' id='block_1_88' title="bbox 507 5826 2095 5897">
    <p class='ocr_par' dir='ltr' id='par_1_88' title="bbox 507 5826 2095 5897">
     <span class='ocr_line' id='line_1_88' title="bbox 507 5826 2095 5897; baseline 0.001 -18"><span class='ocrx_word' id='word_1_665' title='bbox 507 5828 669 5893; x_wconf 50' lang='grc' dir='ltr'><strong>μειερ,</strong></span> <span class='ocrx_word' id='word_1_666' title='bbox 707 5828 799 5881; x_wconf 88' lang='lat' dir='ltr'><strong>ubi</strong></span> <span class='ocrx_word' id='word_1_667' title='bbox 848 5827 1049 5881; x_wconf 85' lang='lat' dir='ltr'><strong>dicitur</strong></span> <span class='ocrx_word' id='word_1_668' title='bbox 1098 5827 1150 5881; x_wconf 91' lang='lat' dir='ltr'><strong>in</strong></span> <span class='ocrx_word' id='word_1_669' title='bbox 1218 5827 1488 5897; x_wconf 77' lang='lat' dir='ltr'><strong>parabolis</strong></span> <span class='ocrx_word' id='word_1_670' title='bbox 1517 5828 1700 5882; x_wconf 89' lang='lat' dir='ltr'><strong>omnia</strong></span> <span class='ocrx_word' id='word_1_671' title='bbox 1748 5827 1863 5883; x_wconf 84' lang='lat' dir='ltr'><strong>fieri</strong></span> <span class='ocrx_word' id='word_1_672' title='bbox 1895 5826 1979 5883; x_wconf 90' lang='lat' dir='ltr'><strong>his</strong></span> <span class='ocrx_word' id='word_1_673' title='bbox 2003 5827 2095 5897; x_wconf 87' lang='lat' dir='ltr'><strong>qui</strong></span> 
     </span>
    </p>
   </div>
   <div class='ocr_carea' id='block_1_89' title="bbox 508 5919 2091 5989">
    <p class='ocr_par' dir='ltr' id='par_1_89' title="bbox 508 5919 2091 5989">
     <span class='ocr_line' id='line_1_89' title="bbox 508 5919 2091 5989; baseline 0.001 -18"><span class='ocrx_word' id='word_1_674' title='bbox 508 5921 651 5986; x_wconf 52' lang='lat' dir='ltr'><strong>teris</strong></span> <span class='ocrx_word' id='word_1_675' title='bbox 684 5928 829 5985; x_wconf 45' lang='lat' dir='ltr'><strong>sunt,</strong></span> <span class='ocrx_word' id='word_1_676' title='bbox 872 5919 1109 5980; x_wconf 66' lang='lat' dir='ltr'><strong>insinuat</strong></span> <span class='ocrx_word' id='word_1_677' title='bbox 1140 5936 1245 5972; x_wconf 86' lang='lat' dir='ltr'><strong>nou</strong></span> <span class='ocrx_word' id='word_1_678' title='bbox 1295 5920 1469 5973; x_wconf 84' lang='lat' dir='ltr'><strong>solum</strong></span> <span class='ocrx_word' id='word_1_679' title='bbox 1522 5920 1575 5981; x_wconf 83' lang='lat' dir='ltr'><strong>in</strong></span> <span class='ocrx_word' id='word_1_680' title='bbox 1623 5921 1799 5975; x_wconf 83' lang='lat' dir='ltr'><strong>verbis</strong></span> <span class='ocrx_word' id='word_1_681' title='bbox 1854 5919 2091 5989; x_wconf 77' lang='lat' dir='ltr'><strong>Domini,</strong></span> 
     </span>
    </p>
   </div>
   <div class='ocr_carea' id='block_1_90' title="bbox 2200 3343 3740 3417">
    <p class='ocr_par' dir='ltr' id='par_1_90' title="bbox 2200 3343 3740 3417">
     <span class='ocr_line' id='line_1_90' title="bbox 2200 3343 3740 3417; baseline -0.003 -19"><span class='ocrx_word' id='word_1_682' title='bbox 2200 3343 2313 3399; x_wconf 79' lang='lat' dir='ltr'><strong>lsa.</strong></span> <span class='ocrx_word' id='word_1_683' title='bbox 2341 3344 2475 3414; x_wconf 74' lang='lat' dir='ltr'><strong>xr).r</strong></span> <span class='ocrx_word' id='word_1_684' title='bbox 2494 3343 2632 3412; x_wconf 88' lang='lat' dir='ltr'><strong>Quia</strong></span> <span class='ocrx_word' id='word_1_685' title='bbox 2656 3345 2903 3416; x_wconf 72' lang='lat' dir='ltr'><strong>pnedixit</strong></span> <span class='ocrx_word' id='word_1_686' title='bbox 2934 3345 3125 3413; x_wconf 88' lang='lat' dir='ltr'><strong>Isaias,</strong></span> <span class='ocrx_word' id='word_1_687' title='bbox 3144 3346 3197 3401; x_wconf 90' lang='lat' dir='ltr'><strong>in</strong></span> <span class='ocrx_word' id='word_1_688' title='bbox 3229 3347 3430 3416; x_wconf 88' lang='lat' dir='ltr'><strong>spiritu</strong></span> <span class='ocrx_word' id='word_1_689' title='bbox 3460 3343 3740 3417; x_wconf 71' lang='lat' dir='ltr'><strong>pnescicnlis</strong></span> 
     </span>
    </p>
   </div>
   <div class='ocr_carea' id='block_1_91' title="bbox 2196 3436 3740 3511">
    <p class='ocr_par' dir='ltr' id='par_1_91' title="bbox 2196 3436 3740 3511">
     <span class='ocr_line' id='line_1_91' title="bbox 2196 3436 3740 3511; baseline 0 -21"><span class='ocrx_word' id='word_1_690' title='bbox 2196 3436 2740 3502; x_wconf 75' lang='lat' dir='ltr'><strong>omnia,Jud:eorum</strong></span> <span class='ocrx_word' id='word_1_691' title='bbox 2763 3439 3206 3504; x_wconf 69' lang='lat' dir='ltr'><strong>exemeationem,</strong></span> <span class='ocrx_word' id='word_1_692' title='bbox 3249 3456 3360 3493; x_wconf 91' lang='lat' dir='ltr'><strong>non</strong></span> <span class='ocrx_word' id='word_1_693' title='bbox 3402 3447 3627 3511; x_wconf 87' lang='lat' dir='ltr'><strong>poterant</strong></span> <span class='ocrx_word' id='word_1_694' title='bbox 3653 3450 3740 3490; x_wconf 82' lang='lat' dir='ltr'><strong>cre-</strong></span> 
     </span>
    </p>
   </div>
   <div class='ocr_carea' id='block_1_92' title="bbox 2198 3527 3742 3602">
    <p class='ocr_par' dir='ltr' id='par_1_92' title="bbox 2198 3527 3742 3602">
     <span class='ocr_line' id='line_1_92' title="bbox 2198 3527 3742 3602; baseline -0.004 -17"><span class='ocrx_word' id='word_1_695' title='bbox 2198 3530 2367 3585; x_wconf 92' lang='lat' dir='ltr'><strong>dere:</strong></span> <span class='ocrx_word' id='word_1_696' title='bbox 2402 3546 2510 3584; x_wconf 92' lang='lat' dir='ltr'><strong>non</strong></span> <span class='ocrx_word' id='word_1_697' title='bbox 2561 3530 2705 3601; x_wconf 86' lang='lat' dir='ltr'><strong>quod</strong></span> <span class='ocrx_word' id='word_1_698' title='bbox 2756 3546 2821 3585; x_wconf 79' lang='lat' dir='ltr'><strong>ex</strong></span> <span class='ocrx_word' id='word_1_699' title='bbox 2864 3532 3188 3586; x_wconf 75' lang='lat' dir='ltr'><strong>necessitate</strong></span> <span class='ocrx_word' id='word_1_700' title='bbox 3216 3547 3325 3585; x_wconf 84' lang='lat' dir='ltr'><strong>non</strong></span> <span class='ocrx_word' id='word_1_701' title='bbox 3371 3538 3602 3602; x_wconf 80' lang='lat' dir='ltr'><strong>possent,</strong></span> <span class='ocrx_word' id='word_1_702' title='bbox 3622 3537 3664 3581; x_wconf 90' lang='lat' dir='ltr'><strong>et</strong></span> <span class='ocrx_word' id='word_1_703' title='bbox 3686 3527 3742 3580; x_wconf 86' lang='lat' dir='ltr'><strong>ita</strong></span> 
     </span>
    </p>
   </div>
   <div class='ocr_carea' id='block_1_93' title="bbox 2200 3620 3741 3693">
    <p class='ocr_par' dir='ltr' id='par_1_93' title="bbox 2200 3620 3741 3693">
     <span class='ocr_line' id='line_1_93' title="bbox 2200 3620 3741 3693; baseline -0.003 -18"><span class='ocrx_word' id='word_1_704' title='bbox 2200 3622 2347 3676; x_wconf 89' lang='lat' dir='ltr'><strong>nulla</strong></span> <span class='ocrx_word' id='word_1_705' title='bbox 2377 3622 2536 3692; x_wconf 88' lang='lat' dir='ltr'><strong>culpa</strong></span> <span class='ocrx_word' id='word_1_706' title='bbox 2569 3630 2716 3677; x_wconf 86' lang='lat' dir='ltr'><strong>esset</strong></span> <span class='ocrx_word' id='word_1_707' title='bbox 2742 3623 2843 3686; x_wconf 87' lang='lat' dir='ltr'><strong>eis,</strong></span> <span class='ocrx_word' id='word_1_708' title='bbox 2871 3622 2963 3677; x_wconf 86' lang='lat' dir='ltr'><strong>sed</strong></span> <span class='ocrx_word' id='word_1_709' title='bbox 2993 3622 3121 3693; x_wconf 89' lang='lat' dir='ltr'><strong>quia</strong></span> <span class='ocrx_word' id='word_1_710' title='bbox 3177 3623 3459 3678; x_wconf 78' lang='lat' dir='ltr'><strong>uolebant.</strong></span> <span class='ocrx_word' id='word_1_711' title='bbox 3492 3620 3594 3675; x_wconf 74' lang='lat' dir='ltr'><strong>Non</strong></span> <span class='ocrx_word' id='word_1_712' title='bbox 3620 3628 3741 3690; x_wconf 82' lang='lat' dir='ltr'><strong>potu-</strong></span> 
     </span>
    </p>
   </div>
   <div class='ocr_carea' id='block_1_94' title="bbox 2201 3710 3742 3783">
    <p class='ocr_par' dir='ltr' id='par_1_94' title="bbox 2201 3710 3742 3783">
     <span class='ocr_line' id='line_1_94' title="bbox 2201 3710 3742 3783; baseline -0.005 -17"><span class='ocrx_word' id='word_1_713' title='bbox 2201 3721 2323 3766; x_wconf 90' lang='lat' dir='ltr'><strong>rant</strong></span> <span class='ocrx_word' id='word_1_714' title='bbox 2367 3711 2609 3776; x_wconf 81' lang='lat' dir='ltr'><strong>credere,</strong></span> <span class='ocrx_word' id='word_1_715' title='bbox 2637 3712 2763 3781; x_wconf 90' lang='lat' dir='ltr'><strong>quia</strong></span> <span class='ocrx_word' id='word_1_716' title='bbox 2803 3710 2898 3766; x_wconf 86' lang='lat' dir='ltr'><strong>Dei</strong></span> <span class='ocrx_word' id='word_1_717' title='bbox 2927 3711 3241 3783; x_wconf 82' lang='lat' dir='ltr'><strong>ignorantes</strong></span> <span class='ocrx_word' id='word_1_718' title='bbox 3277 3712 3576 3782; x_wconf 79' lang='lat' dir='ltr'><strong>justitiam,</strong></span> <span class='ocrx_word' id='word_1_719' title='bbox 3619 3722 3742 3763; x_wconf 83' lang='lat' dir='ltr'><strong>suam</strong></span> 
     </span>
    </p>
   </div>
   <div class='ocr_carea' id='block_1_95' title="bbox 2203 3799 3745 3870">
    <p class='ocr_par' dir='ltr' id='par_1_95' title="bbox 2203 3799 3745 3870">
     <span class='ocr_line' id='line_1_95' title="bbox 2203 3799 3745 3870; baseline -0.004 -12"><span class='ocrx_word' id='word_1_720' title='bbox 2203 3811 2444 3859; x_wconf 87' lang='lat' dir='ltr'><strong>statuere</strong></span> <span class='ocrx_word' id='word_1_721' title='bbox 2475 3802 2751 3859; x_wconf 88' lang='lat' dir='ltr'><strong>volebant.</strong></span> <span class='ocrx_word' id='word_1_722' title='bbox 2785 3801 3144 3859; x_wconf 60' lang='lat' dir='ltr'><strong>Exerceamur</strong></span> <span class='ocrx_word' id='word_1_723' title='bbox 3178 3814 3233 3858; x_wconf 92' lang='lat' dir='ltr'><strong>et</strong></span> <span class='ocrx_word' id='word_1_724' title='bbox 3288 3804 3624 3866; x_wconf 87' lang='lat' dir='ltr'><strong>iudurantur,</strong></span> <span class='ocrx_word' id='word_1_725' title='bbox 3646 3799 3745 3870; x_wconf 82' lang='lat' dir='ltr'><strong>quia</strong></span> 
     </span>
    </p>
   </div>
   <div class='ocr_carea' id='block_1_96' title="bbox 2203 3890 3748 3967">
    <p class='ocr_par' dir='ltr' id='par_1_96' title="bbox 2203 3890 3748 3967">
     <span class='ocr_line' id='line_1_96' title="bbox 2203 3890 3748 3967; baseline -0.002 -19"><span class='ocrx_word' id='word_1_726' title='bbox 2203 3894 2453 3963; x_wconf 86' lang='lat' dir='ltr'><strong>negando</strong></span> <span class='ocrx_word' id='word_1_727' title='bbox 2479 3893 2725 3948; x_wconf 89' lang='lat' dir='ltr'><strong>divinum</strong></span> <span class='ocrx_word' id='word_1_728' title='bbox 2759 3894 3092 3964; x_wconf 86' lang='lat' dir='ltr'><strong>adjutorium</strong></span> <span class='ocrx_word' id='word_1_729' title='bbox 3127 3910 3234 3950; x_wconf 89' lang='lat' dir='ltr'><strong>non</strong></span> <span class='ocrx_word' id='word_1_730' title='bbox 3262 3890 3748 3967; x_wconf 73' lang='lat' dir='ltr'><strong>adjuvar:tur.Quml</strong></span> 
     </span>
    </p>
   </div>
   <div class='ocr_carea' id='block_1_97' title="bbox 2203 3986 3749 4056">
    <p class='ocr_par' dir='ltr' id='par_1_97' title="bbox 2203 3986 3749 4056">
     <span class='ocr_line' id='line_1_97' title="bbox 2203 3986 3749 4056; baseline -0.002 -14"><span class='ocrx_word' id='word_1_731' title='bbox 2203 3996 2384 4042; x_wconf 90' lang='lat' dir='ltr'><strong>autem</strong></span> <span class='ocrx_word' id='word_1_732' title='bbox 2416 3986 2616 4041; x_wconf 90' lang='lat' dir='ltr'><strong>dicitur</strong></span> <span class='ocrx_word' id='word_1_733' title='bbox 2647 4002 2754 4041; x_wconf 92' lang='lat' dir='ltr'><strong>non</strong></span> <span class='ocrx_word' id='word_1_734' title='bbox 2786 4000 2947 4056; x_wconf 86' lang='lat' dir='ltr'><strong>posse</strong></span> <span class='ocrx_word' id='word_1_735' title='bbox 2974 3987 3217 4052; x_wconf 89' lang='lat' dir='ltr'><strong>credere,</strong></span> <span class='ocrx_word' id='word_1_736' title='bbox 3271 3989 3345 4043; x_wconf 90' lang='lat' dir='ltr'><strong>ita</strong></span> <span class='ocrx_word' id='word_1_737' title='bbox 3380 3997 3467 4045; x_wconf 87' lang='lat' dir='ltr'><strong>est</strong></span> <span class='ocrx_word' id='word_1_738' title='bbox 3511 3988 3651 4056; x_wconf 88' lang='lat' dir='ltr'><strong>culpa</strong></span> <span class='ocrx_word' id='word_1_739' title='bbox 3676 3997 3749 4036; x_wconf 74' lang='lat' dir='ltr'><strong>vo-</strong></span> 
     </span>
    </p>
   </div>
   <div class='ocr_carea' id='block_1_98' title="bbox 2202 4077 3752 4149">
    <p class='ocr_par' dir='ltr' id='par_1_98' title="bbox 2202 4077 3752 4149">
     <span class='ocr_line' id='line_1_98' title="bbox 2202 4077 3752 4149; baseline -0.003 -15"><span class='ocrx_word' id='word_1_740' title='bbox 2202 4079 2433 4134; x_wconf 90' lang='lat' dir='ltr'><strong>luntatis</strong></span> <span class='ocrx_word' id='word_1_741' title='bbox 2484 4078 2757 4143; x_wconf 80' lang='lat' dir='ltr'><strong>humanae,</strong></span> <span class='ocrx_word' id='word_1_742' title='bbox 2785 4077 2929 4133; x_wconf 86' lang='lat' dir='ltr'><strong>sicut</strong></span> <span class='ocrx_word' id='word_1_743' title='bbox 2949 4079 3092 4149; x_wconf 92' lang='lat' dir='ltr'><strong>quol</strong></span> <span class='ocrx_word' id='word_1_744' title='bbox 3125 4078 3331 4135; x_wconf 87' lang='lat' dir='ltr'><strong>dicitur</strong></span> <span class='ocrx_word' id='word_1_745' title='bbox 3361 4079 3533 4136; x_wconf 87' lang='lat' dir='ltr'><strong>Deum</strong></span> <span class='ocrx_word' id='word_1_746' title='bbox 3553 4079 3752 4147; x_wconf 81' lang='lat' dir='ltr'><strong>seipsum</strong></span> 
     </span>
    </p>
   </div>
   <div class='ocr_carea' id='block_1_99' title="bbox 2204 4166 3752 4242">
    <p class='ocr_par' dir='ltr' id='par_1_99' title="bbox 2204 4166 3752 4242">
     <span class='ocr_line' id='line_1_99' title="bbox 2204 4166 3752 4242; baseline -0.005 -15"><span class='ocrx_word' id='word_1_747' title='bbox 2204 4186 2314 4228; x_wconf 89' lang='lat' dir='ltr'><strong>non</strong></span> <span class='ocrx_word' id='word_1_748' title='bbox 2365 4185 2528 4241; x_wconf 89' lang='lat' dir='ltr'><strong>posse</strong></span> <span class='ocrx_word' id='word_1_749' title='bbox 2556 4185 2756 4240; x_wconf 87' lang='lat' dir='ltr'><strong>negare</strong></span> <span class='ocrx_word' id='word_1_750' title='bbox 2786 4169 2875 4240; x_wconf 86' lang='grc'><strong>(11</strong></span> <span class='ocrx_word' id='word_1_751' title='bbox 2911 4170 3047 4225; x_wconf 82' lang='lat' dir='ltr'><strong>Tim.</strong></span> <span class='ocrx_word' id='word_1_752' title='bbox 3093 4171 3177 4242; x_wconf 87' lang='grc' dir='ltr'>ιι),</span> <span class='ocrx_word' id='word_1_753' title='bbox 3210 4171 3334 4227; x_wconf 91' lang='lat' dir='ltr'><strong>laus</strong></span> <span class='ocrx_word' id='word_1_754' title='bbox 3375 4182 3462 4228; x_wconf 91' lang='lat' dir='ltr'><strong>est</strong></span> <span class='ocrx_word' id='word_1_755' title='bbox 3498 4166 3752 4225; x_wconf 75' lang='lat' dir='ltr'><strong>voluntatis</strong></span> 
     </span>
    </p>
   </div>
   <div class='ocr_carea' id='block_1_100' title="bbox 2204 4259 3754 4331">
    <p class='ocr_par' dir='ltr' id='par_1_100' title="bbox 2204 4259 3754 4331">
     <span class='ocr_line' id='line_1_100' title="bbox 2204 4259 3754 4331; baseline -0.005 -14"><span class='ocrx_word' id='word_1_756' title='bbox 2204 4261 2421 4318; x_wconf 83' lang='lat' dir='ltr'><strong>divinae.</strong></span> <span class='ocrx_word' id='word_1_757' title='bbox 2455 4259 2710 4317; x_wconf 80' lang='lat' dir='ltr'><strong>Nolentes</strong></span> <span class='ocrx_word' id='word_1_758' title='bbox 2744 4261 2912 4331; x_wconf 88' lang='lat' dir='ltr'><strong>igitur</strong></span> <span class='ocrx_word' id='word_1_759' title='bbox 2951 4262 3142 4319; x_wconf 83' lang='lat' dir='ltr'><strong>oculos</strong></span> <span class='ocrx_word' id='word_1_760' title='bbox 3182 4271 3236 4315; x_wconf 90' lang='lat' dir='ltr'><strong>ct</strong></span> <span class='ocrx_word' id='word_1_761' title='bbox 3271 4277 3442 4318; x_wconf 89' lang='lat' dir='ltr'><strong>aures</strong></span> <span class='ocrx_word' id='word_1_762' title='bbox 3467 4260 3661 4331; x_wconf 66' lang='lat' dir='ltr'><strong>aret-ire</strong></span> <span class='ocrx_word' id='word_1_763' title='bbox 3684 4271 3754 4309; x_wconf 80' lang='lat' dir='ltr'><strong>ve-</strong></span> 
     </span>
    </p>
   </div>
   <div class='ocr_carea' id='block_1_101' title="bbox 2207 4351 3755 4422">
    <p class='ocr_par' dir='ltr' id='par_1_101' title="bbox 2207 4351 3755 4422">
     <span class='ocr_line' id='line_1_101' title="bbox 2207 4351 3755 4422; baseline -0.006 -14"><span class='ocrx_word' id='word_1_764' title='bbox 2207 4353 2376 4419; x_wconf 90' lang='lat' dir='ltr'><strong>ritati,</strong></span> <span class='ocrx_word' id='word_1_765' title='bbox 2403 4361 2722 4408; x_wconf 89' lang='lat' dir='ltr'><strong>meruerunt</strong></span> <span class='ocrx_word' id='word_1_766' title='bbox 2746 4359 2804 4407; x_wconf 92' lang='lat' dir='ltr'><strong>ut</strong></span> <span class='ocrx_word' id='word_1_767' title='bbox 2831 4368 3112 4422; x_wconf 86' lang='lat' dir='ltr'><strong>nunquam</strong></span> <span class='ocrx_word' id='word_1_768' title='bbox 3139 4352 3359 4406; x_wconf 64' lang='lat' dir='ltr'><strong>videant</strong></span> <span class='ocrx_word' id='word_1_769' title='bbox 3391 4351 3583 4415; x_wconf 71' lang='lat' dir='ltr'><strong>oculis,</strong></span> <span class='ocrx_word' id='word_1_770' title='bbox 3605 4360 3755 4405; x_wconf 80' lang='lat' dir='ltr'><strong>etnon</strong></span> 
     </span>
    </p>
   </div>
   <div class='ocr_carea' id='block_1_102' title="bbox 2205 4439 3760 4514">
    <p class='ocr_par' dir='ltr' id='par_1_102' title="bbox 2205 4439 3760 4514">
     <span class='ocr_line' id='line_1_102' title="bbox 2205 4439 3760 4514; baseline -0.006 -13"><span class='ocrx_word' id='word_1_771' title='bbox 2205 4445 2433 4501; x_wconf 89' lang='lat' dir='ltr'><strong>audiant</strong></span> <span class='ocrx_word' id='word_1_772' title='bbox 2454 4444 2707 4511; x_wconf 86' lang='lat' dir='ltr'><strong>auribus,</strong></span> <span class='ocrx_word' id='word_1_773' title='bbox 2737 4453 2792 4499; x_wconf 91' lang='lat' dir='ltr'><strong>et</strong></span> <span class='ocrx_word' id='word_1_774' title='bbox 2826 4458 2934 4498; x_wconf 91' lang='lat' dir='ltr'><strong>non</strong></span> <span class='ocrx_word' id='word_1_775' title='bbox 2982 4445 3286 4514; x_wconf 85' lang='lat' dir='ltr'><strong>intelligant</strong></span> <span class='ocrx_word' id='word_1_776' title='bbox 3312 4445 3481 4501; x_wconf 86' lang='lat' dir='ltr'><strong>corde</strong></span> <span class='ocrx_word' id='word_1_777' title='bbox 3509 4439 3674 4514; x_wconf 86' lang='lat' dir='ltr'><strong>;quod</strong></span> <span class='ocrx_word' id='word_1_778' title='bbox 3693 4446 3760 4493; x_wconf 85' lang='lat' dir='ltr'><strong>est</strong></span> 
     </span>
    </p>
   </div>
   <div class='ocr_carea' id='block_1_103' title="bbox 2206 4529 3759 4608">
    <p class='ocr_par' dir='ltr' id='par_1_103' title="bbox 2206 4529 3759 4608">
     <span class='ocr_line' id='line_1_103' title="bbox 2206 4529 3759 4608; baseline -0.006 -15"><span class='ocrx_word' id='word_1_779' title='bbox 2206 4553 2384 4608; x_wconf 89' lang='lat' dir='ltr'><strong>neque</strong></span> <span class='ocrx_word' id='word_1_780' title='bbox 2412 4535 2617 4602; x_wconf 87' lang='lat' dir='ltr'><strong>videre,</strong></span> <span class='ocrx_word' id='word_1_781' title='bbox 2652 4551 2829 4606; x_wconf 85' lang='lat' dir='ltr'><strong>neque</strong></span> <span class='ocrx_word' id='word_1_782' title='bbox 2853 4536 3062 4602; x_wconf 89' lang='lat' dir='ltr'><strong>audire,</strong></span> <span class='ocrx_word' id='word_1_783' title='bbox 3095 4544 3150 4589; x_wconf 91' lang='lat' dir='ltr'><strong>et</strong></span> <span class='ocrx_word' id='word_1_784' title='bbox 3175 4551 3282 4588; x_wconf 89' lang='lat' dir='ltr'><strong>non</strong></span> <span class='ocrx_word' id='word_1_785' title='bbox 3313 4544 3687 4589; x_wconf 84' lang='lat' dir='ltr'><strong>convertantur</strong></span> <span class='ocrx_word' id='word_1_786' title='bbox 3707 4529 3759 4583; x_wconf 87' lang='lat' dir='ltr'><strong>ad</strong></span> 
     </span>
    </p>
   </div>
   <div class='ocr_carea' id='block_1_104' title="bbox 2202 4625 3763 4702">
    <p class='ocr_par' dir='ltr' id='par_1_104' title="bbox 2202 4625 3763 4702">
     <span class='ocr_line' id='line_1_104' title="bbox 2202 4625 3763 4702; baseline -0.007 -16"><span class='ocrx_word' id='word_1_787' title='bbox 2202 4630 2578 4702; x_wconf 70' lang='lat' dir='ltr'><strong>ptenitentiam</strong></span> <span class='ocrx_word' id='word_1_788' title='bbox 2605 4670 2619 4692; x_wconf 88' lang='lat'><strong>,</strong></span> <span class='ocrx_word' id='word_1_789' title='bbox 2650 4636 2706 4683; x_wconf 91' lang='lat' dir='ltr'><strong>et</strong></span> <span class='ocrx_word' id='word_1_790' title='bbox 2741 4643 2848 4683; x_wconf 91' lang='lat' dir='ltr'><strong>non</strong></span> <span class='ocrx_word' id='word_1_791' title='bbox 2892 4637 3157 4685; x_wconf 90' lang='lat' dir='ltr'><strong>sanentur</strong></span> <span class='ocrx_word' id='word_1_792' title='bbox 3200 4643 3228 4681; x_wconf 91' lang='lat' dir='ltr'><strong>a</strong></span> <span class='ocrx_word' id='word_1_793' title='bbox 3261 4629 3529 4695; x_wconf 82' lang='lat' dir='ltr'><strong>peccatis,</strong></span> <span class='ocrx_word' id='word_1_794' title='bbox 3553 4634 3608 4681; x_wconf 90' lang='lat' dir='ltr'><strong>ut</strong></span> <span class='ocrx_word' id='word_1_795' title='bbox 3633 4625 3763 4678; x_wconf 86' lang='lat' dir='ltr'><strong>inno-</strong></span> 
     </span>
    </p>
   </div>
   <div class='ocr_carea' id='block_1_105' title="bbox 2200 4716 3765 4792">
    <p class='ocr_par' dir='ltr' id='par_1_105' title="bbox 2200 4716 3765 4792">
     <span class='ocr_line' id='line_1_105' title="bbox 2200 4716 3765 4792; baseline -0.007 -13"><span class='ocrx_word' id='word_1_796' title='bbox 2200 4724 2432 4779; x_wconf 87' lang='lat' dir='ltr'><strong>centiam</strong></span> <span class='ocrx_word' id='word_1_797' title='bbox 2476 4723 2765 4792; x_wconf 91' lang='lat' dir='ltr'><strong>recipiant.</strong></span> <span class='ocrx_word' id='word_1_798' title='bbox 2815 4721 2911 4777; x_wconf 84' lang='lat' dir='ltr'><strong>Vel</strong></span> <span class='ocrx_word' id='word_1_799' title='bbox 2961 4723 3083 4777; x_wconf 91' lang='lat' dir='ltr'><strong>ita:</strong></span> <span class='ocrx_word' id='word_1_800' title='bbox 3129 4719 3245 4774; x_wconf 77' lang='lat' dir='ltr'><strong>Non</strong></span> <span class='ocrx_word' id='word_1_801' title='bbox 3302 4721 3595 4791; x_wconf 86' lang='lat' dir='ltr'><strong>parabolas</strong></span> <span class='ocrx_word' id='word_1_802' title='bbox 3636 4716 3765 4772; x_wconf 83' lang='lat' dir='ltr'><strong>multi</strong></span> 
     </span>
    </p>
   </div>
   <div class='ocr_carea' id='block_1_106' title="bbox 2200 4808 3758 4884">
    <p class='ocr_par' dir='ltr' id='par_1_106' title="bbox 2200 4808 3758 4884">
     <span class='ocr_line' id='line_1_106' title="bbox 2200 4808 3758 4884; baseline -0.006 -13"><span class='ocrx_word' id='word_1_803' title='bbox 2200 4816 2512 4881; x_wconf 89' lang='lat' dir='ltr'><strong>audierunt,</strong></span> <span class='ocrx_word' id='word_1_804' title='bbox 2556 4816 2685 4884; x_wconf 91' lang='lat' dir='ltr'><strong>quia</strong></span> <span class='ocrx_word' id='word_1_805' title='bbox 2733 4814 2990 4871; x_wconf 74' lang='lat' dir='ltr'><strong>exemeati</strong></span> <span class='ocrx_word' id='word_1_806' title='bbox 3039 4821 3217 4877; x_wconf 91' lang='lat' dir='ltr'><strong>erant,</strong></span> <span class='ocrx_word' id='word_1_807' title='bbox 3248 4823 3299 4867; x_wconf 91' lang='lat' dir='ltr'><strong>et</strong></span> <span class='ocrx_word' id='word_1_808' title='bbox 3346 4812 3475 4868; x_wconf 89' lang='lat' dir='ltr'><strong>inde</strong></span> <span class='ocrx_word' id='word_1_809' title='bbox 3503 4808 3758 4869; x_wconf 64' lang='lat' dir='ltr'><strong>excecati,</strong></span> 
     </span>
    </p>
   </div>
   <div class='ocr_carea' id='block_1_107' title="bbox 2201 4901 3772 4978">
    <p class='ocr_par' dir='ltr' id='par_1_107' title="bbox 2201 4901 3772 4978">
     <span class='ocr_line' id='line_1_107' title="bbox 2201 4901 3772 4978; baseline -0.008 -13"><span class='ocrx_word' id='word_1_810' title='bbox 2201 4925 2326 4965; x_wconf 90' lang='lat' dir='ltr'><strong>cum</strong></span> <span class='ocrx_word' id='word_1_811' title='bbox 2360 4907 2617 4978; x_wconf 90' lang='lat' dir='ltr'><strong>superbia</strong></span> <span class='ocrx_word' id='word_1_812' title='bbox 2642 4907 3003 4962; x_wconf 86' lang='lat' dir='ltr'><strong>incrassatum</strong></span> <span class='ocrx_word' id='word_1_813' title='bbox 3040 4921 3135 4961; x_wconf 87' lang='lat' dir='ltr'><strong>cor</strong></span> <span class='ocrx_word' id='word_1_814' title='bbox 3170 4905 3464 4961; x_wconf 88' lang='lat' dir='ltr'><strong>habebant.</strong></span> <span class='ocrx_word' id='word_1_815' title='bbox 3491 4901 3772 4959; x_wconf 65' lang='lat' dir='ltr'><strong>Evezcatio</strong></span> 
     </span>
    </p>
   </div>
   <div class='ocr_carea' id='block_1_108' title="bbox 2201 4994 3773 5069">
    <p class='ocr_par' dir='ltr' id='par_1_108' title="bbox 2201 4994 3773 5069">
     <span class='ocr_line' id='line_1_108' title="bbox 2201 4994 3773 5069; baseline -0.006 -14"><span class='ocrx_word' id='word_1_816' title='bbox 2201 5015 2331 5055; x_wconf 91' lang='lat' dir='ltr'><strong>vero</strong></span> <span class='ocrx_word' id='word_1_817' title='bbox 2387 5009 2441 5054; x_wconf 87' lang='lat' dir='ltr'><strong>et</strong></span> <span class='ocrx_word' id='word_1_818' title='bbox 2497 4998 2881 5069; x_wconf 85' lang='lat' dir='ltr'><strong>parabolarum</strong></span> <span class='ocrx_word' id='word_1_819' title='bbox 2939 4998 3251 5053; x_wconf 89' lang='lat' dir='ltr'><strong>obscuritas</strong></span> <span class='ocrx_word' id='word_1_820' title='bbox 3309 4995 3416 5051; x_wconf 84' lang='lat' dir='ltr'><strong>fuit</strong></span> <span class='ocrx_word' id='word_1_821' title='bbox 3459 4994 3676 5051; x_wconf 86' lang='lat' dir='ltr'><strong>occasio</strong></span> <span class='ocrx_word' id='word_1_822' title='bbox 3716 5005 3773 5045; x_wconf 77' lang='lat' dir='ltr'><strong>ne</strong></span> 
     </span>
    </p>
   </div>
   <div class='ocr_carea' id='block_1_109' title="bbox 2201 5089 3775 5164">
    <p class='ocr_par' dir='ltr' id='par_1_109' title="bbox 2201 5089 3775 5164">
     <span class='ocr_line' id='line_1_109' title="bbox 2201 5089 3775 5164; baseline -0.006 -16"><span class='ocrx_word' id='word_1_823' title='bbox 2201 5092 2443 5164; x_wconf 90' lang='lat' dir='ltr'><strong>quando,</strong></span> <span class='ocrx_word' id='word_1_824' title='bbox 2471 5091 2577 5146; x_wconf 89' lang='lat' dir='ltr'><strong>hoc</strong></span> <span class='ocrx_word' id='word_1_825' title='bbox 2600 5100 2706 5157; x_wconf 89' lang='lat' dir='ltr'><strong>est,</strong></span> <span class='ocrx_word' id='word_1_826' title='bbox 2737 5098 2797 5144; x_wconf 85' lang='lat' dir='ltr'><strong>ut</strong></span> <span class='ocrx_word' id='word_1_827' title='bbox 2845 5090 3144 5160; x_wconf 87' lang='lat' dir='ltr'><strong>aliquando</strong></span> <span class='ocrx_word' id='word_1_828' title='bbox 3173 5089 3454 5144; x_wconf 91' lang='lat' dir='ltr'><strong>salubrius</strong></span> <span class='ocrx_word' id='word_1_829' title='bbox 3508 5095 3775 5143; x_wconf 82' lang='lat' dir='ltr'><strong>converte-</strong></span> 
     </span>
    </p>
   </div>
   <div class='ocr_carea' id='block_1_110' title="bbox 2203 5180 3776 5254">
    <p class='ocr_par' dir='ltr' id='par_1_110' title="bbox 2203 5180 3776 5254">
     <span class='ocr_line' id='line_1_110' title="bbox 2203 5180 3776 5254; baseline -0.006 -15"><span class='ocrx_word' id='word_1_830' title='bbox 2203 5192 2394 5239; x_wconf 83' lang='lat' dir='ltr'><strong>rentur</strong></span> <span class='ocrx_word' id='word_1_831' title='bbox 2424 5200 2520 5254; x_wconf 85' lang='lat' dir='ltr'><strong>per</strong></span> <span class='ocrx_word' id='word_1_832' title='bbox 2548 5183 2723 5249; x_wconf 91' lang='lat' dir='ltr'><strong>illum,</strong></span> <span class='ocrx_word' id='word_1_833' title='bbox 2747 5183 2842 5253; x_wconf 84' lang='lat' dir='ltr'><strong>qui</strong></span> <span class='ocrx_word' id='word_1_834' title='bbox 2870 5191 2954 5238; x_wconf 89' lang='lat' dir='ltr'><strong>est</strong></span> <span class='ocrx_word' id='word_1_835' title='bbox 2977 5182 3235 5237; x_wconf 87' lang='lat' dir='ltr'><strong>terribilis</strong></span> <span class='ocrx_word' id='word_1_836' title='bbox 3263 5182 3317 5235; x_wconf 89' lang='lat' dir='ltr'><strong>in</strong></span> <span class='ocrx_word' id='word_1_837' title='bbox 3359 5180 3611 5237; x_wconf 86' lang='lat' dir='ltr'><strong>consiliis</strong></span> <span class='ocrx_word' id='word_1_838' title='bbox 3633 5189 3776 5246; x_wconf 84' lang='lat' dir='ltr'><strong>super</strong></span> 
     </span>
    </p>
   </div>
   <div class='ocr_carea' id='block_1_111' title="bbox 2202 5273 3779 5345">
    <p class='ocr_par' dir='ltr' id='par_1_111' title="bbox 2202 5273 3779 5345">
     <span class='ocr_line' id='line_1_111' title="bbox 2202 5273 3779 5345; baseline -0.007 -14"><span class='ocrx_word' id='word_1_839' title='bbox 2202 5275 2344 5331; x_wconf 86' lang='lat' dir='ltr'><strong>filios</strong></span> <span class='ocrx_word' id='word_1_840' title='bbox 2367 5275 2652 5330; x_wconf 88' lang='lat' dir='ltr'><strong>hominum</strong></span> <span class='ocrx_word' id='word_1_841' title='bbox 2685 5274 2863 5345; x_wconf 75' lang='lat' dir='ltr'><strong>(Psaf.</strong></span> <span class='ocrx_word' id='word_1_842' title='bbox 2892 5276 3042 5344; x_wconf 77' lang='lat' dir='ltr'><strong>va),</strong></span> <span class='ocrx_word' id='word_1_843' title='bbox 3071 5274 3275 5344; x_wconf 85' lang='lat' dir='ltr'><strong>quibus</strong></span> <span class='ocrx_word' id='word_1_844' title='bbox 3313 5275 3432 5329; x_wconf 89' lang='lat' dir='ltr'><strong>vult</strong></span> <span class='ocrx_word' id='word_1_845' title='bbox 3478 5273 3779 5332; x_wconf 85' lang='lat' dir='ltr'><strong>miseretur,</strong></span> 
     </span>
    </p>
   </div>
   <div class='ocr_carea' id='block_1_112' title="bbox 2201 5361 3782 5438">
    <p class='ocr_par' dir='ltr' id='par_1_112' title="bbox 2201 5361 3782 5438">
     <span class='ocr_line' id='line_1_112' title="bbox 2201 5361 3782 5438; baseline -0.008 -15"><span class='ocrx_word' id='word_1_846' title='bbox 2201 5376 2257 5423; x_wconf 90' lang='lat' dir='ltr'><strong>et</strong></span> <span class='ocrx_word' id='word_1_847' title='bbox 2274 5383 2414 5438; x_wconf 91' lang='lat' dir='ltr'><strong>quos</strong></span> <span class='ocrx_word' id='word_1_848' title='bbox 2433 5367 2549 5422; x_wconf 90' lang='lat' dir='ltr'><strong>vult</strong></span> <span class='ocrx_word' id='word_1_849' title='bbox 2563 5367 2710 5436; x_wconf 87' lang='lat' dir='ltr'><strong>juste</strong></span> <span class='ocrx_word' id='word_1_850' title='bbox 2730 5366 2933 5422; x_wconf 85' lang='lat' dir='ltr'><strong>deserit</strong></span> <span class='ocrx_word' id='word_1_851' title='bbox 2949 5364 3123 5436; x_wconf 86' lang='lat' dir='ltr'><strong>(Rom.</strong></span> <span class='ocrx_word' id='word_1_852' title='bbox 3150 5364 3247 5433; x_wconf 76' lang='lat' dir='ltr'><strong>ix).</strong></span> <span class='ocrx_word' id='word_1_853' title='bbox 3268 5362 3388 5419; x_wconf 86' lang='lat' dir='ltr'><strong>Non</strong></span> <span class='ocrx_word' id='word_1_854' title='bbox 3413 5365 3541 5434; x_wconf 90' lang='lat' dir='ltr'><strong>quia</strong></span> <span class='ocrx_word' id='word_1_855' title='bbox 3566 5361 3782 5415; x_wconf 84' lang='lat' dir='ltr'><strong>obscure</strong></span> 
     </span>
    </p>
   </div>
   <div class='ocr_carea' id='block_1_113' title="bbox 2202 5449 3785 5523">
    <p class='ocr_par' dir='ltr' id='par_1_113' title="bbox 2202 5449 3785 5523">
     <span class='ocr_line' id='line_1_113' title="bbox 2202 5449 3785 5523; baseline -0.008 -11"><span class='ocrx_word' id='word_1_856' title='bbox 2202 5457 2347 5512; x_wconf 90' lang='lat' dir='ltr'><strong>dicta</strong></span> <span class='ocrx_word' id='word_1_857' title='bbox 2401 5472 2509 5512; x_wconf 84' lang='lat' dir='ltr'><strong>non</strong></span> <span class='ocrx_word' id='word_1_858' title='bbox 2556 5456 2963 5523; x_wconf 76' lang='lat' dir='ltr'><strong>intellexerunt,</strong></span> <span class='ocrx_word' id='word_1_859' title='bbox 3018 5454 3140 5510; x_wconf 86' lang='lat' dir='ltr'><strong>ideo</strong></span> <span class='ocrx_word' id='word_1_860' title='bbox 3179 5470 3290 5509; x_wconf 89' lang='lat' dir='ltr'><strong>non</strong></span> <span class='ocrx_word' id='word_1_861' title='bbox 3339 5454 3695 5510; x_wconf 82' lang='lat' dir='ltr'><strong>crediderunt</strong></span> <span class='ocrx_word' id='word_1_862' title='bbox 3738 5449 3785 5501; x_wconf 91' lang='grc' dir='ltr'>1ιι</span> 
     </span>
    </p>
   </div>
   <div class='ocr_carea' id='block_1_114' title="bbox 2204 5541 3785 5616">
    <p class='ocr_par' dir='ltr' id='par_1_114' title="bbox 2204 5541 3785 5616">
     <span class='ocr_line' id='line_1_114' title="bbox 2204 5541 3785 5616; baseline -0.008 -13"><span class='ocrx_word' id='word_1_863' title='bbox 2204 5564 2352 5614; x_wconf 88' lang='lat' dir='ltr'><strong>eum,</strong></span> <span class='ocrx_word' id='word_1_864' title='bbox 2402 5558 2455 5604; x_wconf 91' lang='lat' dir='ltr'><strong>et</strong></span> <span class='ocrx_word' id='word_1_865' title='bbox 2491 5547 2571 5604; x_wconf 91' lang='lat' dir='ltr'><strong>sic</strong></span> <span class='ocrx_word' id='word_1_866' title='bbox 2615 5546 3027 5610; x_wconf 79' lang='lat' dir='ltr'><strong>cruciﬁxerunt,</strong></span> <span class='ocrx_word' id='word_1_867' title='bbox 3062 5555 3119 5601; x_wconf 89' lang='lat' dir='ltr'><strong>et</strong></span> <span class='ocrx_word' id='word_1_868' title='bbox 3164 5547 3244 5603; x_wconf 92' lang='lat' dir='ltr'><strong>sic</strong></span> <span class='ocrx_word' id='word_1_869' title='bbox 3276 5556 3399 5616; x_wconf 90' lang='lat' dir='ltr'><strong>post</strong></span> <span class='ocrx_word' id='word_1_870' title='bbox 3434 5541 3785 5600; x_wconf 86' lang='lat' dir='ltr'><strong>resurrectio-</strong></span> 
     </span>
    </p>
   </div>
   <div class='ocr_carea' id='block_1_115' title="bbox 2205 5629 3791 5708">
    <p class='ocr_par' dir='ltr' id='par_1_115' title="bbox 2205 5629 3791 5708">
     <span class='ocr_line' id='line_1_115' title="bbox 2205 5629 3791 5708; baseline -0.008 -13"><span class='ocrx_word' id='word_1_871' title='bbox 2205 5655 2328 5695; x_wconf 88' lang='lat' dir='ltr'><strong>nem</strong></span> <span class='ocrx_word' id='word_1_872' title='bbox 2376 5638 2610 5693; x_wconf 89' lang='lat' dir='ltr'><strong>interriti</strong></span> <span class='ocrx_word' id='word_1_873' title='bbox 2668 5638 2951 5694; x_wconf 89' lang='lat' dir='ltr'><strong>miraculis</strong></span> <span class='ocrx_word' id='word_1_874' title='bbox 2996 5639 3064 5692; x_wconf 89' lang='lat' dir='ltr'><strong>de</strong></span> <span class='ocrx_word' id='word_1_875' title='bbox 3110 5647 3263 5692; x_wconf 90' lang='lat' dir='ltr'><strong>reatu</strong></span> <span class='ocrx_word' id='word_1_876' title='bbox 3294 5637 3518 5708; x_wconf 83' lang='lat' dir='ltr'><strong>majoris</strong></span> <span class='ocrx_word' id='word_1_877' title='bbox 3551 5629 3791 5690; x_wconf 85' lang='lat' dir='ltr'><strong>criminis</strong></span> 
     </span>
    </p>
   </div>
   <div class='ocr_carea' id='block_1_116' title="bbox 2204 5720 3789 5802">
    <p class='ocr_par' dir='ltr' id='par_1_116' title="bbox 2204 5720 3789 5802">
     <span class='ocr_line' id='line_1_116' title="bbox 2204 5720 3789 5802; baseline -0.009 -17"><span class='ocrx_word' id='word_1_878' title='bbox 2204 5732 2516 5802; x_wconf 90' lang='lat' dir='ltr'><strong>compuncti</strong></span> <span class='ocrx_word' id='word_1_879' title='bbox 2553 5739 2700 5785; x_wconf 89' lang='lat' dir='ltr'><strong>sunt.</strong></span> <span class='ocrx_word' id='word_1_880' title='bbox 2728 5728 2882 5785; x_wconf 76' lang='lat' dir='ltr'><strong>Unde</strong></span> <span class='ocrx_word' id='word_1_881' title='bbox 2927 5739 3145 5800; x_wconf 82' lang='lat' dir='ltr'><strong>accepta</strong></span> <span class='ocrx_word' id='word_1_882' title='bbox 3181 5728 3513 5799; x_wconf 82' lang='lat' dir='ltr'><strong>indulgentia</strong></span> <span class='ocrx_word' id='word_1_883' title='bbox 3548 5720 3789 5794; x_wconf 85' lang='lat' dir='ltr'><strong>ampliori</strong></span> 
     </span>
    </p>
   </div>
   <div class='ocr_carea' id='block_1_117' title="bbox 2206 5815 3791 5896">
    <p class='ocr_par' dir='ltr' id='par_1_117' title="bbox 2206 5815 3791 5896">
     <span class='ocr_line' id='line_1_117' title="bbox 2206 5815 3791 5896; baseline -0.008 -17"><span class='ocrx_word' id='word_1_884' title='bbox 2206 5824 2437 5896; x_wconf 83' lang='lat' dir='ltr'><strong>ﬂagrant</strong></span> <span class='ocrx_word' id='word_1_885' title='bbox 2483 5823 2791 5878; x_wconf 80' lang='lat' dir='ltr'><strong>dilectione.</strong></span> <span class='ocrx_word' id='word_1_886' title='bbox 2837 5822 2912 5879; x_wconf 87' lang='lat' dir='ltr'><strong>De</strong></span> <span class='ocrx_word' id='word_1_887' title='bbox 2960 5824 3083 5878; x_wconf 91' lang='lat' dir='ltr'><strong>aliis</strong></span> <span class='ocrx_word' id='word_1_888' title='bbox 3117 5822 3251 5878; x_wconf 86' lang='lat' dir='ltr'><strong>dicit</strong></span> <span class='ocrx_word' id='word_1_889' title='bbox 3285 5821 3554 5876; x_wconf 85' lang='lat' dir='ltr'><strong>Dominus</strong></span> <span class='ocrx_word' id='word_1_890' title='bbox 3590 5818 3645 5890; x_wconf 88' lang='lat' dir='ltr'><strong>(I</strong></span> <span class='ocrx_word' id='word_1_891' title='bbox 3681 5815 3791 5872; x_wconf 85' lang='lat' dir='ltr'><strong>Cor.</strong></span> 
     </span>
    </p>
   </div>
   <div class='ocr_carea' id='block_1_118' title="bbox 2207 5909 3795 5991">
    <p class='ocr_par' dir='ltr' id='par_1_118' title="bbox 2207 5909 3795 5991">
     <span class='ocr_line' id='line_1_118' title="bbox 2207 5909 3795 5991; baseline -0.005 -18"><span class='ocrx_word' id='word_1_892' title='bbox 2207 5917 2318 5975; x_wconf 67' lang='lat' dir='ltr'><strong>xxv)</strong></span> <span class='ocrx_word' id='word_1_893' title='bbox 2356 5937 2366 5971; x_wconf 90' lang='lat'>:</span> <span class='ocrx_word' id='word_1_894' title='bbox 2408 5937 2425 5969; x_wconf 72' lang='grc' dir='ltr'><strong>ι</strong></span> <span class='ocrx_word' id='word_1_895' title='bbox 2464 5915 2682 5991; x_wconf 87' lang='lat' dir='ltr'><strong>Loquor</strong></span> <span class='ocrx_word' id='word_1_896' title='bbox 2707 5915 2786 5975; x_wconf 87' lang='lat' dir='ltr'><strong>eis</strong></span> <span class='ocrx_word' id='word_1_897' title='bbox 2819 5916 2873 5977; x_wconf 84' lang='lat' dir='ltr'><strong>in</strong></span> <span class='ocrx_word' id='word_1_898' title='bbox 2919 5916 3040 5975; x_wconf 83' lang='lat' dir='ltr'><strong>aliis</strong></span> <span class='ocrx_word' id='word_1_899' title='bbox 3092 5915 3315 5991; x_wconf 73' lang='lat' dir='ltr'><strong>linguis,</strong></span> <span class='ocrx_word' id='word_1_900' title='bbox 3344 5923 3397 5985; x_wconf 82' lang='lat' dir='ltr'><strong>et</strong></span> <span class='ocrx_word' id='word_1_901' title='bbox 3433 5914 3483 5971; x_wconf 87' lang='lat' dir='ltr'><strong>in</strong></span> <span class='ocrx_word' id='word_1_902' title='bbox 3540 5911 3677 5974; x_wconf 74' lang='lat' dir='ltr'><strong>aliis</strong></span> <span class='ocrx_word' id='word_1_903' title='bbox 3728 5909 3795 5959; x_wconf 71' lang='lat' dir='ltr'><strong>ia-</strong></span> 
     </span>
    </p>
   </div>
   <div class='ocr_carea' id='block_1_119' title="bbox 3891 4614 3897 5161">
    <p class='ocr_par' dir='ltr' id='par_1_119' title="bbox 3891 4724 3895 5161">
     <span class='ocr_line' id='line_1_119' title="bbox 3894 4724 3895 4775; baseline 0 0"><span class='ocrx_word' id='word_1_904' title='bbox 3894 4724 3895 4775; x_wconf 64' lang='grc' dir='ltr'><strong>ι</strong></span> 
     </span>
     <span class='ocr_line' id='line_1_120' title="bbox 3892 4900 3893 4977; baseline 0 0"><span class='ocrx_word' id='word_1_905' title='bbox 3892 4900 3893 4977; x_wconf 70' lang='lat' dir='ltr'><strong>l</strong></span> 
     </span>
     <span class='ocr_line' id='line_1_121' title="bbox 3891 5112 3893 5161; baseline 0 0"><span class='ocrx_word' id='word_1_906' title='bbox 3891 5112 3893 5161; x_wconf 62' lang='grc' dir='ltr'><em>Α</em></span> 
     </span>
    </p>
   </div>
  </div>
