3964 6452
237 398 330 494 853

1144 437 1716 496 DEFLURATXONES
1757 440 1858 496 SS.
1901 437 2210 497 PATBUM.
2252 470 2321 482 ς·-
2362 438 2487 494 LIB.
2524 437 2561 495 l.

3386 442 3495 499 85}

239 552 350 619 hiis,
388 570 407 604 ι
451 555 740 611 manifesta
778 553 983 611 scilicet
1012 558 1378 628 apostolorum
1407 557 1674 621 doctrina,
1716 577 1733 609 ι
1759 565 1812 610 et
1843 564 1888 620 Α
1916 558 2129 624 mortis,
2154 556 2369 611 dolores
2393 554 2588 611 inferni
2609 553 2782 628 (Psal.
2806 553 2961 625 xvu).
2987 576 3003 606 ο
3026 551 3255 625 Propter
3277 555 3378 611 hos
3399 556 3495 609 do—

238 661 325 701 nec
352 645 435 702 sic
462 648 759 703 exaudient
785 663 871 702 me
900 666 912 714 ;
948 667 964 698 ι
1010 649 1075 703 de
1102 648 1187 703 his
1227 663 1358 704 vero
1406 648 1585 703 dicere
1618 658 1812 719 potest,

237 734 308 790 vel
342 734 421 793 sic
459 738 752 793 exaulient
785 755 891 792 me.

239 851 307 908 De
348 850 720 922 Septuagesia,
752 853 1113 925 Staagesima,
1160 854 1631 925 Quinquagesima,
1665 870 1728 907 ac
1751 854 1813 908 de

807 924 962 989 Quod
969 925 1246 995 ragesima.

298 1011 760 1084 Septuagenarius
789 1015 977 1071 eadem
1009 1014 1381 1085 perfectionne
1427 1016 1701 1085 perfectus
1728 1023 1814 1069 est

236 1118 331 1173 qua
353 1112 407 1159 et
430 1104 954 1176 quinquagenarius.
990 1104 1177 1162 Decies
1206 1106 1405 1177 quippe
1463 1116 1666 1177 septem
1706 1124 1810 1162 ιιι

237 1195 381 1252 ﬁunt.
437 1195 916 1268 Quadragenarius
971 1213 1095 1255 eum
1157 1200 1513 1269 sexagenario
1561 1200 1813 1255 vicinita-

239 1296 331 1342 tem
368 1288 553 1352 habet,
584 1303 651 1343 eo
676 1289 819 1358 quod
844 1282 1153 1345 ‘contlictus
1188 1289 1304 1344 sine
1355 1290 1686 1361 perfectione
1717 1291 1813 1346 bo-

237 1381 283 1436 ni
334 1382 519 1450 operis
571 1390 624 1436 et
656 1381 914 1452 perfectio
942 1383 1061 1438 sine
1106 1382 1362 1438 conflictu
1392 1399 1515 1438 esse
1560 1400 1668 1438 non
1712 1400 1810 1453 po-

237 1480 345 1527 test.
399 1471 919 1544 Quinquagenarius
966 1475 1219 1532 similiter
1266 1486 1321 1533 et
1362 1478 1811 1549 septuagenarius

234 1564 557 1620 vicinitatem
584 1566 803 1631 habent,
831 1568 1031 1623 mentis
1062 1578 1115 1623 et
1163 1570 1412 1639 corporis
1440 1570 1811 1640 signiﬁcantes

234 1656 488 1726 requiem.
535 1655 692 1711 Enim
749 1658 1010 1727 scriptum
1038 1669 1123 1715 est
1152 1678 1169 1716 :
1204 1680 1221 1713 ι
1258 1661 1406 1716 Data:
1432 1670 1561 1718 sunt
1607 1662 1810 1717 sanctis

235 1746 375 1801 stolae
424 1746 676 1818 singulae,
724 1756 779 1802 et
822 1748 1027 1803 dictum
1073 1760 1158 1805 est
1197 1750 1321 1807 eis:
1377 1750 1723 1821 Requiescite
1757 1762 1811 1805 et

235 1838 529 1901 sustinete,
572 1839 747 1894 dontc
796 1839 1087 1910 impleatur
1128 1858 1389 1897 numerus
1436 1842 1662 1898 fratrum
1715 1858 1808 1897 ve-

232 1936 460 1982 strorum
488 1928 674 1999 (Apoc.
716 1929 811 1998 vt).
843 1908 1137 2001 {Singulae
1168 1932 1322 1987 stolae
1370 1930 1450 1988 eis
1491 1933 1629 1987 datae
1659 1939 1806 1997 sunt,
1844 1908 1883 1962 Β

230 2019 314 2090 qui
345 2019 548 2073 mentis
572 2020 735 2076 modo
758 2022 1000 2092 requiem
1033 2023 1084 2075 in
1110 2037 1204 2092 spe
1258 2024 1478 2078 habent.
1513 2022 1649 2077 Cum
1684 2039 1811 2078 vero

226 2109 476 2180 impletus
498 2110 659 2166 fuerit
682 2128 942 2169 numerus
978 2111 1231 2181 fratrum,
1257 2115 1399 2170 binae
1428 2115 1579 2170 stolae
1602 2114 1812 2168 dabun-

230 2210 335 2267 tur,
367 2202 633 2271 quoniam
668 2204 867 2258 mentis
889 2214 942 2259 et
985 2206 1234 2277 corporis
1266 2215 1395 2260 tunc
1419 2205 1659 2275 requiem
1681 2220 1813 2273 pos-

223 2291 503 2355 sidebunt,
536 2294 679 2349 sicut
707 2294 968 2365 scriptum
993 2304 1075 2350 est
1106 2315 1119 2350 :
1155 2316 1172 2347 ι
1200 2295 1256 2349 in
1281 2306 1423 2351 terra
1455 2312 1553 2350 sua
1576 2294 1811 2365 duplicia

219 2384 582 2455 possidebunt
622 2384 801 2456 (Deut.
838 2388 972 2459 XXI).
1013 2407 1030 2440 ι
1066 2387 1531 2459 Septuagesimam
1576 2403 1813 2456 namque

216 2476 578 2531 observamus
597 2477 648 2531 in
664 2480 915 2548 figuram,
930 2496 1034 2534 ιιι
1056 2496 1345 2545 annorum,
1367 2495 1461 2549 per
1476 2494 1612 2549 quos
1629 2478 1811 2533 alllicti

212 2580 346 2626 sunt
383 2570 481 2625 lilii
510 2570 675 2627 Israel
703 2574 756 2627 in
798 2573 1091 2646 Babylone,
1115 2584 1168 2630 et
1194 2575 1336 2631 sicut
1386 2574 1488 2645 ipsi
1516 2583 1810 2645 antequam

211 2680 319 2718 va
358 2664 493 2718 anni
544 2664 830 2720 [inirentur
853 2666 1051 2736 partim
1077 2666 1387 2727 redeuntes,
1412 2665 1811 2735 aliquantulum

206 2756 490 2811 consolati
523 2766 670 2825 sunt,
712 2758 794 2813 sic
842 2767 894 2812 et
924 2774 1026 2813 nos
1073 2759 1224 2825 dum,
1270 2756 1437 2812 finitis
1465 2773 1566 2812 Lxx
1598 2757 1810 2822 diebus,

205 2846 430 2901 luctum
465 2847 800 2917 poenitentiae
849 2848 977 2903 licet
1014 2865 1122 2904 non
1156 2849 1313 2919 plene
1364 2848 1733 2904 convertimus
1755 2848 1811 2901 in

200 2938 505 3009 gaudium,
547 2940 756 2994 scilicet
804 2940 858 2995 in
890 2940 978 2995 die
1027 2941 1444 2996 resurrectionis
1492 2940 1811 3006 Dominicte,

199 3032 340 3086 licet
394 3030 818 3102 Septuagesima
863 3042 1056 3088 nostra
1100 3048 1276 3103 usque
1311 3032 1375 3087 ad
1401 3047 1635 3101 sequens
1670 3028 1811 3084 Sab-

197 3124 406 3179 batum
435 3122 864 3194 porrigatur.‘Et
904 3124 1046 3179 sicut
1089 3124 1183 3179 ﬁlii
1215 3123 1378 3179 Israel
1420 3133 1544 3179 ante
1584 3122 1814 3193 Septua-

194 3215 492 3286 gesimum
517 3230 720 3269 annum
745 3217 961 3286 plenam
992 3232 1178 3287 pacem
1225 3233 1333 3270 non
1376 3216 1704 3281 habuerunt,
1733 3214 1813 3269 sic

193 3322 309 3361 nec
362 3321 493 3372 nos,
543 3307 794 3376 quamvis
821 3307 886 3361 ad
926 3308 1203 3363 cmlestem
1238 3306 1578 3362 llicrusalcm
1628 3323 1812 3361 rever-

192 3406 402 3452 tamur
427 3411 526 3465 per
551 3397 906 3466 baptismum,
941 3397 1024 3452 vel
1058 3414 1153 3467 per
1196 3398 1572 3469 paenitentiam
1597 3397 1816 3451 liberta-

192 3498 314 3544 tem
377 3488 599 3557 plenam
658 3489 987 3558 recipiemus
1041 3494 1166 3544 ante
1222 3488 1543 3557 Sabbatum,
1595 3490 1815 3560 quando

174 3580 425 3635 anima:
476 3589 797 3635 sanctorum
854 3583 1097 3653 requiem
1162 3591 1421 3637 aeternam
1485 3583 1815 3653 percipiunt.

192 3670 489 3726 Jercrnias
511 3673 749 3727 ostendit
771 3672 1060 3729 Dominum
1090 3691 1190 3729 nos
1220 3674 1355 3729 velle
1384 3690 1601 3729 cessare
1631 3690 1661 3728 a
1686 3689 1817 3729 voce

199 3764 406 3834 gaudii
440 3763 705 3834 quamdiu
733 3766 784 3818 iu
810 3763 1084 3837 Babylone
1140 3764 1427 3827 fuerimus.
1463 3767 1534 3819 ita
1582 3766 1770 3821 dicens
1800 3785 1813 3821 ε

208 3874 223 3905 ι
260 3854 333 3909 Et
366 3871 591 3909 cessare
624 3855 819 3910 faciam
863 3873 892 3911 a
927 3858 1082 3911 vobis
1123 3874 1287 3913 voces
1323 3857 1503 3929 gaudii
1528 3866 1582 3911 et
1619 3858 1818 3912 lartitizn

212 3943 359 4013 (ιιι-ι’.
398 3947 521 4015 vu).
569 3967 585 3999 ι
623 3947 965 4020 Quapropter
985 3949 1204 4003 alleluia
1234 3949 1287 4004 in
1323 3949 1415 4003 illo
1438 3957 1679 4018 tempore
1707 3965 1816 4004 non

222 4046 490 4093 cantatur
538 4040 679 4109 apud
744 4056 866 4106 nos,
919 4049 973 4095 et
1014 4041 1370 4096 dulcissimus
1428 4040 1666 4111 hymnus
1715 4056 1818 4094 an-

226 4130 498 4200 gelorum,
544 4130 729 4186 Gloria
767 4135 819 4186 in
848 4132 1068 4187 excelsis
1116 4132 1243 4198 Deo,
1282 4149 1403 4202 quae
1442 4133 1655 4187 cantica
1692 4142 1820 4188 sunt

230 4221 493 4277 cmlestia.
546 4220 699 4278 Unde
728 4222 969 4279 Joannes
1016 4225 1068 4278 in
1099 4223 1425 4295 Apocalypsi
1456 4242 1468 4277 ε
1498 4243 1516 4275 ι
1544 4222 1677 4278 Post
1704 4224 1819 4279 hate

236 4314 416 4367 audivi
470 4316 631 4385 quasi
681 4332 868 4371 vocem
923 4332 1174 4386 magnam
1215 4316 1467 4370 tubarum
1521 4315 1816 4370 multarum

238 4408 293 4462 in
323 4409 457 4464 cmio
491 4410 787 4465 dicentium
818 4429 831 4464 :
861 4409 1089 4464 Alleluia
1117 4409 1302 4480 (.lpoc.
1355 4409 1493 4479 xu),
1525 4429 1542 4461 ι
1584 4409 1821 4464 εεάλιῐξμ

237 4507 359 4554 etus
386 4516 481 4569 pro
520 4501 737 4556 alleluia
767 4503 1004 4567 canitur,
1053 4502 1145 4572 qui
1180 4501 1365 4556 suavis
1421 4509 1503 4556 est
1545 4501 1814 4567 auribus;

1840 3262 1880 3317 Ο

1918 651 2062 706 lores
2084 664 2194 705 non
2216 664 2509 719 possumus
2535 648 2702 705 laetari
2726 660 2778 704 et
2802 647 2981 704 securi
3006 663 3151 715 esse,
3167 649 3259 704 sed
3288 663 3488 718 praepa-

1918 757 2041 797 rare
2063 756 2163 796 nos
2189 741 2449 798 debemus
2472 741 2539 797 ad
2560 741 2781 809 bellum,
2802 753 2860 796 ut
2878 741 3173 811 Apostolus
3198 742 3302 796 ait:
3329 761 3346 787 ι
3367 739 3496 795 0m-

1916 834 2003 888 nis
2050 843 2230 889 autem
2269 834 2361 904 qui
2403 833 2456 888 in
2484 849 2657 905 agone
2695 834 2991 898 contendit,
3041 834 3110 888 ab
3147 834 3403 889 omnibus
3437 850 3498 890 se

1916 925 2153 980 abstinet
2174 923 2226 997 (1
2251 923 2373 980 Cor.
2403 926 2501 993 Ix).
2528 945 2544 974 ι
2588 923 2751 979 Juxta
2784 925 3155 990 Ambrosium,
3175 925 3244 980 ab
3274 925 3359 980 his
3377 939 3498 978 om—

1917 1017 2078 1072 nihus
2101 1031 2223 1087 quae
2254 1015 2470 1070 vitanda
2500 1015 2688 1071 eadem
2743 1016 2963 1070 trmlidit
2990 1015 3273 1085 disciplina
3306 1023 3494 1072 contra

1914 1110 2066 1176 vitia,
2082 1111 2240 1165 nobis
2265 1110 2536 1165 luctamen
2561 1118 2661 1165 est.
2679 1108 2944 1164 Futurum
2964 1119 3046 1164 est
3073 1109 3270 1164 bellum
3288 1127 3303 1175 ;
3324 1109 3500 1164 absti-

1914 1218 2145 1258 neamus
2188 1217 2289 1257 nos
2338 1201 2407 1256 ab
2472 1200 2559 1255 bis
2604 1216 2726 1270 qua:
2771 1199 3071 1269 impediunt
3126 1215 3362 1269 pugnam
3394 1215 3496 1254 no-

1914 1310 2084 1350 sram.
2104 1292 2253 1348 Unde
2281 1292 2494 1347 videtur
2521 1293 2680 1347 nobis
2703 1301 2999 1362 przeccptor
3015 1290 3174 1346 ollicii
3203 1290 3336 1345 velle
3365 1300 3499 1345 tem-

1917 1402 2021 1457 pus
2047 1384 2498 1458 Septuagesimze,
2530 1395 2744 1455 tempus
2775 1384 2954 1439 luctus
2982 1398 3125 1449 esse,
3154 1391 3213 1438 ut
3241 1381 3499 1437 lntroitus

1913 1479 2479 1535 indicatetGraduale.
2514 1476 3206 1547 Scxagenarius,quoniam
3238 1490 3501 1529 numeras

1913 1572 2187 1643 perfectus
2212 1582 2315 1635 est,
2347 1571 2439 1641 qui
2472 1586 2501 1625 a
2543 1570 2761 1625 senario
2797 1569 3059 1625 nascitur.
3088 1568 3349 1622 Scnarins
3378 1582 3501 1636 pcr-

1915 1661 2089 1716 fectus
2123 1669 2229 1725 est,
2258 1661 2386 1730 quia
2412 1658 2672 1730 perfectio
2720 1659 2845 1713 boni
2876 1658 3059 1728 operis
3077 1666 3178 1712 est.
3214 1655 3322 1712 Sex
3352 1657 3500 1710 enim

1911 1752 2104 1807 diebus
2128 1762 2383 1821 operatus
2406 1759 2490 1805 est
2532 1749 2695 1815 Dens,
2743 1758 2796 1804 et
2825 1758 2976 1804 sexta
3005 1757 3160 1802 aetate
3193 1747 3380 1801 mundi
3411 1763 3502 1801 ve-

1917 1843 2017 1907 nit,
2052 1850 2161 1897 etc.
2195 1839 2260 1895 Et
2312 1850 2456 1896 recte
2495 1839 2769 1910 perfectus
2815 1848 2916 1903 est,
2977 1838 3105 1908 quia
3152 1838 3234 1892 hac
3279 1837 3498 1903 animm,

1913 1950 2035 2005 qua:
2064 1933 2316 2005 perfecta:
2338 1933 2391 1987 in
2435 1933 2579 1987 bono
2616 1946 2778 2002 opere
2808 1939 2955 1995 sum,
2989 1946 3085 2000 per
3128 1931 3271 1985 hune
3302 1944 3497 1984 nurne-

1915 2043 2035 2081 rum
2062 2027 2437 2097 designantur.
2482 2024 2546 2079 Et
2575 2023 2642 2079 de
2673 2024 2790 2078 viro
2822 2024 3048 2094 pacitico
3089 2024 3350 2093 scriptum
3382 2034 3463 2079 est
3484 2040 3497 2053 '

1920 2138 1938 2171 ι
1983 2118 2272 2189 Sexaginta
2300 2117 2499 2188 regina:
2527 2125 2581 2171 et
2607 2116 2878 2184 octoginta
2910 2115 3247 2181 concubime,
3284 2125 3339 2170 et
3368 2132 3400 2171 a
3422 2117 3502 2169 Zo—

1915 2209 2338 2265 lescentularum
2384 2222 2493 2261 non
2544 2214 2627 2261 est
2668 2222 2931 2261 numerus
2991 2205 3170 2275 (Cant.
3227 2208 3324 2275 vt).
3365 2225 3381 2256 ι
3420 2205 3499 2259 Ilii

1914 2300 2059 2355 enim
2097 2300 2190 2369 qui
2237 2300 2289 2352 in
2322 2297 2655 2370 perfectione
2686 2296 2812 2351 boni
2853 2296 3035 2365 operis
3075 2294 3384 2350 consistunt
3410 2311 3500 2348 re-

1915 2392 2056 2462 gina:
2079 2399 2362 2445 vocantur.
2394 2388 2470 2441 Illi
2502 2396 2683 2441 autem
2714 2386 2807 2457 qui
2841 2386 3024 2441 minus
3068 2383 3289 2455 aliquod
3316 2400 3345 2438 a
3377 2400 3502 2454 per-

1915 2480 2148 2537 fectione
2189 2489 2354 2546 sunt,
2401 2479 2622 2534 nomine
2668 2478 2990 2533 concubium
3028 2477 3404 2547 designantur,
3446 2485 3508 2529 et

1914 2571 2007 2643 qui
2032 2572 2085 2625 in
2120 2571 2222 2624 fide
2269 2569 2614 2625 solummodo
2637 2576 2791 2635 sunt,
2820 2568 3042 2621 nomine
3068 2566 3503 2621 adolescentula-

1915 2679 2035 2718 rmn
2098 2672 2381 2717 vocantur.
2430 2660 2486 2715 ln
2538 2659 2890 2731 Sexagesima
2939 2658 3262 2714 circumdati
3309 2675 3502 2713 sunms

1916 2755 2359 2810 tribulationibus
2415 2753 2861 2825 quammaximis,
2888 2767 2952 2807 ac
2993 2752 3039 2807 si
3091 2767 3200 2806 non
3241 2760 3386 2807 esset
3416 2751 3501 2803 lo-

1915 2864 2013 2903 cus
2036 2847 2320 2902 evadendi.
2348 2846 2707 2902 Vendidimus
2750 2861 2851 2900 nos
2878 2846 2982 2898 sub
3020 2854 3265 2914 peccato,
3297 2843 3351 2897 in
3401 2858 3504 2897 no—

1914 2942 1998 2996 bis
2027 2956 2134 2994 non
2167 2949 2249 2995 est
2281 2940 2451 2994 virtus
2499 2939 2765 2994 solvendi.
2805 2936 2958 2991 Unde
2980 2935 3177 2991 dicitur
3215 2935 3269 2989 in
3326 2935 3503 3005 prima

1913 3032 2196 3085 oratione:
2229 3050 2246 3081 ι
2280 3030 2441 3096 Deus,
2469 3029 2560 3099 qui
2584 3028 2879 3097 conspicis,
2909 3027 3035 3097 quia
3064 3025 3117 3079 in
3145 3024 3296 3079 nulla
3314 3032 3503 3079 nostra

1914 3124 2114 3178 virtute
2137 3123 2507 3177 subsistimus.
2524 3142 2540 3173 ι
2565 3120 2692 3176 lude
2713 3120 2874 3175 etiam
2899 3120 3056 3189 quasi
3078 3117 3410 3183 dubitantes,
3430 3131 3503 3171 an

1916 3214 2180 3270 Dominus
2199 3214 2480 3269 nobiscum
2505 3214 2594 3278 sit,
2626 3213 2678 3267 in
2699 3211 2926 3267 lntroitu
2958 3211 3193 3266 dicimus
3220 3229 3232 3264 :
3265 3208 3503 3265 «Exsur-

1918 3322 2003 3377 ge,
2034 3322 2205 3378 quare
2232 3305 2534 3370 obdormis,
2560 3303 2829 3358 Domine?
2853 3323 2870 3353 ι
2906 3301 3076 3373 (ΡδηΙ.
3098 3300 3277 3373 mu.)
3301 3299 3356 3354 ln
3375 3299 3504 3371 Epi-

1917 3400 2056 3456 stola
2081 3398 2457 3455 eonfortamur
2487 3398 2556 3452 ab
2582 3396 2862 3467 Apostolo,
2899 3404 2957 3451 ut
3005 3397 3146 3450 viam
3186 3410 3501 3466 qumramus

1916 3491 2179 3547 evadendi
2197 3492 2263 3545 de
2284 3488 3069 3560 captivitate,etdespiciamus
3098 3487 3375 3552 dominos,
3403 3487 3509 3556 qui

1919 3599 2019 3639 nos
2049 3583 2115 3638 ad
2138 3584 2425 3639 delendum
2457 3590 2661 3637 tenent.
2688 3580 2828 3635 Dicit
2849 3581 3183 3651 indignando
3215 3594 3378 3649 super
3405 3594 3511 3633 eos

1917 3678 2012 3746 qui
2030 3677 2189 3731 malis
2206 3676 2403 3730 cedunt
2424 3694 2435 3729 :
2464 3695 2480 3725 ι
2495 3674 2750 3729 Libenter
2767 3673 3004 3730 suﬂ‘ertis
3022 3673 3360 3743 insipientes,
3373 3689 3509 3728 cum

1919 3768 2040 3822 sitis
2071 3768 2174 3837 ipsi
2197 3768 2470 3837 sapientes
2496 3763 2585 3835 (11
2601 3763 2726 3819 Cor.
2760 3765 2860 3837 xi).
2896 3783 2913 3817 ι
2952 3763 3079 3819 huic
3104 3779 3204 3818 nos
3232 3764 3300 3819 de
3324 3762 3507 3817 tribu-

1918 3859 2119 3913 latione
2138 3857 2567 3913 conseendantes
2588 3857 2656 3911 ad
2681 3856 3065 3927 requirendum
3089 3856 3372 3927 proprium
3395 3854 3506 3910 Do-

1919 3950 2127 4004 mintnn
2155 3957 2424 4013 nostrum,
2448 3947 2680 4002 dicimus
2706 3966 2719 4001 :
2753 3967 2771 4000 ι
2799 3947 2986 4002 Sciant
3010 3958 3217 4017 gentes,
3240 3947 3506 4017 quoniam

1920 4055 2118 4095 nomen
2150 4039 2246 4093 tibi
2272 4037 2417 4093 Deus
2445 4036 2533 4109 (II
2564 4036 2741 4090 Much.
2770 4037 2834 4110 ι).
2858 4057 2876 4089 ι
2900 4036 3133 4091 Tractus
3163 4037 3507 4093 Commoristi

1919 4134 2156 4189 ostendit
2181 4141 2378 4187 terram
2407 4139 2736 4188 commotam
2767 4132 3103 4187 conscientia
3130 4142 3502 4202 peccatorum.

1919 4227 2050 4283 Post
2075 4235 2273 4281 terram
2298 4235 2627 4280 commotam
2660 4238 2845 4280 semen
2874 4223 3167 4278 inducitur.
3188 4223 3246 4277 in
3273 4221 3509 4293 Septua~

1920 4319 2124 4392 gesima
2141 4318 2397 4389 increpati
2423 4332 2634 4379 sumus,
2652 4318 2778 4387 quia
2801 4315 2959 4371 otiosi
2986 4316 3257 4381 stetimus,
3291 4314 3502 4369 inducti

1920 4428 2114 4468 sumus
2145 4411 2210 4467 ad
2238 4412 2451 4465 vineam
2481 4409 2762 4465 colendam
2791 4428 2804 4473 ;
2843 4410 2896 4464 in
2929 4407 3275 4479 Sexagesima
3313 4416 3497 4462 autem

1921 4520 2105 4560 semen
2128 4503 2383 4573 jacimus.
2414 4502 2534 4557 llaéc
2564 4502 2837 4572 procurrit
2866 4501 2933 4555 ad
2956 4509 3205 4571 quartam
3232 4498 3422 4555 feriam
3449 4499 3507 4553 in

238 4591 450 4647 alleluia
479 4605 660 4647 autem
688 4602 909 4664 propter
954 4594 1217 4649 honorent
1250 4594 1439 4662 prima:
1485 4594 1684 4663 lingua:
1726 4602 1811 4647 est
1845 4602 1889 4658 ι)
1918 4596 2146 4661 Pascha,
2175 4596 2227 4648 in
2261 4612 2367 4666 qua
2405 4594 2579 4650 sancti
2606 4595 2670 4648 ad
2705 4592 3110 4664 percipiendum
3152 4608 3376 4663 regnum
3409 4608 3507 4645 vo-

239 4684 569 4752 przrelarius.
608 4684 712 4739 Per
760 4702 862 4740 va
910 4702 1086 4742 annos
1136 4688 1465 4755 captivitatis
1523 4703 1663 4757 quos
1711 4691 1818 4740 'nos

240 4778 567 4833 mutavimus
615 4779 668 4832 in
717 4795 821 4832 va
871 4779 987 4833 dies
1037 4779 1304 4848 jejunium
1363 4789 1481 4834 erat
1526 4776 1671 4848 apud
1722 4776 1819 4831 Ju-

239 4866 403 4926 daeos.
433 4869 584 4926 Unde
614 4870 877 4926 Dominus
915 4886 1010 4941 per
1052 4868 1369 4925 Zachariam
1398 4888 1411 4924 τ
1465 4891 1481 4921 ι
1517 4868 1653 4924 Cum
1677 4869 1820 4939 jeju—

242 4964 440 5018 narctis
470 4972 523 5018 et
552 4964 881 5034 plangeretis
904 4979 1000 5033 per
1035 4963 1135 5017 hos
1174 4980 1279 5018 axx
1331 4978 1508 5018 annos
1532 5005 1548 5028 ,
1572 4961 1819 5032 nunquid

231 5052 498 5122 jejunium
521 5056 813 5126 jejunastis
850 5054 1019 5109 mihi?
1046 5074 1063 5105 ι
1100 5053 1239 5124 (Jac.
1282 5053 1403 5123 vu.)
1433 5050 1606 5107 Grzeci
1636 5050 1821 5121 proxi-

238 5159 386 5199 mam
420 5147 813 5203 hebdomadam
847 5148 1190 5203 sanctilicant
1220 5163 1321 5203 suo
1346 5147 1577 5217 jejunio.
1624 5144 1819 5199 Clerici

236 5239 433 5304 nostri,
478 5250 698 5296 auctore
727 5240 1060 5310 Telesphore
1096 5256 1252 5310 papa,
1285 5239 1379 5309 qui
1418 5237 1700 5294 constituit
1747 5254 1819 5290 vn

238 5322 699 5389 hebdomadarum
724 5334 993 5405 jejunium
1026 5344 1152 5388 ante
1180 5332 1413 5401 Pascha,
1452 5333 1662 5387 tertiam
1697 5348 1818 5388 suo.

232 5411 539 5494 Plaeceptor
579 5435 759 5481 tamen
785 5426 944 5481 oﬂicii
993 5427 1046 5480 in
1079 5426 1348 5497 superiori
1372 5424 1677 5489 Dominica,
1702 5440 1823 5495 quae

230 5520 463 5569 Vocatur
491 5516 925 5588 Septuagesima,
964 5518 1226 5588 majorem
1261 5516 1617 5571 mutationem
1641 5516 1823 5586 requi-

223 5595 313 5651 rit
345 5620 499 5674 quam
523 5625 774 5680 agamus.
800 5608 1205 5664 Coustitutione
1232 5606 1391 5662 ollicii
1426 5607 1509 5661 sui
1552 5605 1820 5676 jejunium

216 5683 292 5740 in
346 5698 682 5755 tribulatione
719 5700 989 5756 intimavit
1016 5700 1070 5755 in
1121 5698 1296 5770 prima
1344 5698 1592 5754 oratione
1642 5699 1825 5753 missa}

209 5778 428 5845 dicens
454 5789 586 5847 :tUt
601 5792 855 5862 quijuste
870 5808 968 5864 pro
992 5792 1228 5863 peccatis
1251 5792 1452 5848 nostris
1474 5791 1784 5862 afﬂigimur.
1800 5811 1818 5842 ι

204 5867 285 5925 ιιι
343 5876 559 5942 lntroitu
614 5884 787 5942 dicit:
835 5903 852 5931 σ
909 5883 1399 5942 Circumdederunt
1452 5901 1537 5940 me
1590 5883 1823 5955 gemitus

1920 4697 2134 4743 cantur.
2182 4687 2260 4740 Ad
2321 4687 2465 4757 quod
2518 4701 2619 4741 nos
2668 4701 2765 4756 per
2817 4684 3222 4754 Sexagesimam
3286 4700 3507 4738 currere

1920 4787 2149 4849 oportet.
2179 4777 2311 4833 Nam
2337 4778 2584 4833 senarius
2611 4793 2706 4847 per
2731 4777 3012 4831 denarium
3040 4776 3237 4830 ductus
3258 4792 3321 4829 ιι
3356 4789 3511 4830 com-

1920 4874 2048 4942 plet.
2076 4870 2341 4926 Denarius
2384 4880 2564 4924 autem
2588 4871 2653 4924 ad
2681 4871 2983 4952 mercedem
3009 4884 3235 4939 operum
3260 4867 3505 4937 respicit,

1922 4960 2171 5016 senarius
2212 4961 2278 5015 ad
2322 4959 2705 5029 perfectiones,
2756 4960 2965 5015 scilicet
3000 4973 3249 5029 operum.
3281 4957 3340 5014 Si
3381 4959 3507 5030 quis

1922 5052 2088 5121 igitur
2120 5067 2215 5121 per
2260 5050 2651 5121 perfectionem
2709 5050 3016 5105 mercedem
3056 5065 3283 5121 operum
3318 5051 3507 5120 requi-

1923 5146 2014 5209 rit,
2047 5143 2159 5213 ipsc
2186 5144 2447 5213 percipiet
2491 5159 2717 5213 regnum
2771 5143 2916 5214 quod
2966 5142 3124 5199 nobis
3175 5143 3509 5215 promittitur

1923 5234 1976 5289 in
2010 5242 2201 5304 quarta
2225 5232 2358 5288 feria
2397 5232 2660 5304 paschali.

2612 5339 2826 5380 υιγιςιο.

1994 5415 2509 5487 Quinquagenarius
2540 5433 2638 5473 nec
2663 5418 2845 5472 minus
2870 5426 2951 5471 est
2983 5416 3254 5486 perfectus
3274 5432 3341 5472 eo
3361 5418 3507 5487 quod

1925 5511 2289 5579 aseptenario
2346 5521 2620 5565 nascatur.
2681 5508 2891 5579 Septies
2929 5510 3072 5563 enim
3106 5518 3311 5578 septem
3372 5510 3510 5563 tiunt

1925 5618 2073 5656 xux.
2104 5599 2160 5655 Si
2208 5600 2376 5656 addas
2404 5617 2568 5664 cson,
2604 5617 2634 5654 ι,
2661 5600 2818 5654 fiunt.
2868 5598 3368 5669 Quinquagesimus
3408 5614 3507 5653 an—

1926 5712 2032 5750 nus
2057 5694 2297 5765 jubileus
2326 5695 2642 5758 vocabatur,
2696 5692 2746 5746 id
2798 5698 2882 5744 est
2930 5706 3109 5745 annus
3140 5691 3505 5757 remissionis,

1928 5790 1980 5843 in
2005 5804 2118 5860 quo
2153 5789 2332 5843 omnis
2362 5787 2636 5857 possessio
2696 5784 3065 5839 revertebatur
3106 5784 3173 5839 ad
3218 5785 3505 5840 dominum

1926 5882 2226 5953 proprium,
2255 5889 2308 5936 et
2355 5889 2481 5937 tunc
2513 5876 2693 5934 omnis
2725 5890 2915 5931 servus
2942 5876 3079 5932 liber
3106 5876 3507 5949 egrediebatur;
