3964 6484
493 437 604 491 835i

1605 430 1934 487 WERNERI
1974 431 2272 489 ABBATIS
2316 431 2373 487 S.
2416 430 2642 488 BLASII
3634 433 3717 490 858

497 569 597 605 nec
628 550 728 603 bos
774 562 874 600 nec
898 544 1085 600 asinus
1121 544 1468 612 operabatur.
1499 542 1563 598 Et
1598 544 1642 598 si
1691 544 1895 614 aliquid
1928 553 2072 600 terra
2105 549 2150 605 A
2181 545 2347 600 totius
2367 553 2648 601 creaturae.
2678 542 2735 598 lu
2767 560 2831 598 xi.
2856 545 3032 612 aliqua
3060 558 3186 612 pars
3209 557 3396 614 pugna:
3418 554 3613 615 ρει-κλει
3634 559 3716 603 est.

495 653 691 713 sponte
744 641 925 694 ferret.
978 638 1311 707 pauperibus
1344 638 1704 695 trilmebatur.
1735 639 2085 713 Quinquage-

496 741 634 789 stma
677 748 727 785 ιιι
761 730 922 783 tertio
953 728 1120 799 gradu
1154 729 1425 785 consistit.
1474 730 1646 785 Antea
1698 731 2084 785 dubitabamus

496 836 678 878 utrum
716 822 940 892 propius
975 819 1238 878 Dominus
1273 824 1561 879 nobiscum
1594 834 1759 889 esset,
1788 825 1900 894 jam
1934 835 2085 880 tene-

498 932 621 969 mus
645 914 795 968 illum
828 921 882 966 et
904 912 1172 968 dicimus:
1203 915 1363 971 «Esto
1391 916 1526 971 mihi
1552 917 1604 971 in
1626 916 1794 971 Deum
1821 924 2088 985 protecto—

496 1022 609 1060 rem
628 1014 681 1060 et
697 1006 749 1058 in
769 1006 949 1059 locum
968 1004 1161 1076 refugii
1188 1005 1361 1073 (Ρδαι.
1380 1006 1529 1076 xxx).
1558 1026 1575 1059 ι
1595 1007 1775 1078 Ipsum
1800 1022 2088 1077 precamur

495 1100 688 1151 ducem
714 1098 922 1153 militiae
939 1107 1136 1154 nostrm
1154 1098 1413 1153 dicendo:
1440 1118 1459 1151 ‹
1474 1100 1589 1153 Dux
1609 1099 1740 1153 mihi
1760 1100 1869 1154 eris
1885 1108 1938 1155 et
1957 1114 2088 1154 enu-

499 1192 629 1249 tries
653 1206 740 1246 me
771 1192 971 1261 (ibid).
1007 1211 1024 1244 ι
1068 1190 1187 1247 Jam
1218 1193 1270 1246 in
1299 1192 1644 1262 expeditione
1681 1209 1894 1249 sumus.
1937 1191 2089 1248 Unde

497 1294 552 1337 et
576 1284 870 1355 Apostolus
892 1284 1050 1339 nobis
1073 1283 1275 1339 indicat
1300 1284 1503 1354 quibus
1531 1283 1702 1339 armis
1728 1284 2043 1338 muniamur
2072 1301 2085 1336 :

504 1372 704 1427 cNunc
756 1382 936 1428 autem
980 1383 1202 1427 manent
1252 1373 1406 1438 ﬁdes,
1464 1389 1608 1442 spes,
1662 1372 1933 1438 Charitas,
1984 1372 2087 1426 tria

500 1464 617 1516 l.-.ec
654 1461 703 1531 (1
726 1463 849 1517 Cor.
889 1463 1027 1516 xutl.
1058 1483 1074 1515 ι
1105 1462 1179 1516 De
1202 1463 1403 1532 quibus
1432 1463 1565 1517 dicit
1595 1462 1647 1516 iu
1680 1463 1784 1516 alia
1810 1462 2085 1529 Epistola:

506 1578 523 1607 ι
564 1557 619 1613 In
644 1560 897 1613 omnibus
926 1568 1204 1615 sumentes
1226 1570 1441 1615 scutmu
1474 1560 1597 1614 fidei
1626 1559 1841 1629 (Ep/res.
1861 1576 1956 1629 vi),
1989 1579 2007 1611 ι
2039 1570 2091 1615 et

500 1650 731 1721 reliqua.
806 1650 1194 1720 Triumphator
1255 1651 1461 1706 militite
1522 1659 1725 1706 nostra;
1783 1650 1925 1707 Deus
1973 1659 2078 1705 est.

499 1743 600 1796 (lui
627 1743 825 1796 dicitur
851 1760 863 1795 :
910 1761 927 1792 ι
959 1740 1040 1795 Tu
1066 1758 1125 1797 es
1156 1741 1296 1795 Deus
1334 1743 1428 1812 qui
1462 1741 1596 1799 facis
1619 1742 1888 1797 mirabilia
1917 1740 2088 1811 (Psal.

501 1834 705 1902 1.xxv1).
730 1853 746 1884 ι
784 1833 1013 1888 Tractus
1038 1850 1164 1888 vero
1199 1834 1430 1889 Domino
1460 1849 1559 1890 nos
1583 1834 1827 1905 praecipit
1860 1834 2089 1897 servire,

501 1928 630 1997 quia
658 1943 759 1981 nos
791 1926 920 1981 fecit
957 1945 969 1982 :
997 1942 1104 1981 non
1132 1927 1179 1980 ei
1207 1926 1296 1981 cui
1326 1928 1692 1998 nosmetipsos
1730 1925 2093 1981 vendidimus.

504 2018 562 2072 lu
601 2035 669 2073 ιιι
696 2017 1114 2082 seminavimus,
1147 2018 1200 2071 in
1255 2035 1284 2072 ι.
1314 2017 1556 2073 fructum
1597 2017 1926 2087 colligimus.
1959 2014 2098 2081 Quid

501 2109 646 2162 enim
677 2125 855 2164 caecus
893 2108 1098 2179 aliquid
1121 2124 1151 2162 a
1179 2107 1411 2163 Domino
1438 2107 1710 2178 quaesivit,
1743 2106 1848 2161 nisi
1875 2114 1932 2159 ut
1956 2104 2097 2159 frue-

502 2209 656 2255 retur
689 2202 913 2255 lumine.
948 2199 1209 2256 Fructum
1263 2199 1534 2270 quaesivit,
1575 2198 1813 2254 fructum
1869 2196 2096 2252 invenit.

503 2289 609 2347 Ista
632 2291 759 2346 luna
784 2291 1082 2346 secundum
1113 2291 1256 2347 diem
1283 2290 1504 2347 Pascha:
1527 2292 1715 2362 tangit.
1744 2289 1895 2345 Sicut
1919 2296 2098 2344 autem

505 2385 764 2440 senarius
823 2383 1215 2454 perfectionem
1277 2384 1548 2439 bonorum
1609 2398 1835 2453 operum
1882 2382 2102 2436 demon-

506 2485 665 2544 strat,
710 2478 783 2530 ita
822 2476 1328 2547 quinquagenarius
1381 2475 1563 2531 omnia
1594 2490 1759 2545 opera
1806 2473 1948 2527 bona
1979 2486 2102 2542 qua:

509 2570 867 2639 perﬁciuntur
897 2586 995 2639 per
1025 2586 1058 2621 v
1102 2585 1300 2627 sensus
1337 2568 1607 2639 corporis.
1656 2567 1961 2638 Quinquies
2007 2565 2103 2620 de-

484 2678 657 2733 ,cem,
700 2678 731 2716 ι
762 2664 919 2718 ﬁunt.
961 2662 1018 2718 Si
1058 2665 1185 2734 quis
1229 2679 1328 2734 per
1363 2664 1691 2719 exteriorem
1745 2661 2100 2717 administra-

504 2756 708 2810 tionem
744 2772 775 2808 x
816 2757 979 2811 verba
1011 2756 1144 2825 legis
1177 2756 1470 2826 complevit
1521 2756 1575 2809 in
1625 2753 1833 2824 Spiritu
1869 2761 2086 2817 sancto,

514 2865 624 2904 non
649 2849 862 2905 dubitet
883 2849 947 2903 ad
982 2849 1325 2905 consortium
1374 2848 1801 2919 perveniendum
1829 2862 1949 2903 esse
1972 2846 2100 2902 bea-

507 2950 575 2998 ta:
609 2941 1050 3006 resurrectionis,
1100 2956 1224 3012 qure
1268 2941 1581 2996 celebratur
1618 2940 1673 2995 in
1732 2939 1946 2995 Pascha
1995 2939 2101 2993 Do—

507 3032 662 3088 mini.
689 3032 793 3088 Per
838 3032 1135 3089 Sabbatum
1185 3035 1438 3089 venimus
1467 3035 1533 3088 ad
1567 3032 1907 3088 Dominicum
1935 3033 2101 3100 diem,

507 3124 590 3180 sic
617 3133 671 3180 et
712 3140 809 3195 per
843 3125 1215 3195 septiformem
1263 3125 1527 3195 Spiritum
1577 3126 1746 3196 legem
1800 3125 2100 3194 implendo,

508 3215 577 3271 ad
639 3216 1121 3273 resurrectionem.
1183 3214 1323 3272 'l'res
1376 3218 1577 3288 gradus
1623 3227 1752 3272 sunt
1800 3217 2101 3272 ofﬁciorum

507 3306 695 3371 trium,
720 3306 849 3376 quia
874 3306 1155 3362 inﬁximus
1179 3322 1357 3378 usque
1380 3308 1448 3363 ad
1476 3308 1622 3362 hunc
1642 3308 1859 3363 locum:
1888 3307 2107 3362 Primus

506 3396 755 3451 continet
775 3397 1057 3467 planctum
1091 3398 1460 3466 captivorum,
1491 3399 1737 3468 quiesse
1786 3398 1980 3454 nolunt
2005 3398 2109 3453 sub

506 3486 769 3542 dominiis
813 3487 1093 3543 vitiorum.
1139 3485 1432 3543 Secundus
1463 3488 1794 3542 voluntatem
1826 3487 1968 3560 fuga:
1995 3488 2108 3543 (ιω-

509 3587 804 3645 monstrat,
837 3579 1141 3635 dummodo
1165 3579 1401 3650 propriis
1423 3579 1688 3636 Dominus
1713 3582 1839 3636 velit
1859 3596 1954 3636 eos
1985 3596 2110 3637 sus-

508 3670 689 3739 cipere
740 3686 805 3726 ac
857 3686 969 3726 non
1020 3687 1049 3725 a
1094 3687 1155 3727 se
1213 3671 1491 3741 repellere.
1545 3671 1767 3728 Tertius
1814 3672 2108 3728 consilium

510 3764 620 3832 agit
666 3762 890 3834 quando
921 3763 1094 3834 fugiat
1151 3780 1489 3833 praesumens
1509 3765 1621 3835 jam
1645 3767 1712 3820 de
1741 3766 2107 3835 susceptione.

511 3852 724 3908 Bonum
758 3856 1059 3910 consilium
1091 3857 1584 3927 adipisciturjuxta
1616 3857 1779 3913 verba
1826 3856 2109 3911 lntroitus.

509 3945 765 4007 Pisimns
790 3956 903 4004 tres
935 3948 1142 4018 gradus
1189 3949 1478 4003 nitentium
1513 3948 1582 4003 ad
1634 3963 1895 4019 pugnam,
1919 3946 2113 4002 simili-

515 4052 596 4097 ter
625 4042 862 4098 dicimus
906 4050 1017 4097 tres
1066 4040 1329 4099 articulos
1359 4041 1643 4111 triumphi,
1668 4041 1720 4096 id
1769 4049 1853 4095 est
1878 4039 2109 4110 primam

508 4134 1160 4205 ,Sahbatt,quartamque,
1188 4141 1243 4186 et
1270 4133 1581 4202 septimam.
1601 4131 1704 4187 Per
1735 4132 1953 4187 eosdem
1981 4131 2115 4185 arti-

505 4229 670 4287 ,culos
705 4227 938 4297 populus
958 4224 1119 4281 Israel
1147 4225 1215 4279 ad
1243 4225 1458 4294 plenam
1489 4226 1794 4279 libertatem
1844 4225 2110 4294 pervenit.

517 4319 652 4374 Nam
682 4318 1071 4390 revisioprima
1103 4315 1246 4372 facta
1285 4324 1370 4372 est
1389 4316 1493 4371 sub
1529 4314 1828 4370 Zorobabel
1882 4315 2020 4369 duce
2061 4323 2114 4370 et

517 4410 647 4467 .lesu
672 4411 959 4469 sacerdote
988 4424 1210 4481 magno.
1240 4406 1494 4464 Secunda
1543 4408 1744 4463 revisio
1770 4408 1875 4464 sub
1915 4407 2111 4474 Esdra,

519 4503 663 4560 sicut
710 4502 780 4558 ab
836 4502 1024 4558 eodem
1062 4501 1327 4570 scriptum
1369 4509 1453 4556 est
1486 4518 1500 4566 ;
1536 4500 1630 4555 sed
1689 4500 1931 4556 nondum
1968 4500 2111 4555 muri

2190 638 2327 693 Dicit
2343 638 2500 694 nobis
2521 653 2683 709 quem
2720 637 2774 692 in
2795 635 3217 707 Quadragesima
3241 644 3576 704 protectorem
3594 655 3716 699 mro.

2188 733 2473 789 cavimus:
2527 752 2545 783 ι
2591 731 2870 787 lnvocabit
2908 745 2993 784 me
3040 738 3094 784 et
3134 744 3235 798 ego
3260 730 3531 784 exaudiam
3557 749 3716 798 eum,.

2188 834 2243 879 et
2270 825 2500 894 reliqua.
2529 823 2770 894 Epistola
2799 824 2870 877 ita
2897 841 2911 876 :
2964 820 3233 889 Tempore
3271 830 3483 890 accepto
3511 828 3718 883 exaudiri

2190 924 2241 969 te
2271 932 2285 976 ;
2310 923 2365 968 et
2416 914 2471 969 in
2519 912 2890 983 Responsorio
2920 932 2933 965 :
2967 911 3204 981 Angelus
3263 909 3487 977 Domini,
3527 919 3714 973 custodi.

2190 1004 2247 1059 In
2280 1006 2479 1062 Tractu
2522 1026 2535 1061 :
2594 1005 2764 1062 Scuto
2803 1003 3049 1059 veritatis
3103 1002 3425 1058 circumdati
3466 1021 3647 1062 sumus.
3672 1009 3718 1064 ln

2192 1099 2486 1171 Evangelio
2538 1099 2606 1155 ad
2662 1096 3001 1168 triumphum
3054 1094 3330 1151 tendimus
3363 1138 3377 1162 ,
3428 1107 3482 1151 ut
3519 1097 3719 1157 dicamus

2192 1192 2457 1249 inimico:
2498 1191 2663 1258 Vade,
2711 1190 2964 1256 Satanas,
3023 1190 3077 1243 in
3126 1186 3422 1243 interitum.
3452 1190 3491 1242 A
3520 1193 3720 1261 supradi-

2191 1294 2278 1339 cta
2304 1283 2587 1339 Dominica
2616 1298 2791 1354 usque
2812 1282 2881 1337 ad
2912 1269 3247 1352 baptismum
3273 1296 3383 1333 xui
3411 1280 3517 1336 dies
3540 1297 3721 1353 compu-
3794 1316 3803 1331 ι

2192 1386 2397 1434 tantur.
2428 1376 2533 1432 Tot
2562 1392 2691 1433 ecce
2713 1377 3030 1431 mansiones
3078 1374 3307 1429 fuerunt
3338 1372 3553 1427 ﬁliorum
3576 1372 3721 1441 Israel,

2193 1470 2412 1541 quando
2455 1469 2708 1525 exierunt
2730 1469 2796 1525 de
2827 1476 2972 1523 terra
3014 1466 3233 1538 [Ἐπιιιὶ
3264 1480 3433 1535 usque
3467 1466 3527 1519 ad
3565 1476 3722 1523 terram

2194 1560 2603 1632 promissionis.
2638 1560 2820 1615 Prima
2855 1560 3044 1631 itaque
3089 1557 3308 1613 mansio
3347 1557 3613 1612 vocabatur
3642 1558 3725 1614 Ra-

2194 1654 2449 1721 messe,id
2465 1662 2549 1709 est
2568 1653 2736 1708 motio
2751 1652 2835 1707 vel
2858 1652 3160 1708 tonitruum
3180 1668 3194 1715 ;
3221 1666 3280 1716 ιι,
3304 1648 3518 1712 Socbot,
3532 1651 3653 1707 idest
3670 1662 3728 1706 ta-

2193 1747 2548 1801 bernaculum
2570 1764 2584 1812 ;
2604 1762 2684 1813 ut,
2700 1744 2918 1812 Etham,
2938 1744 2988 1799 id
3006 1743 3225 1799 estforti
3235 1742 3388 1808 tudo,
3409 1743 3483 1796 vel
3500 1741 3725 1812 perfectio;

2198 1851 2273 1900 ιν,
2299 1833 2683 1900 Phibahiroth,
2721 1835 2774 1890 id
2802 1842 2888 1889 est
2920 1848 2984 1889 os
3008 1833 3271 1888 nobilium
3300 1851 3316 1899 ;
3346 1848 3397 1898 v,
3426 1832 3575 1897 Maia,
3602 1833 3645 1888 id
3666 1844 3728 1891 est

2203 1925 2556 1992 amaritudo;
2604 1942 2680 1993 Vl,
2724 1925 2890 1992 Elim,
2948 1925 3001 1980 id
3062 1934 3146 1981 cst
3194 1924 3402 1981 arietes
3443 1924 3725 1990 fortes;vu.

2205 2034 2353 2073 mare
2376 2017 2621 2073 Rubrum
2651 2037 2665 2086 ;
2717 2035 2837 2087 vm,
2892 2017 3010 2083 Sin,
3045 2016 3099 2071 id
3133 2025 3217 2071 est
3249 2015 3441 2081 rubus,
3475 2015 3547 2069 vel
3568 2017 3726 2080 odium,

2203 2110 2317 2165 sive
2373 2110 2707 2181 adjutorium
2741 2130 2755 2177 ;
2804 2128 2880 2178 ιχ,
2920 2108 3272 2180 Depcbapba,
3300 2108 3357 2162 id
3393 2116 3472 2162 est
3505 2108 3727 2177 pulsatio;

2204 2219 2257 2267 x,
2287 2203 2445 2269 Aliis,
2480 2204 2531 2258 id
2573 2213 2657 2259 est
2692 2205 3132 2269 ﬁrmamentum;
3172 2217 3252 2267 ιιι,
3280 2199 3578 2269 Raphidim,
3606 2198 3732 2254 idest

2202 2296 2491 2351 dissolutio
2515 2294 2737 2351 fortium
2768 2296 2854 2351 vel
2881 2294 3136 2350 remissio
3174 2307 3440 2348 manuum
3472 2307 3592 2357 ;xu,
3615 2291 3730 2355 Sina,

2204 2386 2257 2441 id
2296 2396 2381 2442 est
2427 2386 2621 2455 rufus;
2666 2404 2787 2453 xm,
2832 2386 3095 2458 Sepulcra
3139 2383 3616 2454 concupiscentiae;
3650 2399 3732 2446 xu,

2202 2477 2458 2544 Aseroth,
2489 2479 2541 2533 id
2572 2486 2658 2533 est
2681 2476 2901 2532 vincula
2926 2476 3013 2530 vel
3037 2475 3333 2545 disciplina
3364 2491 3378 2538 ;
3413 2489 3494 2538 xv,
3526 2472 3730 2529 hechma.

2204 2571 2255 2625 id
2290 2578 2375 2625 est
2418 2569 2635 2625 sonitus
2677 2569 2761 2624 vel
2816 2569 3154 2639 junipcrus;
3200 2583 3318 2631 xvr,
3362 2565 3731 2635 Remonphares,

2204 2663 2259 2718 id
2284 2672 2368 2718 est
2389 2662 2573 2733 punici
2598 2661 2727 2715 mali
2753 2661 2952 2716 divisio
2982 2678 2997 2726 ;
3040 2674 3172 2725 xvn,
3222 2657 3446 2722 Lebria,
3468 2658 3515 2713 id
3538 2667 3609 2712 est
3637 2656 3736 2710 late-

2204 2770 2366 2820 rem;
2426 2770 2581 2819 xvm,
2615 2752 2787 2809 Ressa
2844 2752 2992 2824 quod
3046 2752 3282 2807 vertitur
3324 2750 3382 2805 in
3431 2749 3736 2813 freuos;xu,

2203 2843 2378 2909 Calta,
2411 2844 2462 2899 id
2494 2853 2577 2900 est
2621 2844 2895 2912 ecclesia;
2944 2860 3038 2910 xx,
3074 2842 3305 2914 Scpher,
3361 2842 3414 2896 id
3453 2851 3531 2895 est
3551 2839 3738 2909 pulchri-

2206 2936 2340 2991 tudo
2368 2960 2382 3003 ;
2415 2953 2530 3003 xxt,
2585 2937 2774 3000 arada,
2807 2937 2863 2992 id
2918 2947 3004 2992 est
3046 2935 3383 2990 miraculum
3417 2952 3432 3000 ;
3462 2949 3583 2998 xxu,
3605 2931 3740 2986 Mace-

2205 3026 2342 3094 loth,
2398 3027 2450 3081 id
2489 3036 2573 3082 est
2604 3036 2823 3093 ccetus;
2874 3043 3048 3094 χχιιι,
3097 3026 3322 3091 Thaad,
3378 3026 3428 3080 id
3465 3034 3539 3079 est
3574 3038 3739 3093 parm;

2206 3135 2357 3184 xxiv,
2390 3117 2594 3187 Thare,
2651 3119 2703 3175 id
2734 3128 2820 3175 est
2854 3119 3048 3175 militia
3095 3120 3179 3175 vel
3230 3127 3458 3190 pastura
3486 3137 3501 3182 ;
3527 3133 3635 3179 xxv,
3656 3114 3743 3169 Me-

2133 3228 2180 3289 C
2210 3210 2395 3277 thcha,
2423 3209 2474 3265 id
2497 3221 2582 3267 est
2602 3212 2834 3269 dulcedo
2862 3232 2876 3282 ;
2909 3230 3060 3281 xxvi,
3094 3212 3355 3279 Esmona,
3404 3213 3452 3267 id
3473 3220 3548 3267 est
3569 3210 3746 3265 festina-

2214 3303 2291 3359 tio
2320 3322 2333 3368 ;
2366 3320 2537 3371 xxvn,
2573 3304 2871 3374 Moseroth,
2894 3308 2946 3363 id
2969 3316 3054 3363 est
3075 3308 3387 3373 vinculum,
3418 3307 3495 3362 vel
3516 3303 3747 3374 disciplina

2212 3400 2436 3467 saeculi;
2480 3417 2673 3463 xxviu,
2708 3400 3040 3469 Banetacan,
3073 3402 3125 3457 id
3164 3410 3250 3457 est
3282 3401 3384 3455 lilii
3419 3398 3745 3462 necessitatis;

2213 3508 2365 3557 xxix,
2391 3492 2616 3563 Galgad,
2668 3493 2720 3548 id
2745 3503 2829 3548 est
2865 3494 3094 3549 nuntius
3141 3494 3257 3549 sive
3306 3493 3558 3548 accinctio
3580 3489 3650 3544 vel
3669 3504 3750 3543 oe-

2213 3584 2393 3651 cisio;
2430 3600 2559 3651 xxx,
2602 3584 2946 3651 Hiethebata,
2997 3586 3048 3641 id
3077 3593 3163 3640 est
3203 3586 3468 3652 bonitas;
3510 3599 3639 3647 xxxi,
3662 3579 3752 3633 Eb-

2222 3691 2378 3743 rona,
2430 3677 2482 3731 id
2534 3685 2619 3733 est
2667 3678 2967 3745 transitus;
3009 3693 3182 3743 xxxu,
3230 3677 3581 3749 Asiongaber,
3607 3674 3654 3729 id
3689 3681 3758 3727 est

2215 3768 2360 3841 ligna
2396 3769 2499 3823 viri
2535 3788 2550 3836 ;
2582 3787 2777 3833 xxxm,
2813 3770 2932 3837 Sin,
2966 3787 3089 3842 qua:
3119 3778 3204 3826 est
3250 3771 3440 3836 cades,
3493 3769 3539 3822 id
3562 3776 3756 3821 estsan-

2215 3868 2301 3914 cta
2335 3877 2350 3925 ;
2388 3876 2576 3927 xxxiv,
2609 3860 2682 3915 Or
2717 3861 2771 3915 in
2819 3870 3007 3916 monte
3038 3880 3052 3926 ;
3108 3877 3276 3928 xxxv,
3312 3859 3588 3922 Salmona,
3624 3856 3761 3911 idest

2216 3952 2562 4023 imaguncula
2594 3971 2609 4019 ;
2645 3969 2830 4019 xxxvi,
2854 3951 3093 4019 Phinon,
3126 3952 3178 4007 id
3207 3961 3293 4008 est
3320 3966 3512 4008 omnes
3545 3968 3559 4016 ;
3592 3959 3759 4005 xxxv".

2216 4043 2417 4110 Oboth,
2452 4044 2505 4098 id
2534 4053 2618 4100 est
2642 4045 2843 4115 imago,
2870 4044 2955 4099 vel
2991 4044 3248 4114 pbitones
3277 4062 3292 4109 ;
3345 4058 3574 4107 xxxviii,
3600 4036 3761 4092 llieba-

2218 4152 2340 4203 run,
2372 4136 2424 4191 id
2449 4144 2533 4192 est
2561 4151 2789 4192 acervus
2817 4134 3058 4206 lapidum
3095 4154 3109 4202 ;
3149 4152 3340 4203 xxxix,
3378 4135 3574 4199 Dibon,
3615 4130 3663 4185 id
3704 4136 3766 4183 est

2217 4227 2476 4294 fortiter;
2512 4244 2601 4295 xL,
2636 4228 3183 4295 helmondablataim,
3231 4229 3287 4283 id
3331 4237 3419 4284 est
3465 4232 3767 4292 contemptus

2215 4321 2556 4387 balatarum;
2586 4335 2697 4386 xu,
2727 4320 2971 4376 Abarum
2997 4321 3052 4376 in
3087 4320 3370 4375 montibus
3400 4327 3587 4373 contra
3611 4314 3767 4369 faciem

2214 4400 2420 4478 Nalzor,
2454 4412 2504 4467 id
2535 4421 2618 4468 est
2639 4412 2691 4467 in
2722 4421 2936 4467 montes
2964 4412 3388 4475 transeuntium,
3413 4409 3613 4472 Nabor,
3642 4405 3772 4459 idest

2217 4506 2501 4561 conclusio
2536 4523 2549 4572 ;
2578 4520 2713 4569 xui,
2746 4505 2800 4557 in
2836 4503 3238 4575 campestribus
3286 4502 3451 4557 Moab
3495 4515 3654 4570 super
3675 4495 3773 4549 Jor-

510 4592 858 4657 tllierusalem
872 4591 1183 4648 retediﬁcati
1206 4599 1356 4658 sunt,
1370 4600 1422 4646 et
1440 4591 1926 4661 quiremauserant
1949 4601 2004 4647 et
2023 4592 2118 4648 de-
2148 4584 2194 4639 Ι)
2222 4598 2440 4652 danem.
2476 4595 2601 4651 Haec
2632 4603 2761 4651 sunt
2783 4611 2896 4650 xui
2931 4596 3249 4649 mansiones
3306 4609 3430 4664 quae
3474 4597 3716 4646 notantur
3733 4586 3775 4638 in

523 4684 698 4740 relicti
722 4693 852 4741 sunt
882 4684 949 4740 de
978 4683 1290 4754 captivitate
1316 4683 1371 4737 in
1401 4682 1692 4739 afflictione
1719 4692 1895 4739 erant.
1928 4684 2112 4739 Tertia

508 4776 726 4839 ,revisio
780 4775 919 4831 facta
977 4786 1062 4831 est
1108 4776 1213 4831 sub
1257 4776 1470 4842 eodem,
1532 4778 1611 4833 sic
1657 4778 1803 4831 enim
1851 4777 2114 4847 scriptum

525 4878 610 4924 est
632 4887 645 4922 :
684 4868 933 4924 «Miserat
955 4878 1137 4923 autem
1161 4884 1256 4923 rex
1275 4867 1547 4971 principes
1568 4868 1799 4923 militum
1821 4876 1876 4922 et
1897 4869 2114 4939 equita-

528 4969 615 5014 tus
629 4958 681 5030 (Ι
688 4958 717 5012 1
731 4958 889 5014 Esdr.
905 4962 988 5029 ιι),
1003 4980 1022 5013 ι
1040 4969 1091 5014 et
1108 4958 1412 5029 paulo'post
1436 4979 1451 5017 :
1482 4958 1580 5014 «Et
1601 4960 1724 5015 veni
1746 4958 2112 5026 Hierusalem,

528 5061 581 5106 et
605 5067 756 5107 eram
789 5053 861 5107 ibi
903 5053 1079 5108 tribus
1135 5053 1328 5109 diebus
1358 5053 1559 5123 (ἱὸἱά.).
1593 5072 1611 5105 ι
1634 5052 1831 5109 Postea
1870 5051 2123 5135 Neemias

520 5142 812 5199 aediﬁcavit
827 5145 1108 5213 templum.
1128 5144 1604 5216 Quadragenarius
1621 5162 1841 5216 quoque
1856 5162 2121 5202 numerus

529 5236 801 5307 signiﬁcat
833 5236 1143 5291 conflictum
1199 5239 1472 5294 Ecclesiae.
1523 5238 1803 5294 Perfectus
1852 5248 1936 5294 est
1966 5239 2111 5294 enim

531 5344 596 5384 eo
643 5329 788 5400 quod
809 5345 840 5383 a
871 5330 1223 5399 quaternario
1276 5342 1555 5396 nascatur,
1585 5347 1708 5401 qua:
1741 5330 1999 5400 perfectio
2030 5341 2113 5388 est

2221 4705 2331 4744 xui
2366 4687 2579 4743 diebus.
2635 4686 2741 4742 Tot
2787 4687 2952 4743 etiam
3006 4685 3385 4758 generationes
3433 4683 3637 4739 Christi
3679 4696 3779 4735 cum

2221 4780 2481 4836 Jechonia
2510 4780 2597 4835 bis
2636 4787 2956 4850 compntato
2988 4787 3042 4834 et
3092 4778 3284 4833 eodem
3326 4776 3574 4831 Christo.
3620 4770 3780 4826 Merito

2224 4875 2389 4943 igitur
2417 4875 2609 4930 eodem
2641 4872 2991 4928 mansionum
3027 4885 3258 4925 numero
3303 4870 3370 4924 ad
3405 4869 3683 4925 cmlestem
3710 4878 3786 4933 pa-

2225 4965 2385 5020 triam
2412 4966 2671 5028 tenditur,
2699 4980 2811 5034 quo
2838 4963 2931 5017 ﬁlii
2968 4961 3133 5018 Israel
3159 4961 3227 5016 ad
3261 4971 3462 5016 terram
3494 4956 3786 5029 promissio-

2227 5057 2313 5111 nis
2338 5066 2623 5111 venernnt.
2652 5054 2717 5111 Et
2748 5055 2945 5109 merito
2969 5054 3063 5124 qui
3094 5053 3163 5108 ad
3186 5054 3471 5108 Christum
3509 5053 3787 5105 transeunt.

2225 5165 2320 5220 per
2379 5149 2713 5219 baptismum
2774 5147 2964 5203 eodem
3020 5162 3253 5200 numero
3320 5147 3386 5201 ad
3434 5159 3569 5200 cum
3631 5153 3790 5211 pervc-

2218 5242 2379 5294 niunt
2411 5283 2424 5305 ,
2478 5255 2589 5310 quo
2640 5239 2896 5295 Christus
2948 5240 3013 5294 ad
3070 5254 3171 5293 nos
3217 5237 3507 5308 pervenire
3563 5235 3795 5307 dignatus

2214 5341 2317 5386 est.

1354 5538 1863 5617 DOMlNlCA
1947 5541 2056 5616 ΙΝ
2129 5535 3017 5632 QUINQUAGESIMA.

1830 5672 2201 5735 Secundum
2243 5674 2503 5735 Lucam.

532 5852 538 5863 ι
613 5811 629 5841 ι
663 5792 971 5862 Assumpsit
994 5792 1154 5849 Jesus
1183 5791 1470 5847 duodecim
1519 5790 1817 5862 discipulos
1871 5807 2024 5857 suos,
2059 5799 2119 5847 et

534 5882 617 5959 ei;
640 5885 790 5955 illis:
830 5882 969 5966 Ecce
1016 5885 1363 5947 ascendimus
1410 5884 1862 5957 Hierosolymam,
1890 5892 1943 5940 et
1976 5899 2111 5954 cou-

2222 5792 2643 5848 summahuntur
2669 5791 2852 5846 omnia
2883 5803 3007 5859 qua:
3055 5787 3253 5856 scripta
3296 5784 3518 5841 suntde
3552 5780 3699 5837 Filio
3726 5779 3801 5833 la)

2227 5882 2410 5939 minis.
2438 5877 2706 5939 Tradetur
2734 5883 2882 5939 enim
2920 5879 3192 5953 gentibus,
3227 5887 3280 5932 et
3302 5875 3602 5943 illudctur,
3630 5883 3685 5928 et
3728 5870 3811 5926 ﬁa-
