3964 6450
242 465 334 523 857

1107 446 1690 505 DEFLOBATIONES
1731 447 1831 505 SS.
1872 449 2183 507 PATRUM.
2211 484 2274 493 —
2320 452 2449 507 ιιι).
2492 451 2531 507 1.

3358 455 3463 511 858

242 578 574 655 gellabitur,et
596 575 936 637 conspuetur.
967 564 1033 619 Et
1061 566 1372 636 postquam
1393 564 1756 637 flagellaverin
1790 571 1831 625 Α
1861 576 2069 636 quanto
2096 568 2272 640 magis
2300 577 2534 633 vetatur,
2576 577 2661 621 teo
2697 567 2873 638 magis
2914 567 3251 630 accenditur.
3278 569 3465 629 Virtus

241 671 457 727 occident
484 677 622 722 eum.
646 668 699 714 et
729 659 881 713 tertia
913 657 1000 711 die
1039 665 1287 728 resurget
1316 656 1470 727 (Luc.
1520 658 1696 726 xvm).
1738 676 1755 708 ο

242 762 291 815 Si
318 755 524 828 apostoli
550 751 703 805 toties
727 749 1028 819 przcmoniti
1059 748 1125 803 de
1150 758 1325 804 morte
1374 748 1613 815 Domini,
1647 759 1761 805 tum

236 865 341 905 eum
364 843 566 915 quando
594 841 1015 909 comprehensus
1052 850 1138 896 est
1175 841 1533 911 reliquerunt,
1559 852 1764 913 quanto

237 940 385 1009 magis
404 934 906 997 seandalizarentur,
939 932 984 985 si
1011 933 1317 1002 prtemoniti
1364 949 1471 987 non
1506 933 1760 990 fuissent.

231 1031 410 1086 Crebro
451 1027 607 1097 igitur
650 1023 895 1093 praedixit
931 1023 1031 1088 eis,
1066 1033 1119 1080 et
1150 1025 1419 1094 passionis
1446 1040 1685 1096 pinnam,
1713 1035 1767 1082 et

234 1140 264 1176 r-
283 1117 609 1176 surrectiouis
627 1116 874 1184 gloriam,
889 1123 948 1169 ut
972 1131 1096 1170 cum
1120 1115 1437 1173 morientem
1460 1126 1762 1183 cernerent,

228 1214 369 1267 etiam
390 1215 808 1264 resurrecturum
850 1223 957 1261 non
992 1208 1323 1264 dubitarent.
1351 1208 1506 1277 Quod
1530 1211 1766 1268 ostendit

230 1305 577 1377 prophetarum
624 1301 903 1371 prarsagiis
929 1301 995 1354 ad
1026 1300 1452 1357 destructionem
1485 1304 1766 1359 haeretico-

227 1413 330 1452 rum
358 1397 406 1449 in
431 1393 663 1449 Ecclesia
695 1393 1025 1448 futurorum.
1067 1412 1085 1445 ι
1128 1391 1197 1447 Et
1236 1394 1339 1463 ipsi
1390 1394 1528 1449 nihil
1565 1395 1760 1450 horum

226 1490 586 1545 intellexerunt.
612 1484 676 1540 Et
696 1493 813 1540 erat
849 1486 1073 1540 verbum
1117 1485 1258 1541 istud
1293 1486 1670 1557 absconditum
1698 1488 1768 1543 ab

222 1581 305 1640 eis,
326 1587 374 1632 et
396 1593 498 1631 non
524 1576 898 1647 intelligebaut
925 1592 1048 1646 qua:
1082 1576 1426 1631 dicebantur.
1458 1598 1475 1629 ι

280 1689 514 1759 Legimus
544 1688 598 1745 in
628 1686 924 1758 Evangelia
958 1687 1258 1742 secundum
1290 1687 1555 1743 Joannem
1581 1688 1763 1760 (Joan.

221 1786 321 1852 xu),
349 1785 607 1839 dicentem
634 1801 647 1836 :
679 1801 699 1834 ι
744 1781 801 1837 Si
833 1784 1103 1839 exaltatus
1134 1783 1289 1839 fuero
1318 1801 1349 1840 a
1373 1795 1540 1850 terra,
1582 1789 1767 1843 omnia

220 1876 401 1929 traham
441 1875 504 1929 ad
541 1875 844 1944 meipsum,
887 1896 905 1921 ι
944 1876 1293 1946 respondisse
1329 1879 1544 1932 turbam
1604 1890 1767 1950 atque
1798 1910 1841 1964 Β

216 1967 395 2021 dixisse
433 2009 446 2020 .
489 1986 508 2016 ε
541 1965 654 2021 Nos
688 1967 1000 2022 audivimus
1043 1984 1112 2023 ex
1166 1969 1303 2039 lege,
1354 1969 1480 2041 quia
1514 1970 1768 2029 Christus

217 2066 376 2111 manet
414 2058 464 2110 in
503 2066 788 2122 :eternum,
821 2067 875 2112 et
904 2059 1183 2129 quomodo
1220 2069 1275 2113 ιιι
1320 2060 1458 2114 dicis
1498 2080 1510 2114 :
1548 2061 1770 2132 Oportet

213 2148 409 2203 exaltari
440 2146 634 2201 Filium
670 2149 928 2204 hominis.
957 2169 975 2200 ι
1004 2149 1144 2216 Quid
1168 2160 1253 2206 est
1276 2167 1407 2223 ergo
1429 2152 1578 2221 quod
1601 2154 1769 2209 disci-

212 2238 306 2308 puli
331 2240 480 2295 toties
503 2240 604 2295 sibi
640 2241 961 2310 replicatam
993 2242 1290 2299 Dominicae
1313 2247 1589 2315 passionis
1611 2263 1769 2303 arca-

211 2346 319 2384 num
363 2341 634 2401 nequeunt
674 2332 938 2405 [capere],
967 2344 1023 2388 ct
1063 2333 1257 2402 Judaei,
1311 2338 1377 2391 ad
1432 2339 1769 2405 unnmfver-

209 2422 316 2475 bum
359 2432 407 2477 et
436 2432 542 2477 tam
585 2426 825 2480 obscure
859 2427 1121 2496 positum,
1157 2437 1218 2483 ut
1274 2430 1379 2484 hoc
1425 2431 1767 2501 expositione

207 2513 401 2583 dignum
424 2517 760 2587 evangelista
790 2518 939 2573 dicat
970 2539 1023 2573 ιι
1057 2518 1170 2575 lloc
1208 2530 1389 2577 autem
1414 2523 1648 2590 dicebat,
1682 2525 1768 2578 in-

206 2605 324 2674 quit,
353 2606 666 2676 signiﬁcans
696 2624 801 2678 qua
841 2620 1017 2665 morte
1055 2620 1200 2666 esset
1234 2614 1551 2679 moriturus,
1585 2634 1602 2666 ι
1640 2631 1766 2669 mox

224 2697 332 2765 quia
374 2699 550 2754 crucis
596 2700 862 2754 exaltatio
901 2700 1238 2772 signiﬁcetur
1278 2704 1617 2774 intelligunt,
1659 2706 1764 2759 nisi

205 2788 314 2854 quia
343 2787 588 2857 discipuli
620 2791 785 2858 cujus
816 2790 979 2845 vitam
1013 2794 1248 2847 maxime
1276 2794 1657 2851 desiderabant
1684 2797 1767 2850 vi-

204 2877 331 2942 dere,
358 2877 473 2948 ejus
498 2889 738 2935 mortem
772 2881 963 2938 audire
992 2898 1099 2938 non
1145 2892 1417 2955 poterant,
1450 2903 1612 2957 quem
1654 2903 1763 2941 non

202 2970 358 3024 solum
400 2971 686 3028 hominem
733 2974 1099 3043 innocentem,
1128 2977 1223 3032 sed
1265 2987 1319 3033 et
1358 2978 1531 3034 Deum
1570 2995 1763 3035 verum

200 3062 433 3117 sciebant.
463 3063 623 3122 llune
662 3069 975 3124 nullatenus
1010 3070 1147 3125 mori
1176 3072 1259 3127 vel
1292 3088 1453 3142 posse
1482 3074 1761 3143 putabant.

200 3149 288 3202 Sed
315 3167 431 3207 cum
460 3154 528 3208 de
567 3156 833 3225 passione
872 3174 969 3213 sua
1013 3161 1095 3214 eis
1139 3160 1470 3230 loqueretur,
1504 3165 1767 3234 putabant

196 3243 319 3309 quod
364 3246 462 3299 sibi
512 3260 608 3317 per
651 3249 946 3319 parabolas
998 3251 1335 3321 liqueretur.

259 3350 517 3418 «Factum
544 3365 633 3416 est
665 3366 848 3415 autem
872 3375 997 3416 cum
1031 3363 1491 3434 apprOpinquaret
1520 3365 1760 3433 Jericho,

185 3467 338 3508 aecus
371 3454 596 3523 quidam
659 3454 882 3509 sedebat
926 3468 1087 3509 secus
1127 3454 1271 3507 viam
1314 3455 1654 3511 mendicans.
1696 3455 1764 3511 Et

180 3561 285 3599 cum
333 3547 547 3601 audiret
629 3548 839 3600 turbam
899 3555 1336 3616 prtetereuntem,
1392 3546 1763 3620 interrogabat

183 3637 294 3706 quid
327 3637 429 3693 hoc
453 3648 607 3694 esset
630 3678 643 3692 .
681 3636 944 3693 Dixerunt
980 3650 1163 3692 autem
1192 3638 1263 3704 ei,
1293 3638 1421 3708 quia
1452 3637 1613 3695 Jesus
1650 3638 1763 3694 Na-

180 3744 386 3784 zarenus
418 3730 719 3785 transiret.
749 3747 767 3781 ›
804 3727 957 3795 Quod
996 3727 1176 3783 Lucas
1219 3728 1285 3783 de
1318 3745 1446 3795 uno,
1472 3731 1575 3786 hoc
1620 3730 1761 3786 Mat-

182 3818 334 3872 theus
361 3820 426 3873 de
455 3820 695 3874 duobus
732 3818 890 3874 caecis
922 3819 1060 3872 dixit
1099 3817 1171 3871 ita
1217 3833 1448 3873 exorsus
1482 3839 1495 3873 :
1527 3837 1545 3870 ι
1589 3818 1760 3892 Egre-

177 3910 359 3978 diente,
408 3911 709 3983 inquiens,
748 3909 874 3964 Jesu
921 3913 990 3964 ab
1040 3909 1260 3965 Iericho
1290 3920 1476 3967 secuta
1503 3924 1587 3967 est
1634 3928 1760 3967 eum

179 4003 318 4058 turba
348 4005 519 4059 multa
555 4001 793 4074 (Matth.
822 4004 934 4072 xx).
974 4023 991 4053 ι
1042 4002 1194 4056 Multi
1242 4002 1482 4058 latrones
1511 4011 1667 4057 erant
1707 4003 1761 4057 in

172 4089 392 4158 Jericho,
424 4095 523 4165 qui
550 4094 907 4167 egredientes
934 4094 1001 4148 de
1041 4093 1434 4165 Hierosolymis
1461 4094 1515 4147 in
1543 4093 1763 4149 Jericho

177 4184 469 4241 interﬁcere
523 4194 943 4241 consueverant
995 4195 1049 4240 et
1110 4188 1417 4241 vulnerare.
1452 4185 1517 4241 Et
1558 4187 1764 4244 idcirco

172 4271 423 4332 Dominus
446 4292 583 4331 cum
632 4275 919 4347 discipulis
958 4276 1074 4333 suis
1108 4278 1254 4333 venit
1296 4277 1533 4333 liberare
1575 4277 1764 4333 vulne-

173 4376 324 4422 l'illOS.

234 4506 249 4536 ι
264 4487 327 4540 Et
347 4504 480 4543 ecce
498 4488 625 4542 duo
649 4486 801 4552 cmci,
816 4500 881 4540 ex
898 4485 1098 4555 quibus
1117 4483 1604 4540 eratBarthimteus
1622 4483 1765 4541 ﬁlius

1864 659 2010 713 enim
2047 659 2170 715 ﬁdei
2194 676 2389 716 secura
2419 667 2505 716 est
2534 659 2587 713 in
2611 659 2888 730 periculis.

1941 768 1960 801 ι
1996 748 2065 804 Ει
2094 751 2243 806 stetit
2269 750 2429 806 Jesus
2478 759 2535 805 et
2581 752 2906 805 convocavit
2953 766 3051 806 eos
3081 758 3139 806 et
3164 752 3244 806 ait
3280 751 3463 819 :Quid

1864 842 2029 897 vultis
2048 851 2105 897 ut
2122 842 2315 898 faciam
2333 842 2521 897 vobis?
2541 841 2731 897 Dicunt
2751 842 2825 896 illi
2844 862 2857 897 :
2877 840 3123 907 Domine,
3143 853 3200 897 ut
3218 845 3461 913 aperian-

1866 946 1956 989 tur
1981 935 2125 990 oculi
2163 936 2358 989 nostri.
2409 954 2427 987 ι
2463 934 2633 990 Filius
2665 935 2855 1002 David,
2882 936 2936 989 id
2971 945 3057 991 est
3086 936 3327 992 humana
3359 954 3459 992 na-

1867 1035 2198 1090 tura,e$cos
2223 1025 2533 1081 illuminare
2556 1041 2665 1080 non
2692 1035 2906 1097 potest;
2932 1025 3104 1083 Filius
3132 1039 3312 1083 autem
3340 1028 3459 1093 Dei,

1868 1120 1919 1174 id
1951 1127 2031 1175 est
2050 1119 2255 1185 divina,
2288 1119 2597 1174 illuminare
2628 1128 2824 1188 potest.
2850 1118 2973 1175 Ideo
3015 1120 3289 1191 interrogo
3319 1122 3458 1191 quid

1868 1209 2052 1264 vultis.
2104 1209 2259 1265 Tunc
2292 1210 2368 1263 illi
2400 1210 2514 1280 jam
2565 1226 2671 1264 non
2726 1211 3030 1275 dixerunt:
3070 1209 3322 1277 Domine,
3380 1212 3457 1266 ﬁli

1869 1298 2059 1366 David,
2099 1301 2193 1356 sed
2226 1310 2475 1355 tantum:
2507 1321 2525 1352 ι
2579 1299 2830 1366 Domine,
2864 1310 2923 1357 ut
2949 1302 3266 1371 aperiantur
3311 1303 3457 1357 oculi

1868 1392 2063 1446 nostri.
2101 1412 2118 1444 ι
2150 1391 2421 1459 Quamdiu
2447 1392 2707 1447 dixerunt
2735 1392 2810 1446 ﬁli
2836 1391 3029 1457 David,
3068 1407 3338 1462 suspensa
3364 1403 3451 1448 est

1868 1485 2113 1551 sanitas;
2145 1501 2270 1539 mox
2296 1494 2355 1539 ut
2376 1484 2634 1539 dixerunt
2666 1485 3066 1551 tantummodo,
3097 1484 3346 1547 Domine,
3375 1486 3462 1539 itt-

1872 1576 1992 1631 fusa
2018 1586 2119 1632 est.
2148 1576 2227 1630 Ad
2271 1576 2375 1630 hoe
2400 1577 2565 1631 etiam
2598 1576 2918 1647 interrogat,
2948 1585 3006 1631 ut
3035 1590 3130 1630 cor
3160 1575 3226 1630 ad
3257 1578 3462 1630 oratiu-

1870 1683 1994 1722 nem
2023 1669 2239 1733 excitet,
2271 1668 2401 1738 quia
2440 1669 2554 1723 vult
2598 1685 2629 1723 a
2682 1669 2840 1724 nobis
2868 1667 2973 1723 hoc
2995 1668 3102 1738 peti
3140 1668 3286 1737 quod
3319 1684 3460 1737 prae-

1870 1761 2049 1815 noscit
2085 1777 2115 1815 a
2155 1776 2214 1816 se
2243 1762 2498 1827 concedi;
2529 1762 2613 1816 vel
2668 1762 2874 1817 idcirco
2905 1762 3135 1832 requirit
3174 1770 3231 1816 ut
3265 1761 3459 1816 creda-

1870 1868 1995 1908 mus
2018 1868 2126 1906 non
2160 1852 2264 1906 nisi
2291 1854 2638 1907 conlitentem
2671 1869 2830 1922 posse
2854 1854 3080 1907 salvari.

1948 1963 1966 1994 ι
2004 1943 2261 1998 Misertus
2300 1956 2480 1999 autem
2513 1960 2705 1999 eorum
2748 1943 2908 2000 Jesus
2935 1945 3109 2016 tetigit
3138 1946 3327 1999 oculos
3357 1960 3455 1998 ro-

1870 2051 2014 2102 rum,
2040 2045 2095 2090 et
2144 2035 2431 2091 confestim
2481 2036 2760 2101 viderunt,
2801 2046 2855 2091 et
2903 2038 3072 2091 secuti
3131 2047 3259 2090 sunt
3305 2053 3454 2102 eutn,

1869 2125 2285 2196 magniﬁcantes
2316 2126 2629 2182 Dominum.
2679 2127 2745 2182 Et
2781 2127 2960 2182 omnis
3003 2128 3175 2197 plebs,
3204 2136 3265 2182 ut
3299 2128 3453 2190 vidit,

1868 2216 2018 2270 dedit
2051 2217 2265 2272 iaudem
2297 2217 2550 2273 Domino.
2594 2239 2612 2270 ι
2651 2217 2852 2288 Tetigit
2883 2218 3076 2273 oculos
3111 2234 3302 2272 eorum
3334 2234 3458 2271 ear-

1870 2308 2086 2373 naliter,
2130 2324 2239 2363 non
2288 2310 2474 2377 verbo,
2518 2310 2648 2380 quia
2692 2309 2862 2364 David
2908 2310 3077 2364 ﬁlium
3129 2326 3254 2363 eum
3300 2311 3459 2364 dixe-

1867 2409 2033 2468 runt;
2060 2402 2273 2456 sanavit
2299 2410 2358 2456 ttt
2390 2401 2553 2468 Deus,
2579 2404 2707 2473 quia
2755 2402 3123 2457 crediderunt.
3162 2400 3461 2455 Transiens

1867 2492 2069 2563 quippe
2098 2508 2275 2548 caecos
2302 2493 2474 2559 audit,
2506 2503 2659 2549 stans
2705 2510 2834 2548 vero
2866 2493 3166 2558 illuminat,
3195 2494 3321 2563 quia
3356 2509 3454 2562 per

1867 2583 2263 2639 humanitatem
2296 2599 2453 2639 suam
2490 2594 2692 2641 nostra:
2716 2585 2944 2641 etecitati
2969 2585 3327 2654 compatitur;
3363 2583 3461 2638 sed

1866 2690 1964 2745 per
1983 2678 2282 2746 potentiam
2304 2677 2609 2733 divinitatis
2638 2678 2821 2732 lumen
2852 2678 3010 2731 nobis
3040 2677 3227 2747 gratiae
3273 2674 3462 2729 infun-

1867 2768 1966 2823 dit.
1996 2767 2155 2823 Videt
2197 2779 2379 2823 autem
2427 2778 2483 2824 et
2512 2770 2763 2839 sequitur
2787 2776 3206 2839 prmtereuntem
3238 2766 3453 2830 Jesnm,

1867 2859 1963 2930 qui
1991 2860 2196 2914 bonum
2229 2862 2375 2931 quod
2407 2862 2658 2931 intelligit
2679 2862 2876 2916 intuitu
2910 2861 3031 2931 ejus
3053 2869 3331 2929 operatur.
3362 2858 3463 2915 llic

1869 2951 1992 3007 talis
2025 2960 2080 3006 et
2125 2953 2342 3021 prolicit
2370 2961 2425 3007 et
2458 2953 2606 3009 alios
2660 2952 2726 3007 ad
2772 2952 2987 3007 laudem
3039 2951 3130 3005 Dei
3188 2952 3458 3007 accendit.

1868 3044 2079 3100 Laudat
2107 3045 2259 3116 plebs
2288 3046 2479 3109 Deum,
2505 3061 2614 3101 non
2643 3047 2819 3102 solum
2846 3060 2944 3116 pro
2994 3045 3284 3114 impetrato
3336 3060 3463 3098 mu-

1870 3152 1998 3191 nere
2048 3136 2206 3201 lucis,
2241 3137 2335 3192 sed
2382 3148 2437 3192 et
2487 3152 2588 3207 pro
2645 3136 2842 3191 merito
2887 3136 3010 3191 ﬁdei
3074 3136 3456 3206 impctrantis;

1790 3249 1832 3306 ο
1868 3227 1991 3283 ideo
2011 3245 2120 3282 non
2143 3229 2321 3283 solum
2353 3229 2497 3299 quod
2526 3238 2776 3299 potenter
2809 3237 2861 3284 et
2885 3228 3313 3283 misericorditer
3344 3228 3466 3281 illn-

1866 3320 2060 3385 minat,
2086 3319 2179 3375 sed
2210 3320 2339 3389 quia
2362 3322 2524 3374 etiam
2567 3320 2862 3375 clamorem
2916 3319 3037 3373 ﬁdei
3072 3318 3303 3372 ﬁrmiter
3347 3317 3463 3371 cla-

1867 3410 2070 3464 mantis
2097 3410 2337 3465 exaudit.
2378 3409 2580 3481 Typice
2609 3410 2736 3464 caici
2787 3409 3153 3479 appellantur,
3203 3408 3298 3478 qui
3330 3423 3461 3463 nec-

1863 3500 1993 3555 dum
2044 3500 2228 3555 dicere
2274 3509 2526 3570 poterant
2560 3518 2574 3554 :
2615 3519 2634 3551 ι
2684 3499 2739 3553 In
2775 3500 2979 3554 lumine
3015 3508 3109 3553 tuo
3150 3499 3460 3553 videbimus

1863 3588 2046 3644 lumen
2076 3589 2252 3661 (Psal.
2280 3591 2471 3663 xxxv).
2512 3610 2529 3642 ι
2566 3591 2740 3646 Seeus
2785 3592 2930 3645 viam
2954 3591 3104 3656 dicit,
3138 3590 3267 3660 quia
3308 3591 3461 3644 vide-

1864 3683 2065 3737 bantur
2088 3683 2286 3739 babere
2308 3683 2443 3753 legis
2468 3683 2737 3749 notitiam,
2768 3684 2861 3737 sed
2886 3684 3029 3737 viam
3057 3699 3179 3753 qu:e
3205 3682 3460 3737 Christus

1862 3782 1946 3829 cst
1988 3774 2332 3843 ignorabant.
2380 3773 2492 3829 llos
2523 3775 2749 3844 quidam
2794 3776 3105 3845 intelligunt
3144 3774 3459 3829 Phariszeos

1863 3881 1916 3919 et
1938 3864 2268 3920 Sadduczeos
2287 3883 2302 3933 ;
2323 3866 2414 3920 alii
2444 3880 2573 3921 vero
2604 3876 2900 3937 utrumque
2925 3868 3456 3937 populum,quorum

1864 3954 1999 4008 alter
2028 3954 2198 4025 legem
2237 3955 2519 4024 scriptam,
2552 3956 2689 4010 alter
2722 3958 3029 4010 naturalem
3084 3957 3340 4010 habebat.
3397 3956 3457 4009 Si

1864 4048 1993 4101 caeci
2018 4045 2335 4101 referuntur
2361 4047 2427 4101 ad
2457 4045 2697 4112 Iudaeos,
2728 4056 2857 4102 tune
2879 4063 2974 4116 per
3005 4048 3220 4101 turbam
3256 4046 3459 4101 intelli-

1865 4155 1907 4209 g
1932 4138 2021 4193 ndi
2054 4146 2183 4193 sunt
2210 4138 2452 4205 ethnici;
2485 4139 2569 4194 sin
2620 4138 2688 4193 ad
2736 4149 3030 4209 utrumque
3069 4140 3354 4209 populum,
3388 4140 3458 4195 de

1866 4243 2098 4301 utroque
2118 4231 2326 4300 populo
2350 4239 2466 4285 erat
2488 4230 2666 4286 turba.
2698 4231 2905 4285 Aliter:
2941 4229 3250 4285 Secundum
3283 4246 3460 4299 quos-

1864 4322 1990 4378 dam
2038 4323 2168 4378 caeci
2217 4321 2530 4393 signiﬁcant
2580 4321 2722 4377 duos
2773 4322 3005 4392 p0pulos
3048 4338 3113 4375 ex
3177 4321 3455 4392 gentibus,

1866 4428 2035 4469 unum
2083 4428 2153 4467 ex
2206 4410 2402 4478 Cham,
2429 4412 2659 4466 alterum
2706 4427 2772 4466 ex
2823 4411 3082 4483 Japheth.
3122 4410 3266 4466 C:ect
3298 4418 3456 4464 erant

1866 4506 1995 4576 quia
2038 4520 2145 4560 non
2198 4513 2526 4575 apparuerat
2567 4504 2649 4560 eis
2696 4506 2786 4559 lux
2816 4503 3115 4575 Unigeniti.
3148 4502 3456 4557 Audicrunt

168 4576 407 4644 Tuiunei,
434 4582 707 4636 sedentes
739 4594 899 4634 secus
929 4579 1095 4643 viam,
1120 4579 1412 4633 audierunt
1447 4578 1576 4648 quia
1600 4575 1763 4634 Jesus

1870 4575 2053 4667 gentes
2079 4596 2148 4651 de
2177 4598 2411 4653 transitu
2438 4595 2590 4663 Jesu,
2617 4597 2917 4652 secundum
2970 4595 3279 4652 testimonia
3331 4609 3460 4664 pro~

165 4668 477 4728 Natat-enus
501 4671 799 4738 transiret,
823 4679 878 4725 et
907 4670 1284 4726 clamaverunt
1302 4670 1574 4725 dicentes:
1606 4688 1624 4720 ι
1660 4669 1768 4723 Do-

166 4763 320 4831 mine,
347 4765 637 4820 miscrere
667 4763 865 4829 nostri,
899 4764 972 4817 ﬁli
1011 4762 1175 4817 David
1206 4762 1426 4834 (Matth.
1452 4780 1565 4830 xx;
1591 4761 1762 4817 Marc.
1796 4771 1817 4797 ν

161 4852 229 4920 x).
270 4873 286 4905 ι
331 4852 500 4921 Quod
532 4852 765 4908 Marcus
794 4853 861 4906 de
883 4853 1057 4908 altero
1090 4868 1235 4908 caeco
1280 4862 1460 4920 tacet,
1493 4854 1566 4907 ita
1605 4850 1770 4907 solvi-

160 4949 262 5005 tur,
292 4954 353 4998 ιιι
399 4945 502 4997 illa
545 4943 737 4999 soluta
757 4952 841 4997 est
870 4942 1104 5011 quaestio
1132 4942 1199 4996 de
1220 4941 1434 4996 duobus
1464 4942 1555 5011 qui
1596 4940 1771 5013 legio-

153 5046 270 5086 nem
306 5033 653 5089 dmtnonum
682 5035 1026 5103 patiebantur
1055 5048 1110 5086 tn
1141 5047 1363 5102 regione
1394 5037 1771 5091 (senemsene-

155 5137 292 5180 rum.
320 5125 468 5181 Nam
503 5127 754 5181 duorum
779 5141 1048 5181 emcorum
1078 5142 1247 5179 unum
1270 5124 1440 5181 fuisse
1463 5125 1769 5183 famosissi-

156 5230 304 5271 tnuut
335 5217 390 5271 in
421 5219 541 5273 hoc
576 5228 828 5287 apparet,
852 5218 997 5287 quod
1042 5234 1239 5271 nomen
1265 5219 1427 5272 etiam
1453 5219 1624 5288 patris
1644 5220 1766 5290 ejus

150 5309 651 5363 commemoravit.
688 5306 866 5362 Lucas
887 5324 1017 5363 vero
1047 5307 1297 5378 quamvis
1322 5308 1549 5362 omnino
1572 5309 1764 5363 eodem

146 5399 311 5455 ntoJo
345 5398 578 5454 factum
620 5399 687 5454 de
722 5413 865 5453 eteco
901 5409 1314 5464 commemorat,
1354 5409 1532 5453 tamen
1574 5400 1626 5453 in
1656 5400 1767 5454 alio

142 5505 289 5545 caeco
335 5490 784 5562 intelligendum
821 5500 898 5546 cst
927 5508 1026 5562 par
1052 5507 1487 5548 commemorare
1528 5493 1757 5548 miracu-

140 5580 277 5637 Iunt.

214 5718 233 5744 ι
273 5694 483 5752 Turba
536 5712 726 5752 autem
782 5699 1098 5769 increpabat
1134 5714 1231 5755 eos
1276 5710 1333 5754 ιιι
1379 5710 1641 5756 tacerent.
1697 5701 1767 5756 At

134 5783 211 5840 illi
263 5790 463 5861 magis
528 5789 847 5847 clamabant
881 5792 1124 5849 dicentes
1158 5810 1172 5846 :
1208 5792 1453 5857 Domine,
1509 5794 1766 5849 miserere

134 5882 344 5945 nostri,
408 5882 496 5936 ﬁli
568 5879 757 5938 David.
815 5906 830 5935 ι
873 5884 1018 5940 Talis
1066 5894 1150 5941 est
1195 5895 1388 5941 natura
1424 5886 1570 5952 ﬁdei,
1618 5888 1762 5957 quod

1869 4689 2155 4759 phetarum
2173 4688 2629 4743 annuntiantibus
2651 4687 2932 4758 apostolis.
2945 4686 3084 4742 Cum
3104 4701 3358 4757 egressus
3369 4699 3454 4739 es-

1870 4791 1952 4836 set
1972 4781 2043 4835 ab
2063 4779 2303 4845 Jericho,
2328 4780 2381 4835 id
2419 4789 2504 4835 est
2525 4781 2592 4835 de
2616 4781 2719 4835 hoc
2748 4780 2972 4846 mundo;
3005 4778 3224 4834 Jericho
3258 4777 3460 4847 quippe

1868 4871 1996 4927 luna
2026 4873 2435 4940 interpretatur,
2453 4889 2547 4942 per
2568 4888 2733 4943 quam
2757 4872 3005 4928 defectus
3029 4880 3230 4927 nostra:
3252 4880 3458 4925 morta-

1869 4964 2038 5019 litatis
2068 4964 2408 5034 intclligitur.
2429 4965 2890 5034 Appropinquans
2916 4981 3047 5035 ergo
3076 4962 3341 5019 Dominus
3360 4963 3446 5019 ie-

1869 5053 2046 5118 richo,
2076 5055 2376 5108 secundum
2411 5052 2637 5119 Lucam,
2661 5069 2805 5110 etcco
2830 5055 3014 5111 lumen
3044 5055 3452 5126 reddidit,quia

1869 5152 1994 5199 alite
2023 5145 2331 5213 passionem
2367 5146 2569 5215 populo
2601 5155 2810 5200 tantum
2842 5144 3160 5202 Judteorum
3195 5147 3455 5217 praedica-

1869 5237 1966 5290 vit.
1993 5235 2352 5293 Proﬁciscens
2380 5253 2511 5307 ergo
2540 5238 2606 5293 de
2634 5238 2853 5294 Jericho
2884 5256 3062 5296 emcos
3094 5240 3451 5305 illuminavit,

1867 5328 1997 5399 quia
2027 5328 2180 5398 prius
2217 5330 2669 5385 resurrectionem
2703 5340 2757 5386 et
2784 5334 3162 5388 ascensionem
3199 5346 3296 5400 per
3324 5345 3459 5399 apo-

1868 5421 2042 5477 stolos
2071 5429 2124 5474 ct
2151 5418 2354 5475 Judmis
2389 5430 2443 5474 et
2480 5423 2733 5491 gentibus
2768 5434 2985 5479 :eterme
3020 5420 3367 5485 Divinitatis,
3395 5428 3450 5474 et

1868 5520 2165 5580 assumpta:
2186 5512 2545 5567 humanitatis
2571 5529 2771 5568 arcana
2803 5513 3077 5584 patefecit.
3104 5511 3262 5577 Quod
3307 5508 3456 5563 Man-

1869 5623 1969 5662 eus
2017 5621 2185 5659 unum
2230 5604 2592 5661 illuminatum
2623 5609 2832 5671 scribit,
2886 5607 2952 5661 ad
3001 5604 3244 5676 gentium
3302 5605 3456 5656 salu-

1869 5708 1977 5753 tem
2018 5697 2260 5767 respicit,
2305 5713 2537 5767 quarum
2564 5699 2780 5754 caecitas
2807 5697 3104 5752 novissima
3138 5705 3277 5751 erat.
3314 5693 3453 5749 Mat‘

1870 5796 2044 5850 tinens
2085 5801 2233 5848 recte
2288 5793 2428 5849 duos
2478 5795 2812 5850 illuminatos
2867 5793 3115 5848 scribens
3168 5791 3452 5858 Hebraeis,

1870 5890 2074 5945 sciebat
2104 5887 2251 5944 enim
2285 5887 2534 5942 notitiam
2574 5885 2667 5941 Dei
2700 5896 3083 5956 pcrventuraut
3134 5886 3200 5942 ad
3235 5880 3447 5958 gentes.
