4032 6396
502 418 609 474 859

1608 418 1937 475 WERNI‘JRI
1978 418 2275 478 ABBATIS
2315 423 2360 478 Et
2418 426 2644 485 BLASII

502 535 656 590 Unde
685 533 846 590 etiam
878 532 1087 589 asinam
1119 544 1172 590 et
1197 534 1405 605 pullum
1435 534 1602 590 refert
1626 536 1788 592 simul
1817 534 2081 592 adductos
2111 543 2157 600 Α
2186 557 2361 611 genus
2402 552 2622 599 acterna:
2650 541 2915 599 claritatis
2940 543 3126 599 lumen
3169 544 3318 615 quod
3342 529 3617 602 amiserat
3641 563 3810 606 reae-

502 624 737 681 llomino
767 624 984 696 (Matth.
1022 629 1147 695 xx),
1184 641 1310 681 cum
1351 625 1533 682 caeteri
1580 634 1691 681 tres
1729 626 2077 698 evangelistae

503 718 851 774 solummodo
902 719 1234 773 mentionem
1277 718 1485 773 faciunt
1513 717 1685 784 asini,
1716 728 1903 789 utpote
1949 719 2079 775 scri-

502 811 694 866 bentes
718 807 975 865 Ecclesia:
998 810 1263 880 gentium.
1296 809 1462 865 Vocat
1490 809 1755 866 Dominus
1782 813 2089 869 scentidum

501 901 743 958 Marcum
774 917 977 957 caecum
1001 902 1327 958 clamantem
1359 904 1425 959 ad
1465 921 1545 968 se,
1570 920 1695 959 cum
1722 904 1924 975 populo
1953 920 2089 973 geu-

502 996 661 1061 tium,
684 995 969 1051 scientiam
1015 996 1264 1052 veritatis
1316 996 1673 1062 desideranti,
1720 1011 1817 1066 per
1862 1010 2088 1053 sanctos

501 1087 884 1158 pradicatores
914 1087 1139 1142 verbum
1169 1087 1292 1142 tidci
1323 1088 1635 1143 committit.
1666 1087 1770 1155 Qui
1805 1087 1938 1144 dicit
1960 1104 2084 1143 cum

500 1179 763 1250 propheta
789 1197 801 1233 :
832 1198 850 1230 ι
880 1179 1136 1235 Accedite
1166 1179 1232 1237 ad
1256 1194 1404 1246 eum,
1429 1191 1480 1235 et
1503 1179 1889 1236 illuminamini
1908 1179 2084 1248 (Paul.

502 1276 722 1340 xxxiii).
757 1290 774 1321 ι
812 1270 876 1324 Et
900 1273 1094 1325 iterum
1126 1291 1179 1326 :t
1207 1270 1402 1345 Surge,
1431 1272 1525 1342 qni
1560 1273 1794 1339 dormis,
1819 1280 1874 1327 et
1894 1286 2089 1327 exsur-

502 1376 568 1429 ge
609 1376 641 1417 a
682 1363 934 1428 mortuis,
959 1372 1014 1418 et
1059 1363 1390 1420 illuminabit
1439 1365 1532 1420 tibi
1578 1364 1834 1420 Christus
1868 1362 2085 1436 (Ep/tes.

501 1454 581 1519 v).
623 1471 642 1505 ι
676 1451 777 1508 Per
802 1455 1185 1510 vestimentum
1215 1457 1403 1527 accipe
1454 1456 1764 1523 facultates,
1796 1466 1852 1512 et
1881 1456 2089 1512 retina-

503 1545 625 1600 cnla
649 1546 862 1602 mundi.

574 1635 717 1691 Beda
745 1638 796 1691 in
823 1637 1026 1693 Lucam
1063 1656 1075 1693 :
1106 1638 1244 1692 Dum
1282 1640 1548 1696 Conditor
1579 1651 1767 1699 noster
1793 1640 2089 1712 appropin-

503 1734 637 1796 quat
663 1725 900 1793 Jericho,
925 1744 1104 1785 caecus
1133 1730 1199 1784 ad
1228 1732 1412 1785 lumen
1442 1733 1602 1796 redit,
1638 1734 1789 1803 quia,
1819 1734 1953 1786 dum
1998 1731 2089 1785 Di-

503 1819 704 1875 vtnitas
745 1821 1015 1877 defectum
1046 1830 1247 1879 nostrae
1267 1824 1450 1881 carnis
1503 1827 1751 1896 suscipit.
1784 1828 2084 1881 humanum

2191 633 2289 703 pit.
2307 634 2498 691 Caecus
2529 635 2683 691 sedet
2701 635 2859 705 juxta
2886 635 3055 702 viam,
3074 634 3206 691 dum
3235 636 3428 708 incipit
3465 638 3705 696 credere
3742 642 3806 697 in

2188 725 2373 797 ipsum
2397 726 2491 798 qui
2512 728 2646 783 dicit
2678 745 2691 781 :
2728 746 2749 777 ι
2792 726 2906 798 Ego
2929 743 3053 783 sum
3075 729 3163 785 via
3191 729 3376 802 (Joan.
3408 731 3548 800 xlv).
3590 750 3613 783 ι
3642 730 3809 788 Μαι-

2190 818 2337 874 dicat
2361 819 2491 874 dum
2522 825 2697 890 rogat.
2729 816 2885 874 Unde
2931 819 3179 889 sequitur
3207 839 3221 875 :
3254 840 3275 873 ι
3316 820 3383 876 Et
3428 821 3739 877 clamabat.
3776 841 3801 876 υ

2191 908 2294 976 Qui
2329 909 2517 966 Jesum
2558 910 2865 966 venientem
2906 910 3223 981 prazcedunt
3253 921 3309 968 et
3356 912 3678 983 increpant,
3702 921 3796 968 tuo
3832 978 3849 983 _

2190 1000 2423 1056 multum
2454 1002 2758 1057 carnalium
2790 1002 3048 1057 vitiorum
3079 1003 3386 1074 designavit
3425 1004 3525 1074 qui
3574 1006 3805 1076 cogita-
3842 1002 3867 1031 τ

2191 1091 2369 1147 tiones
2405 1101 2621 1148 nostras
2643 1094 2932 1164 dissipant.
2953 1102 3009 1149 et
3046 1108 3210 1149 voces
3235 1094 3420 1150 cordis
3450 1095 3509 1149 in
3537 1095 3806 1150 oratione

2190 1182 2530 1253 perturbant,
2563 1199 2631 1238 ne
2676 1182 2838 1240 Jesus
2869 1199 2967 1239 cor
2993 1184 3306 1240 illuminare
3340 1187 3591 1241 accedat.
3638 1185 3804 1257 Saepe

2190 1285 2484 1331 occurrunt
2522 1277 2673 1331 cordi
2699 1277 3083 1347 phantasmata
3112 1289 3462 1348 peccatorum
3487 1293 3620 1349 qua:
3656 1277 3801 1332 feci-

2192 1384 2316 1423 mus
2340 1376 2394 1422 ct
2421 1368 2644 1423 turbant
2673 1370 2944 1435 animum,
2969 1369 3064 1425 sed
3094 1381 3230 1427 tunc
3249 1369 3539 1426 ardentius
3554 1370 3801 1426 clamori

2190 1460 2455 1517 orationis
2478 1460 2841 1516 insistendum
2868 1472 2971 1517 est.
2999 1459 3155 1517 Unde
3175 1461 3567 1533 phantasmata
3588 1477 3799 1518 occur-

2190 1561 2339 1616 runt,
2387 1554 2734 1623 aliquatenus
2784 1552 2970 1609 Jesum
3026 1555 3261 1609 transire
3313 1554 3617 1620 sentimus;
3663 1567 3790 1608 cur:

2190 1658 2323 1697 vero
2370 1644 2604 1697 orationi
2658 1644 3008 1698 vehementer
3060 1644 3390 1712 insistimus,
3442 1654 3577 1700 tunc
3627 1644 3803 1700 nolis

2189 1733 2352 1790 Jcsus
2388 1737 2809 1806 appropinquat,
2842 1747 2895 1791 ct
2917 1736 2998 1792 sic
3026 1737 3118 1791 lux
3154 1737 3359 1792 amissa
3398 1745 3719 1807 reparatur.

1317 2079 1824 2159 DOMINICA
1905 2081 2014 2160 IN
2072 2079 2962 2174 QUINQUAGESIMA.

584 2276 602 2309 ι
630 2254 804 2324 Quam
823 2273 1018 2329 magna
1036 2258 1330 2314 multitudo
1356 2258 1664 2315 dulcedinis
1683 2268 1811 2323 ture,
1846 2256 2098 2325 Domine,
2132 2268 2174 2322 Β
2203 2271 2460 2314 :eternam
2488 2275 2588 2329 pro
2618 2275 2716 2315 sua
2745 2258 3004 2329 passione
3034 2257 3267 2312 reddidit
3286 2276 3299 2312 :
3318 2273 3486 2330 quam
3516 2275 3639 2315 suis
3658 2276 3801 2331 quo-

504 2368 669 2425 quam
701 2352 1033 2408 abscondisti
1062 2353 1380 2408 timentibus
1404 2361 1455 2408 te
1481 2351 1657 2423 (Paul.
1698 2351 1888 2421 xxx)»
1922 2350 2086 2419 Vere,

509 2443 845 2509 charissimi,
874 2461 1069 2515 magna
1098 2454 1151 2500 et
1183 2445 1376 2516 ingens
1413 2453 1497 2500 est
1524 2445 1817 2500 multitudo
1846 2444 2091 2500 dulcedi-

504 2537 615 2603 nis,
655 2553 764 2608 qua
825 2537 1158 2607 perfruendo
1185 2537 1317 2607 justi
1366 2537 1596 2593 aflluunt
1641 2537 1897 2593 omnibus
1949 2537 2088 2592 deli—

505 2629 626 2685 ciis.
660 2627 784 2685 Haec
825 2628 1059 2685 dulcedo
1102 2645 1249 2684 nunc
1293 2630 1513 2700 quidem
1562 2628 1733 2684 Deum
1772 2630 2091 2686 timentibus

506 2719 879 2785 absconditur,
900 2731 1030 2774 tunc
1056 2728 1238 2773 autem
1268 2704 1618 2789 sperantibus
1645 2719 1699 2773 in
1720 2735 1847 2774 eum
1876 2720 2092 2790 perlici-

505 2823 616 2877 tur,
645 2828 767 2867 cum
793 2812 845 2865 in
870 2810 1069 2881 gaudio
1095 2810 1311 2865 Domini
1338 2811 1500 2866 oculo
1535 2811 1603 2865 ad
1626 2811 1847 2865 oculum
1889 2809 2090 2882 Regem

506 2903 694 2973 gloria:
733 2902 986 2958 indecore
1022 2917 1126 2958 suo
1169 2901 1452 2970 videbunt,
1479 2910 1534 2959 et
1565 2902 1668 2973 ipsi
1698 2903 1987 2973 glorificati
2030 2913 2093 2960 ut

508 2995 588 3052 sol
623 2993 926 3066 fulgebunt.
956 2996 1038 3050 Ad
1091 2996 1236 3052 hanc
1264 2995 1448 3066 itaque
1477 2994 1929 3066 glorificationem
1968 3012 2093 3067 per-

508 3088 859 3153 veniendum,
891 3088 1036 3142 scala
1067 3087 1228 3143 nobis
1258 3087 1418 3142 hodie
1444 3086 1696 3158 erigitur,
1731 3103 1827 3157 per
1853 3104 2018 3158 quam
2059 3104 2091 3144 a

510 3181 759 3236 fidelibus
785 3180 910 3235 coeli
939 3180 1157 3236 culmen
1205 3179 1511 3248 attingitur.
1563 3178 1691 3235 Haec
1729 3188 1911 3235 autem
1945 3181 2091 3236 scala

507 3269 749 3326 charitas
777 3277 884 3336 est,
914 3285 1011 3340 per
1040 3286 1204 3341 quam
1234 3269 1300 3326 ad
1324 3270 1449 3326 caeli
1474 3270 1691 3341 fastigia
1717 3271 1892 3326 tendit
1918 3273 2094 3328 eccle-

510 3361 607 3417 siae
637 3362 936 3419 humilitas.
972 3361 1148 3432 Hujus
1174 3364 1338 3419 scala:
1359 3378 1490 3418 vero
1511 3362 1683 3418 latera
1705 3372 1834 3418 sunt
1863 3364 2094 3434 geminae

507 3454 835 3521 dilectionis,
864 3453 958 3510 Dei
982 3455 1191 3511 scilicet
1216 3464 1269 3510 et
1308 3454 1567 3526 proximi,
1592 3465 1880 3525 praecepta.
1921 3455 2094 3512 Porro

511 3546 714 3618 gradus
747 3547 840 3618 qui
888 3546 974 3603 his
1015 3547 1281 3603 lateribus
1333 3547 1671 3613 inseruntur,
1698 3555 1828 3603 sunt
1860 3547 2093 3605 diversae

2193 2368 2299 2423 que
2335 2352 2705 2407 imitatoribus
2760 2350 2970 2406 tribuit.
3005 2349 3225 2406 Tertius
3270 2352 3476 2422 gradus
3523 2353 3799 2410 inseritur

2191 2445 2386 2515 pietas.
2414 2460 2511 2514 per
2563 2460 2728 2514 quam
2781 2457 3148 2514 supernorum
3199 2445 3399 2499 civium
3460 2443 3797 2514 adipiscitur

2191 2536 2369 2592 dulcis
2421 2536 2665 2592 satietas.
2695 2534 2752 2589 ln
2812 2536 2917 2591 hoc
2967 2535 3138 2606 gradu
3186 2536 3272 2606 pia
3323 2552 3480 2592 mens
3514 2539 3799 2594 scandens

2194 2630 2486 2696 exaltatur,
2512 2629 2607 2685 sed
2656 2629 2889 2684 aliorum
2938 2628 3252 2684 felicitatem
3310 2645 3419 2684 non
3468 2632 3792 2687 aemulatur.

2200 2739 2219 2771 ‹
2251 2718 2456 2772 invidia
2486 2719 2631 2774 enim
2657 2718 2859 2774 diaboli
2887 2733 3037 2774 mors
3066 2720 3287 2774 intravit
3312 2719 3366 2774 in
3393 2721 3585 2776 orbem
3615 2732 3798 2778 terra-

2193 2827 2349 2879 rum;
2378 2808 2663 2866 imitantur
2684 2819 2868 2866 autem
2895 2811 3048 2866 illum
3076 2813 3168 2882 qui
3200 2820 3327 2868 sunt
3363 2828 3431 2867 ex
3476 2824 3637 2883 parte
3670 2814 3797 2884 ejus

2195 2902 2349 2974 (Sap.
2404 2904 2487 2974 ιι).
2522 2922 2539 2953 ι
2579 2902 2819 2969 Quartus
2850 2904 3055 2973 gradus
3092 2904 3389 2959 inuectitur
3432 2904 3795 2975 simplicitas,

2194 3013 2291 3067 per
2325 3011 2490 3066 quam
2521 2996 2763 3051 caelestis
2807 2996 2992 3067 gaudii
3046 2996 3262 3051 subitur
3292 2996 3700 3066 multiplicitas.
3737 2996 3797 3051 In

2195 3088 2341 3142 hunc
2369 3088 2598 3157 gradum
2626 3088 2817 3158 pedem
2842 3088 3096 3157 ponimus
3119 3129 3135 3153 ,
3161 3087 3206 3142 si
3230 3101 3518 3158 perperam
3553 3087 3607 3142 id
3637 3086 3795 3141 frau-

2197 3179 2451 3233 dulenter
2489 3195 2597 3233 non
2629 3196 2879 3250 agamus,
2908 3181 3118 3235 scilicet
3148 3181 3194 3235 si
3221 3180 3343 3235 fidei
3393 3179 3622 3236 servitio
3649 3180 3798 3234 nihil

2195 3271 2596 3336 subtrabimus,
2613 3280 2667 3325 et
2698 3272 2861 3339 bona,
2897 3288 3006 3326 non
3049 3273 3236 3343 populi
3285 3271 3497 3338 favore,
3527 3271 3626 3328 sed
3672 3273 3798 3328 sola

2195 3362 2292 3418 Dei
2339 3377 2507 3418 causa
2554 3360 2810 3418 facimus.
2865 3362 3102 3429 Quintus
3131 3362 3335 3433 gradus
3368 3363 3533 3418 scala:
3577 3356 3802 3417 inditur

2197 3456 2498 3518 humilitas.
2532 3473 2627 3527 per
2649 3472 2816 3527 quam
2846 3456 3135 3527 attingitur
3166 3455 3411 3525 angelica
3441 3454 3791 3511 sublimitas.

2195 3545 2253 3602 In
2277 3549 2382 3603 hoc
2405 3547 2577 3619 gradu
2604 3548 2873 3604 scandens
2902 3563 3058 3602 mens
3083 3547 3373 3614 solidatur,
3396 3547 3443 3603 si
3470 3547 3540 3603 de
3553 3556 3793 3618 accepta

509 3638 742 3693 virtutes
807 3653 903 3709 per
954 3654 1095 3708 quas
1149 3638 1437 3694 charitatis
1504 3648 1775 3708 praecepta
1849 3640 2092 3709 comple-
2122 3623 2166 3680 (ἶ
2201 3640 2429 3696 scientia
2463 3656 2571 3695 non
2597 3640 2841 3704 inflatur,
2869 3648 2924 3694 et
2948 3639 3242 3695 Dominum
3268 3639 3524 3711 superbis
3562 3638 3799 3695 resiste-

512 3732 738 3799 buntur,
760 3747 858 3802 per
891 3748 1030 3803 quas
1058 3732 1154 3803 qui
1208 3740 1355 3788 recte
1383 3731 1597 3787 scandit
1626 3730 1819 3786 faciem
1856 3731 2093 3799 Domini,

510 3839 637 3894 qua:
659 3832 746 3880 est
769 3824 1030 3891 charitas,
1051 3826 1105 3880 in
1127 3825 1305 3896 jubilo
1324 3824 1542 3880 videbit.
1563 3824 1885 3891 Quindecim
1912 3834 2094 3881 autem

513 3915 716 3986 gradus
744 3925 1023 3983 texuntur,
1054 3919 1186 3989 quia
1214 3934 1308 3987 per
1335 3917 1647 3987 quindecim
1698 3932 1883 3973 ramos
1912 3918 2098 3973 chari-

512 4008 642 4065 tatis
669 4010 908 4066 caelestia
936 4020 1218 4081 petuntur.
1257 4011 1413 4067 Unde
1455 4021 1508 4068 et
1549 4012 1602 4067 in
1636 4013 1836 4082 templo
1879 4011 2096 4067 Domini

513 4099 581 4156 ad
635 4102 1010 4158 sanctuarium
1068 4121 1137 4158 xv
1189 4104 1449 4175 gradibus
1499 4104 1920 4170 ascendebatur,
1966 4104 2095 4175 quia

512 4197 783 4251 scandens
832 4196 886 4251 in
919 4197 1023 4253 hac
1054 4198 1201 4253 scala
1241 4198 1306 4252 ad
1336 4198 1577 4253 cmlestis
1614 4198 1799 4267 templi
1835 4205 2095 4252 sanctua-

512 4284 655 4340 rium
678 4285 958 4343 Christum
990 4289 1328 4344 sublevatur.
1375 4288 1575 4344 Psalmi
1613 4303 1834 4357 quoque
1868 4303 1933 4342 xv
1968 4303 2095 4359 gra-

510 4375 616 4431 dus
646 4375 1048 4443 inscribuntur,
1070 4379 1274 4449 quibus
1316 4379 1431 4434 bzec
1459 4378 1694 4433 virtutes
1724 4377 2095 4444 instruuntur,

511 4480 609 4536 per
642 4482 783 4536 quas
827 4471 1032 4524 aethera
1069 4468 1304 4524 abeatis
1354 4468 1737 4534 sranduntur;
1793 4484 1863 4521 xv
1913 4477 2096 4523 autem

511 4567 639 4612 sunt
666 4565 748 4612 ter
767 4558 1034 4630 quinque,
1061 4560 1191 4630 quia
1234 4575 1332 4630 per
1373 4560 1531 4615 fidem
1567 4569 1771 4614 sanctae
1813 4558 2099 4616 Trinitatis

510 4658 724 4718 oportet
756 4667 859 4709 nos
884 4669 918 4708 v
951 4652 1206 4707 sensibus
1235 4652 1441 4706 nostris
1469 4667 1635 4722 opera
1686 4651 1972 4709 charitatis
1996 4652 2099 4707 im-

508 4743 677 4812 plere.
704 4743 926 4803 Primus
956 4746 1139 4816 itaque
1168 4744 1370 4815 gravius
1397 4745 1560 4815 hujus
1596 4744 1758 4801 scala:
1784 4753 1865 4800 est
1894 4745 2101 4815 patien-

510 4836 608 4899 tia.
636 4836 695 4895 in
743 4856 850 4911 qua
877 4840 1090 4895 animas
1122 4837 1389 4909 possideri
1435 4839 1593 4894 docet
1637 4846 1841 4893 aiterna
1874 4836 1969 4893 Dei
2011 4853 2100 4894 sa—

2199 3750 2279 3800 rc,
2313 3734 2613 3790 humilibus
2644 3743 2825 3789 autent
2852 3734 2985 3789 dare
3014 3733 3246 3806 gratiam
3274 3732 3621 3789 recordatur.

2271 3827 2471 3883 Sextus
2497 3827 2699 3895 gradus
2739 3834 2824 3882 cst
2867 3827 3058 3881 mundi
3101 3832 3470 3896 contemptus,
3502 3840 3602 3896 per
3621 3839 3797 3896 quem

2199 3920 2422 3990 superni
2463 3919 2612 3991 regni
2650 3918 2954 3989 acquiritur
2982 3933 3203 3974 census.
3246 3917 3302 3972 in
3344 3918 3449 3972 hoc
3478 3916 3654 3988 gradu
3689 3932 3801 3972 ex-

2198 4013 2366 4069 sultat
2407 4012 2591 4068 anima
2633 4012 2895 4082 gloriosa,
2939 4010 2986 4065 si
3035 4026 3145 4066 non
3174 4018 3258 4067 est
3303 4009 3617 4075 ambitiosa,
3659 4008 3801 4079 quia

2198 4112 2447 4174 potentes
2489 4111 2739 4174 potenter
2782 4102 3060 4172 patientur
3095 4108 3365 4156 tormenta
3396 4097 3553 4169 (Sap.
3586 4099 3687 4171 vi).
3737 4098 3803 4155 Si

2197 4204 2380 4251 autem
2424 4193 2658 4249 Domino
2689 4192 2955 4264 placuerit
2984 4193 3184 4248 docere
3214 4210 3228 4246 :
3260 4210 3280 4243 ‹
3318 4189 3529 4256 Amice,
3555 4188 3805 4245 ascende

2199 4288 2453 4358 superius
2499 4286 2650 4360 (Luc.
2687 4285 2822 4356 xiv),
2859 4304 2878 4337 ι
2913 4300 3021 4341 non
3076 4291 3275 4339 renuat
3315 4281 3501 4339 subire
3534 4280 3655 4336 leve
3682 4279 3805 4335 Do-

2199 4380 2335 4434 mini
2382 4395 2561 4445 onus,
2599 4387 2659 4433 ut
2700 4377 2875 4449 possit
2916 4376 3179 4448 prodesse
3224 4374 3393 4431 verbo
3441 4382 3497 4429 et
3543 4372 3806 4442 exemplo

2200 4473 2482 4530 fratribus.
2527 4471 2804 4544 Septimus
2827 4470 3030 4542 gradus
3056 4468 3281 4540 ponitur
3310 4465 3622 4523 voluntaria
3655 4480 3805 4536 pan-

2198 4576 2403 4637 pertas,
2433 4581 2535 4636 pro
2580 4581 2688 4636 qua
2738 4563 2926 4637 gloria:
2963 4570 3018 4618 et
3046 4561 3361 4616 divitiarum
3389 4559 3446 4614 in
3473 4557 3645 4613 domo
3682 4553 3807 4612 Do-

2200 4660 2335 4716 mini
2370 4658 2637 4729 accipitur
2662 4657 2903 4712 ubertas.
2948 4654 3007 4709 In
3046 4654 3195 4710 hunc
3220 4653 3448 4725 gradum
3482 4649 3601 4721 figit
3628 4648 3809 4704 homo

2199 4750 2450 4819 vestigia,
2496 4750 2542 4805 si
2571 4764 2681 4804 non
2732 4746 2929 4819 quaerit
2976 4761 3100 4816 quae
3147 4745 3250 4801 sibi
3298 4740 3671 4806 solummodo,
3699 4739 3809 4795 sed

2201 4859 2324 4914 quae
2346 4841 2603 4897 omnibus
2645 4849 2778 4897 sunt
2810 4839 2963 4894 utilia
2992 4846 3046 4893 et
3075 4837 3144 4893 ad
3188 4836 3404 4909 laudem
3428 4832 3635 4890 Christi
3664 4845 3805 4902 per-

504 4928 737 5004 1fientia.
764 4931 822 4987 In
856 4934 957 4988 hoc
979 4932 1147 5004 gradu
1176 4931 1502 4988 scandentes
1522 4946 1768 5002 gressum
1794 4930 2096 4997 firmamus,
2130 4969 2175 5023 Β
2203 4934 2454 4991 tinentia.
2503 4932 2603 4989 llic
2652 4933 2778 4989 talis
2825 4931 3054 4988 scandat
3095 4930 3273 4997 laetus,
3313 4927 3443 4998 quia
3488 4924 3705 5023 paravit
3740 4922 3805 4979 in

516 5029 563 5085 si
609 5027 843 5096 injurias
891 5037 945 5082 et
986 5028 1348 5084 contumelias
1404 5028 1675 5097 patienter
1725 5041 1823 5097 pro
1887 5023 2098 5080 Christi

517 5134 704 5175 amore
747 5118 1083 5186 toleramus;
1138 5119 1252 5187 jam
1322 5118 1617 5189 opprobria
1671 5126 1725 5172 et
1785 5116 1997 5187 ﬂagella
2049 5124 2104 5170 et

517 5216 692 5286 ipsam
736 5229 843 5269 mor
857 5223 964 5269 tem
1009 5230 1109 5284 pro
1143 5214 1303 5270 nobis
1333 5214 1602 5284 patienter
1624 5210 1908 5275 sustinuit,
1941 5218 1997 5265 et
2041 5224 2102 5265 se

520 5307 865 5363 imitantibus
910 5307 1133 5377 praemia
1178 5304 1550 5379 permanentis
1599 5303 1787 5375 gloria:
1837 5301 2098 5358 restituit.

521 5400 807 5455 Secundus
855 5400 1056 5471 gradus
1107 5400 1371 5455 intexitur
1411 5396 1740 5469 benignitas,
1788 5410 1886 5465 per
1932 5409 2099 5464 quam

520 5491 779 5559 angelicae
811 5491 1091 5546 societatis
1119 5489 1426 5561 acquiritur
1448 5487 1703 5558 dignitas.
1739 5485 1880 5541 Huic
1907 5484 2101 5557 gradui

521 5600 769 5656 gressum
825 5586 1217 5657 imprimimus,
1266 5584 1312 5641 si
1343 5599 1442 5655 pro
1471 5583 1633 5639 malis
1674 5597 1784 5638 non
1814 5580 1978 5646 mala,
2007 5579 2102 5635 sed

521 5676 664 5733 bona
708 5681 1087 5743 retribuimus.
1119 5688 1173 5734 et
1216 5677 1482 5749 proximis
1525 5680 1732 5733 nostris
1767 5672 2103 5739 necessaria,

2204 5026 2491 5084 dulcedine
2520 5042 2618 5082 sua
2658 5022 2888 5096 pauperi
2928 5022 3073 5078 Deus
3105 5020 3282 5092 (Psal.
3309 5018 3502 5088 ιχνιι).
3554 5013 3809 5071 Octavus

2206 5120 2409 5192 gradus
2435 5126 2518 5175 est
2549 5134 2677 5190 pax,
2704 5132 2829 5182 quae
2874 5122 3091 5171 aeternae
3137 5113 3277 5169 lucis
3317 5120 3404 5168 est
3450 5109 3563 5166 fax.
3602 5106 3665 5163 In
3692 5107 3809 5163 hoc

2205 5212 2376 5285 gradu
2409 5226 2565 5267 mens
2591 5209 2907 5276 roboratur,
2939 5208 2986 5264 si
3017 5222 3118 5264 nec
3160 5205 3343 5279 verbis
3378 5218 3480 5259 nec
3516 5199 3683 5257 factis
3728 5201 3810 5256 ab

2205 5306 2391 5377 aliquo
2424 5304 2692 5371 irritatur,
2722 5310 2779 5358 et
2820 5301 2867 5358 si
2890 5316 3091 5371 corpus
3117 5299 3317 5355 animae
3346 5296 3402 5351 in
3437 5293 3536 5351 Dei
3571 5292 3808 5350 servitio

2204 5398 2555 5470 subiugatur,
2604 5405 2658 5451 et
2697 5395 2879 5450 anima
2922 5391 3140 5464 spiritui
3165 5388 3512 5448 concordans
3560 5383 3809 5441 Domino

2205 5489 2318 5546 Deo
2343 5489 2550 5560 iugiter
2593 5485 2909 5541 famulatur.
2964 5482 3023 5538 ln
3067 5482 3174 5539 hoc
3218 5480 3390 5552 gradu
3420 5477 3610 5551 positi,
3648 5474 3807 5531 beati

2206 5585 2485 5651 dicuntur,
2508 5581 2767 5653 quoniam
2816 5577 2912 5633 lilii
2958 5576 3053 5632 Dei
3088 5575 3432 5631 vocabuntur
3460 5568 3682 5644 (Matth.
3716 5568 3805 5639 ν).

2207 5675 2398 5733 Nonus
2423 5676 2626 5748 gradus
2669 5671 2929 5729 scribitur
2948 5669 3188 5737 bonitas,
3221 5682 3319 5737 per
3346 5678 3516 5736 quam
3564 5662 3809 5717 intratur

524 5783 624 5837 pro
642 5785 802 5840 posse
823 5771 1682 5843 nostr.),benigneimpendimus;
1705 5768 1834 5839 quia
1851 5765 2108 5823 Christus
2210 5767 2335 5822 vita:
2352 5764 2592 5822 caelestis
2617 5759 2958 5835 incunditas.
2985 5758 3045 5814 ln
3068 5760 3218 5815 hunc
3246 5757 3412 5814 homo
3432 5751 3649 5811 scandit
3672 5765 3807 5822 gra-

527 5868 644 5923 suis
675 5867 1094 5922 crucitivoritzus
1151 5880 1251 5937 pro
1284 5865 1426 5921 malo
1455 5864 1683 5929 bonum,
1708 5859 1915 5918 scilicet
1939 5858 2108 5916 vitam
2213 5857 2366 5925 dum,
2398 5856 2444 5915 si
2476 5871 2587 5913 non
2635 5853 2812 5912 solum
2843 5867 2954 5910 non
3000 5849 3151 5919 facit,
3179 5849 3273 5908 sed
3316 5862 3420 5905 nec
3449 5843 3652 5919 cogitat
3674 5855 3804 5897 ma-
