4032 6396
214 437 327 499 861

1162 437 1737 500 υΕΡιοιιΑτιοΝεε
1775 442 1878 501 SS.
1919 443 2229 501 PATllUll.
2270 475 2340 486 -—
2378 444 2508 503 LIB.
2546 443 2587 504 l.

3409 446 3514 502 832

219 556 370 611 tum.
424 553 679 611 Decimus
724 554 926 624 gradus
964 564 1052 611 est
1108 555 1350 627 spiritale
1399 555 1681 628 gaudium,
1727 573 1825 628 per
1854 563 1895 620 Α
1926 559 2048 615 liori
2074 559 2270 630 subjici
2302 560 2496 625 noluit,
2523 574 2665 615 nunc
2698 559 3019 614 necessitate
3048 557 3260 616 fortiori
3286 559 3515 629 subjici-

217 646 378 718 quod
422 646 750 718 pertingitur
796 646 863 701 ad
918 647 1237 719 angelorum
1282 648 1724 705 contubernium.
1763 647 1820 703 lu

218 736 382 793 hunc
412 741 639 808 gradum
694 738 906 794 laetetur
950 739 1117 795 homo
1167 753 1227 796 se
1255 738 1592 805 ascendisse,
1629 739 1677 795 si
1711 752 1819 793 non

216 830 432 900 gaudet
472 846 637 901 super
674 830 981 902 iniquitate,
1011 831 1056 887 si
1099 847 1209 888 non
1237 832 1436 900 gaudet
1469 846 1637 901 super
1662 830 1821 885 ruina

220 920 463 987 inimici,
489 937 589 976 nec
618 923 685 978 de
715 923 873 978 malis
901 939 1025 995 quze
1052 923 1312 979 eveniunt
1343 923 1499 989 aliis;
1519 924 1823 994 congaudet

217 1025 412 1070 autem
444 1016 658 1071 veritati
702 1015 757 1087 (1
779 1015 903 1072 Cor.
948 1020 1092 1087 xm),
1118 1017 1327 1074 scilicet
1368 1017 1626 1072 omnibus
1655 1018 1822 1088 gestis

219 1108 295 1162 ad
346 1108 609 1163 honorem
660 1109 889 1175 Christi,
932 1110 1027 1182 qui
1070 1118 1156 1167 est
1193 1108 1394 1166 veritas
1430 1118 1486 1165 et
1514 1110 1638 1165 vita»:
1679 1125 1820 1181 prte-

220 1199 402 1255 mium
437 1209 492 1256 et
520 1200 739 1272 plenum
776 1201 1022 1257 omnium
1054 1201 1335 1275 gaudium.
1374 1199 1529 1258 Unde
1576 1201 1823 1258 decimus

221 1292 434 1363 gradus
470 1293 679 1349 locatur
716 1294 1052 1361 sullerentia,
1090 1310 1186 1365 per
1231 1308 1395 1365 quam
1428 1309 1679 1364 supernae
1702 1294 1821 1366 glo-

224 1385 328 1439 rize
370 1385 694 1455 adipiscitur
726 1387 1044 1442 eminentia.
1088 1384 1246 1441 lIunc
1296 1386 1524 1457 gradum
1557 1386 1825 1443 scandere

223 1477 451 1533 animus
476 1477 718 1549 arripiet,
752 1479 798 1534 si
825 1479 1011 1534 omnia
1042 1477 1231 1533 mundi
1273 1477 1499 1533 adversa
1538 1492 1639 1548 pro
1664 1477 1827 1534 Chri-

223 1576 319 1624 sto
346 1567 556 1625 suffert.
600 1567 658 1623 ln
702 1570 807 1625 boe
836 1569 1005 1640 gradu
1035 1568 1343 1631 constituti,
1382 1567 1522 1622 beati
1568 1567 1823 1623 scribun-

225 1666 343 1725 tur,
392 1659 438 1715 si
486 1660 921 1730 persecutionem
968 1676 1068 1730 pro
1104 1659 1317 1730 justitia
1361 1659 1660 1730 patiuntur,
1685 1675 1828 1729 quo-

225 1751 380 1806 niam
421 1767 649 1823 regnum
670 1751 977 1807 sortiuntur
1011 1750 1127 1806 Dei.

301 1840 673 1897 Duodecimus
702 1842 904 1912 gradus
932 1840 1133 1895 dicitur
1160 1856 1282 1895 esse
1311 1841 1443 1895 lldes
1462 1881 1477 1905 ,
1503 1855 1627 1910 qua:
1656 1838 1829 1893 homi-

1924 657 2031 713 tur,
2062 651 2189 720 quia
2228 649 2471 722 proferto
2507 666 2725 721 pteuam
2754 659 2884 706 tunc
2928 651 3170 706 charitas
3200 649 3348 707 foras
3382 658 3513 707 mit--

1924 742 1987 797 tit
2026 740 2083 813 (Ι
2110 740 2273 798 Ιοαιι.
2310 742 2406 809 tv),
2447 743 2669 813 quando
2707 743 3101 813 subjectiouem
3146 742 3511 799 voluntariam

1922 832 2072 889 facit.
2119 833 2339 902 Quanto
2382 836 2558 906 magis
2604 836 2806 890 crescit
2849 835 3111 900 charitas,
3138 842 3292 890 tanto
3336 833 3513 904 magis

1921 927 2122 981 crescit
2166 928 2445 993 voluntas;
2497 936 2705 997 quanto
2755 927 2930 998 magis
2986 927 3185 983 crescit
3234 926 3510 991 voluntas,

1923 1026 2074 1072 tanto
2122 1019 2297 1089 magis
2331 1018 2602 1074 decrescit
2646 1018 2966 1083 necessitas,
3023 1027 3077 1072 et
3114 1018 3228 1088 jam
3272 1017 3513 1089 perfecta

1923 1109 2192 1164 charitatc
2219 1120 2387 1175 amat,
2434 1110 2501 1165 ad
2538 1109 2897 1166 reverentiam
2947 1110 3227 1165 meliorem
3258 1110 3513 1165 voluntao

1924 1200 2060 1264 rius,
2113 1215 2220 1256 non
2277 1201 2432 1255 timet
2500 1201 2569 1256 ad
2642 1216 2860 1271 poenam
2937 1198 3219 1257 fortiorem
3286 1200 3511 1257 invitus.

1924 1290 2200 1358 Qttaaritur
2226 1292 2292 1347 de
2323 1292 2548 1349 Christo
2577 1294 2797 1349 homine
2825 1295 3102 1364 quomodo
3130 1295 3379 1351 timorem
3409 1294 3517 1350 Doo

1928 1383 2061 1437 mini
2092 1383 2375 1451 habuerit,
2404 1384 2497 1440 sed
2531 1383 2689 1440 facile
2719 1394 2804 1441 est
2836 1386 3213 1442 demonstrare
3239 1386 3517 1456 quomodo

1924 1476 2230 1532 voluntarie
2262 1474 2432 1541 Patri,
2467 1476 2521 1531 in
2558 1484 2825 1547 quantum
2870 1478 2986 1548 ipse
3026 1477 3191 1532 homo
3238 1486 3375 1544 erat,
3410 1477 3518 1534 sibi

1926 1567 2218 1637 superiori,
2244 1568 2588 1639 subjiciebat,
2626 1577 2681 1624 et
2709 1579 3007 1640 spontanca
3038 1571 3337 1626 reverentia
3360 1571 3520 1627 cede-

1926 1656 2015 1711 bat
2074 1658 2148 1711 illi
2199 1673 2361 1728 quem
2414 1658 2754 1729 superiorem
2808 1662 3214 1730 cognoscebat,
3262 1663 3453 1719 dicens
3502 1681 3517 1718 :

1934 1764 1952 1797 ι
1989 1746 2149 1802 Pater
2166 1748 2344 1818 major
2372 1764 2459 1804 me
2479 1758 2563 1805 est
2591 1749 2774 1820 (Joan.
2798 1751 2933 1821 xw).
2956 1771 2975 1803 ι
3000 1751 3153 1807 Sicut
3177 1753 3343 1826 igitur
3365 1768 3523 1808 amor

1926 1854 2051 1897 eum
2089 1839 2160 1895 sit
2195 1849 2377 1897 motus
2417 1843 2616 1898 mentis
2651 1844 2974 1898 naturaliter
3018 1861 3183 1911 unus,
3219 1844 3520 1900 secundum

224 1949 333 1991 nes
360 1934 523 1990 ellicit
551 1934 759 2005 angelis
782 1932 1055 1989 concives.
1088 1931 1192 1988 Per
1221 1932 1370 1988 hunc
1398 1932 1626 2004 gradum
1659 1931 1822 1986 homo
1854 1927 1896 1982 Β
1924 1930 2169 1986 diversas
2197 1933 2488 2002 qualitates
2515 1933 2727 1989 diversa
2768 1935 2990 1989 nomina
3019 1936 3267 2002 sortitur,
3302 1946 3358 1991 et
3386 1936 3522 1992 diei-

225 2042 482 2097 gressum
523 2025 740 2096 premit,
782 2025 829 2080 si
879 2032 1075 2080 cuncta
1134 2022 1203 2078 de
1243 2022 1354 2078 Deo
1396 2033 1452 2079 et
1485 2032 1686 2079 aeterna
1717 2023 1827 2077 vita

226 2118 320 2189 pie
373 2118 516 2173 dicta
554 2117 639 2172 vel
678 2117 878 2187 scripta
914 2115 1144 2171 ﬁdeliter
1177 2116 1371 2178 credit,
1407 2116 1537 2186 quia
1588 2125 1674 2170 est
1724 2114 1829 2169 im-

225 2210 495 2281 possibile
536 2212 657 2267 sine
690 2211 793 2266 tide
842 2210 954 2266 Deo
997 2210 1207 2281 placere
1236 2209 1426 2274 (Hebr.
1459 2212 1563 2279 xu).
1609 2209 1828 2266 Tertius

227 2299 482 2357 decimus
505 2300 709 2371 gradus
737 2299 1048 2355 annectitur
1083 2313 1232 2370 spes,
1255 2315 1379 2370 quae
1404 2313 1513 2353 non
1540 2297 1829 2355 confundit

230 2391 615 2464 prtestolantcs
642 2391 918 2463 spiritales
962 2407 1071 2449 res.
1120 2391 1177 2446 ln
1215 2391 1362 2449 hunc
1389 2393 1618 2462 gradum
1660 2392 1826 2463 pedes

230 2499 389 2540 mens
422 2491 612 2539 sancta
660 2482 820 2549 levat,
868 2483 915 2540 si
952 2483 1137 2540 omnia
1179 2483 1321 2538 bona
1379 2484 1448 2540 de
1502 2483 1686 2539 futura
1716 2485 1824 2539 vita

230 2582 436 2646 sperat.
468 2573 707 2642 Quartus
732 2573 980 2632 decimus
1006 2575 1257 2645 sequitur
1289 2574 1698 2645 longanimitas,
1730 2591 1828 2646 per

230 2681 398 2735 quam
430 2665 753 2736 impetratur
801 2666 1122 2737 angelorum
1170 2667 1474 2737 aqualitas.
1519 2666 1676 2723 llunc
1703 2682 1829 2738 gra-

229 2755 362 2811 dum
405 2756 632 2827 quilibet
669 2755 937 2812 scandens
973 2755 1363 2826 apprehendet,
1403 2755 1450 2810 si
1480 2771 1672 2812 omnes
1699 2771 1830 2827 pro—

232 2852 528 2908 missiones
554 2850 646 2906 Dei
670 2850 1052 2922 tequanimiter
1076 2851 1332 2918 sustinet,
1365 2852 1411 2906 si
1435 2867 1578 2907 onus
1609 2850 1826 2906 Domini

232 2944 442 3001 tamdiu
483 2945 711 3015 baiulat,
752 2961 1044 3016 quousque
1094 2945 1212 3016 ipse
1252 2945 1499 3013 veniens,
1540 2945 1729 3017 iugum
1759 2945 1828 3001 de

230 3038 375 3095 collo
401 3038 521 3108 ejus
550 3038 810 3103 excutiat,
852 3047 907 3093 et
949 3054 1077 3094 eum
1120 3054 1151 3094 a
1185 3038 1372 3094 labore
1413 3053 1655 3104 cessare,
1686 3046 1741 3093 et
1770 3038 1824 3092 in

234 3130 423 3201 requie
467 3131 784 3187 recumbere
832 3129 1015 3186 faciat.
1055 3128 1292 3198 Quintus
1331 3130 1579 3186 decimus
1624 3129 1827 3200 gradus

232 3221 481 3287 ultimus,
502 3220 719 3290 ponitur
735 3220 1159 3291 perseverantia,
1176 3235 1274 3290 per
1289 3235 1454 3290 quam
1473 3218 1829 3290 paradisiaca:

233 3311 570 3368 amoenitatis
602 3311 895 3382 capiuntur
930 3318 1087 3382 prata
1116 3310 1367 3366 virentia.
1409 3307 1469 3365 ln
1519 3310 1665 3366 hunc
1705 3325 1831 3381 gra—

234 3403 366 3458 dum
397 3418 554 3458 mens
581 3402 690 3457 alta
723 3410 914 3472 petens
950 3416 1010 3458 se
1040 3400 1356 3471 pervenisse
1390 3400 1751 3470 congaudeat,
1780 3398 1829 3455 si

232 3494 303 3553 de
334 3493 427 3550 Dei
454 3492 836 3549 misericordia
883 3507 1165 3563 nunquam
1212 3490 1551 3560 desperanda
1590 3491 1826 3547 excidat.

241 3605 262 3639 t
293 3585 396 3654 Qui
419 3588 565 3642 enim
589 3584 1017 3657 perseveraverit
1056 3598 1233 3653 usque
1269 3584 1325 3637 in
1365 3581 1551 3650 finem,
1579 3582 1669 3638 hic
1715 3583 1828 3639 sal-

234 3692 339 3735 vus
378 3675 484 3731 erit
509 3675 728 3745 (Matth.
764 3675 936 3744 xxiv).
967 3693 987 3726 ι
1029 3671 1132 3740 Qui
1159 3688 1255 3743 per
1277 3675 1379 3728 hos
1407 3688 1600 3729 omnes
1627 3674 1829 3745 gradus

234 3769 341 3826 rite
384 3767 637 3831 scandet,
694 3767 840 3821 hunc
887 3745 1156 3821 Dominus
1214 3764 1458 3821 charitas
1507 3766 1562 3820 in
1608 3766 1827 3822 cellaria

236 3869 452 3917 αξιοι-ηαξ
489 3857 795 3915 dulcedinis
840 3857 1169 3913 introducet.
1217 3853 1344 3912 Haec
1370 3855 1540 3920 scala,
1569 3856 1830 3912 charissi-

238 3952 334 4019 mi,
367 3967 464 4022 per
519 3952 768 4006 timorem
825 3949 1074 4021 erigitur,
1122 3964 1221 4018 per
1266 3963 1431 4018 quem
1475 3947 1717 4003 charitas
1759 3947 1827 4003 ad

239 4059 514 4100 summum
546 4043 797 4103 deducta.
831 4042 949 4111 ipsa
984 4051 1042 4096 ut
1070 4040 1215 4096 illius
1244 4040 1297 4094 in
1328 4038 1697 4095 haereditatem
1721 4037 1827 4093 Do-

242 4133 372 4191 mini
404 4132 784 4191 introducitur.
814 4131 1003 4186 Timor
1027 4145 1156 4186 vero
1190 4139 1249 4186 ut
1277 4145 1471 4187 servus
1503 4129 1648 4186 foras
1674 4129 1830 4199 ejici-

243 4233 329 4283 tur
351 4222 404 4296 (I
442 4221 604 4279 Joan.
637 4224 733 4294 tv).
766 4222 1061 4278 Sciendum
1093 4231 1275 4278 autem
1315 4222 1461 4293 quod
1499 4222 1610 4277 duo
1646 4231 1827 4276 motus

240 4324 370 4377 sunt
405 4315 621 4382 cordis,
671 4315 873 4387 quibus
925 4316 1108 4373 anima
1164 4315 1507 4371 rationaliter
1547 4314 1616 4369 ad
1664 4329 1828 4370 omne

238 4408 385 4480 quod
439 4407 587 4474 facit,
636 4408 904 4478 agendum
954 4407 1270 4478 impellitur.
1322 4404 1477 4463 Unus
1510 4415 1595 4463 est
1641 4407 1824 4471 timor,

242 4501 377 4559 alter
403 4515 577 4555 amor.
607 4497 732 4554 llaec
754 4499 885 4561 duo,
917 4514 1041 4553 cum
1077 4499 1218 4554 bona
1249 4507 1400 4565 sunt,
1432 4514 1595 4554 omne
1619 4498 1823 4554 bonum

1930 2029 2020 2076 tur
2042 2022 2336 2093 aliquando
2359 2024 2651 2094 cupiditas,
2680 2024 2901 2096 quando
2922 2026 3129 2082 scilicet
3157 2026 3224 2082 ad
3255 2028 3519 2083 mundum

1928 2122 2032 2180 est,
2058 2114 2280 2184 quando
2312 2131 2441 2170 vero
2470 2115 2539 2171 ad
2568 2115 2737 2171 Deum
2771 2117 3012 2173 cbaritas
3047 2135 3061 2172 :
3094 2117 3176 2173 sic
3206 2117 3366 2173 timor
3394 2132 3520 2172 cum

1928 2205 2001 2261 sit
2027 2216 2209 2263 minus
2234 2207 2432 2264 mentis
2463 2208 2786 2263 naturaliter
2815 2225 2979 2275 unus,
3006 2208 3306 2265 secundum
3338 2209 3522 2264 diver-

1928 2308 2021 2350 sos
2077 2302 2258 2350 tamen
2310 2305 2492 2353 motus
2548 2297 2800 2364 habetur,
2842 2299 2926 2353 vel
2964 2308 3246 2370 cperatur,
3290 2299 3522 2355 diversis

1928 2387 2247 2444 nominibus
2270 2388 2631 2461 signiﬁcatur.
2669 2389 2917 2458 Quatuor
2946 2406 3078 2446 sane
3108 2391 3334 2447 timores
3364 2406 3522 2448 sacra

1931 2476 2216 2549 Scriptura
2269 2479 2552 2547 discernit,
2598 2482 2873 2548 servilem,
2927 2482 3288 2547 mundanum,
3338 2482 3522 2537 initia-

1926 2567 2056 2630 lem,
2082 2566 2322 2623 ﬁlialem.
2372 2567 2599 2625 Servilis
2630 2570 2795 2625 timor
2833 2579 2916 2626 est
2948 2586 3047 2641 pro
3080 2571 3333 2626 evitanda
3362 2586 3523 2641 ιιιεηδ

1928 2659 2203 2715 abstinere
2228 2675 2259 2715 a
2287 2661 2454 2727 malo,
2485 2669 2696 2717 retenta
2718 2662 2997 2717 voluntate
3026 2662 3189 2717 mala.
3213 2661 3523 2718 Muodanus

1928 2753 2093 2808 timor
2121 2762 2207 2808 cst
2236 2770 2335 2825 pro
2363 2755 2619 2811 evitanda
2662 2771 2823 2827 paena
2863 2754 3141 2812 abstinere
3177 2771 3207 2810 a
3239 2756 3406 2822 bono,
3437 2769 3524 2810 re-

1927 2851 2077 2898 tenta
2121 2844 2399 2900 voluntate
2440 2844 2605 2900 bona.
2652 2844 2882 2903 lnitialis
2926 2862 3059 2902 vero
3103 2846 3268 2900 timor
3292 2855 3395 2912 est,
3423 2860 3524 2916 pro

1927 2935 2181 2991 evitanda
2229 2951 2390 3007 poena
2439 2952 2564 2993 cum
2617 2952 2876 3008 perverso
2915 2953 3079 3009 opere
3116 2938 3278 2993 etiam
3325 2952 3524 3008 pravas

1928 3029 2286 3099 cogitationes
2323 3044 2593 3085 resecare.
2623 3028 2832 3085 Filialis
2862 3030 3028 3085 timor
3061 3038 3145 3085 est
3172 3029 3318 3085 bono
3346 3029 3521 3084 firmi-

1931 3127 2013 3174 ter
2064 3118 2371 3186 adhaerere,
2424 3120 2552 3190 quia
2599 3118 2735 3174 illud
2783 3120 3035 3174 amittere
3102 3119 3261 3174 nolis.
3311 3115 3390 3172 Ex
3436 3116 3522 3173 his

1930 3216 2168 3279 quatuor
2190 3207 2300 3262 duo
2330 3207 2456 3263 mali
2488 3216 2637 3274 sunt,
2668 3207 2719 3263 id
2743 3217 2825 3263 est
2849 3208 3063 3263 servilis
3088 3218 3142 3263 et
3169 3207 3520 3263 mundanus:

1930 3304 2041 3361 duo
2069 3318 2200 3359 vero
2234 3303 2386 3369 boni,
2416 3303 2470 3359 id
2496 3313 2583 3358 est
2612 3302 2838 3358 initialis
2873 3311 2929 3358 et
2956 3303 3156 3358 tilialis.
3202 3301 3428 3357 Serviiis
3455 3300 3493 3357 ti

1930 3412 2052 3452 mor
2079 3408 2296 3467 ptenam
2332 3411 2456 3467 qua:
2477 3393 2548 3450 ab
2573 3393 2889 3450 hominibus
2919 3393 3151 3450 infertur
3175 3394 3365 3450 metuit
3396 3413 3410 3448 :
3436 3393 3487 3449 id
3505 3422 3523 3436 ο

1928 3489 2078 3545 circo
2109 3488 2158 3544 ei
2189 3487 2387 3544 sullicit
2412 3502 2630 3544 cessare
2671 3502 2702 3542 a
2738 3487 2886 3542 malo
2916 3501 3102 3558 opere,
3129 3487 3259 3558 quia
3289 3485 3359 3541 ad
3387 3500 3522 3541 oco-

1930 3581 2044 3635 lum
2077 3579 2400 3645 famulatur;
2441 3588 2496 3637 et
2527 3589 2739 3636 reatum
2773 3578 3124 3635 conscientia:
3152 3594 3260 3633 non
3288 3578 3516 3646 metuit,

1931 3672 2245 3728 hominibus
2289 3672 2507 3742 placere
2544 3673 2754 3728 volens.
2795 3670 3107 3727 Mundanus
3155 3686 3285 3727 vero
3330 3671 3515 3737 timor,

1931 3761 2249 3817 hominibus
2283 3763 2498 3834 placere
2547 3778 2658 3818 non
2701 3778 2975 3833 qurerens,
3006 3771 3185 3818 tamen
3234 3762 3521 3833 displicere

1931 3863 2198 3920 metuens,
2227 3863 2280 3909 et
2305 3855 2421 3926 ipse
2452 3854 2662 3926 ﬁngens
2688 3854 2835 3925 quod
2863 3869 2971 3910 non
3000 3864 3111 3924 est;
3142 3865 3253 3910 tam
3283 3857 3516 3911 mendax

1929 3944 1986 4001 in
2033 3945 2278 4017 neganda
2320 3944 2548 4001 veritate
2602 3961 2766 4015 quam
2834 3944 2997 4000 fallax
3058 3947 3112 4001 in
3154 3945 3391 4002 falsitate
3439 3955 3520 4002 te-

1929 4037 2125 4109 genda,
2165 4046 2222 4093 et
2249 4046 2480 4108 uterque
2536 4037 2590 4092 in
2618 4037 2848 4092 veritate
2877 4037 3104 4093 otlcndit
3135 4056 3150 4091 :
3182 4039 3339 4105 alter,
3388 4039 3518 4108 quia

1930 4129 2117 4184 timide
2155 4138 2317 4199 negat
2357 4129 2503 4200 quod
2534 4138 2647 4197 cst;
2693 4129 2850 4194 alter,
2889 4129 3018 4200 quia
3058 4143 3310 4199 perverse
3360 4129 3518 4185 sileat

1927 4220 2074 4292 quod
2122 4235 2231 4275 non
2261 4229 2364 4276 est.
2413 4218 2642 4275 lnitialis
2684 4235 2812 4274 vexo
2858 4219 3044 4285 timor,
3075 4220 3205 4290 quia
3246 4236 3367 4275 eam
3406 4236 3515 4292 qua

1929 4311 2069 4369 Deus
2098 4312 2465 4368 comminatur
2491 4327 2730 4383 pinnam,
2761 4311 3036 4366 declinare
3061 4310 3277 4383 satagit,
3304 4326 3516 4381 nequa-

1926 4420 2092 4477 quam
2120 4405 2223 4462 sibi
2251 4404 2498 4462 sufliccre
2523 4404 2687 4469 videt,
2715 4411 2773 4457 ut
2795 4402 2865 4457 ab
2896 4402 3083 4459 illicita
3113 4418 3172 4458 se
3200 4404 3518 4473 operatione

1927 4497 2222 4565 contineat,
2249 4497 2377 4569 quia
2406 4496 2454 4552 ei
2487 4496 2580 4568 qui
2614 4511 2710 4551 cor
2738 4495 2999 4563 intuetur,
3028 4511 3139 4550 non
3166 4503 3251 4550 est
3278 4494 3415 4549 satis
3447 4494 3517 4551 azl

241 4588 497 4646 efﬁciunt.
548 4587 647 4644 Per
692 4589 943 4643 timorem
993 4589 1140 4643 enim
1190 4588 1331 4643 mala
1387 4597 1677 4653 caventur;
1728 4604 1825 4659 per
1855 4590 2302 4677 Dprobationem
2353 4589 2399 4644 si
2456 4590 2720 4645 innocens
2766 4587 2929 4643 fuerit
2980 4588 3143 4653 actio,
3190 4586 3296 4642 nisi
3351 4587 3514 4642 etiam

243 4692 482 4734 amorem
499 4678 641 4733 laena
657 4686 999 4733 exercentur.
1019 4676 1157 4733 Cum
1175 4687 1357 4734 autem
1375 4682 1515 4735 mala
1534 4690 1682 4747 sunt,
1702 4696 1823 4737 om-

244 4767 392 4827 nium
422 4767 691 4823 malorum
732 4783 897 4825 causa
933 4769 1195 4825 existunt.
1228 4766 1333 4823 Per
1380 4770 1632 4825 timorem
1676 4771 1822 4827 enim

244 4859 445 4917 malum
485 4873 515 4915 a
550 4858 696 4915 bono
727 4858 1030 4925 receditur;
1064 4873 1159 4929 per
1174 4866 1428 4915 'amorem
1459 4876 1589 4915 vero
1618 4861 1822 4916 malum

242 4949 383 5010 mala
414 4957 811 5021 perpetrantur.
854 4946 994 5002 Sunt
1020 4963 1150 5017 ergo
1185 4948 1296 5004 duo
1326 4949 1441 5005 btec
1468 4950 1627 5020 quasi
1656 4959 1826 5020 porta:

241 5043 380 5107 duae,
428 5056 525 5112 per
570 5056 735 5111 quam
791 5057 941 5097 mors
985 5049 1041 5096 ct
1085 5042 1199 5096 vita
1248 5040 1645 5112 ingrediuntur.
1678 5042 1825 5101 Mors

241 5136 482 5207 quidem,
518 5152 644 5191 cum
691 5136 1012 5207 aperiuntur
1053 5135 1123 5191 ad
1168 5134 1410 5201 malum;
1460 5137 1569 5191 vita
1617 5145 1823 5205 autem,

240 5245 363 5285 cum
396 5229 464 5285 ad
491 5229 695 5287 bonum
723 5237 1059 5287 reserantur.

665 5316 741 5373 De
769 5319 957 5372 timore
987 5326 1038 5371 et
1065 5334 1244 5374 notore
1281 5317 1394 5375 Dei.

308 5409 499 5466 Timor
525 5420 610 5468 est
640 5410 864 5467 effectus
894 5410 1092 5466 mentis
1126 5426 1235 5481 quo
1265 5419 1514 5465 movetur
1548 5420 1609 5465 ut
1658 5425 1823 5481 supe-

241 5503 367 5563 riori
397 5504 558 5559 cedat
591 5522 606 5558 :
635 5518 823 5559 amore
876 5504 1023 5559 enim
1078 5504 1305 5569 accedit,
1357 5504 1552 5560 timore
1598 5504 1820 5560 receJit.

243 5596 295 5653 Si
347 5595 403 5650 in
437 5595 653 5667 justitia
689 5595 1017 5666 perstitissct
1053 5595 1248 5661 homo,
1280 5609 1347 5650 ex
1376 5594 1654 5650 voluntate
1688 5594 1823 5651 sub-

237 5690 494 5760 jicerctur
530 5688 773 5743 meliori'
803 5704 952 5744 nunc
990 5696 1172 5743 autem
1223 5704 1287 5742 ex
1332 5687 1657 5744 necessitate
1692 5688 1818 5743 sub.

237 5782 421 5853 jicitttt'
449 5781 684 5838 fortiori.
731 5779 855 5845 llage
892 5792 978 5837 est
1014 5797 1173 5853 pmua
1220 5781 1308 5836 illa
1353 5782 1587 5847 timoris,
1613 5798 1677 5838 cx
1713 5798 1820 5853 qua

242 5875 452 5939 servilis
482 5875 817 5943 nominatur,
842 5874 1060 5953 quando
1094 5876 1186 5951 qui
1220 5876 1496 5935 voluntate
1523 5875 1676 5950 prius
1708 5893 1821 5935 tne-

1928 4681 2046 4751 ipsa
2074 4680 2258 4737 cordis
2283 4681 2538 4754 cogitatio
2567 4689 2695 4735 ante
2726 4679 2849 4749 ejus
2876 4680 3068 4735 oculos
3112 4680 3327 4735 sincera
3353 4690 3518 4750 atque

1926 4774 2210 4844 impolluta
2241 4782 2517 4844 appareat.
2556 4771 2694 4839 Quia
2732 4787 2864 4843 ergo
2894 4771 2968 4826 illi
2999 4771 3287 4842 displicere
3324 4772 3519 4828 metuit

1924 4867 2018 4938 qui
2056 4867 2200 4922 videt
2227 4874 2420 4931 totum,
2451 4865 2518 4920 ad
2570 4864 2865 4935 perfectam
2912 4864 3282 4919 innocentiam
3328 4878 3515 4922 coram

1924 4974 1990 5015 eo
2031 4973 2254 5015 necesse
2297 4973 2420 5013 esse
2457 4956 2804 5021 considerat,
2844 4964 2905 5011 ut
2948 4955 3174 5011 mandet
3214 4965 3417 5024 totum,
3463 4966 3519 5012 ct

1927 5050 2048 5105 ideo
2091 5050 2192 5106 iste
2238 5050 2404 5104 timor
2431 5047 2657 5103 initialis
2700 5048 2923 5110 dicitur,
2963 5048 3092 5118 quia
3140 5047 3244 5103 sub
3276 5047 3383 5107 hoc
3423 5064 3457 5119 ι)
3493 5065 3519 5105 r

1924 5141 2123 5197 bonam
2150 5142 2509 5205 voluntatem,
2532 5148 2585 5195 et
2607 5139 2823 5195 virtutis
2846 5140 3061 5195 initium
3086 5142 3229 5211 capit
3252 5149 3306 5195 ct
3330 5149 3514 5196 tinem.

1924 5230 2165 5287 Necdum
2195 5240 2374 5288 tamen
2400 5230 2661 5304 perfectio
2685 5239 2788 5296 est,
2824 5230 2954 5301 quia
2986 5230 3116 5287 dum
3141 5230 3286 5286 aliud
3314 5230 3515 5302 agitur,

1924 5331 1977 5377 et
2007 5322 2151 5378 aliud
2176 5322 2495 5389 intenditur,
2529 5323 2708 5394 ipsum
2749 5321 2927 5379 adhuc
2957 5333 3178 5393 propter
3213 5338 3272 5378 se
3309 5321 3514 5376 bonum

1926 5430 2035 5469 non
2079 5414 2381 5471 amittatur.
2419 5413 2575 5470 Tunc
2604 5414 2811 5469 accedit
2854 5413 3117 5479 Charitas,
3145 5422 3198 5468 ct
3225 5412 3393 5466 intrat
3422 5426 3518 5480 pnr

1925 5509 2178 5564 timorem
2206 5506 2393 5562 istum.
2420 5504 2523 5573 Qui
2551 5506 2680 5560 dum
2724 5513 2993 5561 monstrat
3029 5503 3176 5573 quod
3210 5503 3395 5573 fugere
3422 5502 3508 5557 de-

1926 5600 2153 5656 beamus
2196 5597 2520 5669 periculmn,
2543 5596 2949 5668 quodammodo
2999 5602 3251 5664 appetere
3288 5600 3342 5647 et
3367 5591 3514 5647 desi.

1924 5690 2118 5746 det-are
2162 5686 2294 5744 facit
2325 5687 2660 5759 praesidium.
2709 5683 2987 5741 Convertit
3011 5698 3106 5737 cor
3131 5682 3197 5738 ad
3228 5680 3422 5746 Deum,
3458 5689 3518 5736 ut

1923 5781 2329 5855 quodammodo
2351 5780 2416 5836 de
2450 5780 2569 5850 ipso
2596 5779 2766 5851 fugiat
2792 5778 2857 5832 ad
2888 5777 3089 5848 ipsum,
3122 5775 3225 5831 hoc
3266 5785 3351 5832 cst
3382 5775 3513 5831 dum

1925 5884 2074 5933 cavet
2126 5874 2326 5931 habere
2382 5872 2624 5939 iratum,
2677 5880 2762 5925 stu
2786 5871 2816 5923 lt
2837 5879 2887 5925 at
2942 5869 3141 5925 habere
3196 5868 3513 5943 propitium.
