  <div class='ocr_page' id='page_1' title='image "/cluster/home/n/w/nwhite01/storage/ocr_20150623/157/hvd.32044010248185/437.png"; bbox 0 0 3964 6446; ppageno 0'>
   <div class='ocr_carea' id='block_1_1' title="bbox 537 436 3774 502">
    <p class='ocr_par' dir='ltr' id='par_1_1' title="bbox 537 436 3774 502">
     <span class='ocr_line' id='line_1_1' title="bbox 537 436 3774 502; baseline -0.004 -3"><span class='ocrx_word' id='word_1_1' title='bbox 537 441 646 499; x_wconf 78' lang='lat' dir='ltr'><strong>8’i5</strong></span> <span class='ocrx_word' id='word_1_2' title='bbox 1637 440 1963 495; x_wconf 69' lang='lat' dir='ltr'><strong>WEliNEtit</strong></span> <span class='ocrx_word' id='word_1_3' title='bbox 2003 440 2299 496; x_wconf 73' lang='lat' dir='ltr'><strong>ABBATIS</strong></span> <span class='ocrx_word' id='word_1_4' title='bbox 2356 439 2414 494; x_wconf 91' lang='lat' dir='ltr'><strong>S.</strong></span> <span class='ocrx_word' id='word_1_5' title='bbox 2460 436 2681 493; x_wconf 71' lang='lat' dir='ltr'><strong>BLASII</strong></span> <span class='ocrx_word' id='word_1_6' title='bbox 3690 445 3774 502; x_wconf 69' lang='grc' dir='ltr'><strong>δα</strong></span> 
     </span>
    </p>
   </div>
   <div class='ocr_carea' id='block_1_2' title="bbox 538 552 3772 626">
    <p class='ocr_par' dir='ltr' id='par_1_2' title="bbox 538 552 3772 626">
     <span class='ocr_line' id='line_1_2' title="bbox 538 552 3772 626; baseline -0.001 -13"><span class='ocrx_word' id='word_1_7' title='bbox 538 558 696 613; x_wconf 89' lang='lat' dir='ltr'><strong>llunc</strong></span> <span class='ocrx_word' id='word_1_8' title='bbox 719 556 964 626; x_wconf 82' lang='lat' dir='ltr'><strong>sequitur</strong></span> <span class='ocrx_word' id='word_1_9' title='bbox 986 555 1150 608; x_wconf 98' lang='lat' dir='ltr'><strong>timor</strong></span> <span class='ocrx_word' id='word_1_10' title='bbox 1173 552 1352 608; x_wconf 88' lang='lat' dir='ltr'><strong>ﬁlialis</strong></span> <span class='ocrx_word' id='word_1_11' title='bbox 1380 554 1474 623; x_wconf 88' lang='lat' dir='ltr'><strong>qui</strong></span> <span class='ocrx_word' id='word_1_12' title='bbox 1502 568 1567 609; x_wconf 80' lang='lat' dir='ltr'><strong>ex</strong></span> <span class='ocrx_word' id='word_1_13' title='bbox 1595 556 1918 610; x_wconf 75' lang='lat' dir='ltr'><strong>succedente</strong></span> <span class='ocrx_word' id='word_1_14' title='bbox 1943 554 2124 611; x_wconf 78' lang='lat' dir='ltr'><strong>chari-</strong></span> <span class='ocrx_word' id='word_1_15' title='bbox 2154 561 2201 617; x_wconf 77' lang='grc' dir='ltr'><strong>Α</strong></span> <span class='ocrx_word' id='word_1_16' title='bbox 2228 562 2435 625; x_wconf 89' lang='lat' dir='ltr'><strong>partem</strong></span> <span class='ocrx_word' id='word_1_17' title='bbox 2476 552 2752 609; x_wconf 85' lang='lat' dir='ltr'><strong>declinare</strong></span> <span class='ocrx_word' id='word_1_18' title='bbox 2791 558 2963 608; x_wconf 86' lang='lat' dir='ltr'><strong>status</strong></span> <span class='ocrx_word' id='word_1_19' title='bbox 3003 552 3129 609; x_wconf 82' lang='lat' dir='ltr'><strong>vita:</strong></span> <span class='ocrx_word' id='word_1_20' title='bbox 3174 552 3474 610; x_wconf 89' lang='lat' dir='ltr'><strong>mutabilis.</strong></span> <span class='ocrx_word' id='word_1_21' title='bbox 3535 554 3632 610; x_wconf 89' lang='lat' dir='ltr'><strong>Sed</strong></span> <span class='ocrx_word' id='word_1_22' title='bbox 3672 574 3772 617; x_wconf 82' lang='lat' dir='ltr'><strong>cum</strong></span> 
     </span>
    </p>
   </div>
   <div class='ocr_carea' id='block_1_3' title="bbox 535 642 3775 720">
    <p class='ocr_par' dir='ltr' id='par_1_3' title="bbox 535 642 3775 720">
     <span class='ocr_line' id='line_1_3' title="bbox 535 642 3775 720; baseline 0 -16"><span class='ocrx_word' id='word_1_23' title='bbox 535 659 647 704; x_wconf 88' lang='lat' dir='ltr'><strong>tate</strong></span> <span class='ocrx_word' id='word_1_24' title='bbox 673 647 935 708; x_wconf 84' lang='lat' dir='ltr'><strong>nascitur,</strong></span> <span class='ocrx_word' id='word_1_25' title='bbox 968 654 1025 699; x_wconf 93' lang='lat' dir='ltr'><strong>ut</strong></span> <span class='ocrx_word' id='word_1_26' title='bbox 1057 645 1232 714; x_wconf 82' lang='lat' dir='ltr'><strong>ipsum</strong></span> <span class='ocrx_word' id='word_1_27' title='bbox 1266 645 1456 701; x_wconf 86' lang='lat' dir='ltr'><strong>timere</strong></span> <span class='ocrx_word' id='word_1_28' title='bbox 1495 646 1628 700; x_wconf 84' lang='lat' dir='ltr'><strong>nihil</strong></span> <span class='ocrx_word' id='word_1_29' title='bbox 1666 646 1814 701; x_wconf 82' lang='lat' dir='ltr'><strong>aliud</strong></span> <span class='ocrx_word' id='word_1_30' title='bbox 1840 647 1931 711; x_wconf 87' lang='lat' dir='ltr'><strong>sit,</strong></span> <span class='ocrx_word' id='word_1_31' title='bbox 1956 661 2122 714; x_wconf 90' lang='lat' dir='ltr'><strong>quam</strong></span> <span class='ocrx_word' id='word_1_32' title='bbox 2230 644 2567 699; x_wconf 84' lang='lat' dir='ltr'><strong>mutabilitas</strong></span> <span class='ocrx_word' id='word_1_33' title='bbox 2603 642 2751 698; x_wconf 89' lang='lat' dir='ltr'><strong>nulla</strong></span> <span class='ocrx_word' id='word_1_34' title='bbox 2780 642 2906 705; x_wconf 88' lang='lat' dir='ltr'><strong>erit,</strong></span> <span class='ocrx_word' id='word_1_35' title='bbox 2933 651 3065 699; x_wconf 90' lang='lat' dir='ltr'><strong>tunc</strong></span> <span class='ocrx_word' id='word_1_36' title='bbox 3100 643 3251 698; x_wconf 88' lang='lat' dir='ltr'><strong>nulla</strong></span> <span class='ocrx_word' id='word_1_37' title='bbox 3290 659 3357 698; x_wconf 75' lang='lat' dir='ltr'><strong>ex</strong></span> <span class='ocrx_word' id='word_1_38' title='bbox 3405 644 3605 702; x_wconf 83' lang='lat' dir='ltr'><strong>incerto</strong></span> <span class='ocrx_word' id='word_1_39' title='bbox 3629 652 3775 720; x_wconf 86' lang='lat' dir='ltr'><strong>suspi-</strong></span> 
     </span>
    </p>
   </div>
   <div class='ocr_carea' id='block_1_4' title="bbox 532 734 3776 809">
    <p class='ocr_par' dir='ltr' id='par_1_4' title="bbox 532 734 3776 809">
     <span class='ocr_line' id='line_1_4' title="bbox 532 734 3776 809; baseline 0.001 -18"><span class='ocrx_word' id='word_1_40' title='bbox 532 741 878 809; x_wconf 85' lang='lat' dir='ltr'><strong>degustatum</strong></span> <span class='ocrx_word' id='word_1_41' title='bbox 915 736 967 789; x_wconf 91' lang='lat' dir='ltr'><strong>in</strong></span> <span class='ocrx_word' id='word_1_42' title='bbox 1006 735 1273 789; x_wconf 79' lang='lat' dir='ltr'><strong>charitate</strong></span> <span class='ocrx_word' id='word_1_43' title='bbox 1303 736 1505 791; x_wconf 91' lang='lat' dir='ltr'><strong>bonum</strong></span> <span class='ocrx_word' id='word_1_44' title='bbox 1532 736 1644 805; x_wconf 92' lang='lat' dir='ltr'><strong>jam</strong></span> <span class='ocrx_word' id='word_1_45' title='bbox 1671 737 1813 791; x_wconf 88' lang='lat' dir='ltr'><strong>nolle</strong></span> <span class='ocrx_word' id='word_1_46' title='bbox 1853 736 2123 801; x_wconf 89' lang='lat' dir='ltr'><strong>amittere,</strong></span> <span class='ocrx_word' id='word_1_47' title='bbox 2227 736 2405 791; x_wconf 85' lang='lat' dir='ltr'><strong>cionis</strong></span> <span class='ocrx_word' id='word_1_48' title='bbox 2431 750 2589 804; x_wconf 68' lang='lat' dir='ltr'><strong>poena</strong></span> <span class='ocrx_word' id='word_1_49' title='bbox 2618 735 2800 799; x_wconf 87' lang='lat' dir='ltr'><strong>inerit,</strong></span> <span class='ocrx_word' id='word_1_50' title='bbox 2825 742 2877 788; x_wconf 88' lang='lat' dir='ltr'><strong>et</strong></span> <span class='ocrx_word' id='word_1_51' title='bbox 2913 742 3042 789; x_wconf 89' lang='lat' dir='ltr'><strong>tunc</strong></span> <span class='ocrx_word' id='word_1_52' title='bbox 3074 734 3241 789; x_wconf 87' lang='lat' dir='ltr'><strong>timor</strong></span> <span class='ocrx_word' id='word_1_53' title='bbox 3269 736 3661 804; x_wconf 87' lang='lat' dir='ltr'><strong>quodammodo</strong></span> <span class='ocrx_word' id='word_1_54' title='bbox 3683 743 3776 798; x_wconf 83' lang='lat' dir='ltr'><strong>sine</strong></span> 
     </span>
    </p>
   </div>
   <div class='ocr_carea' id='block_1_5' title="bbox 530 825 3774 899">
    <p class='ocr_par' dir='ltr' id='par_1_5' title="bbox 530 825 3774 899">
     <span class='ocr_line' id='line_1_5' title="bbox 530 825 3774 899; baseline 0.001 -15"><span class='ocrx_word' id='word_1_55' title='bbox 530 838 585 884; x_wconf 88' lang='lat' dir='ltr'><strong>et</strong></span> <span class='ocrx_word' id='word_1_56' title='bbox 613 830 700 884; x_wconf 90' lang='lat' dir='ltr'><strong>hic</strong></span> <span class='ocrx_word' id='word_1_57' title='bbox 727 829 945 899; x_wconf 86' lang='lat' dir='ltr'><strong>quidem</strong></span> <span class='ocrx_word' id='word_1_58' title='bbox 977 828 1139 881; x_wconf 89' lang='lat' dir='ltr'><strong>timor</strong></span> <span class='ocrx_word' id='word_1_59' title='bbox 1165 827 1372 897; x_wconf 88' lang='lat' dir='ltr'><strong>aliquid</strong></span> <span class='ocrx_word' id='word_1_60' title='bbox 1403 843 1577 897; x_wconf 71' lang='lat' dir='ltr'><strong>pmuze</strong></span> <span class='ocrx_word' id='word_1_61' title='bbox 1600 829 1917 897; x_wconf 86' lang='lat' dir='ltr'><strong>adjunctum</strong></span> <span class='ocrx_word' id='word_1_62' title='bbox 1945 827 2124 890; x_wconf 93' lang='lat' dir='ltr'><strong>habet,</strong></span> <span class='ocrx_word' id='word_1_63' title='bbox 2230 826 2426 880; x_wconf 88' lang='lat' dir='ltr'><strong>timore</strong></span> <span class='ocrx_word' id='word_1_64' title='bbox 2440 826 2563 887; x_wconf 90' lang='lat' dir='ltr'><strong>erit,</strong></span> <span class='ocrx_word' id='word_1_65' title='bbox 2581 826 2669 879; x_wconf 91' lang='lat' dir='ltr'><strong>ubi</strong></span> <span class='ocrx_word' id='word_1_66' title='bbox 2696 825 2830 879; x_wconf 89' lang='lat' dir='ltr'><strong>etde</strong></span> <span class='ocrx_word' id='word_1_67' title='bbox 2856 826 3148 881; x_wconf 84' lang='lat' dir='ltr'><strong>stabilitate</strong></span> <span class='ocrx_word' id='word_1_68' title='bbox 3165 828 3303 882; x_wconf 87' lang='lat' dir='ltr'><strong>certi</strong></span> <span class='ocrx_word' id='word_1_69' title='bbox 3323 828 3610 893; x_wconf 82' lang='lat' dir='ltr'><strong>erimus,et</strong></span> <span class='ocrx_word' id='word_1_70' title='bbox 3628 840 3774 891; x_wconf 85' lang='lat' dir='ltr'><strong>tamen</strong></span> 
     </span>
    </p>
   </div>
   <div class='ocr_carea' id='block_1_6' title="bbox 531 914 3647 989">
    <p class='ocr_par' dir='ltr' id='par_1_6' title="bbox 531 914 3647 989">
     <span class='ocr_line' id='line_1_6' title="bbox 531 914 3647 989; baseline 0 -16"><span class='ocrx_word' id='word_1_71' title='bbox 531 918 660 975; x_wconf 92' lang='lat' dir='ltr'><strong>dum</strong></span> <span class='ocrx_word' id='word_1_72' title='bbox 693 919 745 973; x_wconf 91' lang='lat' dir='ltr'><strong>in</strong></span> <span class='ocrx_word' id='word_1_73' title='bbox 770 918 1367 984; x_wconf 83' lang='lat' dir='ltr'><strong>certoamhulamus,et</strong></span> <span class='ocrx_word' id='word_1_74' title='bbox 1383 927 1559 989; x_wconf 87' lang='lat' dir='ltr'><strong>potest</strong></span> <span class='ocrx_word' id='word_1_75' title='bbox 1585 917 2130 988; x_wconf 89' lang='lat' dir='ltr'><strong>inutramqucadhuc</strong></span> <span class='ocrx_word' id='word_1_76' title='bbox 2233 915 2592 970; x_wconf 81' lang='lat' dir='ltr'><strong>reverentiam</strong></span> <span class='ocrx_word' id='word_1_77' title='bbox 2624 914 2871 970; x_wconf 79' lang='lat' dir='ltr'><strong>Creatori</strong></span> <span class='ocrx_word' id='word_1_78' title='bbox 2897 915 3155 971; x_wconf 80' lang='lat' dir='ltr'><strong>exhibere</strong></span> <span class='ocrx_word' id='word_1_79' title='bbox 3188 932 3298 971; x_wconf 92' lang='lat' dir='ltr'><strong>non</strong></span> <span class='ocrx_word' id='word_1_80' title='bbox 3326 916 3647 975; x_wconf 75' lang='lat' dir='ltr'><strong>desistimus.</strong></span> 
     </span>
    </p>
   </div>
   <div class='ocr_carea' id='block_1_7' title="bbox 1378 1168 2961 1263">
    <p class='ocr_par' dir='ltr' id='par_1_7' title="bbox 1378 1168 2961 1263">
     <span class='ocr_line' id='line_1_7' title="bbox 1378 1168 2961 1263; baseline 0.003 -19"><span class='ocrx_word' id='word_1_81' title='bbox 1378 1168 1898 1251; x_wconf 80' lang='lat' dir='ltr'><strong>DOMINICA</strong></span> <span class='ocrx_word' id='word_1_82' title='bbox 1955 1170 2069 1250; x_wconf 85' lang='lat' dir='ltr'><strong>IN</strong></span> <span class='ocrx_word' id='word_1_83' title='bbox 2128 1170 2961 1263; x_wconf 80' lang='lat' dir='ltr'><strong>QUADBAGESIMA.</strong></span> 
     </span>
    </p>
   </div>
   <div class='ocr_carea' id='block_1_8' title="bbox 1771 1348 2567 1412">
    <p class='ocr_par' dir='ltr' id='par_1_8' title="bbox 1771 1348 2567 1412">
     <span class='ocr_line' id='line_1_8' title="bbox 1771 1348 2567 1412; baseline -0.001 -1"><span class='ocrx_word' id='word_1_84' title='bbox 1771 1349 2138 1412; x_wconf 90' lang='lat' dir='ltr'><strong>Secundum</strong></span> <span class='ocrx_word' id='word_1_85' title='bbox 2173 1348 2567 1411; x_wconf 71' lang='lat' dir='ltr'><strong>Matthaeum.</strong></span> 
     </span>
    </p>
   </div>
   <div class='ocr_carea' id='block_1_9' title="bbox 607 1508 2118 1566">
    <p class='ocr_par' dir='ltr' id='par_1_9' title="bbox 607 1508 2118 1566">
     <span class='ocr_line' id='line_1_9' title="bbox 607 1508 2118 1566; baseline 0.003 -6"><span class='ocrx_word' id='word_1_86' title='bbox 607 1527 626 1560; x_wconf 70' lang='grc'>1</span> <span class='ocrx_word' id='word_1_87' title='bbox 666 1508 870 1564; x_wconf 83' lang='lat' dir='ltr'><strong>Ductus</strong></span> <span class='ocrx_word' id='word_1_88' title='bbox 915 1519 999 1564; x_wconf 71' lang='lat' dir='ltr'><strong>CSl</strong></span> <span class='ocrx_word' id='word_1_89' title='bbox 1043 1509 1203 1566; x_wconf 67' lang='lat' dir='ltr'><strong>JCSIIS</strong></span> <span class='ocrx_word' id='word_1_90' title='bbox 1248 1528 1302 1565; x_wconf 85' lang='grc' dir='ltr'><strong>1η</strong></span> <span class='ocrx_word' id='word_1_91' title='bbox 1348 1511 1621 1565; x_wconf 63' lang='grc' dir='ltr'><strong>ιιυερτιιιιη</strong></span> <span class='ocrx_word' id='word_1_92' title='bbox 1674 1520 1732 1565; x_wconf 74' lang='grc' dir='ltr'><strong>ΙΙΙ.</strong></span> <span class='ocrx_word' id='word_1_93' title='bbox 1764 1520 2062 1566; x_wconf 88' lang='lat' dir='ltr'><strong>tentaretur</strong></span> <span class='ocrx_word' id='word_1_94' title='bbox 2088 1527 2118 1565; x_wconf 73' lang='lat'><strong>3</strong></span> 
     </span>
    </p>
   </div>
   <div class='ocr_carea' id='block_1_10' title="bbox 528 1599 2117 1672">
    <p class='ocr_par' dir='ltr' id='par_1_10' title="bbox 528 1599 2117 1672">
     <span class='ocr_line' id='line_1_10' title="bbox 528 1599 2117 1672; baseline 0.001 -19"><span class='ocrx_word' id='word_1_95' title='bbox 528 1599 768 1664; x_wconf 81' lang='lat' dir='ltr'><strong>diabolo,</strong></span> <span class='ocrx_word' id='word_1_96' title='bbox 799 1611 884 1655; x_wconf 87' lang='lat' dir='ltr'><strong>etc</strong></span> <span class='ocrx_word' id='word_1_97' title='bbox 919 1621 935 1651; x_wconf 76' lang='grc' dir='ltr'><strong><em>ι</em></strong></span> <span class='ocrx_word' id='word_1_98' title='bbox 972 1601 1187 1671; x_wconf 78' lang='lat' dir='ltr'><strong>(Matth.</strong></span> <span class='ocrx_word' id='word_1_99' title='bbox 1222 1604 1317 1671; x_wconf 84' lang='lat' dir='ltr'><strong>Iv.)</strong></span> <span class='ocrx_word' id='word_1_100' title='bbox 1337 1602 1598 1657; x_wconf 79' lang='lat' dir='ltr'><strong>Consulto</strong></span> <span class='ocrx_word' id='word_1_101' title='bbox 1617 1601 1790 1657; x_wconf 80' lang='lat' dir='ltr'><strong>Lucas</strong></span> <span class='ocrx_word' id='word_1_102' title='bbox 1817 1603 1994 1671; x_wconf 89' lang='lat' dir='ltr'><strong>primo</strong></span> <span class='ocrx_word' id='word_1_103' title='bbox 2021 1618 2117 1672; x_wconf 87' lang='lat' dir='ltr'><strong>po-</strong></span> 
     </span>
    </p>
   </div>
   <div class='ocr_carea' id='block_1_11' title="bbox 528 1691 2121 1763">
    <p class='ocr_par' dir='ltr' id='par_1_11' title="bbox 528 1691 2121 1763">
     <span class='ocr_line' id='line_1_11' title="bbox 528 1691 2121 1763; baseline 0.001 -18"><span class='ocrx_word' id='word_1_104' title='bbox 528 1693 641 1745; x_wconf 84' lang='lat' dir='ltr'><strong>suit</strong></span> <span class='ocrx_word' id='word_1_105' title='bbox 674 1710 686 1745; x_wconf 92' lang='lat'>:</span> <span class='ocrx_word' id='word_1_106' title='bbox 718 1711 734 1741; x_wconf 79' lang='grc' dir='ltr'>ι</span> <span class='ocrx_word' id='word_1_107' title='bbox 769 1691 928 1746; x_wconf 84' lang='lat' dir='ltr'><strong>.lesus</strong></span> <span class='ocrx_word' id='word_1_108' title='bbox 955 1701 1133 1746; x_wconf 84' lang='lat' dir='ltr'><strong>autem</strong></span> <span class='ocrx_word' id='word_1_109' title='bbox 1160 1692 1352 1762; x_wconf 84' lang='lat' dir='ltr'><strong>plenns</strong></span> <span class='ocrx_word' id='word_1_110' title='bbox 1380 1692 1581 1762; x_wconf 82' lang='lat' dir='ltr'><strong>Spiritu</strong></span> <span class='ocrx_word' id='word_1_111' title='bbox 1615 1703 1805 1747; x_wconf 85' lang='lat' dir='ltr'><strong>sancto</strong></span> <span class='ocrx_word' id='word_1_112' title='bbox 1842 1709 2121 1763; x_wconf 78' lang='lat' dir='ltr'><strong>regressus</strong></span> 
     </span>
    </p>
   </div>
   <div class='ocr_carea' id='block_1_12' title="bbox 528 1781 2115 1856">
    <p class='ocr_par' dir='ltr' id='par_1_12' title="bbox 528 1781 2115 1856">
     <span class='ocr_line' id='line_1_12' title="bbox 528 1781 2115 1856; baseline 0.002 -20"><span class='ocrx_word' id='word_1_113' title='bbox 528 1783 598 1836; x_wconf 89' lang='lat' dir='ltr'><strong>ah</strong></span> <span class='ocrx_word' id='word_1_114' title='bbox 621 1781 858 1837; x_wconf 84' lang='lat' dir='ltr'><strong>Jordane</strong></span> <span class='ocrx_word' id='word_1_115' title='bbox 884 1783 1035 1851; x_wconf 82' lang='lat' dir='ltr'><strong>(Luc.</strong></span> <span class='ocrx_word' id='word_1_116' title='bbox 1067 1785 1140 1853; x_wconf 87' lang='lat' dir='ltr'><strong>Iv)</strong></span> <span class='ocrx_word' id='word_1_117' title='bbox 1181 1804 1198 1835; x_wconf 72' lang='grc' dir='ltr'><strong><em>ι</em></strong></span> <span class='ocrx_word' id='word_1_118' title='bbox 1231 1801 1297 1839; x_wconf 92' lang='lat' dir='ltr'><strong>ne</strong></span> <span class='ocrx_word' id='word_1_119' title='bbox 1321 1786 1664 1839; x_wconf 74' lang='lat' dir='ltr'><strong>dubitaretur</strong></span> <span class='ocrx_word' id='word_1_120' title='bbox 1702 1801 1731 1838; x_wconf 91' lang='lat' dir='ltr'><strong>a</strong></span> <span class='ocrx_word' id='word_1_121' title='bbox 1772 1802 1882 1855; x_wconf 88' lang='lat' dir='ltr'><strong>quo</strong></span> <span class='ocrx_word' id='word_1_122' title='bbox 1924 1786 2115 1856; x_wconf 83' lang='lat' dir='ltr'><strong>spiritu</strong></span> 
     </span>
    </p>
   </div>
   <div class='ocr_carea' id='block_1_13' title="bbox 526 1871 2119 1940">
    <p class='ocr_par' dir='ltr' id='par_1_13' title="bbox 526 1871 2119 1940">
     <span class='ocr_line' id='line_1_13' title="bbox 526 1871 2119 1940; baseline 0.004 -14"><span class='ocrx_word' id='word_1_123' title='bbox 526 1872 723 1937; x_wconf 75' lang='lat' dir='ltr'><strong>ductus</strong></span> <span class='ocrx_word' id='word_1_124' title='bbox 758 1871 921 1928; x_wconf 90' lang='lat' dir='ltr'><strong>fuerit</strong></span> <span class='ocrx_word' id='word_1_125' title='bbox 948 1874 1000 1927; x_wconf 92' lang='lat' dir='ltr'><strong>in</strong></span> <span class='ocrx_word' id='word_1_126' title='bbox 1033 1875 1308 1931; x_wconf 87' lang='lat' dir='ltr'><strong>desertum</strong></span> <span class='ocrx_word' id='word_1_127' title='bbox 1338 1879 1638 1931; x_wconf 76' lang='lat' dir='ltr'><strong>secundum</strong></span> <span class='ocrx_word' id='word_1_128' title='bbox 1673 1877 2006 1940; x_wconf 79' lang='lat' dir='ltr'><strong>Mattluenm,</strong></span> <span class='ocrx_word' id='word_1_129' title='bbox 2034 1878 2119 1932; x_wconf 92' lang='lat' dir='ltr'><strong>vel</strong></span> 
     </span>
    </p>
   </div>
   <div class='ocr_carea' id='block_1_14' title="bbox 2227 1511 3771 1581">
    <p class='ocr_par' dir='ltr' id='par_1_14' title="bbox 2227 1511 3771 1581">
     <span class='ocr_line' id='line_1_14' title="bbox 2227 1511 3771 1581; baseline 0.004 -16"><span class='ocrx_word' id='word_1_130' title='bbox 2227 1512 2369 1566; x_wconf 90' lang='lat' dir='ltr'><strong>rium</strong></span> <span class='ocrx_word' id='word_1_131' title='bbox 2418 1526 2706 1565; x_wconf 89' lang='lat' dir='ltr'><strong>numerum</strong></span> <span class='ocrx_word' id='word_1_132' title='bbox 2739 1519 2954 1580; x_wconf 88' lang='lat' dir='ltr'><strong>tempus</strong></span> <span class='ocrx_word' id='word_1_133' title='bbox 2989 1511 3324 1579; x_wconf 67' lang='lat' dir='ltr'><strong>paenitentize</strong></span> <span class='ocrx_word' id='word_1_134' title='bbox 3357 1511 3548 1581; x_wconf 77' lang='lat' dir='ltr'><strong>surgit.</strong></span> <span class='ocrx_word' id='word_1_135' title='bbox 3582 1531 3599 1563; x_wconf 77' lang='grc' dir='ltr'>ι</span> <span class='ocrx_word' id='word_1_136' title='bbox 3626 1512 3679 1568; x_wconf 86' lang='lat' dir='ltr'><strong>Et</strong></span> <span class='ocrx_word' id='word_1_137' title='bbox 3703 1530 3771 1571; x_wconf 85' lang='lat' dir='ltr'><strong>ac-</strong></span> 
     </span>
    </p>
   </div>
   <div class='ocr_carea' id='block_1_15' title="bbox 2226 1599 3769 1665">
    <p class='ocr_par' dir='ltr' id='par_1_15' title="bbox 2226 1599 3769 1665">
     <span class='ocr_line' id='line_1_15' title="bbox 2226 1599 3769 1665; baseline 0.001 -9"><span class='ocrx_word' id='word_1_138' title='bbox 2226 1602 2425 1656; x_wconf 84' lang='lat' dir='ltr'><strong>cedens</strong></span> <span class='ocrx_word' id='word_1_139' title='bbox 2452 1610 2689 1655; x_wconf 91' lang='lat' dir='ltr'><strong>tentator</strong></span> <span class='ocrx_word' id='word_1_140' title='bbox 2715 1601 2852 1654; x_wconf 77' lang='lat' dir='ltr'><strong>dixit</strong></span> <span class='ocrx_word' id='word_1_141' title='bbox 2878 1602 2927 1655; x_wconf 88' lang='lat' dir='ltr'><strong>ei</strong></span> <span class='ocrx_word' id='word_1_142' title='bbox 2958 1617 2970 1652; x_wconf 91' lang='lat'><strong>:</strong></span> <span class='ocrx_word' id='word_1_143' title='bbox 3008 1600 3063 1654; x_wconf 89' lang='lat' dir='ltr'><strong>Si</strong></span> <span class='ocrx_word' id='word_1_144' title='bbox 3097 1599 3268 1655; x_wconf 84' lang='lat' dir='ltr'><strong>Filius</strong></span> <span class='ocrx_word' id='word_1_145' title='bbox 3311 1599 3404 1654; x_wconf 90' lang='lat' dir='ltr'><strong>Dei</strong></span> <span class='ocrx_word' id='word_1_146' title='bbox 3430 1617 3509 1665; x_wconf 85' lang='lat' dir='ltr'><strong>es,</strong></span> <span class='ocrx_word' id='word_1_147' title='bbox 3534 1603 3613 1657; x_wconf 87' lang='lat' dir='ltr'><strong>dic</strong></span> <span class='ocrx_word' id='word_1_148' title='bbox 3638 1615 3687 1657; x_wconf 90' lang='lat' dir='ltr'><strong>ut</strong></span> <span class='ocrx_word' id='word_1_149' title='bbox 3707 1607 3769 1659; x_wconf 87' lang='lat' dir='ltr'><strong>la-</strong></span> 
     </span>
    </p>
   </div>
   <div class='ocr_carea' id='block_1_16' title="bbox 2227 1690 3771 1763">
    <p class='ocr_par' dir='ltr' id='par_1_16' title="bbox 2227 1690 3771 1763">
     <span class='ocr_line' id='line_1_16' title="bbox 2227 1690 3771 1763; baseline 0.002 -19"><span class='ocrx_word' id='word_1_150' title='bbox 2227 1695 2379 1763; x_wconf 78' lang='lat' dir='ltr'><strong>pides</strong></span> <span class='ocrx_word' id='word_1_151' title='bbox 2415 1692 2504 1748; x_wconf 92' lang='lat' dir='ltr'><strong>isti</strong></span> <span class='ocrx_word' id='word_1_152' title='bbox 2537 1707 2706 1762; x_wconf 89' lang='lat' dir='ltr'><strong>panes</strong></span> <span class='ocrx_word' id='word_1_153' title='bbox 2737 1693 2889 1746; x_wconf 88' lang='lat' dir='ltr'><strong>ﬁant.</strong></span> <span class='ocrx_word' id='word_1_154' title='bbox 2928 1690 3033 1758; x_wconf 89' lang='lat' dir='ltr'><strong>Qui</strong></span> <span class='ocrx_word' id='word_1_155' title='bbox 3075 1691 3415 1761; x_wconf 89' lang='lat' dir='ltr'><strong>respondens</strong></span> <span class='ocrx_word' id='word_1_156' title='bbox 3449 1692 3618 1745; x_wconf 79' lang='lat' dir='ltr'><strong>dixit:</strong></span> <span class='ocrx_word' id='word_1_157' title='bbox 3655 1693 3771 1747; x_wconf 84' lang='lat' dir='ltr'><strong>Scri-</strong></span> 
     </span>
    </p>
   </div>
   <div class='ocr_carea' id='block_1_17' title="bbox 2228 1782 3768 1855">
    <p class='ocr_par' dir='ltr' id='par_1_17' title="bbox 2228 1782 3768 1855">
     <span class='ocr_line' id='line_1_17' title="bbox 2228 1782 3768 1855; baseline -0.001 -16"><span class='ocrx_word' id='word_1_158' title='bbox 2228 1796 2377 1855; x_wconf 89' lang='lat' dir='ltr'><strong>ptum</strong></span> <span class='ocrx_word' id='word_1_159' title='bbox 2409 1793 2527 1839; x_wconf 89' lang='lat' dir='ltr'><strong>est:</strong></span> <span class='ocrx_word' id='word_1_160' title='bbox 2564 1782 2682 1837; x_wconf 79' lang='lat' dir='ltr'><strong>Non</strong></span> <span class='ocrx_word' id='word_1_161' title='bbox 2716 1783 2772 1837; x_wconf 91' lang='lat' dir='ltr'><strong>in</strong></span> <span class='ocrx_word' id='word_1_162' title='bbox 2802 1783 2921 1838; x_wconf 88' lang='lat' dir='ltr'><strong>solo</strong></span> <span class='ocrx_word' id='word_1_163' title='bbox 2947 1798 3087 1852; x_wconf 86' lang='lat' dir='ltr'><strong>pane</strong></span> <span class='ocrx_word' id='word_1_164' title='bbox 3114 1783 3245 1836; x_wconf 83' lang='lat' dir='ltr'><strong>vivit</strong></span> <span class='ocrx_word' id='word_1_165' title='bbox 3269 1783 3558 1844; x_wconf 83' lang='lat' dir='ltr'><strong>homo,sed</strong></span> <span class='ocrx_word' id='word_1_166' title='bbox 3583 1784 3630 1837; x_wconf 91' lang='lat' dir='ltr'><strong>in</strong></span> <span class='ocrx_word' id='word_1_167' title='bbox 3651 1785 3768 1838; x_wconf 84' lang='lat' dir='ltr'><strong>omni</strong></span> 
     </span>
    </p>
   </div>
   <div class='ocr_carea' id='block_1_18' title="bbox 2228 1875 3769 1947">
    <p class='ocr_par' dir='ltr' id='par_1_18' title="bbox 2228 1875 3769 1947">
     <span class='ocr_line' id='line_1_18' title="bbox 2228 1875 3769 1947; baseline 0.001 -17"><span class='ocrx_word' id='word_1_168' title='bbox 2228 1878 2393 1931; x_wconf 89' lang='lat' dir='ltr'><strong>verbo</strong></span> <span class='ocrx_word' id='word_1_169' title='bbox 2414 1878 2557 1947; x_wconf 89' lang='lat' dir='ltr'><strong>quod</strong></span> <span class='ocrx_word' id='word_1_170' title='bbox 2585 1876 2828 1946; x_wconf 86' lang='lat' dir='ltr'><strong>procedit</strong></span> <span class='ocrx_word' id='word_1_171' title='bbox 2848 1876 2915 1931; x_wconf 87' lang='lat' dir='ltr'><strong>de</strong></span> <span class='ocrx_word' id='word_1_172' title='bbox 2940 1892 3034 1931; x_wconf 92' lang='lat' dir='ltr'><strong>ore</strong></span> <span class='ocrx_word' id='word_1_173' title='bbox 3061 1875 3175 1930; x_wconf 91' lang='lat' dir='ltr'><strong>Dei.</strong></span> <span class='ocrx_word' id='word_1_174' title='bbox 3215 1896 3231 1927; x_wconf 74' lang='grc' dir='ltr'>ι</span> <span class='ocrx_word' id='word_1_175' title='bbox 3259 1875 3501 1930; x_wconf 86' lang='lat' dir='ltr'><strong>Credidit</strong></span> <span class='ocrx_word' id='word_1_176' title='bbox 3526 1877 3769 1947; x_wconf 64' lang='lat' dir='ltr'><strong>aliquando</strong></span> 
     </span>
    </p>
   </div>
   <div class='ocr_carea' id='block_1_19' title="bbox 525 1962 3767 2034">
    <p class='ocr_par' dir='ltr' id='par_1_19' title="bbox 525 1962 3767 2034">
     <span class='ocr_line' id='line_1_19' title="bbox 525 1962 3767 2034; baseline 0.002 -19"><span class='ocrx_word' id='word_1_177' title='bbox 525 1962 787 2031; x_wconf 76' lang='lat' dir='ltr'><strong>expulsus</strong></span> <span class='ocrx_word' id='word_1_178' title='bbox 819 1964 1117 2017; x_wconf 88' lang='lat' dir='ltr'><strong>secundum</strong></span> <span class='ocrx_word' id='word_1_179' title='bbox 1153 1964 1416 2019; x_wconf 81' lang='lat' dir='ltr'><strong>Marcum.</strong></span> <span class='ocrx_word' id='word_1_180' title='bbox 1451 1964 1644 2018; x_wconf 70' lang='lat' dir='ltr'><strong>Procul</strong></span> <span class='ocrx_word' id='word_1_181' title='bbox 1669 1967 1835 2020; x_wconf 88' lang='lat' dir='ltr'><strong>dubio</strong></span> <span class='ocrx_word' id='word_1_182' title='bbox 1869 1984 1975 2020; x_wconf 81' lang='lat' dir='ltr'><strong>non</strong></span> <span class='ocrx_word' id='word_1_183' title='bbox 2004 1968 2115 2021; x_wconf 90' lang='lat' dir='ltr'><strong>vir-</strong></span> <span class='ocrx_word' id='word_1_184' title='bbox 2151 1975 2192 2028; x_wconf 74' lang='lat' dir='ltr'><strong>lt</strong></span> <span class='ocrx_word' id='word_1_185' title='bbox 2222 1969 2472 2023; x_wconf 85' lang='lat' dir='ltr'><strong>diabolus</strong></span> <span class='ocrx_word' id='word_1_186' title='bbox 2520 1968 2904 2022; x_wconf 84' lang='lat' dir='ltr'><strong>debellatorem</strong></span> <span class='ocrx_word' id='word_1_187' title='bbox 2959 1982 3121 2021; x_wconf 91' lang='lat' dir='ltr'><strong>suum</strong></span> <span class='ocrx_word' id='word_1_188' title='bbox 3164 1966 3389 2021; x_wconf 87' lang='lat' dir='ltr'><strong>venisse</strong></span> <span class='ocrx_word' id='word_1_189' title='bbox 3434 1967 3484 2020; x_wconf 93' lang='lat' dir='ltr'><strong>in</strong></span> <span class='ocrx_word' id='word_1_190' title='bbox 3528 1970 3767 2034; x_wconf 86' lang='lat' dir='ltr'><strong>mundum,</strong></span> 
     </span>
    </p>
   </div>
   <div class='ocr_carea' id='block_1_20' title="bbox 525 2055 2118 2127">
    <p class='ocr_par' dir='ltr' id='par_1_20' title="bbox 525 2055 2118 2127">
     <span class='ocr_line' id='line_1_20' title="bbox 525 2055 2118 2127; baseline 0.001 -19"><span class='ocrx_word' id='word_1_191' title='bbox 525 2062 641 2109; x_wconf 88' lang='lat' dir='ltr'><strong>tute</strong></span> <span class='ocrx_word' id='word_1_192' title='bbox 677 2055 801 2109; x_wconf 88' lang='lat' dir='ltr'><strong>mali</strong></span> <span class='ocrx_word' id='word_1_193' title='bbox 831 2057 1054 2125; x_wconf 87' lang='lat' dir='ltr'><strong>spiritus</strong></span> <span class='ocrx_word' id='word_1_194' title='bbox 1083 2056 1243 2112; x_wconf 82' lang='lat' dir='ltr'><strong>Jesus</strong></span> <span class='ocrx_word' id='word_1_195' title='bbox 1271 2058 1530 2127; x_wconf 85' lang='lat' dir='ltr'><strong>agiturin</strong></span> <span class='ocrx_word' id='word_1_196' title='bbox 1563 2060 1706 2114; x_wconf 65' lang='lat' dir='ltr'><strong>deses</strong></span> <span class='ocrx_word' id='word_1_197' title='bbox 1726 2069 1860 2123; x_wconf 84' lang='lat' dir='ltr'><strong>tum,</strong></span> <span class='ocrx_word' id='word_1_198' title='bbox 1901 2062 1990 2114; x_wconf 85' lang='lat' dir='ltr'><strong>sel</strong></span> <span class='ocrx_word' id='word_1_199' title='bbox 2022 2076 2118 2112; x_wconf 80' lang='lat' dir='ltr'><strong>vo-</strong></span> 
     </span>
    </p>
   </div>
   <div class='ocr_carea' id='block_1_21' title="bbox 545 2149 2115 2218">
    <p class='ocr_par' dir='ltr' id='par_1_21' title="bbox 545 2149 2115 2218">
     <span class='ocr_line' id='line_1_21' title="bbox 545 2149 2115 2218; baseline 0.004 -19"><span class='ocrx_word' id='word_1_200' title='bbox 545 2157 731 2202; x_wconf 84' lang='lat' dir='ltr'><strong>untate</strong></span> <span class='ocrx_word' id='word_1_201' title='bbox 749 2149 833 2203; x_wconf 88' lang='lat' dir='ltr'><strong>sui</strong></span> <span class='ocrx_word' id='word_1_202' title='bbox 848 2151 1093 2218; x_wconf 79' lang='lat' dir='ltr'><strong>spiritus,</strong></span> <span class='ocrx_word' id='word_1_203' title='bbox 1109 2162 1164 2204; x_wconf 90' lang='lat' dir='ltr'><strong>ut</strong></span> <span class='ocrx_word' id='word_1_204' title='bbox 1184 2160 1386 2206; x_wconf 88' lang='lat' dir='ltr'><strong>sternat</strong></span> <span class='ocrx_word' id='word_1_205' title='bbox 1401 2151 1643 2205; x_wconf 88' lang='lat' dir='ltr'><strong>adversa:</strong></span> <span class='ocrx_word' id='word_1_206' title='bbox 1661 2152 1794 2206; x_wconf 92' lang='lat' dir='ltr'><strong>inm.</strong></span> <span class='ocrx_word' id='word_1_207' title='bbox 1818 2151 1950 2205; x_wconf 79' lang='lat' dir='ltr'><strong>Vere</strong></span> <span class='ocrx_word' id='word_1_208' title='bbox 1970 2153 2115 2205; x_wconf 85' lang='lat' dir='ltr'><strong>enim</strong></span> 
     </span>
    </p>
   </div>
   <div class='ocr_carea' id='block_1_22' title="bbox 520 2239 2115 2311">
    <p class='ocr_par' dir='ltr' id='par_1_22' title="bbox 520 2239 2115 2311">
     <span class='ocr_line' id='line_1_22' title="bbox 520 2239 2115 2311; baseline 0.001 -17"><span class='ocrx_word' id='word_1_209' title='bbox 520 2247 577 2294; x_wconf 85' lang='lat' dir='ltr'><strong>et</strong></span> <span class='ocrx_word' id='word_1_210' title='bbox 619 2239 827 2309; x_wconf 84' lang='lat' dir='ltr'><strong>absque</strong></span> <span class='ocrx_word' id='word_1_211' title='bbox 875 2241 981 2294; x_wconf 88' lang='lat' dir='ltr'><strong>ulla</strong></span> <span class='ocrx_word' id='word_1_212' title='bbox 1031 2242 1335 2311; x_wconf 59' lang='lat' dir='ltr'><strong>quaestione</strong></span> <span class='ocrx_word' id='word_1_213' title='bbox 1396 2242 1782 2297; x_wconf 83' lang='lat' dir='ltr'><strong>convenienter</strong></span> <span class='ocrx_word' id='word_1_214' title='bbox 1830 2242 2115 2310; x_wconf 79' lang='lat' dir='ltr'><strong>accipitur,</strong></span> 
     </span>
    </p>
   </div>
   <div class='ocr_carea' id='block_1_23' title="bbox 525 2331 2119 2402">
    <p class='ocr_par' dir='ltr' id='par_1_23' title="bbox 525 2331 2119 2402">
     <span class='ocr_line' id='line_1_23' title="bbox 525 2331 2119 2402; baseline 0.001 -19"><span class='ocrx_word' id='word_1_215' title='bbox 525 2339 586 2383; x_wconf 90' lang='lat' dir='ltr'><strong>ut</strong></span> <span class='ocrx_word' id='word_1_216' title='bbox 636 2347 667 2385; x_wconf 90' lang='lat' dir='ltr'><strong>a</strong></span> <span class='ocrx_word' id='word_1_217' title='bbox 719 2341 909 2386; x_wconf 88' lang='lat' dir='ltr'><strong>sancto</strong></span> <span class='ocrx_word' id='word_1_218' title='bbox 959 2331 1162 2402; x_wconf 90' lang='lat' dir='ltr'><strong>Spiritu</strong></span> <span class='ocrx_word' id='word_1_219' title='bbox 1220 2334 1274 2387; x_wconf 95' lang='lat' dir='ltr'><strong>in</strong></span> <span class='ocrx_word' id='word_1_220' title='bbox 1311 2334 1583 2388; x_wconf 90' lang='lat' dir='ltr'><strong>desertum</strong></span> <span class='ocrx_word' id='word_1_221' title='bbox 1627 2334 1824 2389; x_wconf 90' lang='lat' dir='ltr'><strong>ductus</strong></span> <span class='ocrx_word' id='word_1_222' title='bbox 1864 2334 2119 2387; x_wconf 86' lang='lat' dir='ltr'><strong>credatur</strong></span> 
     </span>
    </p>
   </div>
   <div class='ocr_carea' id='block_1_24' title="bbox 524 2421 2118 2492">
    <p class='ocr_par' dir='ltr' id='par_1_24' title="bbox 524 2421 2118 2492">
     <span class='ocr_line' id='line_1_24' title="bbox 524 2421 2118 2492; baseline -0.001 -16"><span class='ocrx_word' id='word_1_223' title='bbox 524 2431 587 2476; x_wconf 90' lang='lat' dir='ltr'><strong>ut</strong></span> <span class='ocrx_word' id='word_1_224' title='bbox 613 2421 741 2475; x_wconf 89' lang='lat' dir='ltr'><strong>illuc</strong></span> <span class='ocrx_word' id='word_1_225' title='bbox 770 2438 893 2477; x_wconf 88' lang='lat' dir='ltr'><strong>eum</strong></span> <span class='ocrx_word' id='word_1_226' title='bbox 923 2439 1057 2479; x_wconf 88' lang='lat' dir='ltr'><strong>suns</strong></span> <span class='ocrx_word' id='word_1_227' title='bbox 1085 2424 1311 2492; x_wconf 88' lang='lat' dir='ltr'><strong>spiritus</strong></span> <span class='ocrx_word' id='word_1_228' title='bbox 1342 2425 1585 2488; x_wconf 78' lang='lat' dir='ltr'><strong>duceret,</strong></span> <span class='ocrx_word' id='word_1_229' title='bbox 1610 2423 1699 2476; x_wconf 89' lang='lat' dir='ltr'><strong>ubi</strong></span> <span class='ocrx_word' id='word_1_230' title='bbox 1732 2424 1877 2478; x_wconf 89' lang='lat' dir='ltr'><strong>hunc</strong></span> <span class='ocrx_word' id='word_1_231' title='bbox 1905 2423 1970 2476; x_wconf 89' lang='lat' dir='ltr'><strong>ad</strong></span> <span class='ocrx_word' id='word_1_232' title='bbox 1999 2433 2118 2476; x_wconf 88' lang='lat' dir='ltr'><strong>ten-</strong></span> 
     </span>
    </p>
   </div>
   <div class='ocr_carea' id='block_1_25' title="bbox 526 2513 2119 2586">
    <p class='ocr_par' dir='ltr' id='par_1_25' title="bbox 526 2513 2119 2586">
     <span class='ocr_line' id='line_1_25' title="bbox 526 2513 2119 2586; baseline -0.001 -17"><span class='ocrx_word' id='word_1_233' title='bbox 526 2515 750 2569; x_wconf 79' lang='lat' dir='ltr'><strong>tandum</strong></span> <span class='ocrx_word' id='word_1_234' title='bbox 783 2516 1009 2585; x_wconf 82' lang='lat' dir='ltr'><strong>spiritus</strong></span> <span class='ocrx_word' id='word_1_235' title='bbox 1046 2516 1317 2586; x_wconf 87' lang='lat' dir='ltr'><strong>maliguus</strong></span> <span class='ocrx_word' id='word_1_236' title='bbox 1358 2515 1645 2570; x_wconf 83' lang='lat' dir='ltr'><strong>inveniret.</strong></span> <span class='ocrx_word' id='word_1_237' title='bbox 1680 2513 1780 2568; x_wconf 87' lang='lat' dir='ltr'><strong>Ubi</strong></span> <span class='ocrx_word' id='word_1_238' title='bbox 1811 2531 1956 2568; x_wconf 83' lang='lat' dir='ltr'><strong>nune</strong></span> <span class='ocrx_word' id='word_1_239' title='bbox 1982 2530 2119 2583; x_wconf 67' lang='lat' dir='ltr'><strong>prte-</strong></span> 
     </span>
    </p>
   </div>
   <div class='ocr_carea' id='block_1_26' title="bbox 524 2605 2118 2677">
    <p class='ocr_par' dir='ltr' id='par_1_26' title="bbox 524 2605 2118 2677">
     <span class='ocr_line' id='line_1_26' title="bbox 524 2605 2118 2677; baseline -0.001 -17"><span class='ocrx_word' id='word_1_240' title='bbox 524 2617 884 2667; x_wconf 88' lang='lat' dir='ltr'><strong>monstratur,</strong></span> <span class='ocrx_word' id='word_1_241' title='bbox 917 2616 975 2661; x_wconf 93' lang='lat' dir='ltr'><strong>ut</strong></span> <span class='ocrx_word' id='word_1_242' title='bbox 1011 2616 1135 2676; x_wconf 91' lang='lat' dir='ltr'><strong>post</strong></span> <span class='ocrx_word' id='word_1_243' title='bbox 1164 2608 1495 2677; x_wconf 76' lang='lat' dir='ltr'><strong>baptismum</strong></span> <span class='ocrx_word' id='word_1_244' title='bbox 1528 2608 1877 2676; x_wconf 78' lang='lat' dir='ltr'><strong>accingzmur</strong></span> <span class='ocrx_word' id='word_1_245' title='bbox 1906 2605 2118 2659; x_wconf 73' lang='lat' dir='ltr'><strong>fortiter</strong></span> 
     </span>
    </p>
   </div>
   <div class='ocr_carea' id='block_1_27' title="bbox 524 2700 2118 2765">
    <p class='ocr_par' dir='ltr' id='par_1_27' title="bbox 524 2700 2118 2765">
     <span class='ocr_line' id='line_1_27' title="bbox 524 2700 2118 2765; baseline -0.002 -12"><span class='ocrx_word' id='word_1_246' title='bbox 524 2709 715 2753; x_wconf 90' lang='lat' dir='ltr'><strong>contra</strong></span> <span class='ocrx_word' id='word_1_247' title='bbox 741 2700 1041 2765; x_wconf 88' lang='lat' dir='ltr'><strong>diabolum,</strong></span> <span class='ocrx_word' id='word_1_248' title='bbox 1074 2702 1279 2755; x_wconf 83' lang='lat' dir='ltr'><strong>relictis</strong></span> <span class='ocrx_word' id='word_1_249' title='bbox 1315 2701 1503 2754; x_wconf 88' lang='lat' dir='ltr'><strong>mundi</strong></span> <span class='ocrx_word' id='word_1_250' title='bbox 1549 2701 1835 2763; x_wconf 70' lang='lat' dir='ltr'><strong>illecebris,</strong></span> <span class='ocrx_word' id='word_1_251' title='bbox 1862 2709 1912 2754; x_wconf 89' lang='lat' dir='ltr'><strong>cl</strong></span> <span class='ocrx_word' id='word_1_252' title='bbox 1944 2700 2118 2754; x_wconf 84' lang='lat' dir='ltr'><strong>socie-</strong></span> 
     </span>
    </p>
   </div>
   <div class='ocr_carea' id='block_1_28' title="bbox 523 2794 2118 2866">
    <p class='ocr_par' dir='ltr' id='par_1_28' title="bbox 523 2794 2118 2866">
     <span class='ocr_line' id='line_1_28' title="bbox 523 2794 2118 2866; baseline 0 -19"><span class='ocrx_word' id='word_1_253' title='bbox 523 2801 636 2848; x_wconf 85' lang='lat' dir='ltr'><strong>tate</strong></span> <span class='ocrx_word' id='word_1_254' title='bbox 664 2810 976 2862; x_wconf 87' lang='lat' dir='ltr'><strong>pravornm.</strong></span> <span class='ocrx_word' id='word_1_255' title='bbox 1011 2815 1028 2847; x_wconf 85' lang='grc'><strong>‹</strong></span> <span class='ocrx_word' id='word_1_256' title='bbox 1056 2794 1265 2850; x_wconf 84' lang='lat' dir='ltr'><strong>Etcum</strong></span> <span class='ocrx_word' id='word_1_257' title='bbox 1291 2796 1595 2864; x_wconf 81' lang='lat' dir='ltr'><strong>jejunasset</strong></span> <span class='ocrx_word' id='word_1_258' title='bbox 1618 2813 1725 2866; x_wconf 85' lang='lat' dir='ltr'><strong>qna</strong></span> <span class='ocrx_word' id='word_1_259' title='bbox 1748 2796 1975 2865; x_wconf 77' lang='lat' dir='ltr'><strong>lraginla</strong></span> <span class='ocrx_word' id='word_1_260' title='bbox 2006 2795 2118 2847; x_wconf 84' lang='lat' dir='ltr'><strong>die-</strong></span> 
     </span>
    </p>
   </div>
   <div class='ocr_carea' id='block_1_29' title="bbox 523 2883 2119 2958">
    <p class='ocr_par' dir='ltr' id='par_1_29' title="bbox 523 2883 2119 2958">
     <span class='ocr_line' id='line_1_29' title="bbox 523 2883 2119 2958; baseline 0.001 -20"><span class='ocrx_word' id='word_1_261' title='bbox 523 2883 628 2939; x_wconf 74' lang='lat' dir='ltr'><strong>ltus</strong></span> <span class='ocrx_word' id='word_1_262' title='bbox 651 2893 703 2937; x_wconf 90' lang='lat' dir='ltr'><strong>et</strong></span> <span class='ocrx_word' id='word_1_263' title='bbox 725 2885 1084 2958; x_wconf 83' lang='lat' dir='ltr'><strong>quadraginta</strong></span> <span class='ocrx_word' id='word_1_264' title='bbox 1124 2888 1395 2953; x_wconf 76' lang='lat' dir='ltr'><strong>noctibus,</strong></span> <span class='ocrx_word' id='word_1_265' title='bbox 1424 2896 1609 2957; x_wconf 86' lang='lat' dir='ltr'><strong>postea</strong></span> <span class='ocrx_word' id='word_1_266' title='bbox 1639 2887 1846 2941; x_wconf 77' lang='lat' dir='ltr'><strong>esui-iit.</strong></span> <span class='ocrx_word' id='word_1_267' title='bbox 1878 2885 2119 2939; x_wconf 67' lang='lat' dir='ltr'><strong>iOhtulit</strong></span> 
     </span>
    </p>
   </div>
   <div class='ocr_carea' id='block_1_30' title="bbox 524 2978 2119 3049">
    <p class='ocr_par' dir='ltr' id='par_1_30' title="bbox 524 2978 2119 3049">
     <span class='ocr_line' id='line_1_30' title="bbox 524 2978 2119 3049; baseline 0.001 -20"><span class='ocrx_word' id='word_1_268' title='bbox 524 2978 860 3030; x_wconf 83' lang='lat' dir='ltr'><strong>sctentatori</strong></span> <span class='ocrx_word' id='word_1_269' title='bbox 893 2979 1252 3048; x_wconf 80' lang='lat' dir='ltr'><strong>quadraginta</strong></span> <span class='ocrx_word' id='word_1_270' title='bbox 1284 2980 1475 3035; x_wconf 89' lang='lat' dir='ltr'><strong>diebus</strong></span> <span class='ocrx_word' id='word_1_271' title='bbox 1523 2989 1574 3034; x_wconf 86' lang='lat' dir='ltr'><strong>et</strong></span> <span class='ocrx_word' id='word_1_272' title='bbox 1619 2979 1975 3049; x_wconf 80' lang='lat' dir='ltr'><strong>quadraginta</strong></span> <span class='ocrx_word' id='word_1_273' title='bbox 2020 2993 2119 3031; x_wconf 84' lang='lat' dir='ltr'><strong>no-</strong></span> 
     </span>
    </p>
   </div>
   <div class='ocr_carea' id='block_1_31' title="bbox 522 3067 2114 3140">
    <p class='ocr_par' dir='ltr' id='par_1_31' title="bbox 522 3067 2114 3140">
     <span class='ocr_line' id='line_1_31' title="bbox 522 3067 2114 3140; baseline -0.001 -19"><span class='ocrx_word' id='word_1_274' title='bbox 522 3067 701 3122; x_wconf 90' lang='lat' dir='ltr'><strong>ctihus</strong></span> <span class='ocrx_word' id='word_1_275' title='bbox 732 3078 789 3121; x_wconf 91' lang='lat' dir='ltr'><strong>ut</strong></span> <span class='ocrx_word' id='word_1_276' title='bbox 816 3069 1019 3123; x_wconf 80' lang='lat' dir='ltr'><strong>indicet</strong></span> <span class='ocrx_word' id='word_1_277' title='bbox 1046 3070 1172 3139; x_wconf 85' lang='lat' dir='ltr'><strong>quia</strong></span> <span class='ocrx_word' id='word_1_278' title='bbox 1213 3071 1328 3124; x_wconf 86' lang='lat' dir='ltr'><strong>sive</strong></span> <span class='ocrx_word' id='word_1_279' title='bbox 1359 3070 1446 3125; x_wconf 90' lang='lat' dir='ltr'><strong>hic</strong></span> <span class='ocrx_word' id='word_1_280' title='bbox 1467 3086 1720 3140; x_wconf 88' lang='lat' dir='ltr'><strong>prospera</strong></span> <span class='ocrx_word' id='word_1_281' title='bbox 1746 3069 2114 3133; x_wconf 88' lang='lat' dir='ltr'><strong>blandiantur,</strong></span> 
     </span>
    </p>
   </div>
   <div class='ocr_carea' id='block_1_32' title="bbox 521 3158 2117 3231">
    <p class='ocr_par' dir='ltr' id='par_1_32' title="bbox 521 3158 2117 3231">
     <span class='ocr_line' id='line_1_32' title="bbox 521 3158 2117 3231; baseline 0.001 -21"><span class='ocrx_word' id='word_1_282' title='bbox 521 3159 669 3227; x_wconf 87' lang='lat' dir='ltr'><strong>quod</strong></span> <span class='ocrx_word' id='word_1_283' title='bbox 715 3159 781 3212; x_wconf 90' lang='lat' dir='ltr'><strong>ad</strong></span> <span class='ocrx_word' id='word_1_284' title='bbox 813 3160 928 3213; x_wconf 83' lang='lat' dir='ltr'><strong>dies</strong></span> <span class='ocrx_word' id='word_1_285' title='bbox 977 3162 1227 3231; x_wconf 79' lang='lat' dir='ltr'><strong>pertinet,</strong></span> <span class='ocrx_word' id='word_1_286' title='bbox 1264 3163 1380 3217; x_wconf 87' lang='lat' dir='ltr'><strong>sive</strong></span> <span class='ocrx_word' id='word_1_287' title='bbox 1432 3163 1659 3217; x_wconf 89' lang='lat' dir='ltr'><strong>adversa</strong></span> <span class='ocrx_word' id='word_1_288' title='bbox 1705 3161 1921 3227; x_wconf 86' lang='lat' dir='ltr'><strong>feriant,</strong></span> <span class='ocrx_word' id='word_1_289' title='bbox 1969 3158 2117 3230; x_wconf 88' lang='lat' dir='ltr'><strong>quod</strong></span> 
     </span>
    </p>
   </div>
   <div class='ocr_carea' id='block_1_33' title="bbox 522 3250 2117 3325">
    <p class='ocr_par' dir='ltr' id='par_1_33' title="bbox 522 3250 2117 3325">
     <span class='ocr_line' id='line_1_33' title="bbox 522 3250 2117 3325; baseline 0.001 -21"><span class='ocrx_word' id='word_1_290' title='bbox 522 3250 700 3305; x_wconf 89' lang='lat' dir='ltr'><strong>noctis</strong></span> <span class='ocrx_word' id='word_1_291' title='bbox 753 3251 939 3322; x_wconf 65' lang='lat' dir='ltr'><strong>ﬁgura:</strong></span> <span class='ocrx_word' id='word_1_292' title='bbox 978 3254 1248 3323; x_wconf 73' lang='lat' dir='ltr'><strong>congruit,</strong></span> <span class='ocrx_word' id='word_1_293' title='bbox 1282 3269 1496 3325; x_wconf 83' lang='lat' dir='ltr'><strong>semper</strong></span> <span class='ocrx_word' id='word_1_294' title='bbox 1546 3254 1796 3309; x_wconf 77' lang='lat' dir='ltr'><strong>ﬁdelibus</strong></span> <span class='ocrx_word' id='word_1_295' title='bbox 1839 3253 1994 3307; x_wconf 87' lang='lat' dir='ltr'><strong>adest</strong></span> <span class='ocrx_word' id='word_1_296' title='bbox 2021 3251 2117 3306; x_wconf 85' lang='lat' dir='ltr'><strong>ad-</strong></span> 
     </span>
    </p>
   </div>
   <div class='ocr_carea' id='block_1_34' title="bbox 522 3343 2113 3415">
    <p class='ocr_par' dir='ltr' id='par_1_34' title="bbox 522 3343 2113 3415">
     <span class='ocr_line' id='line_1_34' title="bbox 522 3343 2113 3415; baseline 0.004 -22"><span class='ocrx_word' id='word_1_297' title='bbox 522 3343 799 3398; x_wconf 86' lang='lat' dir='ltr'><strong>versarius</strong></span> <span class='ocrx_word' id='word_1_298' title='bbox 828 3360 935 3398; x_wconf 88' lang='lat' dir='ltr'><strong>non</strong></span> <span class='ocrx_word' id='word_1_299' title='bbox 963 3360 1186 3400; x_wconf 85' lang='lat' dir='ltr'><strong>cessans</strong></span> <span class='ocrx_word' id='word_1_300' title='bbox 1222 3360 1317 3400; x_wconf 91' lang='lat' dir='ltr'><strong>eos</strong></span> <span class='ocrx_word' id='word_1_301' title='bbox 1351 3345 1615 3415; x_wconf 87' lang='lat' dir='ltr'><strong>impedire</strong></span> <span class='ocrx_word' id='word_1_302' title='bbox 1656 3345 1934 3401; x_wconf 89' lang='lat' dir='ltr'><strong>tentando.</strong></span> <span class='ocrx_word' id='word_1_303' title='bbox 1970 3344 2113 3399; x_wconf 84' lang='lat' dir='ltr'><strong>Esu-</strong></span> 
     </span>
    </p>
   </div>
   <div class='ocr_carea' id='block_1_35' title="bbox 520 3433 2112 3504">
    <p class='ocr_par' dir='ltr' id='par_1_35' title="bbox 520 3433 2112 3504">
     <span class='ocr_line' id='line_1_35' title="bbox 520 3433 2112 3504; baseline 0.003 -18"><span class='ocrx_word' id='word_1_304' title='bbox 520 3433 614 3486; x_wconf 89' lang='lat' dir='ltr'><strong>riit</strong></span> <span class='ocrx_word' id='word_1_305' title='bbox 644 3443 882 3504; x_wconf 86' lang='lat' dir='ltr'><strong>torpore,</strong></span> <span class='ocrx_word' id='word_1_306' title='bbox 914 3444 972 3489; x_wconf 90' lang='lat' dir='ltr'><strong>ut</strong></span> <span class='ocrx_word' id='word_1_307' title='bbox 1001 3436 1219 3491; x_wconf 87' lang='lat' dir='ltr'><strong>diabolo</strong></span> <span class='ocrx_word' id='word_1_308' title='bbox 1251 3438 1580 3493; x_wconf 86' lang='lat' dir='ltr'><strong>tribueretur</strong></span> <span class='ocrx_word' id='word_1_309' title='bbox 1605 3437 1848 3492; x_wconf 86' lang='lat' dir='ltr'><strong>tentandi</strong></span> <span class='ocrx_word' id='word_1_310' title='bbox 1876 3439 2112 3504; x_wconf 83' lang='lat' dir='ltr'><strong>occasio,</strong></span> 
     </span>
    </p>
   </div>
   <div class='ocr_carea' id='block_1_36' title="bbox 518 3525 2113 3598">
    <p class='ocr_par' dir='ltr' id='par_1_36' title="bbox 518 3525 2113 3598">
     <span class='ocr_line' id='line_1_36' title="bbox 518 3525 2113 3598; baseline 0.004 -22"><span class='ocrx_word' id='word_1_311' title='bbox 518 3532 573 3577; x_wconf 89' lang='lat' dir='ltr'><strong>et</strong></span> <span class='ocrx_word' id='word_1_312' title='bbox 631 3525 944 3580; x_wconf 86' lang='lat' dir='ltr'><strong>vinceretur</strong></span> <span class='ocrx_word' id='word_1_313' title='bbox 976 3528 1045 3581; x_wconf 89' lang='lat' dir='ltr'><strong>ab</strong></span> <span class='ocrx_word' id='word_1_314' title='bbox 1078 3528 1319 3593; x_wconf 86' lang='lat' dir='ltr'><strong>homine,</strong></span> <span class='ocrx_word' id='word_1_315' title='bbox 1360 3529 1518 3598; x_wconf 86' lang='lat' dir='ltr'><strong>cujus</strong></span> <span class='ocrx_word' id='word_1_316' title='bbox 1549 3538 1725 3584; x_wconf 91' lang='lat' dir='ltr'><strong>morte</strong></span> <span class='ocrx_word' id='word_1_317' title='bbox 1750 3541 1803 3584; x_wconf 90' lang='lat' dir='ltr'><strong>et</strong></span> <span class='ocrx_word' id='word_1_318' title='bbox 1828 3530 2113 3584; x_wconf 87' lang='lat' dir='ltr'><strong>calamita-</strong></span> 
     </span>
    </p>
   </div>
   <div class='ocr_carea' id='block_1_37' title="bbox 519 3616 2115 3690">
    <p class='ocr_par' dir='ltr' id='par_1_37' title="bbox 519 3616 2115 3690">
     <span class='ocr_line' id='line_1_37' title="bbox 519 3616 2115 3690; baseline 0.005 -22"><span class='ocrx_word' id='word_1_319' title='bbox 519 3616 667 3671; x_wconf 88' lang='lat' dir='ltr'><strong>tibtts</strong></span> <span class='ocrx_word' id='word_1_320' title='bbox 692 3617 1043 3686; x_wconf 79' lang='lat' dir='ltr'><strong>gloriabatur.</strong></span> <span class='ocrx_word' id='word_1_321' title='bbox 1072 3618 1655 3676; x_wconf 64' lang='lat' dir='ltr'><strong>Movefzaturdiaholns</strong></span> <span class='ocrx_word' id='word_1_322' title='bbox 1695 3638 1762 3675; x_wconf 62' lang='grc' dir='ltr'><strong>κιο</strong></span> <span class='ocrx_word' id='word_1_323' title='bbox 1794 3621 2006 3676; x_wconf 89' lang='lat' dir='ltr'><strong>dierum</strong></span> <span class='ocrx_word' id='word_1_324' title='bbox 2028 3621 2115 3690; x_wconf 75' lang='lat' dir='ltr'><strong>je-</strong></span> 
     </span>
    </p>
   </div>
   <div class='ocr_carea' id='block_1_38' title="bbox 516 3703 2112 3783">
    <p class='ocr_par' dir='ltr' id='par_1_38' title="bbox 516 3703 2112 3783">
     <span class='ocr_line' id='line_1_38' title="bbox 516 3703 2112 3783; baseline 0.007 -27"><span class='ocrx_word' id='word_1_325' title='bbox 516 3703 694 3773; x_wconf 83' lang='lat' dir='ltr'><strong>junio,</strong></span> <span class='ocrx_word' id='word_1_326' title='bbox 727 3707 931 3760; x_wconf 71' lang='lat' dir='ltr'><strong>sciebat</strong></span> <span class='ocrx_word' id='word_1_327' title='bbox 970 3709 1190 3763; x_wconf 74' lang='lat' dir='ltr'><strong>totidem</strong></span> <span class='ocrx_word' id='word_1_328' title='bbox 1229 3710 1421 3766; x_wconf 83' lang='lat' dir='ltr'><strong>diebus</strong></span> <span class='ocrx_word' id='word_1_329' title='bbox 1462 3728 1635 3782; x_wconf 90' lang='lat' dir='ltr'><strong>aquas</strong></span> <span class='ocrx_word' id='word_1_330' title='bbox 1681 3712 1862 3783; x_wconf 82' lang='lat' dir='ltr'><strong>abyssi</strong></span> <span class='ocrx_word' id='word_1_331' title='bbox 1891 3712 2112 3778; x_wconf 72' lang='lat' dir='ltr'><strong>effusas,</strong></span> 
     </span>
    </p>
   </div>
   <div class='ocr_carea' id='block_1_39' title="bbox 519 3796 2114 3873">
    <p class='ocr_par' dir='ltr' id='par_1_39' title="bbox 519 3796 2114 3873">
     <span class='ocr_line' id='line_1_39' title="bbox 519 3796 2114 3873; baseline 0.005 -24"><span class='ocrx_word' id='word_1_332' title='bbox 519 3796 855 3865; x_wconf 72' lang='lat' dir='ltr'><strong>exploratam</strong></span> <span class='ocrx_word' id='word_1_333' title='bbox 896 3800 1342 3867; x_wconf 85' lang='lat' dir='ltr'><strong>repromissionis</strong></span> <span class='ocrx_word' id='word_1_334' title='bbox 1388 3810 1612 3868; x_wconf 87' lang='lat' dir='ltr'><strong>terram,</strong></span> <span class='ocrx_word' id='word_1_335' title='bbox 1650 3801 1820 3873; x_wconf 79' lang='lat' dir='ltr'><strong>Moysi</strong></span> <span class='ocrx_word' id='word_1_336' title='bbox 1867 3803 2038 3873; x_wconf 81' lang='lat' dir='ltr'><strong>legem</strong></span> <span class='ocrx_word' id='word_1_337' title='bbox 2082 3817 2114 3857; x_wconf 91' lang='lat' dir='ltr'><strong>a</strong></span> 
     </span>
    </p>
   </div>
   <div class='ocr_carea' id='block_1_40' title="bbox 521 3885 2115 3965">
    <p class='ocr_par' dir='ltr' id='par_1_40' title="bbox 521 3885 2115 3965">
     <span class='ocr_line' id='line_1_40' title="bbox 521 3885 2115 3965; baseline 0.006 -25"><span class='ocrx_word' id='word_1_338' title='bbox 521 3885 634 3941; x_wconf 86' lang='lat' dir='ltr'><strong>Deo</strong></span> <span class='ocrx_word' id='word_1_339' title='bbox 657 3889 860 3955; x_wconf 89' lang='lat' dir='ltr'><strong>datam,</strong></span> <span class='ocrx_word' id='word_1_340' title='bbox 891 3890 1032 3946; x_wconf 91' lang='lat' dir='ltr'><strong>ﬁlios</strong></span> <span class='ocrx_word' id='word_1_341' title='bbox 1062 3890 1224 3947; x_wconf 91' lang='lat' dir='ltr'><strong>lsracl</strong></span> <span class='ocrx_word' id='word_1_342' title='bbox 1251 3893 1472 3948; x_wconf 88' lang='lat' dir='ltr'><strong>totidem</strong></span> <span class='ocrx_word' id='word_1_343' title='bbox 1502 3893 1663 3949; x_wconf 90' lang='lat' dir='ltr'><strong>annis</strong></span> <span class='ocrx_word' id='word_1_344' title='bbox 1691 3895 1746 3948; x_wconf 91' lang='lat' dir='ltr'><strong>in</strong></span> <span class='ocrx_word' id='word_1_345' title='bbox 1766 3910 1952 3949; x_wconf 91' lang='lat' dir='ltr'><strong>eremo</strong></span> <span class='ocrx_word' id='word_1_346' title='bbox 1977 3911 2115 3965; x_wconf 89' lang='lat' dir='ltr'><strong>pane</strong></span> 
     </span>
    </p>
   </div>
   <div class='ocr_carea' id='block_1_41' title="bbox 518 3980 2112 4056">
    <p class='ocr_par' dir='ltr' id='par_1_41' title="bbox 518 3980 2112 4056">
     <span class='ocr_line' id='line_1_41' title="bbox 518 3980 2112 4056; baseline 0.006 -25"><span class='ocrx_word' id='word_1_347' title='bbox 518 3980 837 4047; x_wconf 82' lang='lat' dir='ltr'><strong>angelorum</strong></span> <span class='ocrx_word' id='word_1_348' title='bbox 880 3981 1102 4037; x_wconf 78' lang='lat' dir='ltr'><strong>vixisse.</strong></span> <span class='ocrx_word' id='word_1_349' title='bbox 1146 3983 1282 4038; x_wconf 87' lang='lat' dir='ltr'><strong>Ctnn</strong></span> <span class='ocrx_word' id='word_1_350' title='bbox 1323 4000 1453 4039; x_wconf 89' lang='lat' dir='ltr'><strong>vero</strong></span> <span class='ocrx_word' id='word_1_351' title='bbox 1496 3986 1667 4041; x_wconf 90' lang='lat' dir='ltr'><strong>sensit</strong></span> <span class='ocrx_word' id='word_1_352' title='bbox 1695 3995 1817 4055; x_wconf 89' lang='lat' dir='ltr'><strong>post</strong></span> <span class='ocrx_word' id='word_1_353' title='bbox 1843 3986 2112 4056; x_wconf 81' lang='lat' dir='ltr'><strong>jejunium</strong></span> 
     </span>
    </p>
   </div>
   <div class='ocr_carea' id='block_1_42' title="bbox 518 4072 2116 4150">
    <p class='ocr_par' dir='ltr' id='par_1_42' title="bbox 518 4072 2116 4150">
     <span class='ocr_line' id='line_1_42' title="bbox 518 4072 2116 4150; baseline 0.004 -25"><span class='ocrx_word' id='word_1_354' title='bbox 518 4073 728 4126; x_wconf 81' lang='lat' dir='ltr'><strong>esurire</strong></span> <span class='ocrx_word' id='word_1_355' title='bbox 759 4072 1070 4142; x_wconf 82' lang='lat' dir='ltr'><strong>Dominum,</strong></span> <span class='ocrx_word' id='word_1_356' title='bbox 1100 4079 1246 4147; x_wconf 73' lang='lat' dir='ltr'><strong>quod</strong></span> <span class='ocrx_word' id='word_1_357' title='bbox 1277 4094 1385 4133; x_wconf 88' lang='lat' dir='ltr'><strong>non</strong></span> <span class='ocrx_word' id='word_1_358' title='bbox 1417 4077 1484 4132; x_wconf 90' lang='lat' dir='ltr'><strong>de</strong></span> <span class='ocrx_word' id='word_1_359' title='bbox 1511 4077 1695 4150; x_wconf 83' lang='lat' dir='ltr'><strong>Moyse</strong></span> <span class='ocrx_word' id='word_1_360' title='bbox 1724 4078 1806 4132; x_wconf 86' lang='lat' dir='ltr'><strong>vel</strong></span> <span class='ocrx_word' id='word_1_361' title='bbox 1842 4077 1959 4131; x_wconf 87' lang='lat' dir='ltr'><strong>Elia</strong></span> <span class='ocrx_word' id='word_1_362' title='bbox 1990 4078 2116 4147; x_wconf 77' lang='lat' dir='ltr'><strong>legi-</strong></span> 
     </span>
    </p>
   </div>
   <div class='ocr_carea' id='block_1_43' title="bbox 520 4166 2113 4234">
    <p class='ocr_par' dir='ltr' id='par_1_43' title="bbox 520 4166 2113 4234">
     <span class='ocr_line' id='line_1_43' title="bbox 520 4166 2113 4234; baseline 0.007 -21"><span class='ocrx_word' id='word_1_363' title='bbox 520 4170 628 4226; x_wconf 91' lang='lat' dir='ltr'><strong>tur,</strong></span> <span class='ocrx_word' id='word_1_364' title='bbox 692 4172 752 4217; x_wconf 93' lang='lat' dir='ltr'><strong>ut</strong></span> <span class='ocrx_word' id='word_1_365' title='bbox 802 4172 927 4233; x_wconf 86' lang='lat' dir='ltr'><strong>post</strong></span> <span class='ocrx_word' id='word_1_366' title='bbox 968 4166 1175 4234; x_wconf 79' lang='lat' dir='ltr'><strong>jejnnia</strong></span> <span class='ocrx_word' id='word_1_367' title='bbox 1226 4168 1522 4233; x_wconf 87' lang='lat' dir='ltr'><strong>esurirent,</strong></span> <span class='ocrx_word' id='word_1_368' title='bbox 1571 4168 1806 4222; x_wconf 89' lang='lat' dir='ltr'><strong>accessit</strong></span> <span class='ocrx_word' id='word_1_369' title='bbox 1853 4169 2113 4225; x_wconf 89' lang='lat' dir='ltr'><strong>tentando</strong></span> 
     </span>
    </p>
   </div>
   <div class='ocr_carea' id='block_1_44' title="bbox 518 4252 2113 4337">
    <p class='ocr_par' dir='ltr' id='par_1_44' title="bbox 518 4252 2113 4337">
     <span class='ocr_line' id='line_1_44' title="bbox 518 4252 2113 4337; baseline 0.006 -31"><span class='ocrx_word' id='word_1_370' title='bbox 518 4252 676 4337; x_wconf 66' lang='lat' dir='ltr'><strong>lopge</strong></span> <span class='ocrx_word' id='word_1_371' title='bbox 723 4266 967 4312; x_wconf 86' lang='lat' dir='ltr'><strong>remotus</strong></span> <span class='ocrx_word' id='word_1_372' title='bbox 1010 4259 1232 4315; x_wconf 62' lang='lat' dir='ltr'><strong>malitia:</strong></span> <span class='ocrx_word' id='word_1_373' title='bbox 1262 4268 1407 4315; x_wconf 88' lang='lat' dir='ltr'><strong>voto.</strong></span> <span class='ocrx_word' id='word_1_374' title='bbox 1438 4258 1633 4315; x_wconf 86' lang='lat' dir='ltr'><strong>Decem</strong></span> <span class='ocrx_word' id='word_1_375' title='bbox 1676 4271 1804 4315; x_wconf 92' lang='lat' dir='ltr'><strong>sunt</strong></span> <span class='ocrx_word' id='word_1_376' title='bbox 1845 4270 2113 4337; x_wconf 61' lang='lat' dir='ltr'><strong>praecepta</strong></span> 
     </span>
    </p>
   </div>
   <div class='ocr_carea' id='block_1_45' title="bbox 516 4335 2115 4421">
    <p class='ocr_par' dir='ltr' id='par_1_45' title="bbox 516 4335 2115 4421">
     <span class='ocr_line' id='line_1_45' title="bbox 516 4335 2115 4421; baseline 0.007 -26"><span class='ocrx_word' id='word_1_377' title='bbox 516 4335 674 4413; x_wconf 80' lang='lat' dir='ltr'><strong>legis,</strong></span> <span class='ocrx_word' id='word_1_378' title='bbox 701 4353 756 4398; x_wconf 91' lang='lat' dir='ltr'><strong>et</strong></span> <span class='ocrx_word' id='word_1_379' title='bbox 785 4345 1213 4417; x_wconf 89' lang='lat' dir='ltr'><strong>qnadripertitus</strong></span> <span class='ocrx_word' id='word_1_380' title='bbox 1263 4357 1348 4402; x_wconf 90' lang='lat' dir='ltr'><strong>est</strong></span> <span class='ocrx_word' id='word_1_381' title='bbox 1376 4348 1633 4416; x_wconf 86' lang='lat' dir='ltr'><strong>mundus,</strong></span> <span class='ocrx_word' id='word_1_382' title='bbox 1664 4350 1808 4419; x_wconf 90' lang='lat' dir='ltr'><strong>quod</strong></span> <span class='ocrx_word' id='word_1_383' title='bbox 1841 4335 2115 4421; x_wconf 75' lang='lat' dir='ltr'><strong>signiﬁcat</strong></span> 
     </span>
    </p>
   </div>
   <div class='ocr_carea' id='block_1_46' title="bbox 513 4430 2114 4511">
    <p class='ocr_par' dir='ltr' id='par_1_46' title="bbox 513 4430 2114 4511">
     <span class='ocr_line' id='line_1_46' title="bbox 513 4430 2114 4511; baseline 0.006 -27"><span class='ocrx_word' id='word_1_384' title='bbox 513 4430 628 4500; x_wconf 88' lang='lat' dir='ltr'><strong>jam</strong></span> <span class='ocrx_word' id='word_1_385' title='bbox 660 4431 863 4490; x_wconf 90' lang='lat' dir='ltr'><strong>Christi</strong></span> <span class='ocrx_word' id='word_1_386' title='bbox 898 4437 1127 4506; x_wconf 84' lang='lat' dir='ltr'><strong>gratiam</strong></span> <span class='ocrx_word' id='word_1_387' title='bbox 1154 4437 1270 4506; x_wconf 90' lang='lat' dir='ltr'><strong>jam</strong></span> <span class='ocrx_word' id='word_1_388' title='bbox 1302 4436 1555 4493; x_wconf 83' lang='lat' dir='ltr'><strong>diﬂ&#39;usam</strong></span> <span class='ocrx_word' id='word_1_389' title='bbox 1580 4454 1673 4508; x_wconf 89' lang='lat' dir='ltr'><strong>per</strong></span> <span class='ocrx_word' id='word_1_390' title='bbox 1700 4441 1989 4504; x_wconf 89' lang='lat' dir='ltr'><strong>mundum,</strong></span> <span class='ocrx_word' id='word_1_391' title='bbox 2016 4439 2114 4511; x_wconf 87' lang='lat' dir='ltr'><strong>qui</strong></span> 
     </span>
    </p>
   </div>
   <div class='ocr_carea' id='block_1_47' title="bbox 514 4523 2113 4601">
    <p class='ocr_par' dir='ltr' id='par_1_47' title="bbox 514 4523 2113 4601">
     <span class='ocr_line' id='line_1_47' title="bbox 514 4523 2113 4601; baseline 0.006 -25"><span class='ocrx_word' id='word_1_392' title='bbox 514 4523 786 4593; x_wconf 90' lang='lat' dir='ltr'><strong>jejunavit</strong></span> <span class='ocrx_word' id='word_1_393' title='bbox 806 4529 982 4597; x_wconf 88' lang='lat' dir='ltr'><strong>spatio</strong></span> <span class='ocrx_word' id='word_1_394' title='bbox 1014 4544 1080 4581; x_wconf 76' lang='lat' dir='ltr'><strong>xi.</strong></span> <span class='ocrx_word' id='word_1_395' title='bbox 1102 4528 1332 4584; x_wconf 89' lang='lat' dir='ltr'><strong>dierum.</strong></span> <span class='ocrx_word' id='word_1_396' title='bbox 1361 4528 1417 4582; x_wconf 93' lang='lat' dir='ltr'><strong>In</strong></span> <span class='ocrx_word' id='word_1_397' title='bbox 1456 4544 1566 4599; x_wconf 90' lang='lat' dir='ltr'><strong>quo</strong></span> <span class='ocrx_word' id='word_1_398' title='bbox 1583 4529 1795 4599; x_wconf 89' lang='lat' dir='ltr'><strong>jejunio</strong></span> <span class='ocrx_word' id='word_1_399' title='bbox 1816 4531 1975 4601; x_wconf 91' lang='lat' dir='ltr'><strong>quasi</strong></span> <span class='ocrx_word' id='word_1_400' title='bbox 1999 4532 2113 4586; x_wconf 91' lang='lat' dir='ltr'><strong>cla-</strong></span> 
     </span>
    </p>
   </div>
   <div class='ocr_carea' id='block_1_48' title="bbox 2221 2056 3768 2128">
    <p class='ocr_par' dir='ltr' id='par_1_48' title="bbox 2221 2056 3768 2128">
     <span class='ocr_line' id='line_1_48' title="bbox 2221 2056 3768 2128; baseline -0.001 -13"><span class='ocrx_word' id='word_1_401' title='bbox 2221 2059 2363 2115; x_wconf 87' lang='lat' dir='ltr'><strong>sicut</strong></span> <span class='ocrx_word' id='word_1_402' title='bbox 2406 2074 2500 2128; x_wconf 86' lang='lat' dir='ltr'><strong>per</strong></span> <span class='ocrx_word' id='word_1_403' title='bbox 2550 2060 2837 2113; x_wconf 81' lang='lat' dir='ltr'><strong>obsessum</strong></span> <span class='ocrx_word' id='word_1_404' title='bbox 2888 2056 3168 2111; x_wconf 89' lang='lat' dir='ltr'><strong>hominem</strong></span> <span class='ocrx_word' id='word_1_405' title='bbox 3217 2056 3398 2111; x_wconf 79' lang='lat' dir='ltr'><strong>dixit:</strong></span> <span class='ocrx_word' id='word_1_406' title='bbox 3437 2075 3455 2106; x_wconf 76' lang='grc' dir='ltr'>ι</span> <span class='ocrx_word' id='word_1_407' title='bbox 3490 2056 3616 2123; x_wconf 85' lang='lat' dir='ltr'><strong>Quid</strong></span> <span class='ocrx_word' id='word_1_408' title='bbox 3646 2058 3768 2115; x_wconf 76' lang='lat' dir='ltr'><strong>nobis</strong></span> 
     </span>
    </p>
   </div>
   <div class='ocr_carea' id='block_1_49' title="bbox 2219 2149 3768 2220">
    <p class='ocr_par' dir='ltr' id='par_1_49' title="bbox 2219 2149 3768 2220">
     <span class='ocr_line' id='line_1_49' title="bbox 2219 2149 3768 2220; baseline 0.002 -16"><span class='ocrx_word' id='word_1_409' title='bbox 2219 2161 2272 2205; x_wconf 84' lang='lat' dir='ltr'><strong>et</strong></span> <span class='ocrx_word' id='word_1_410' title='bbox 2302 2152 2417 2216; x_wconf 89' lang='lat' dir='ltr'><strong>tibi,</strong></span> <span class='ocrx_word' id='word_1_411' title='bbox 2451 2151 2551 2205; x_wconf 82' lang='lat' dir='ltr'><strong>Fili</strong></span> <span class='ocrx_word' id='word_1_412' title='bbox 2584 2150 2698 2206; x_wconf 89' lang='lat' dir='ltr'><strong>Dei.</strong></span> <span class='ocrx_word' id='word_1_413' title='bbox 2753 2149 2962 2205; x_wconf 77' lang='lat' dir='ltr'><strong>Venisti</strong></span> <span class='ocrx_word' id='word_1_414' title='bbox 3010 2158 3135 2205; x_wconf 84' lang='lat' dir='ltr'><strong>ante</strong></span> <span class='ocrx_word' id='word_1_415' title='bbox 3174 2158 3391 2219; x_wconf 86' lang='lat' dir='ltr'><strong>tempus</strong></span> <span class='ocrx_word' id='word_1_416' title='bbox 3440 2159 3669 2220; x_wconf 83' lang='lat' dir='ltr'><strong>torquere</strong></span> <span class='ocrx_word' id='word_1_417' title='bbox 3691 2167 3768 2207; x_wconf 80' lang='lat' dir='ltr'><strong>nos</strong></span> 
     </span>
    </p>
   </div>
   <div class='ocr_carea' id='block_1_50' title="bbox 2222 2240 3766 2313">
    <p class='ocr_par' dir='ltr' id='par_1_50' title="bbox 2222 2240 3766 2313">
     <span class='ocr_line' id='line_1_50' title="bbox 2222 2240 3766 2313; baseline -0.001 -19"><span class='ocrx_word' id='word_1_418' title='bbox 2222 2241 2438 2313; x_wconf 84' lang='lat' dir='ltr'><strong>(.llattlt.</strong></span> <span class='ocrx_word' id='word_1_419' title='bbox 2464 2242 2605 2312; x_wconf 79' lang='lat' dir='ltr'><strong>vni).</strong></span> <span class='ocrx_word' id='word_1_420' title='bbox 2644 2260 2660 2292; x_wconf 72' lang='grc' dir='ltr'><strong>ι</strong></span> <span class='ocrx_word' id='word_1_421' title='bbox 2695 2240 2901 2295; x_wconf 87' lang='lat' dir='ltr'><strong>Deinde</strong></span> <span class='ocrx_word' id='word_1_422' title='bbox 2940 2249 2996 2295; x_wconf 92' lang='lat' dir='ltr'><strong>et</strong></span> <span class='ocrx_word' id='word_1_423' title='bbox 3047 2256 3155 2294; x_wconf 90' lang='lat' dir='ltr'><strong>non</strong></span> <span class='ocrx_word' id='word_1_424' title='bbox 3200 2240 3354 2294; x_wconf 90' lang='lat' dir='ltr'><strong>illum</strong></span> <span class='ocrx_word' id='word_1_425' title='bbox 3379 2255 3499 2294; x_wconf 88' lang='lat' dir='ltr'><strong>esse</strong></span> <span class='ocrx_word' id='word_1_426' title='bbox 3525 2241 3766 2309; x_wconf 61' lang='lat' dir='ltr'><strong>dubitavit,</strong></span> 
     </span>
    </p>
   </div>
   <div class='ocr_carea' id='block_1_51' title="bbox 2220 2330 3766 2403">
    <p class='ocr_par' dir='ltr' id='par_1_51' title="bbox 2220 2330 3766 2403">
     <span class='ocr_line' id='line_1_51' title="bbox 2220 2330 3766 2403; baseline -0.001 -15"><span class='ocrx_word' id='word_1_427' title='bbox 2220 2334 2471 2388; x_wconf 86' lang='lat' dir='ltr'><strong>mortalia</strong></span> <span class='ocrx_word' id='word_1_428' title='bbox 2526 2333 2797 2403; x_wconf 87' lang='lat' dir='ltr'><strong>patiendo.</strong></span> <span class='ocrx_word' id='word_1_429' title='bbox 2855 2330 3129 2402; x_wconf 88' lang='lat' dir='ltr'><strong>Scriptum</strong></span> <span class='ocrx_word' id='word_1_430' title='bbox 3182 2342 3288 2397; x_wconf 88' lang='lat' dir='ltr'><strong>est,</strong></span> <span class='ocrx_word' id='word_1_431' title='bbox 3340 2330 3479 2384; x_wconf 75' lang='lat' dir='ltr'><strong>dixit</strong></span> <span class='ocrx_word' id='word_1_432' title='bbox 3529 2330 3766 2397; x_wconf 88' lang='lat' dir='ltr'><strong>Dominus,</strong></span> 
     </span>
    </p>
   </div>
   <div class='ocr_carea' id='block_1_52' title="bbox 2219 2422 3767 2493">
    <p class='ocr_par' dir='ltr' id='par_1_52' title="bbox 2219 2422 3767 2493">
     <span class='ocr_line' id='line_1_52' title="bbox 2219 2422 3767 2493; baseline 0.001 -17"><span class='ocrx_word' id='word_1_433' title='bbox 2219 2424 2346 2493; x_wconf 88' lang='lat' dir='ltr'><strong>quia</strong></span> <span class='ocrx_word' id='word_1_434' title='bbox 2392 2424 2718 2487; x_wconf 84' lang='lat' dir='ltr'><strong>humilitate,</strong></span> <span class='ocrx_word' id='word_1_435' title='bbox 2751 2438 2859 2476; x_wconf 90' lang='lat' dir='ltr'><strong>non</strong></span> <span class='ocrx_word' id='word_1_436' title='bbox 2906 2422 3148 2493; x_wconf 87' lang='lat' dir='ltr'><strong>potentia</strong></span> <span class='ocrx_word' id='word_1_437' title='bbox 3192 2432 3549 2492; x_wconf 88' lang='lat' dir='ltr'><strong>proposuerat</strong></span> <span class='ocrx_word' id='word_1_438' title='bbox 3594 2423 3767 2478; x_wconf 75' lang='lat' dir='ltr'><strong>vincere</strong></span> 
     </span>
    </p>
   </div>
   <div class='ocr_carea' id='block_1_53' title="bbox 2220 2514 3768 2584">
    <p class='ocr_par' dir='ltr' id='par_1_53' title="bbox 2220 2514 3768 2584">
     <span class='ocr_line' id='line_1_53' title="bbox 2220 2514 3768 2584; baseline -0.002 -12"><span class='ocrx_word' id='word_1_439' title='bbox 2220 2516 2519 2572; x_wconf 89' lang='lat' dir='ltr'><strong>diabolum.</strong></span> <span class='ocrx_word' id='word_1_440' title='bbox 2562 2514 2881 2569; x_wconf 87' lang='lat' dir='ltr'><strong>lntendebat</strong></span> <span class='ocrx_word' id='word_1_441' title='bbox 2908 2516 3218 2569; x_wconf 67' lang='lat' dir='ltr'><strong>daemonum</strong></span> <span class='ocrx_word' id='word_1_442' title='bbox 3265 2516 3516 2584; x_wconf 80' lang='lat' dir='ltr'><strong>princeps</strong></span> <span class='ocrx_word' id='word_1_443' title='bbox 3554 2525 3602 2569; x_wconf 89' lang='lat' dir='ltr'><strong>et</strong></span> <span class='ocrx_word' id='word_1_444' title='bbox 3627 2526 3768 2569; x_wconf 81' lang='lat' dir='ltr'><strong>muta-</strong></span> 
     </span>
    </p>
   </div>
   <div class='ocr_carea' id='block_1_54' title="bbox 2220 2602 3769 2681">
    <p class='ocr_par' dir='ltr' id='par_1_54' title="bbox 2220 2602 3769 2681">
     <span class='ocr_line' id='line_1_54' title="bbox 2220 2602 3769 2681; baseline -0.003 -20"><span class='ocrx_word' id='word_1_445' title='bbox 2220 2608 2367 2661; x_wconf 81' lang='lat' dir='ltr'><strong>tione</strong></span> <span class='ocrx_word' id='word_1_446' title='bbox 2396 2606 2635 2681; x_wconf 88' lang='lat' dir='ltr'><strong>lapidum</strong></span> <span class='ocrx_word' id='word_1_447' title='bbox 2684 2605 2737 2659; x_wconf 90' lang='lat' dir='ltr'><strong>in</strong></span> <span class='ocrx_word' id='word_1_448' title='bbox 2766 2620 2936 2675; x_wconf 88' lang='lat' dir='ltr'><strong>panes</strong></span> <span class='ocrx_word' id='word_1_449' title='bbox 2974 2603 3229 2658; x_wconf 77' lang='lat' dir='ltr'><strong>virtutem</strong></span> <span class='ocrx_word' id='word_1_450' title='bbox 3278 2606 3557 2673; x_wconf 78' lang='lat' dir='ltr'><strong>potestatis</strong></span> <span class='ocrx_word' id='word_1_451' title='bbox 3599 2605 3645 2657; x_wconf 92' lang='lat' dir='ltr'><strong>in</strong></span> <span class='ocrx_word' id='word_1_452' title='bbox 3683 2602 3769 2657; x_wconf 83' lang='lat' dir='ltr'><strong>Deo</strong></span> 
     </span>
    </p>
   </div>
   <div class='ocr_carea' id='block_1_55' title="bbox 2221 2694 3766 2769">
    <p class='ocr_par' dir='ltr' id='par_1_55' title="bbox 2221 2694 3766 2769">
     <span class='ocr_line' id='line_1_55' title="bbox 2221 2694 3766 2769; baseline -0.002 -18"><span class='ocrx_word' id='word_1_453' title='bbox 2221 2712 2536 2769; x_wconf 82' lang='lat' dir='ltr'><strong>agnoscere,</strong></span> <span class='ocrx_word' id='word_1_454' title='bbox 2565 2706 2619 2749; x_wconf 88' lang='lat' dir='ltr'><strong>et</strong></span> <span class='ocrx_word' id='word_1_455' title='bbox 2664 2696 2716 2748; x_wconf 92' lang='lat' dir='ltr'><strong>in</strong></span> <span class='ocrx_word' id='word_1_456' title='bbox 2761 2694 2981 2749; x_wconf 80' lang='lat' dir='ltr'><strong>homine</strong></span> <span class='ocrx_word' id='word_1_457' title='bbox 3022 2712 3085 2748; x_wconf 80' lang='lat' dir='ltr'><strong>ex</strong></span> <span class='ocrx_word' id='word_1_458' title='bbox 3119 2694 3522 2749; x_wconf 73' lang='lat' dir='ltr'><strong>oblectamento</strong></span> <span class='ocrx_word' id='word_1_459' title='bbox 3562 2694 3654 2748; x_wconf 78' lang='lat' dir='ltr'><strong>cibi</strong></span> <span class='ocrx_word' id='word_1_460' title='bbox 3693 2710 3766 2763; x_wconf 85' lang='lat' dir='ltr'><strong>pa-</strong></span> 
     </span>
    </p>
   </div>
   <div class='ocr_carea' id='block_1_56' title="bbox 2222 2784 3768 2849">
    <p class='ocr_par' dir='ltr' id='par_1_56' title="bbox 2222 2784 3768 2849">
     <span class='ocr_line' id='line_1_56' title="bbox 2222 2784 3768 2849; baseline -0.002 -7"><span class='ocrx_word' id='word_1_461' title='bbox 2222 2789 2464 2843; x_wconf 82' lang='lat' dir='ltr'><strong>tientiam</strong></span> <span class='ocrx_word' id='word_1_462' title='bbox 2514 2787 2834 2841; x_wconf 83' lang='lat' dir='ltr'><strong>esuritionis</strong></span> <span class='ocrx_word' id='word_1_463' title='bbox 2884 2786 3130 2839; x_wconf 82' lang='lat' dir='ltr'><strong>illnderc.</strong></span> <span class='ocrx_word' id='word_1_464' title='bbox 3171 2784 3375 2839; x_wconf 85' lang='lat' dir='ltr'><strong>Verum</strong></span> <span class='ocrx_word' id='word_1_465' title='bbox 3428 2785 3677 2849; x_wconf 80' lang='lat' dir='ltr'><strong>Dominus,</strong></span> <span class='ocrx_word' id='word_1_466' title='bbox 3711 2786 3768 2839; x_wconf 86' lang='lat' dir='ltr'><strong>dc</strong></span> 
     </span>
    </p>
   </div>
   <div class='ocr_carea' id='block_1_57' title="bbox 2222 2878 3768 2937">
    <p class='ocr_par' dir='ltr' id='par_1_57' title="bbox 2222 2878 3768 2937">
     <span class='ocr_line' id='line_1_57' title="bbox 2222 2878 3768 2937; baseline -0.004 -2"><span class='ocrx_word' id='word_1_467' title='bbox 2222 2880 2644 2937; x_wconf 89' lang='lat' dir='ltr'><strong>Denteronomio</strong></span> <span class='ocrx_word' id='word_1_468' title='bbox 2670 2879 3040 2933; x_wconf 82' lang='lat' dir='ltr'><strong>testimonium</strong></span> <span class='ocrx_word' id='word_1_469' title='bbox 3080 2894 3307 2933; x_wconf 82' lang='lat' dir='ltr'><strong>sumens</strong></span> <span class='ocrx_word' id='word_1_470' title='bbox 3360 2878 3582 2932; x_wconf 88' lang='lat' dir='ltr'><strong>ostendit</strong></span> <span class='ocrx_word' id='word_1_471' title='bbox 3605 2892 3694 2930; x_wconf 89' lang='lat' dir='ltr'><strong>non</strong></span> <span class='ocrx_word' id='word_1_472' title='bbox 3721 2879 3768 2930; x_wconf 88' lang='lat' dir='ltr'><strong>in</strong></span> 
     </span>
    </p>
   </div>
   <div class='ocr_carea' id='block_1_58' title="bbox 2222 2964 3767 3043">
    <p class='ocr_par' dir='ltr' id='par_1_58' title="bbox 2222 2964 3767 3043">
     <span class='ocr_line' id='line_1_58' title="bbox 2222 2964 3767 3043; baseline -0.004 -16"><span class='ocrx_word' id='word_1_473' title='bbox 2222 2990 2359 3043; x_wconf 87' lang='lat' dir='ltr'><strong>pane</strong></span> <span class='ocrx_word' id='word_1_474' title='bbox 2412 2980 2514 3027; x_wconf 89' lang='lat' dir='ltr'><strong>hoe</strong></span> <span class='ocrx_word' id='word_1_475' title='bbox 2558 2972 2829 3035; x_wconf 85' lang='lat' dir='ltr'><strong>solitario,</strong></span> <span class='ocrx_word' id='word_1_476' title='bbox 2878 2972 2971 3026; x_wconf 86' lang='lat' dir='ltr'><strong>sed</strong></span> <span class='ocrx_word' id='word_1_477' title='bbox 3025 2972 3079 3025; x_wconf 90' lang='lat' dir='ltr'><strong>in</strong></span> <span class='ocrx_word' id='word_1_478' title='bbox 3134 2972 3305 3025; x_wconf 84' lang='lat' dir='ltr'><strong>verbo</strong></span> <span class='ocrx_word' id='word_1_479' title='bbox 3363 2965 3461 3025; x_wconf 86' lang='lat' dir='ltr'><strong>Dei</strong></span> <span class='ocrx_word' id='word_1_480' title='bbox 3496 2964 3767 3024; x_wconf 76' lang='lat' dir='ltr'><strong>alimoniam</strong></span> 
     </span>
    </p>
   </div>
   <div class='ocr_carea' id='block_1_59' title="bbox 2219 3060 3769 3132">
    <p class='ocr_par' dir='ltr' id='par_1_59' title="bbox 2219 3060 3769 3132">
     <span class='ocr_line' id='line_1_59' title="bbox 2219 3060 3769 3132; baseline -0.003 -14"><span class='ocrx_word' id='word_1_481' title='bbox 2219 3063 2539 3118; x_wconf 62' lang='lat' dir='ltr'><strong>aeternitatis</strong></span> <span class='ocrx_word' id='word_1_482' title='bbox 2587 3078 2709 3118; x_wconf 90' lang='lat' dir='ltr'><strong>esse</strong></span> <span class='ocrx_word' id='word_1_483' title='bbox 2753 3060 3102 3132; x_wconf 88' lang='lat' dir='ltr'><strong>sperandam.</strong></span> <span class='ocrx_word' id='word_1_484' title='bbox 3150 3060 3352 3116; x_wconf 78' lang='lat' dir='ltr'><strong>Tribus</strong></span> <span class='ocrx_word' id='word_1_485' title='bbox 3382 3063 3550 3115; x_wconf 69' lang='lat' dir='ltr'><strong>tumis</strong></span> <span class='ocrx_word' id='word_1_486' title='bbox 3579 3060 3769 3114; x_wconf 84' lang='lat' dir='ltr'><strong>tentatio</strong></span> 
     </span>
    </p>
   </div>
   <div class='ocr_carea' id='block_1_60' title="bbox 2219 3154 3772 3227">
    <p class='ocr_par' dir='ltr' id='par_1_60' title="bbox 2219 3154 3772 3227">
     <span class='ocr_line' id='line_1_60' title="bbox 2219 3154 3772 3227; baseline -0.003 -17"><span class='ocrx_word' id='word_1_487' title='bbox 2219 3157 2298 3219; x_wconf 87' lang='lat' dir='ltr'><strong>ﬁt,</strong></span> <span class='ocrx_word' id='word_1_488' title='bbox 2329 3156 2698 3227; x_wconf 80' lang='lat' dir='ltr'><strong>suggestione,</strong></span> <span class='ocrx_word' id='word_1_489' title='bbox 2725 3154 3103 3221; x_wconf 85' lang='lat' dir='ltr'><strong>delectatione,</strong></span> <span class='ocrx_word' id='word_1_490' title='bbox 3125 3170 3420 3210; x_wconf 88' lang='lat' dir='ltr'><strong>consensu.</strong></span> <span class='ocrx_word' id='word_1_491' title='bbox 3440 3155 3666 3209; x_wconf 83' lang='lat' dir='ltr'><strong>Christus</strong></span> <span class='ocrx_word' id='word_1_492' title='bbox 3685 3169 3772 3207; x_wconf 85' lang='lat' dir='ltr'><strong>au-</strong></span> 
     </span>
    </p>
   </div>
   <div class='ocr_carea' id='block_1_61' title="bbox 2220 3245 3770 3317">
    <p class='ocr_par' dir='ltr' id='par_1_61' title="bbox 2220 3245 3770 3317">
     <span class='ocr_line' id='line_1_61' title="bbox 2220 3245 3770 3317; baseline -0.001 -17"><span class='ocrx_word' id='word_1_493' title='bbox 2220 3255 2327 3300; x_wconf 91' lang='lat' dir='ltr'><strong>tem</strong></span> <span class='ocrx_word' id='word_1_494' title='bbox 2379 3246 2732 3317; x_wconf 71' lang='lat' dir='ltr'><strong>suggestione</strong></span> <span class='ocrx_word' id='word_1_495' title='bbox 2777 3245 2892 3300; x_wconf 89' lang='lat' dir='ltr'><strong>sola</strong></span> <span class='ocrx_word' id='word_1_496' title='bbox 2939 3253 3180 3300; x_wconf 87' lang='lat' dir='ltr'><strong>tentatus</strong></span> <span class='ocrx_word' id='word_1_497' title='bbox 3214 3255 3320 3311; x_wconf 89' lang='lat' dir='ltr'><strong>est,</strong></span> <span class='ocrx_word' id='word_1_498' title='bbox 3356 3246 3482 3316; x_wconf 86' lang='lat' dir='ltr'><strong>quia</strong></span> <span class='ocrx_word' id='word_1_499' title='bbox 3522 3245 3770 3300; x_wconf 86' lang='lat' dir='ltr'><strong>delectatio</strong></span> 
     </span>
    </p>
   </div>
   <div class='ocr_carea' id='block_1_62' title="bbox 2142 3320 3770 3409">
    <p class='ocr_par' dir='ltr' id='par_1_62' title="bbox 2142 3320 3770 3409">
     <span class='ocr_line' id='line_1_62' title="bbox 2142 3320 3770 3409; baseline 0.001 -18"><span class='ocrx_word' id='word_1_500' title='bbox 2142 3320 2184 3376; x_wconf 73' lang='lat' dir='ltr'><strong>C</strong></span> <span class='ocrx_word' id='word_1_501' title='bbox 2220 3338 2426 3409; x_wconf 86' lang='lat' dir='ltr'><strong>peccati</strong></span> <span class='ocrx_word' id='word_1_502' title='bbox 2461 3347 2696 3393; x_wconf 89' lang='lat' dir='ltr'><strong>mentem</strong></span> <span class='ocrx_word' id='word_1_503' title='bbox 2736 3338 2855 3409; x_wconf 88' lang='lat' dir='ltr'><strong>ejus</strong></span> <span class='ocrx_word' id='word_1_504' title='bbox 2897 3353 3006 3392; x_wconf 92' lang='lat' dir='ltr'><strong>non</strong></span> <span class='ocrx_word' id='word_1_505' title='bbox 3036 3340 3354 3394; x_wconf 90' lang='lat' dir='ltr'><strong>momordit.</strong></span> <span class='ocrx_word' id='word_1_506' title='bbox 3388 3338 3503 3393; x_wconf 84' lang='lat' dir='ltr'><strong>Non</strong></span> <span class='ocrx_word' id='word_1_507' title='bbox 3532 3339 3621 3394; x_wconf 87' lang='lat' dir='ltr'><strong>fuit</strong></span> <span class='ocrx_word' id='word_1_508' title='bbox 3646 3339 3770 3393; x_wconf 81' lang='lat' dir='ltr'><strong>indi-</strong></span> 
     </span>
    </p>
   </div>
   <div class='ocr_carea' id='block_1_63' title="bbox 2218 3430 3771 3500">
    <p class='ocr_par' dir='ltr' id='par_1_63' title="bbox 2218 3430 3771 3500">
     <span class='ocr_line' id='line_1_63' title="bbox 2218 3430 3771 3500; baseline 0.001 -16"><span class='ocrx_word' id='word_1_509' title='bbox 2218 3447 2383 3499; x_wconf 85' lang='lat' dir='ltr'><strong>gnum</strong></span> <span class='ocrx_word' id='word_1_510' title='bbox 2432 3430 2628 3485; x_wconf 87' lang='lat' dir='ltr'><strong>tentari</strong></span> <span class='ocrx_word' id='word_1_511' title='bbox 2674 3430 2751 3484; x_wconf 92' lang='lat' dir='ltr'><strong>illi</strong></span> <span class='ocrx_word' id='word_1_512' title='bbox 2792 3431 2885 3500; x_wconf 92' lang='lat' dir='ltr'><strong>qui</strong></span> <span class='ocrx_word' id='word_1_513' title='bbox 2918 3431 3091 3486; x_wconf 90' lang='lat' dir='ltr'><strong>occidi</strong></span> <span class='ocrx_word' id='word_1_514' title='bbox 3140 3441 3387 3499; x_wconf 85' lang='lat' dir='ltr'><strong>venerat,</strong></span> <span class='ocrx_word' id='word_1_515' title='bbox 3419 3444 3474 3487; x_wconf 93' lang='lat' dir='ltr'><strong>nt</strong></span> <span class='ocrx_word' id='word_1_516' title='bbox 3507 3448 3596 3488; x_wconf 88' lang='lat' dir='ltr'><strong>sua</strong></span> <span class='ocrx_word' id='word_1_517' title='bbox 3621 3442 3771 3487; x_wconf 79' lang='lat' dir='ltr'><strong>tenta-</strong></span> 
     </span>
    </p>
   </div>
   <div class='ocr_carea' id='block_1_64' title="bbox 2216 3522 3772 3590">
    <p class='ocr_par' dir='ltr' id='par_1_64' title="bbox 2216 3522 3772 3590">
     <span class='ocr_line' id='line_1_64' title="bbox 2216 3522 3772 3590; baseline 0.001 -13"><span class='ocrx_word' id='word_1_518' title='bbox 2216 3524 2363 3578; x_wconf 90' lang='lat' dir='ltr'><strong>tione</strong></span> <span class='ocrx_word' id='word_1_519' title='bbox 2394 3534 2610 3579; x_wconf 88' lang='lat' dir='ltr'><strong>nostras</strong></span> <span class='ocrx_word' id='word_1_520' title='bbox 2652 3522 2914 3590; x_wconf 88' lang='lat' dir='ltr'><strong>vinceret,</strong></span> <span class='ocrx_word' id='word_1_521' title='bbox 2958 3525 3102 3578; x_wconf 85' lang='lat' dir='ltr'><strong>sicut</strong></span> <span class='ocrx_word' id='word_1_522' title='bbox 3129 3539 3229 3579; x_wconf 90' lang='lat' dir='ltr'><strong>sua</strong></span> <span class='ocrx_word' id='word_1_523' title='bbox 3266 3534 3443 3580; x_wconf 87' lang='lat' dir='ltr'><strong>morte</strong></span> <span class='ocrx_word' id='word_1_524' title='bbox 3476 3537 3638 3579; x_wconf 84' lang='lat' dir='ltr'><strong>nostra</strong></span> <span class='ocrx_word' id='word_1_525' title='bbox 3666 3524 3772 3579; x_wconf 73' lang='lat' dir='ltr'><strong>tulit</strong></span> 
     </span>
    </p>
   </div>
   <div class='ocr_carea' id='block_1_65' title="bbox 2216 3621 2459 3682">
    <p class='ocr_par' dir='ltr' id='par_1_65' title="bbox 2216 3621 2459 3682">
     <span class='ocr_line' id='line_1_65' title="bbox 2216 3621 2459 3682; baseline 0.008 -17"><span class='ocrx_word' id='word_1_526' title='bbox 2216 3621 2435 3682; x_wconf 89' lang='lat' dir='ltr'><strong>peccata</strong></span> <span class='ocrx_word' id='word_1_527' title='bbox 2446 3653 2459 3667; x_wconf 96' lang='lat'><strong>.</strong></span> 
     </span>
    </p>
   </div>
   <div class='ocr_carea' id='block_1_66' title="bbox 2288 3703 3767 3774">
    <p class='ocr_par' dir='ltr' id='par_1_66' title="bbox 2288 3703 3767 3774">
     <span class='ocr_line' id='line_1_66' title="bbox 2288 3703 3767 3774; baseline 0.002 -18"><span class='ocrx_word' id='word_1_528' title='bbox 2288 3703 2446 3760; x_wconf 86' lang='lat' dir='ltr'><strong>Tunc</strong></span> <span class='ocrx_word' id='word_1_529' title='bbox 2497 3704 2798 3774; x_wconf 88' lang='lat' dir='ltr'><strong>assumpsit</strong></span> <span class='ocrx_word' id='word_1_530' title='bbox 2826 3719 2952 3760; x_wconf 88' lang='lat' dir='ltr'><strong>eum</strong></span> <span class='ocrx_word' id='word_1_531' title='bbox 2984 3703 3250 3761; x_wconf 85' lang='lat' dir='ltr'><strong>Diabolus</strong></span> <span class='ocrx_word' id='word_1_532' title='bbox 3289 3706 3345 3759; x_wconf 92' lang='lat' dir='ltr'><strong>in</strong></span> <span class='ocrx_word' id='word_1_533' title='bbox 3390 3718 3619 3762; x_wconf 88' lang='lat' dir='ltr'><strong>sanctam</strong></span> <span class='ocrx_word' id='word_1_534' title='bbox 3650 3706 3767 3761; x_wconf 80' lang='lat' dir='ltr'><strong>civi-</strong></span> 
     </span>
    </p>
   </div>
   <div class='ocr_carea' id='block_1_67' title="bbox 2214 3796 3763 3869">
    <p class='ocr_par' dir='ltr' id='par_1_67' title="bbox 2214 3796 3763 3869">
     <span class='ocr_line' id='line_1_67' title="bbox 2214 3796 3763 3869; baseline 0 -20"><span class='ocrx_word' id='word_1_535' title='bbox 2214 3803 2404 3861; x_wconf 90' lang='lat' dir='ltr'><strong>tatem,</strong></span> <span class='ocrx_word' id='word_1_536' title='bbox 2457 3803 2511 3850; x_wconf 91' lang='lat' dir='ltr'><strong>et</strong></span> <span class='ocrx_word' id='word_1_537' title='bbox 2551 3796 2743 3850; x_wconf 88' lang='lat' dir='ltr'><strong>statuit</strong></span> <span class='ocrx_word' id='word_1_538' title='bbox 2785 3810 3100 3865; x_wconf 17' lang='lat' dir='ltr'><strong>eumgsupra</strong></span> <span class='ocrx_word' id='word_1_539' title='bbox 3139 3797 3493 3865; x_wconf 88' lang='lat' dir='ltr'><strong>pinnaculum</strong></span> <span class='ocrx_word' id='word_1_540' title='bbox 3541 3799 3715 3869; x_wconf 87' lang='lat' dir='ltr'><strong>templi.</strong></span> <span class='ocrx_word' id='word_1_541' title='bbox 3742 3815 3763 3849; x_wconf 75' lang='grc' dir='ltr'><strong>ι</strong></span> 
     </span>
    </p>
   </div>
   <div class='ocr_carea' id='block_1_68' title="bbox 2215 3886 3769 3957">
    <p class='ocr_par' dir='ltr' id='par_1_68' title="bbox 2215 3886 3769 3957">
     <span class='ocr_line' id='line_1_68' title="bbox 2215 3886 3769 3957; baseline 0.003 -17"><span class='ocrx_word' id='word_1_542' title='bbox 2215 3886 2334 3942; x_wconf 87' lang='grc' dir='ltr'><strong>Νοη</strong></span> <span class='ocrx_word' id='word_1_543' title='bbox 2353 3896 2436 3942; x_wconf 86' lang='lat' dir='ltr'><strong>est</strong></span> <span class='ocrx_word' id='word_1_544' title='bbox 2471 3888 2669 3942; x_wconf 90' lang='lat' dir='ltr'><strong>mirum</strong></span> <span class='ocrx_word' id='word_1_545' title='bbox 2697 3888 2743 3942; x_wconf 90' lang='lat' dir='ltr'><strong>si</strong></span> <span class='ocrx_word' id='word_1_546' title='bbox 2773 3902 2832 3944; x_wconf 88' lang='lat' dir='ltr'><strong>se</strong></span> <span class='ocrx_word' id='word_1_547' title='bbox 2857 3888 3107 3957; x_wconf 87' lang='lat' dir='ltr'><strong>permisit</strong></span> <span class='ocrx_word' id='word_1_548' title='bbox 3127 3889 3196 3943; x_wconf 89' lang='lat' dir='ltr'><strong>ab</strong></span> <span class='ocrx_word' id='word_1_549' title='bbox 3224 3889 3320 3943; x_wconf 93' lang='lat' dir='ltr'><strong>illo</strong></span> <span class='ocrx_word' id='word_1_550' title='bbox 3346 3893 3568 3957; x_wconf 90' lang='lat' dir='ltr'><strong>assumi,</strong></span> <span class='ocrx_word' id='word_1_551' title='bbox 3594 3901 3640 3946; x_wconf 90' lang='lat' dir='ltr'><strong>et</strong></span> <span class='ocrx_word' id='word_1_552' title='bbox 3657 3892 3769 3945; x_wconf 83' lang='lat' dir='ltr'><strong>duci</strong></span> 
     </span>
    </p>
   </div>
   <div class='ocr_carea' id='block_1_69' title="bbox 2215 3979 3769 4053">
    <p class='ocr_par' dir='ltr' id='par_1_69' title="bbox 2215 3979 3769 4053">
     <span class='ocr_line' id='line_1_69' title="bbox 2215 3979 3769 4053; baseline 0.004 -20"><span class='ocrx_word' id='word_1_553' title='bbox 2215 3987 2270 4033; x_wconf 90' lang='lat' dir='ltr'><strong>et</strong></span> <span class='ocrx_word' id='word_1_554' title='bbox 2296 3980 2484 4044; x_wconf 89' lang='lat' dir='ltr'><strong>statui,</strong></span> <span class='ocrx_word' id='word_1_555' title='bbox 2512 3979 2607 4049; x_wconf 89' lang='lat' dir='ltr'><strong>qui</strong></span> <span class='ocrx_word' id='word_1_556' title='bbox 2638 3995 2697 4035; x_wconf 91' lang='lat' dir='ltr'><strong>se</strong></span> <span class='ocrx_word' id='word_1_557' title='bbox 2721 3979 2948 4051; x_wconf 90' lang='lat' dir='ltr'><strong>protulit</strong></span> <span class='ocrx_word' id='word_1_558' title='bbox 2996 3995 3027 4034; x_wconf 91' lang='lat' dir='ltr'><strong>a</strong></span> <span class='ocrx_word' id='word_1_559' title='bbox 3059 3982 3324 4036; x_wconf 89' lang='lat' dir='ltr'><strong>membris</strong></span> <span class='ocrx_word' id='word_1_560' title='bbox 3358 3983 3502 4038; x_wconf 81' lang='lat' dir='ltr'><strong>illius</strong></span> <span class='ocrx_word' id='word_1_561' title='bbox 3534 3984 3769 4053; x_wconf 71' lang='lat' dir='ltr'><strong>cruciﬁgi.</strong></span> 
     </span>
    </p>
   </div>
   <div class='ocr_carea' id='block_1_70' title="bbox 2215 4069 3768 4144">
    <p class='ocr_par' dir='ltr' id='par_1_70' title="bbox 2215 4069 3768 4144">
     <span class='ocr_line' id='line_1_70' title="bbox 2215 4069 3768 4144; baseline 0.005 -20"><span class='ocrx_word' id='word_1_562' title='bbox 2215 4069 2598 4126; x_wconf 84' lang='lat' dir='ltr'><strong>Potestautem</strong></span> <span class='ocrx_word' id='word_1_563' title='bbox 2626 4072 2707 4126; x_wconf 86' lang='lat' dir='ltr'><strong>sic</strong></span> <span class='ocrx_word' id='word_1_564' title='bbox 2734 4071 2957 4142; x_wconf 80' lang='lat' dir='ltr'><strong>intelligi</strong></span> <span class='ocrx_word' id='word_1_565' title='bbox 2981 4088 2994 4125; x_wconf 92' lang='lat'><strong>:</strong></span> <span class='ocrx_word' id='word_1_566' title='bbox 3021 4072 3341 4144; x_wconf 82' lang='lat' dir='ltr'><strong>Assumpsit</strong></span> <span class='ocrx_word' id='word_1_567' title='bbox 3366 4091 3493 4130; x_wconf 89' lang='lat' dir='ltr'><strong>eum</strong></span> <span class='ocrx_word' id='word_1_568' title='bbox 3530 4076 3768 4139; x_wconf 85' lang='lat' dir='ltr'><strong>diabolus,</strong></span> 
     </span>
    </p>
   </div>
   <div class='ocr_carea' id='block_1_71' title="bbox 2215 4161 3774 4239">
    <p class='ocr_par' dir='ltr' id='par_1_71' title="bbox 2215 4161 3774 4239">
     <span class='ocr_line' id='line_1_71' title="bbox 2215 4161 3774 4239; baseline 0.003 -23"><span class='ocrx_word' id='word_1_569' title='bbox 2215 4161 2268 4216; x_wconf 88' lang='lat' dir='ltr'><strong>id</strong></span> <span class='ocrx_word' id='word_1_570' title='bbox 2302 4172 2385 4217; x_wconf 89' lang='lat' dir='ltr'><strong>est</strong></span> <span class='ocrx_word' id='word_1_571' title='bbox 2427 4164 2685 4218; x_wconf 86' lang='lat' dir='ltr'><strong>tentando</strong></span> <span class='ocrx_word' id='word_1_572' title='bbox 2724 4164 2944 4230; x_wconf 88' lang='lat' dir='ltr'><strong>invasit,</strong></span> <span class='ocrx_word' id='word_1_573' title='bbox 2975 4173 3030 4219; x_wconf 91' lang='lat' dir='ltr'><strong>et</strong></span> <span class='ocrx_word' id='word_1_574' title='bbox 3073 4166 3267 4220; x_wconf 91' lang='lat' dir='ltr'><strong>statuit</strong></span> <span class='ocrx_word' id='word_1_575' title='bbox 3318 4183 3447 4222; x_wconf 90' lang='lat' dir='ltr'><strong>eum</strong></span> <span class='ocrx_word' id='word_1_576' title='bbox 3490 4185 3639 4239; x_wconf 85' lang='lat' dir='ltr'><strong>supra</strong></span> <span class='ocrx_word' id='word_1_577' title='bbox 3665 4168 3774 4237; x_wconf 51' lang='lat' dir='ltr'><strong>pi!»</strong></span> 
     </span>
    </p>
   </div>
   <div class='ocr_carea' id='block_1_72' title="bbox 2214 4254 3772 4329">
    <p class='ocr_par' dir='ltr' id='par_1_72' title="bbox 2214 4254 3772 4329">
     <span class='ocr_line' id='line_1_72' title="bbox 2214 4254 3772 4329; baseline 0.004 -21"><span class='ocrx_word' id='word_1_578' title='bbox 2214 4255 2469 4309; x_wconf 89' lang='lat' dir='ltr'><strong>naculum</strong></span> <span class='ocrx_word' id='word_1_579' title='bbox 2499 4255 2704 4324; x_wconf 88' lang='lat' dir='ltr'><strong>templi.</strong></span> <span class='ocrx_word' id='word_1_580' title='bbox 2755 4254 2880 4309; x_wconf 90' lang='lat' dir='ltr'><strong>Ideo</strong></span> <span class='ocrx_word' id='word_1_581' title='bbox 2901 4256 3122 4310; x_wconf 90' lang='lat' dir='ltr'><strong>occasio</strong></span> <span class='ocrx_word' id='word_1_582' title='bbox 3147 4256 3271 4325; x_wconf 88' lang='lat' dir='ltr'><strong>luit,</strong></span> <span class='ocrx_word' id='word_1_583' title='bbox 3309 4276 3485 4329; x_wconf 87' lang='lat' dir='ltr'><strong>quare</strong></span> <span class='ocrx_word' id='word_1_584' title='bbox 3541 4260 3772 4314; x_wconf 87' lang='lat' dir='ltr'><strong>Dominus</strong></span> 
     </span>
    </p>
   </div>
   <div class='ocr_carea' id='block_1_73' title="bbox 2215 4344 3773 4415">
    <p class='ocr_par' dir='ltr' id='par_1_73' title="bbox 2215 4344 3773 4415">
     <span class='ocr_line' id='line_1_73' title="bbox 2215 4344 3773 4415; baseline 0.004 -17"><span class='ocrx_word' id='word_1_585' title='bbox 2215 4359 2245 4398; x_wconf 90' lang='lat' dir='ltr'><strong>a</strong></span> <span class='ocrx_word' id='word_1_586' title='bbox 2275 4360 2377 4399; x_wconf 86' lang='lat' dir='ltr'><strong>suo</strong></span> <span class='ocrx_word' id='word_1_587' title='bbox 2406 4345 2599 4415; x_wconf 90' lang='lat' dir='ltr'><strong>spiritu</strong></span> <span class='ocrx_word' id='word_1_588' title='bbox 2637 4346 2710 4402; x_wconf 91' lang='lat' dir='ltr'><strong>sit</strong></span> <span class='ocrx_word' id='word_1_589' title='bbox 2731 4344 2932 4403; x_wconf 91' lang='lat' dir='ltr'><strong>ductus</strong></span> <span class='ocrx_word' id='word_1_590' title='bbox 2961 4357 3015 4403; x_wconf 89' lang='lat' dir='ltr'><strong>et</strong></span> <span class='ocrx_word' id='word_1_591' title='bbox 3046 4357 3287 4405; x_wconf 89' lang='lat' dir='ltr'><strong>statutus</strong></span> <span class='ocrx_word' id='word_1_592' title='bbox 3313 4351 3445 4406; x_wconf 79' lang='lat' dir='ltr'><strong>illic.</strong></span> <span class='ocrx_word' id='word_1_593' title='bbox 3496 4351 3652 4407; x_wconf 83' lang='lat' dir='ltr'><strong>Pinna</strong></span> <span class='ocrx_word' id='word_1_594' title='bbox 3689 4351 3773 4405; x_wconf 89' lang='lat' dir='ltr'><strong>vel</strong></span> 
     </span>
    </p>
   </div>
   <div class='ocr_carea' id='block_1_74' title="bbox 2211 4436 3779 4509">
    <p class='ocr_par' dir='ltr' id='par_1_74' title="bbox 2211 4436 3779 4509">
     <span class='ocr_line' id='line_1_74' title="bbox 2211 4436 3779 4509; baseline 0.003 -20"><span class='ocrx_word' id='word_1_595' title='bbox 2211 4436 2564 4506; x_wconf 88' lang='lat' dir='ltr'><strong>pinnaculnm</strong></span> <span class='ocrx_word' id='word_1_596' title='bbox 2583 4446 2666 4493; x_wconf 89' lang='lat' dir='ltr'><strong>est</strong></span> <span class='ocrx_word' id='word_1_597' title='bbox 2685 4436 2985 4509; x_wconf 82' lang='lat' dir='ltr'><strong>fastigium,</strong></span> <span class='ocrx_word' id='word_1_598' title='bbox 3013 4439 3068 4494; x_wconf 89' lang='lat' dir='ltr'><strong>id</strong></span> <span class='ocrx_word' id='word_1_599' title='bbox 3093 4450 3176 4495; x_wconf 90' lang='lat' dir='ltr'><strong>est</strong></span> <span class='ocrx_word' id='word_1_600' title='bbox 3202 4445 3517 4498; x_wconf 89' lang='lat' dir='ltr'><strong>summitas.</strong></span> <span class='ocrx_word' id='word_1_601' title='bbox 3549 4442 3779 4498; x_wconf 62' lang='lat' dir='ltr'><strong>Soli-bant</strong></span> 
     </span>
    </p>
   </div>
   <div class='ocr_carea' id='block_1_75' title="bbox 2212 4529 3781 4603">
    <p class='ocr_par' dir='ltr' id='par_1_75' title="bbox 2212 4529 3781 4603">
     <span class='ocr_line' id='line_1_75' title="bbox 2212 4529 3781 4603; baseline 0.001 -20"><span class='ocrx_word' id='word_1_602' title='bbox 2212 4529 2359 4583; x_wconf 87' lang='lat' dir='ltr'><strong>enim</strong></span> <span class='ocrx_word' id='word_1_603' title='bbox 2390 4529 2620 4599; x_wconf 92' lang='lat' dir='ltr'><strong>antiqui,</strong></span> <span class='ocrx_word' id='word_1_604' title='bbox 2650 4530 2795 4585; x_wconf 90' lang='lat' dir='ltr'><strong>sicut</strong></span> <span class='ocrx_word' id='word_1_605' title='bbox 2821 4529 3002 4585; x_wconf 89' lang='lat' dir='ltr'><strong>adhuc</strong></span> <span class='ocrx_word' id='word_1_606' title='bbox 3032 4531 3091 4585; x_wconf 86' lang='lat' dir='ltr'><strong>lit</strong></span> <span class='ocrx_word' id='word_1_607' title='bbox 3140 4533 3194 4587; x_wconf 93' lang='lat' dir='ltr'><strong>in</strong></span> <span class='ocrx_word' id='word_1_608' title='bbox 3230 4534 3486 4603; x_wconf 87' lang='lat' dir='ltr'><strong>pluribus</strong></span> <span class='ocrx_word' id='word_1_609' title='bbox 3525 4535 3663 4599; x_wconf 83' lang='lat' dir='ltr'><strong>locis,</strong></span> <span class='ocrx_word' id='word_1_610' title='bbox 3686 4548 3781 4586; x_wconf 85' lang='lat' dir='ltr'><strong>su-</strong></span> 
     </span>
    </p>
   </div>
   <div class='ocr_carea' id='block_1_76' title="bbox 517 4615 3780 4713">
    <p class='ocr_par' dir='ltr' id='par_1_76' title="bbox 517 4615 3780 4713">
     <span class='ocr_line' id='line_1_76' title="bbox 517 4615 3780 4713; baseline 0.003 -45"><span class='ocrx_word' id='word_1_611' title='bbox 517 4615 702 4670; x_wconf 88' lang='lat' dir='ltr'><strong>mabat</strong></span> <span class='ocrx_word' id='word_1_612' title='bbox 732 4619 751 4669; x_wconf 80' lang='lat'><strong>:&#39;</strong></span> <span class='ocrx_word' id='word_1_613' title='bbox 778 4636 797 4667; x_wconf 87' lang='grc'><strong><em>‹</em></strong></span> <span class='ocrx_word' id='word_1_614' title='bbox 832 4618 1113 4674; x_wconf 85' lang='lat' dir='ltr'><strong>Abstinete</strong></span> <span class='ocrx_word' id='word_1_615' title='bbox 1128 4633 1227 4675; x_wconf 82' lang='lat' dir='ltr'><strong>vos</strong></span> <span class='ocrx_word' id='word_1_616' title='bbox 1251 4635 1279 4673; x_wconf 91' lang='lat' dir='ltr'><strong>a</strong></span> <span class='ocrx_word' id='word_1_617' title='bbox 1308 4620 1593 4674; x_wconf 88' lang='lat' dir='ltr'><strong>desideriis</strong></span> <span class='ocrx_word' id='word_1_618' title='bbox 1631 4621 1796 4691; x_wconf 91' lang='lat' dir='ltr'><strong>hujus</strong></span> <span class='ocrx_word' id='word_1_619' title='bbox 1827 4623 2011 4677; x_wconf 68' lang='lat' dir='ltr'><strong>saeculi</strong></span> <span class='ocrx_word' id='word_1_620' title='bbox 2039 4624 2058 4688; x_wconf 86' lang='lat'><strong>(</strong></span> <span class='ocrx_word' id='word_1_621' title='bbox 2081 4622 2109 4677; x_wconf 84' lang='grc' dir='ltr'><strong><em>Ι</em></strong></span> <span class='ocrx_word' id='word_1_622' title='bbox 2140 4659 2185 4713; x_wconf 78' lang='lat' dir='ltr'><strong>D</strong></span> <span class='ocrx_word' id='word_1_623' title='bbox 2216 4621 2430 4691; x_wconf 77' lang='lat' dir='ltr'><strong>perinra</strong></span> <span class='ocrx_word' id='word_1_624' title='bbox 2460 4621 2750 4677; x_wconf 90' lang='lat' dir='ltr'><strong>domorum</strong></span> <span class='ocrx_word' id='word_1_625' title='bbox 2775 4622 2859 4677; x_wconf 87' lang='lat' dir='ltr'><strong>vel</strong></span> <span class='ocrx_word' id='word_1_626' title='bbox 2887 4626 3214 4695; x_wconf 89' lang='lat' dir='ltr'><strong>templorum</strong></span> <span class='ocrx_word' id='word_1_627' title='bbox 3247 4626 3433 4682; x_wconf 84' lang='lat' dir='ltr'><strong>facere</strong></span> <span class='ocrx_word' id='word_1_628' title='bbox 3458 4628 3611 4697; x_wconf 90' lang='lat' dir='ltr'><strong>plano</strong></span> <span class='ocrx_word' id='word_1_629' title='bbox 3632 4625 3780 4681; x_wconf 75' lang='lat' dir='ltr'><strong>sche-</strong></span> 
     </span>
    </p>
   </div>
   <div class='ocr_carea' id='block_1_77' title="bbox 524 4702 2110 4781">
    <p class='ocr_par' dir='ltr' id='par_1_77' title="bbox 524 4702 2110 4781">
     <span class='ocr_line' id='line_1_77' title="bbox 524 4702 2110 4781; baseline 0.008 -23"><span class='ocrx_word' id='word_1_630' title='bbox 524 4702 672 4761; x_wconf 72' lang='lat' dir='ltr'><strong>Patr.</strong></span> <span class='ocrx_word' id='word_1_631' title='bbox 692 4707 807 4776; x_wconf 65' lang='lat'><strong>11).»</strong></span> <span class='ocrx_word' id='word_1_632' title='bbox 827 4705 882 4761; x_wconf 86' lang='grc' dir='ltr'><strong>1η</strong></span> <span class='ocrx_word' id='word_1_633' title='bbox 905 4710 1242 4765; x_wconf 89' lang='lat' dir='ltr'><strong>eomestione</strong></span> <span class='ocrx_word' id='word_1_634' title='bbox 1263 4719 1316 4765; x_wconf 94' lang='lat' dir='ltr'><strong>ct</strong></span> <span class='ocrx_word' id='word_1_635' title='bbox 1333 4709 1595 4765; x_wconf 89' lang='lat' dir='ltr'><strong>hibitione</strong></span> <span class='ocrx_word' id='word_1_636' title='bbox 1616 4721 1735 4781; x_wconf 88' lang='lat' dir='ltr'><strong>post</strong></span> <span class='ocrx_word' id='word_1_637' title='bbox 1758 4714 2110 4770; x_wconf 87' lang='lat' dir='ltr'><strong>resurrectio-</strong></span> 
     </span>
    </p>
   </div>
   <div class='ocr_carea' id='block_1_78' title="bbox 518 4799 2109 4876">
    <p class='ocr_par' dir='ltr' id='par_1_78' title="bbox 518 4799 2109 4876">
     <span class='ocr_line' id='line_1_78' title="bbox 518 4799 2109 4876; baseline 0.006 -25"><span class='ocrx_word' id='word_1_638' title='bbox 518 4811 643 4851; x_wconf 89' lang='lat' dir='ltr'><strong>nem</strong></span> <span class='ocrx_word' id='word_1_639' title='bbox 660 4799 807 4854; x_wconf 88' lang='lat' dir='ltr'><strong>velut</strong></span> <span class='ocrx_word' id='word_1_640' title='bbox 832 4800 1133 4857; x_wconf 87' lang='lat' dir='ltr'><strong>clamabat:</strong></span> <span class='ocrx_word' id='word_1_641' title='bbox 1158 4820 1176 4853; x_wconf 73' lang='grc' dir='ltr'>ι</span> <span class='ocrx_word' id='word_1_642' title='bbox 1202 4800 1341 4857; x_wconf 85' lang='lat' dir='ltr'><strong>Ecce</strong></span> <span class='ocrx_word' id='word_1_643' title='bbox 1363 4816 1465 4873; x_wconf 85' lang='lat' dir='ltr'><strong>ego</strong></span> <span class='ocrx_word' id='word_1_644' title='bbox 1486 4802 1771 4859; x_wconf 87' lang='lat' dir='ltr'><strong>vobiscum</strong></span> <span class='ocrx_word' id='word_1_645' title='bbox 1790 4820 1914 4860; x_wconf 90' lang='lat' dir='ltr'><strong>sum</strong></span> <span class='ocrx_word' id='word_1_646' title='bbox 1934 4820 2109 4876; x_wconf 91' lang='lat' dir='ltr'><strong>usque</strong></span> 
     </span>
    </p>
   </div>
   <div class='ocr_carea' id='block_1_79' title="bbox 518 4891 2109 4969">
    <p class='ocr_par' dir='ltr' id='par_1_79' title="bbox 518 4891 2109 4969">
     <span class='ocr_line' id='line_1_79' title="bbox 518 4891 2109 4969; baseline 0.008 -26"><span class='ocrx_word' id='word_1_647' title='bbox 518 4891 587 4944; x_wconf 88' lang='lat' dir='ltr'><strong>ad</strong></span> <span class='ocrx_word' id='word_1_648' title='bbox 618 4895 1149 4950; x_wconf 89' lang='lat' dir='ltr'><strong>consummationem</strong></span> <span class='ocrx_word' id='word_1_649' title='bbox 1179 4896 1364 4951; x_wconf 64' lang='lat' dir='ltr'><strong>saacuii</strong></span> <span class='ocrx_word' id='word_1_650' title='bbox 1397 4896 1616 4965; x_wconf 80' lang='lat' dir='ltr'><strong>(Matth.</strong></span> <span class='ocrx_word' id='word_1_651' title='bbox 1645 4899 1864 4969; x_wconf 75' lang='lat' dir='ltr'><strong>xxvm).</strong></span> <span class='ocrx_word' id='word_1_652' title='bbox 1906 4918 1923 4949; x_wconf 76' lang='grc' dir='ltr'><strong>ι</strong></span> <span class='ocrx_word' id='word_1_653' title='bbox 1954 4897 2109 4955; x_wconf 88' lang='lat' dir='ltr'><strong>Unde</strong></span> 
     </span>
    </p>
   </div>
   <div class='ocr_carea' id='block_1_80' title="bbox 517 4984 2107 5062">
    <p class='ocr_par' dir='ltr' id='par_1_80' title="bbox 517 4984 2107 5062">
     <span class='ocr_line' id='line_1_80' title="bbox 517 4984 2107 5062; baseline 0.008 -28"><span class='ocrx_word' id='word_1_654' title='bbox 517 4984 772 5052; x_wconf 86' lang='lat' dir='ltr'><strong>quamvis</strong></span> <span class='ocrx_word' id='word_1_655' title='bbox 817 4988 1058 5043; x_wconf 85' lang='lat' dir='ltr'><strong>nomium</strong></span> <span class='ocrx_word' id='word_1_656' title='bbox 1107 4989 1425 5060; x_wconf 80' lang='lat' dir='ltr'><strong>gloriemur,</strong></span> <span class='ocrx_word' id='word_1_657' title='bbox 1467 4997 1645 5046; x_wconf 90' lang='lat' dir='ltr'><strong>tamen</strong></span> <span class='ocrx_word' id='word_1_658' title='bbox 1696 4991 1967 5062; x_wconf 89' lang='lat' dir='ltr'><strong>sperando</strong></span> <span class='ocrx_word' id='word_1_659' title='bbox 1992 4992 2107 5061; x_wconf 91' lang='lat' dir='ltr'><strong>jam</strong></span> 
     </span>
    </p>
   </div>
   <div class='ocr_carea' id='block_1_81' title="bbox 518 5074 2110 5152">
    <p class='ocr_par' dir='ltr' id='par_1_81' title="bbox 518 5074 2110 5152">
     <span class='ocr_line' id='line_1_81' title="bbox 518 5074 2110 5152; baseline 0.007 -25"><span class='ocrx_word' id='word_1_660' title='bbox 518 5074 817 5145; x_wconf 90' lang='lat' dir='ltr'><strong>pascimur.</strong></span> <span class='ocrx_word' id='word_1_661' title='bbox 864 5078 1117 5149; x_wconf 87' lang='lat' dir='ltr'><strong>Congrue</strong></span> <span class='ocrx_word' id='word_1_662' title='bbox 1153 5081 1422 5150; x_wconf 89' lang='lat' dir='ltr'><strong>jejunium</strong></span> <span class='ocrx_word' id='word_1_663' title='bbox 1462 5082 1906 5152; x_wconf 72' lang='lat' dir='ltr'><strong>Quadragesimte</strong></span> <span class='ocrx_word' id='word_1_664' title='bbox 1934 5094 2110 5139; x_wconf 84' lang='lat' dir='ltr'><strong>statu-</strong></span> 
     </span>
    </p>
   </div>
   <div class='ocr_carea' id='block_1_82' title="bbox 520 5171 2110 5249">
    <p class='ocr_par' dir='ltr' id='par_1_82' title="bbox 520 5171 2110 5249">
     <span class='ocr_line' id='line_1_82' title="bbox 520 5171 2110 5249; baseline 0.01 -32"><span class='ocrx_word' id='word_1_665' title='bbox 520 5175 635 5249; x_wconf 81' lang='lat' dir='ltr'><strong>tum</strong></span> <span class='ocrx_word' id='word_1_666' title='bbox 671 5175 757 5221; x_wconf 91' lang='lat' dir='ltr'><strong>est</strong></span> <span class='ocrx_word' id='word_1_667' title='bbox 794 5184 917 5223; x_wconf 91' lang='lat' dir='ltr'><strong>cum</strong></span> <span class='ocrx_word' id='word_1_668' title='bbox 972 5172 1076 5226; x_wconf 88' lang='lat' dir='ltr'><strong>ﬁne</strong></span> <span class='ocrx_word' id='word_1_669' title='bbox 1111 5171 1409 5229; x_wconf 79' lang='lat' dir='ltr'><strong>Dominicte</strong></span> <span class='ocrx_word' id='word_1_670' title='bbox 1437 5176 1731 5244; x_wconf 89' lang='lat' dir='ltr'><strong>passionis,</strong></span> <span class='ocrx_word' id='word_1_671' title='bbox 1760 5177 1906 5247; x_wconf 90' lang='lat' dir='ltr'><strong>quod</strong></span> <span class='ocrx_word' id='word_1_672' title='bbox 1938 5178 2110 5249; x_wconf 89' lang='lat' dir='ltr'><strong>signi-</strong></span> 
     </span>
    </p>
   </div>
   <div class='ocr_carea' id='block_1_83' title="bbox 519 5247 2107 5332">
    <p class='ocr_par' dir='ltr' id='par_1_83' title="bbox 519 5247 2107 5332">
     <span class='ocr_line' id='line_1_83' title="bbox 519 5247 2107 5332; baseline 0.009 -24"><span class='ocrx_word' id='word_1_673' title='bbox 519 5247 645 5310; x_wconf 86' lang='lat' dir='ltr'><strong>ﬁcat</strong></span> <span class='ocrx_word' id='word_1_674' title='bbox 671 5271 772 5310; x_wconf 92' lang='lat' dir='ltr'><strong>nos</strong></span> <span class='ocrx_word' id='word_1_675' title='bbox 794 5257 1035 5314; x_wconf 75' lang='lat' dir='ltr'><strong>debet-ea</strong></span> <span class='ocrx_word' id='word_1_676' title='bbox 1060 5264 1246 5317; x_wconf 90' lang='lat' dir='ltr'><strong>mundi</strong></span> <span class='ocrx_word' id='word_1_677' title='bbox 1269 5264 1510 5319; x_wconf 89' lang='lat' dir='ltr'><strong>amicitia</strong></span> <span class='ocrx_word' id='word_1_678' title='bbox 1528 5266 1827 5332; x_wconf 86' lang='lat' dir='ltr'><strong>continere,</strong></span> <span class='ocrx_word' id='word_1_679' title='bbox 1852 5274 1913 5321; x_wconf 92' lang='lat' dir='ltr'><strong>ut</strong></span> <span class='ocrx_word' id='word_1_680' title='bbox 1935 5247 2107 5322; x_wconf 82' lang='lat' dir='ltr'><strong>Deum</strong></span> 
     </span>
    </p>
   </div>
   <div class='ocr_carea' id='block_1_84' title="bbox 520 5350 2109 5429">
    <p class='ocr_par' dir='ltr' id='par_1_84' title="bbox 520 5350 2109 5429">
     <span class='ocr_line' id='line_1_84' title="bbox 520 5350 2109 5429; baseline 0.007 -26"><span class='ocrx_word' id='word_1_681' title='bbox 520 5350 675 5420; x_wconf 85' lang='lat' dir='ltr'><strong>sequi</strong></span> <span class='ocrx_word' id='word_1_682' title='bbox 724 5351 1020 5407; x_wconf 88' lang='lat' dir='ltr'><strong>valeamus.</strong></span> <span class='ocrx_word' id='word_1_683' title='bbox 1052 5351 1109 5406; x_wconf 84' lang='lat' dir='ltr'><strong>In</strong></span> <span class='ocrx_word' id='word_1_684' title='bbox 1151 5354 1482 5410; x_wconf 89' lang='lat' dir='ltr'><strong>abstinentia</strong></span> <span class='ocrx_word' id='word_1_685' title='bbox 1512 5365 1693 5411; x_wconf 90' lang='lat' dir='ltr'><strong>autem</strong></span> <span class='ocrx_word' id='word_1_686' title='bbox 1732 5360 2109 5429; x_wconf 78' lang='lat' dir='ltr'><strong>quadragena-</strong></span> 
     </span>
    </p>
   </div>
   <div class='ocr_carea' id='block_1_85' title="bbox 517 5442 2110 5521">
    <p class='ocr_par' dir='ltr' id='par_1_85' title="bbox 517 5442 2110 5521">
     <span class='ocr_line' id='line_1_85' title="bbox 517 5442 2110 5521; baseline 0.006 -27"><span class='ocrx_word' id='word_1_687' title='bbox 517 5442 635 5497; x_wconf 88' lang='lat' dir='ltr'><strong>rins</strong></span> <span class='ocrx_word' id='word_1_688' title='bbox 680 5459 943 5501; x_wconf 85' lang='lat' dir='ltr'><strong>numerus</strong></span> <span class='ocrx_word' id='word_1_689' title='bbox 989 5446 1314 5514; x_wconf 90' lang='lat' dir='ltr'><strong>custoditur,</strong></span> <span class='ocrx_word' id='word_1_690' title='bbox 1343 5448 1472 5518; x_wconf 89' lang='lat' dir='ltr'><strong>quia</strong></span> <span class='ocrx_word' id='word_1_691' title='bbox 1501 5448 1674 5505; x_wconf 88' lang='lat' dir='ltr'><strong>virtus</strong></span> <span class='ocrx_word' id='word_1_692' title='bbox 1715 5449 1967 5521; x_wconf 83' lang='lat' dir='ltr'><strong>Deealogi</strong></span> <span class='ocrx_word' id='word_1_693' title='bbox 2012 5465 2110 5520; x_wconf 86' lang='lat' dir='ltr'><strong>per</strong></span> 
     </span>
    </p>
   </div>
   <div class='ocr_carea' id='block_1_86' title="bbox 518 5537 2106 5612">
    <p class='ocr_par' dir='ltr' id='par_1_86' title="bbox 518 5537 2106 5612">
     <span class='ocr_line' id='line_1_86' title="bbox 518 5537 2106 5612; baseline 0.005 -25"><span class='ocrx_word' id='word_1_694' title='bbox 518 5544 756 5603; x_wconf 87' lang='lat' dir='ltr'><strong>quatuor</strong></span> <span class='ocrx_word' id='word_1_695' title='bbox 790 5537 956 5593; x_wconf 90' lang='lat' dir='ltr'><strong>libros</strong></span> <span class='ocrx_word' id='word_1_696' title='bbox 986 5538 1263 5608; x_wconf 84' lang='lat' dir='ltr'><strong>Evangelii</strong></span> <span class='ocrx_word' id='word_1_697' title='bbox 1297 5539 1570 5609; x_wconf 89' lang='lat' dir='ltr'><strong>impletur,</strong></span> <span class='ocrx_word' id='word_1_698' title='bbox 1594 5556 1719 5596; x_wconf 90' lang='lat' dir='ltr'><strong>eum</strong></span> <span class='ocrx_word' id='word_1_699' title='bbox 1753 5539 2106 5612; x_wconf 84' lang='lat' dir='ltr'><strong>Evangelium</strong></span> 
     </span>
    </p>
   </div>
   <div class='ocr_carea' id='block_1_87' title="bbox 519 5629 2110 5704">
    <p class='ocr_par' dir='ltr' id='par_1_87' title="bbox 519 5629 2110 5704">
     <span class='ocr_line' id='line_1_87' title="bbox 519 5629 2110 5704; baseline 0.004 -24"><span class='ocrx_word' id='word_1_700' title='bbox 519 5629 824 5683; x_wconf 88' lang='lat' dir='ltr'><strong>custoditur</strong></span> <span class='ocrx_word' id='word_1_701' title='bbox 845 5671 859 5696; x_wconf 90' lang='lat'><strong>,</strong></span> <span class='ocrx_word' id='word_1_702' title='bbox 904 5632 989 5686; x_wconf 89' lang='lat' dir='ltr'><strong>vel</strong></span> <span class='ocrx_word' id='word_1_703' title='bbox 1014 5633 1142 5702; x_wconf 89' lang='lat' dir='ltr'><strong>quia</strong></span> <span class='ocrx_word' id='word_1_704' title='bbox 1171 5647 1267 5701; x_wconf 85' lang='lat' dir='ltr'><strong>per</strong></span> <span class='ocrx_word' id='word_1_705' title='bbox 1288 5630 1612 5704; x_wconf 85' lang='lat' dir='ltr'><strong>Decalogum</strong></span> <span class='ocrx_word' id='word_1_706' title='bbox 1638 5633 1808 5688; x_wconf 89' lang='lat' dir='ltr'><strong>Deum</strong></span> <span class='ocrx_word' id='word_1_707' title='bbox 1837 5642 1892 5688; x_wconf 89' lang='lat' dir='ltr'><strong>et</strong></span> <span class='ocrx_word' id='word_1_708' title='bbox 1922 5633 2110 5703; x_wconf 82' lang='lat' dir='ltr'><strong>proxi-</strong></span> 
     </span>
    </p>
   </div>
   <div class='ocr_carea' id='block_1_88' title="bbox 520 5722 2107 5795">
    <p class='ocr_par' dir='ltr' id='par_1_88' title="bbox 520 5722 2107 5795">
     <span class='ocr_line' id='line_1_88' title="bbox 520 5722 2107 5795; baseline 0.006 -24"><span class='ocrx_word' id='word_1_709' title='bbox 520 5734 669 5772; x_wconf 91' lang='lat' dir='ltr'><strong>mum</strong></span> <span class='ocrx_word' id='word_1_710' title='bbox 691 5722 915 5793; x_wconf 86' lang='lat' dir='ltr'><strong>diligere</strong></span> <span class='ocrx_word' id='word_1_711' title='bbox 936 5724 1305 5793; x_wconf 62' lang='lat' dir='ltr'><strong>praecipimur,</strong></span> <span class='ocrx_word' id='word_1_712' title='bbox 1332 5734 1387 5781; x_wconf 88' lang='lat' dir='ltr'><strong>et</strong></span> <span class='ocrx_word' id='word_1_713' title='bbox 1408 5733 1554 5779; x_wconf 88' lang='lat' dir='ltr'><strong>motu</strong></span> <span class='ocrx_word' id='word_1_714' title='bbox 1580 5726 1846 5795; x_wconf 89' lang='lat' dir='ltr'><strong>corporis,</strong></span> <span class='ocrx_word' id='word_1_715' title='bbox 1870 5726 2016 5795; x_wconf 89' lang='lat' dir='ltr'><strong>quod</strong></span> <span class='ocrx_word' id='word_1_716' title='bbox 2040 5740 2107 5780; x_wconf 80' lang='lat' dir='ltr'><strong>ex</strong></span> 
     </span>
    </p>
   </div>
   <div class='ocr_carea' id='block_1_89' title="bbox 521 5814 2107 5888">
    <p class='ocr_par' dir='ltr' id='par_1_89' title="bbox 521 5814 2107 5888">
     <span class='ocr_line' id='line_1_89' title="bbox 521 5814 2107 5888; baseline 0.006 -27"><span class='ocrx_word' id='word_1_717' title='bbox 521 5819 756 5876; x_wconf 86' lang='lat' dir='ltr'><strong>quatuor</strong></span> <span class='ocrx_word' id='word_1_718' title='bbox 791 5814 1039 5869; x_wconf 86' lang='lat' dir='ltr'><strong>subsistit</strong></span> <span class='ocrx_word' id='word_1_719' title='bbox 1071 5815 1373 5882; x_wconf 82' lang='lat' dir='ltr'><strong>elementis,</strong></span> <span class='ocrx_word' id='word_1_720' title='bbox 1404 5817 1642 5873; x_wconf 89' lang='lat' dir='ltr'><strong>charitas</strong></span> <span class='ocrx_word' id='word_1_721' title='bbox 1672 5818 1765 5872; x_wconf 90' lang='lat' dir='ltr'><strong>Dei</strong></span> <span class='ocrx_word' id='word_1_722' title='bbox 1795 5828 1849 5873; x_wconf 89' lang='lat' dir='ltr'><strong>et</strong></span> <span class='ocrx_word' id='word_1_723' title='bbox 1873 5816 2107 5888; x_wconf 81' lang='lat' dir='ltr'><strong>proximi</strong></span> 
     </span>
    </p>
   </div>
   <div class='ocr_carea' id='block_1_90' title="bbox 524 5900 2107 5978">
    <p class='ocr_par' dir='ltr' id='par_1_90' title="bbox 524 5900 2107 5978">
     <span class='ocr_line' id='line_1_90' title="bbox 524 5900 2107 5978; baseline 0.011 -29"><span class='ocrx_word' id='word_1_724' title='bbox 524 5900 771 5966; x_wconf 71' lang='lat' dir='ltr'><strong>vioiazur,</strong></span> <span class='ocrx_word' id='word_1_725' title='bbox 806 5914 927 5965; x_wconf 80' lang='lat' dir='ltr'><strong>ante</strong></span> <span class='ocrx_word' id='word_1_726' title='bbox 978 5907 1042 5961; x_wconf 87' lang='lat' dir='ltr'><strong>ad</strong></span> <span class='ocrx_word' id='word_1_727' title='bbox 1082 5907 1335 5963; x_wconf 89' lang='lat' dir='ltr'><strong>diluenda</strong></span> <span class='ocrx_word' id='word_1_728' title='bbox 1378 5920 1594 5973; x_wconf 82' lang='lat' dir='ltr'><strong>peccata</strong></span> <span class='ocrx_word' id='word_1_729' title='bbox 1645 5911 1697 5966; x_wconf 92' lang='lat' dir='ltr'><strong>in</strong></span> <span class='ocrx_word' id='word_1_730' title='bbox 1732 5910 2107 5978; x_wconf 67' lang='lat' dir='ltr'><strong>quadragena-</strong></span> 
     </span>
    </p>
   </div>
   <div class='ocr_carea' id='block_1_91' title="bbox 2214 4711 3780 4788">
    <p class='ocr_par' dir='ltr' id='par_1_91' title="bbox 2214 4711 3780 4788">
     <span class='ocr_line' id='line_1_91' title="bbox 2214 4711 3780 4788; baseline 0.001 -23"><span class='ocrx_word' id='word_1_731' title='bbox 2214 4720 2379 4778; x_wconf 87' lang='lat' dir='ltr'><strong>mate,</strong></span> <span class='ocrx_word' id='word_1_732' title='bbox 2423 4723 2479 4767; x_wconf 89' lang='lat' dir='ltr'><strong>ut</strong></span> <span class='ocrx_word' id='word_1_733' title='bbox 2519 4711 2594 4767; x_wconf 89' lang='lat' dir='ltr'><strong>ibi</strong></span> <span class='ocrx_word' id='word_1_734' title='bbox 2627 4724 2850 4783; x_wconf 87' lang='lat' dir='ltr'><strong>possent</strong></span> <span class='ocrx_word' id='word_1_735' title='bbox 2891 4724 3037 4771; x_wconf 90' lang='lat' dir='ltr'><strong>stare</strong></span> <span class='ocrx_word' id='word_1_736' title='bbox 3080 4726 3134 4772; x_wconf 91' lang='lat' dir='ltr'><strong>et</strong></span> <span class='ocrx_word' id='word_1_737' title='bbox 3184 4734 3348 4786; x_wconf 81' lang='lat' dir='ltr'><strong>agere</strong></span> <span class='ocrx_word' id='word_1_738' title='bbox 3391 4717 3537 4788; x_wconf 90' lang='lat' dir='ltr'><strong>quod</strong></span> <span class='ocrx_word' id='word_1_739' title='bbox 3579 4717 3780 4771; x_wconf 80' lang='lat' dir='ltr'><strong>vellent.</strong></span> 
     </span>
    </p>
   </div>
   <div class='ocr_carea' id='block_1_92' title="bbox 2212 4802 3787 4877">
    <p class='ocr_par' dir='ltr' id='par_1_92' title="bbox 2212 4802 3787 4877">
     <span class='ocr_line' id='line_1_92' title="bbox 2212 4802 3787 4877; baseline 0.001 -18"><span class='ocrx_word' id='word_1_740' title='bbox 2212 4802 2368 4859; x_wconf 89' lang='lat' dir='ltr'><strong>Unde</strong></span> <span class='ocrx_word' id='word_1_741' title='bbox 2392 4803 2655 4860; x_wconf 88' lang='lat' dir='ltr'><strong>Dominus</strong></span> <span class='ocrx_word' id='word_1_742' title='bbox 2678 4806 2745 4861; x_wconf 91' lang='lat' dir='ltr'><strong>ad</strong></span> <span class='ocrx_word' id='word_1_743' title='bbox 2773 4812 3087 4877; x_wconf 90' lang='lat' dir='ltr'><strong>apostolos:</strong></span> <span class='ocrx_word' id='word_1_744' title='bbox 3122 4828 3140 4861; x_wconf 74' lang='grc' dir='ltr'>ι</span> <span class='ocrx_word' id='word_1_745' title='bbox 3171 4810 3329 4876; x_wconf 89' lang='lat' dir='ltr'><strong>Quod</strong></span> <span class='ocrx_word' id='word_1_746' title='bbox 3352 4811 3406 4864; x_wconf 92' lang='lat' dir='ltr'><strong>in</strong></span> <span class='ocrx_word' id='word_1_747' title='bbox 3444 4825 3573 4864; x_wconf 90' lang='lat' dir='ltr'><strong>aure</strong></span> <span class='ocrx_word' id='word_1_748' title='bbox 3598 4807 3787 4863; x_wconf 86' lang='lat' dir='ltr'><strong>auditis</strong></span> 
     </span>
    </p>
   </div>
   <div class='ocr_carea' id='block_1_93' title="bbox 2210 4895 3788 4971">
    <p class='ocr_par' dir='ltr' id='par_1_93' title="bbox 2210 4895 3788 4971">
     <span class='ocr_line' id='line_1_93' title="bbox 2210 4895 3788 4971; baseline -0.002 -20"><span class='ocrx_word' id='word_1_749' title='bbox 2210 4895 2501 4966; x_wconf 68' lang='lat' dir='ltr'><strong>praadicate</strong></span> <span class='ocrx_word' id='word_1_750' title='bbox 2521 4912 2685 4967; x_wconf 90' lang='lat' dir='ltr'><strong>super</strong></span> <span class='ocrx_word' id='word_1_751' title='bbox 2713 4904 2854 4953; x_wconf 88' lang='lat' dir='ltr'><strong>tecta</strong></span> <span class='ocrx_word' id='word_1_752' title='bbox 2887 4898 3103 4971; x_wconf 75' lang='lat' dir='ltr'><strong>(Matth.</strong></span> <span class='ocrx_word' id='word_1_753' title='bbox 3134 4901 3213 4970; x_wconf 62' lang='grc' dir='ltr'><strong>κ).</strong></span> <span class='ocrx_word' id='word_1_754' title='bbox 3257 4919 3277 4953; x_wconf 75' lang='grc' dir='ltr'><strong>ι</strong></span> <span class='ocrx_word' id='word_1_755' title='bbox 3331 4899 3586 4955; x_wconf 90' lang='lat' dir='ltr'><strong>Sanctam</strong></span> <span class='ocrx_word' id='word_1_756' title='bbox 3613 4906 3788 4952; x_wconf 80' lang='lat' dir='ltr'><strong>autem</strong></span> 
     </span>
    </p>
   </div>
   <div class='ocr_carea' id='block_1_94' title="bbox 2211 4986 3790 5061">
    <p class='ocr_par' dir='ltr' id='par_1_94' title="bbox 2211 4986 3790 5061">
     <span class='ocr_line' id='line_1_94' title="bbox 2211 4986 3790 5061; baseline -0.001 -18"><span class='ocrx_word' id='word_1_757' title='bbox 2211 4988 2485 5043; x_wconf 90' lang='lat' dir='ltr'><strong>civitatem</strong></span> <span class='ocrx_word' id='word_1_758' title='bbox 2506 4986 2846 5044; x_wconf 84' lang='lat' dir='ltr'><strong>Hierusalem</strong></span> <span class='ocrx_word' id='word_1_759' title='bbox 2893 4992 3147 5048; x_wconf 87' lang='lat' dir='ltr'><strong>dicebant</strong></span> <span class='ocrx_word' id='word_1_760' title='bbox 3198 4992 3254 5045; x_wconf 89' lang='lat' dir='ltr'><strong>in</strong></span> <span class='ocrx_word' id='word_1_761' title='bbox 3300 5007 3412 5061; x_wconf 89' lang='lat' dir='ltr'><strong>qua</strong></span> <span class='ocrx_word' id='word_1_762' title='bbox 3455 4991 3696 5061; x_wconf 86' lang='lat' dir='ltr'><strong>templum</strong></span> <span class='ocrx_word' id='word_1_763' title='bbox 3734 4996 3790 5042; x_wconf 85' lang='lat' dir='ltr'><strong>et</strong></span> 
     </span>
    </p>
   </div>
   <div class='ocr_carea' id='block_1_95' title="bbox 2210 5076 3598 5154">
    <p class='ocr_par' dir='ltr' id='par_1_95' title="bbox 2210 5076 3598 5154">
     <span class='ocr_line' id='line_1_95' title="bbox 2210 5076 3598 5154; baseline 0.001 -22"><span class='ocrx_word' id='word_1_764' title='bbox 2210 5077 2391 5133; x_wconf 89' lang='lat' dir='ltr'><strong>cultus</strong></span> <span class='ocrx_word' id='word_1_765' title='bbox 2425 5076 2515 5134; x_wconf 91' lang='lat' dir='ltr'><strong>Dei</strong></span> <span class='ocrx_word' id='word_1_766' title='bbox 2541 5080 2841 5135; x_wconf 89' lang='lat' dir='ltr'><strong>secundum</strong></span> <span class='ocrx_word' id='word_1_767' title='bbox 2876 5082 3046 5153; x_wconf 83' lang='lat' dir='ltr'><strong>legem</strong></span> <span class='ocrx_word' id='word_1_768' title='bbox 3078 5082 3251 5154; x_wconf 79' lang='lat' dir='ltr'><strong>Moysi</strong></span> <span class='ocrx_word' id='word_1_769' title='bbox 3281 5082 3598 5136; x_wconf 81' lang='lat' dir='ltr'><strong>habebatur.</strong></span> 
     </span>
    </p>
   </div>
   <div class='ocr_carea' id='block_1_96' title="bbox 2287 5166 3791 5237">
    <p class='ocr_par' dir='ltr' id='par_1_96' title="bbox 2287 5166 3791 5237">
     <span class='ocr_line' id='line_1_96' title="bbox 2287 5166 3791 5237; baseline 0.003 -18"><span class='ocrx_word' id='word_1_770' title='bbox 2287 5186 2306 5219; x_wconf 72' lang='grc' dir='ltr'><em>ς</em></span> <span class='ocrx_word' id='word_1_771' title='bbox 2344 5166 2410 5222; x_wconf 86' lang='lat' dir='ltr'><strong>Et</strong></span> <span class='ocrx_word' id='word_1_772' title='bbox 2429 5169 2567 5224; x_wconf 80' lang='lat' dir='ltr'><strong>dixit</strong></span> <span class='ocrx_word' id='word_1_773' title='bbox 2599 5171 2648 5224; x_wconf 88' lang='lat' dir='ltr'><strong>ei</strong></span> <span class='ocrx_word' id='word_1_774' title='bbox 2677 5188 2690 5223; x_wconf 89' lang='lat'><strong>:</strong></span> <span class='ocrx_word' id='word_1_775' title='bbox 2725 5169 2780 5225; x_wconf 91' lang='lat' dir='ltr'><strong>Si</strong></span> <span class='ocrx_word' id='word_1_776' title='bbox 2820 5171 2964 5227; x_wconf 88' lang='lat' dir='ltr'><strong>ﬁlius</strong></span> <span class='ocrx_word' id='word_1_777' title='bbox 3002 5171 3094 5226; x_wconf 88' lang='lat' dir='ltr'><strong>Dei</strong></span> <span class='ocrx_word' id='word_1_778' title='bbox 3130 5187 3211 5237; x_wconf 91' lang='lat' dir='ltr'><strong>es,</strong></span> <span class='ocrx_word' id='word_1_779' title='bbox 3246 5172 3401 5225; x_wconf 90' lang='lat' dir='ltr'><strong>mitte</strong></span> <span class='ocrx_word' id='word_1_780' title='bbox 3440 5181 3493 5225; x_wconf 90' lang='lat' dir='ltr'><strong>te</strong></span> <span class='ocrx_word' id='word_1_781' title='bbox 3518 5170 3791 5225; x_wconf 81' lang='lat' dir='ltr'><strong>deorsum.</strong></span> 
     </span>
    </p>
   </div>
   <div class='ocr_carea' id='block_1_97' title="bbox 2213 5260 3794 5335">
    <p class='ocr_par' dir='ltr' id='par_1_97' title="bbox 2213 5260 3794 5335">
     <span class='ocr_line' id='line_1_97' title="bbox 2213 5260 3794 5335; baseline 0 -19"><span class='ocrx_word' id='word_1_782' title='bbox 2213 5260 2488 5332; x_wconf 86' lang='lat' dir='ltr'><strong>Scriptum</strong></span> <span class='ocrx_word' id='word_1_783' title='bbox 2518 5264 2792 5319; x_wconf 89' lang='lat' dir='ltr'><strong>estenim:</strong></span> <span class='ocrx_word' id='word_1_784' title='bbox 2825 5265 2965 5332; x_wconf 85' lang='lat' dir='ltr'><strong>Quia</strong></span> <span class='ocrx_word' id='word_1_785' title='bbox 2996 5265 3204 5335; x_wconf 84' lang='lat' dir='ltr'><strong>angelis</strong></span> <span class='ocrx_word' id='word_1_786' title='bbox 3246 5266 3365 5319; x_wconf 89' lang='lat' dir='ltr'><strong>suis</strong></span> <span class='ocrx_word' id='word_1_787' title='bbox 3414 5264 3679 5318; x_wconf 82' lang='lat' dir='ltr'><strong>mandavit</strong></span> <span class='ocrx_word' id='word_1_788' title='bbox 3723 5261 3794 5316; x_wconf 76' lang='lat' dir='ltr'><strong>de</strong></span> 
     </span>
    </p>
   </div>
   <div class='ocr_carea' id='block_1_98' title="bbox 2211 5355 3793 5423">
    <p class='ocr_par' dir='ltr' id='par_1_98' title="bbox 2211 5355 3793 5423">
     <span class='ocr_line' id='line_1_98' title="bbox 2211 5355 3793 5423; baseline -0.002 -13"><span class='ocrx_word' id='word_1_789' title='bbox 2211 5364 2283 5422; x_wconf 88' lang='lat' dir='ltr'><strong>te,</strong></span> <span class='ocrx_word' id='word_1_790' title='bbox 2309 5367 2363 5411; x_wconf 85' lang='lat' dir='ltr'><strong>et</strong></span> <span class='ocrx_word' id='word_1_791' title='bbox 2393 5357 2447 5410; x_wconf 94' lang='lat' dir='ltr'><strong>in</strong></span> <span class='ocrx_word' id='word_1_792' title='bbox 2473 5358 2727 5413; x_wconf 84' lang='lat' dir='ltr'><strong>manibus</strong></span> <span class='ocrx_word' id='word_1_793' title='bbox 2752 5359 2945 5413; x_wconf 89' lang='lat' dir='ltr'><strong>tollent</strong></span> <span class='ocrx_word' id='word_1_794' title='bbox 2975 5367 3045 5423; x_wconf 90' lang='lat' dir='ltr'><strong>te,</strong></span> <span class='ocrx_word' id='word_1_795' title='bbox 3074 5373 3141 5411; x_wconf 91' lang='lat' dir='ltr'><strong>ne</strong></span> <span class='ocrx_word' id='word_1_796' title='bbox 3162 5358 3305 5411; x_wconf 80' lang='lat' dir='ltr'><strong>torte</strong></span> <span class='ocrx_word' id='word_1_797' title='bbox 3334 5356 3579 5411; x_wconf 85' lang='lat' dir='ltr'><strong>offendas</strong></span> <span class='ocrx_word' id='word_1_798' title='bbox 3598 5355 3657 5409; x_wconf 84' lang='lat' dir='ltr'><strong>ad</strong></span> <span class='ocrx_word' id='word_1_799' title='bbox 3706 5355 3793 5407; x_wconf 82' lang='lat' dir='ltr'><strong>la-</strong></span> 
     </span>
    </p>
   </div>
   <div class='ocr_carea' id='block_1_99' title="bbox 2210 5448 3799 5518">
    <p class='ocr_par' dir='ltr' id='par_1_99' title="bbox 2210 5448 3799 5518">
     <span class='ocr_line' id='line_1_99' title="bbox 2210 5448 3799 5518; baseline 0.001 -16"><span class='ocrx_word' id='word_1_800' title='bbox 2210 5448 2388 5518; x_wconf 87' lang='lat' dir='ltr'><strong>pidem</strong></span> <span class='ocrx_word' id='word_1_801' title='bbox 2420 5449 2610 5518; x_wconf 86' lang='lat' dir='ltr'><strong>pedem</strong></span> <span class='ocrx_word' id='word_1_802' title='bbox 2634 5458 2807 5505; x_wconf 90' lang='lat' dir='ltr'><strong>tuum.</strong></span> <span class='ocrx_word' id='word_1_803' title='bbox 2850 5470 2870 5503; x_wconf 78' lang='grc'><strong>»</strong></span> <span class='ocrx_word' id='word_1_804' title='bbox 2897 5450 2952 5505; x_wconf 84' lang='grc' dir='ltr'><strong>1η</strong></span> <span class='ocrx_word' id='word_1_805' title='bbox 2977 5450 3234 5506; x_wconf 87' lang='lat' dir='ltr'><strong>omnibus</strong></span> <span class='ocrx_word' id='word_1_806' title='bbox 3255 5450 3640 5505; x_wconf 74' lang='lat' dir='ltr'><strong>mutationibus</strong></span> <span class='ocrx_word' id='word_1_807' title='bbox 3684 5448 3799 5503; x_wconf 87' lang='lat' dir='ltr'><strong>hoc</strong></span> 
     </span>
    </p>
   </div>
   <div class='ocr_carea' id='block_1_100' title="bbox 2210 5538 3798 5614">
    <p class='ocr_par' dir='ltr' id='par_1_100' title="bbox 2210 5538 3798 5614">
     <span class='ocr_line' id='line_1_100' title="bbox 2210 5538 3798 5614; baseline -0.003 -18"><span class='ocrx_word' id='word_1_808' title='bbox 2210 5539 2322 5612; x_wconf 88' lang='lat' dir='ltr'><strong>agit</strong></span> <span class='ocrx_word' id='word_1_809' title='bbox 2355 5540 2625 5606; x_wconf 89' lang='lat' dir='ltr'><strong>diabolus,</strong></span> <span class='ocrx_word' id='word_1_810' title='bbox 2648 5551 2709 5597; x_wconf 92' lang='lat' dir='ltr'><strong>ut</strong></span> <span class='ocrx_word' id='word_1_811' title='bbox 2734 5542 2996 5614; x_wconf 83' lang='lat' dir='ltr'><strong>intelligat</strong></span> <span class='ocrx_word' id='word_1_812' title='bbox 3029 5543 3075 5598; x_wconf 90' lang='lat' dir='ltr'><strong>si</strong></span> <span class='ocrx_word' id='word_1_813' title='bbox 3108 5540 3282 5597; x_wconf 84' lang='lat' dir='ltr'><strong>Filius</strong></span> <span class='ocrx_word' id='word_1_814' title='bbox 3306 5540 3400 5595; x_wconf 89' lang='lat' dir='ltr'><strong>Dei</strong></span> <span class='ocrx_word' id='word_1_815' title='bbox 3440 5542 3531 5596; x_wconf 89' lang='lat' dir='ltr'><strong>sit.</strong></span> <span class='ocrx_word' id='word_1_816' title='bbox 3557 5538 3653 5594; x_wconf 88' lang='lat' dir='ltr'><strong>Sed</strong></span> <span class='ocrx_word' id='word_1_817' title='bbox 3680 5538 3798 5592; x_wconf 85' lang='lat' dir='ltr'><strong>Do-</strong></span> 
     </span>
    </p>
   </div>
   <div class='ocr_carea' id='block_1_101' title="bbox 2209 5634 3805 5706">
    <p class='ocr_par' dir='ltr' id='par_1_101' title="bbox 2209 5634 3805 5706">
     <span class='ocr_line' id='line_1_101' title="bbox 2209 5634 3805 5706; baseline 0 -19"><span class='ocrx_word' id='word_1_818' title='bbox 2209 5634 2393 5689; x_wconf 89' lang='lat' dir='ltr'><strong>minus</strong></span> <span class='ocrx_word' id='word_1_819' title='bbox 2419 5635 2499 5689; x_wconf 90' lang='lat' dir='ltr'><strong>sic</strong></span> <span class='ocrx_word' id='word_1_820' title='bbox 2527 5636 2935 5705; x_wconf 87' lang='lat' dir='ltr'><strong>responsionem</strong></span> <span class='ocrx_word' id='word_1_821' title='bbox 2961 5644 3225 5706; x_wconf 88' lang='lat' dir='ltr'><strong>temperat</strong></span> <span class='ocrx_word' id='word_1_822' title='bbox 3259 5643 3321 5690; x_wconf 89' lang='lat' dir='ltr'><strong>ut</strong></span> <span class='ocrx_word' id='word_1_823' title='bbox 3353 5650 3480 5690; x_wconf 89' lang='lat' dir='ltr'><strong>eum</strong></span> <span class='ocrx_word' id='word_1_824' title='bbox 3523 5634 3805 5703; x_wconf 71' lang='lat' dir='ltr'><strong>relinquat</strong></span> 
     </span>
    </p>
   </div>
   <div class='ocr_carea' id='block_1_102' title="bbox 2210 5726 3804 5798">
    <p class='ocr_par' dir='ltr' id='par_1_102' title="bbox 2210 5726 3804 5798">
     <span class='ocr_line' id='line_1_102' title="bbox 2210 5726 3804 5798; baseline -0.003 -16"><span class='ocrx_word' id='word_1_825' title='bbox 2210 5727 2546 5796; x_wconf 82' lang='lat' dir='ltr'><strong>ambiguum.</strong></span> <span class='ocrx_word' id='word_1_826' title='bbox 2571 5726 2786 5794; x_wconf 91' lang='lat' dir='ltr'><strong>Dicens,</strong></span> <span class='ocrx_word' id='word_1_827' title='bbox 2823 5747 2842 5779; x_wconf 75' lang='grc' dir='ltr'>ι</span> <span class='ocrx_word' id='word_1_828' title='bbox 2882 5728 3033 5783; x_wconf 89' lang='lat' dir='ltr'><strong>mitte</strong></span> <span class='ocrx_word' id='word_1_829' title='bbox 3070 5737 3123 5783; x_wconf 90' lang='lat' dir='ltr'><strong>te</strong></span> <span class='ocrx_word' id='word_1_830' title='bbox 3144 5729 3426 5795; x_wconf 89' lang='lat' dir='ltr'><strong>deorsum,</strong></span> <span class='ocrx_word' id='word_1_831' title='bbox 3449 5727 3804 5798; x_wconf 70' lang='lat' dir='ltr'><strong>aquiomnes</strong></span> 
     </span>
    </p>
   </div>
   <div class='ocr_carea' id='block_1_103' title="bbox 2208 5819 3805 5893">
    <p class='ocr_par' dir='ltr' id='par_1_103' title="bbox 2208 5819 3805 5893">
     <span class='ocr_line' id='line_1_103' title="bbox 2208 5819 3805 5893; baseline -0.003 -19"><span class='ocrx_word' id='word_1_832' title='bbox 2208 5819 2535 5889; x_wconf 88' lang='lat' dir='ltr'><strong>percipitare</strong></span> <span class='ocrx_word' id='word_1_833' title='bbox 2585 5821 2801 5893; x_wconf 84' lang='lat' dir='ltr'><strong>satagit,</strong></span> <span class='ocrx_word' id='word_1_834' title='bbox 2843 5820 3095 5877; x_wconf 81' lang='lat' dir='ltr'><strong>infirmus</strong></span> <span class='ocrx_word' id='word_1_835' title='bbox 3125 5821 3435 5876; x_wconf 88' lang='lat' dir='ltr'><strong>ostenditur</strong></span> <span class='ocrx_word' id='word_1_836' title='bbox 3467 5838 3481 5874; x_wconf 92' lang='lat'><strong>:</strong></span> <span class='ocrx_word' id='word_1_837' title='bbox 3509 5834 3627 5872; x_wconf 89' lang='lat' dir='ltr'><strong>nam</strong></span> <span class='ocrx_word' id='word_1_838' title='bbox 3662 5833 3805 5887; x_wconf 78' lang='lat' dir='ltr'><strong>per-</strong></span> 
     </span>
    </p>
   </div>
   <div class='ocr_carea' id='block_1_104' title="bbox 2211 5909 3809 5985">
    <p class='ocr_par' dir='ltr' id='par_1_104' title="bbox 2211 5909 3809 5985">
     <span class='ocr_line' id='line_1_104' title="bbox 2211 5909 3809 5985; baseline -0.003 -17"><span class='ocrx_word' id='word_1_839' title='bbox 2211 5911 2440 5968; x_wconf 87' lang='lat' dir='ltr'><strong>suadere</strong></span> <span class='ocrx_word' id='word_1_840' title='bbox 2456 5921 2653 5982; x_wconf 84' lang='lat' dir='ltr'><strong>potest,</strong></span> <span class='ocrx_word' id='word_1_841' title='bbox 2678 5914 3014 5985; x_wconf 81' lang='lat' dir='ltr'><strong>praecipitare</strong></span> <span class='ocrx_word' id='word_1_842' title='bbox 3043 5927 3153 5968; x_wconf 89' lang='lat' dir='ltr'><strong>non</strong></span> <span class='ocrx_word' id='word_1_843' title='bbox 3167 5921 3364 5984; x_wconf 90' lang='lat' dir='ltr'><strong>potest.</strong></span> <span class='ocrx_word' id='word_1_844' title='bbox 3395 5909 3809 5969; x_wconf 74' lang='lat' dir='ltr'><strong>Testimonium</strong></span> 
     </span>
    </p>
   </div>
  </div>
