3964 6452
197 301 287 389 si”
1051 300 1187 355 ΒΕΓ
1189 298 1537 356 ιοῐιΑΤιοΝ
1543 299 1627 354 ES
1667 302 1719 355 Sl

1826 298 2122 358 MTliUM.
2151 332 2218 343 —
2259 301 2387 357 LIB.
2430 300 2470 357 1.

3311 310 3417 365 866

193 449 350 500 autem
371 424 503 500 quod
526 416 722 475 inducit
747 429 853 470 non
877 412 944 469 de
964 413 1183 470 Christo
1207 424 1418 471 tantum
1445 415 1540 469 sed
1565 427 1615 471 et
1647 416 1712 471 de
1745 424 1783 477 Α
1816 418 2024 472 lolatra:
2053 417 2509 487 nuncupantur-hi
2539 415 2633 488 qui
2666 418 2934 474 sacrilicia
2963 436 3086 491 quae
3109 425 3201 478 uni
3218 425 3417 485 debent

184 527 312 589 omni
333 523 436 575 viro
453 503 943 577 sanctooprophetia
970 516 1073 560 est.
1109 505 1473 577 llieronymus
1514 508 1722 576 psalmo

178 640 232 681 xc
252 621 319 675 sic
341 607 582 680 exponit:
621 619 639 650 ι
658 600 979 668 Quicunque
992 599 1130 652 duas
1154 609 1376 653 naturas
1406 600 1498 652 Dei
1526 609 1577 652 et
1620 599 1723 651 ho-

186 712 321 772 minis
338 700 583 776 perfectas
615 691 904 746 crediderit
929 693 982 745 in
1017 688 1318 754 Salvatorc,
1347 690 1436 744 hic
1462 689 1723 758 angelicis

190 800 406 862 manibus
428 790 670 850 vallatus,
694 783 762 838 ad
786 783 1044 852 lapidem,
1078 781 1131 835 id
1175 790 1260 835 est
1302 782 1369 835 ad
1419 780 1719 847 Christum,

188 907 279 947 non
303 881 504 941 otfendit
535 875 716 947 pedem
749 888 931 939 suum,
960 872 1054 942 qui
1099 871 1238 941 lapis
1273 881 1353 927 est
1399 871 1721 927 oil'ensionis

186 994 229 1040 et
256 989 387 1052 petra
410 968 659 1029 scandali.
695 986 713 1018 ι
746 966 1087 1036 Augustinus
1111 964 1166 1018 in
1213 965 1405 1020 eodem
1463 966 1717 1035 psalmo:

190 1072 281 1127 tln
327 1063 562 1122 manibus
617 1058 930 1129 angelorum
994 1056 1241 1111 sublatus
1303 1067 1388 1111 est
1431 1056 1717 1123 Dominus,

185 1159 374 1236 quando
396 1158 693 1222 assumptus
708 1159 792 1205 est
815 1149 868 1202 in
886 1148 1088 1204 caelum
1104 1148 1244 1216 (Act.
1271 1150 1333 1219 l),
1358 1166 1466 1204 non
1490 1152 1640 1221 quia,
1673 1153 1721 1209 si

182 1270 272 1310 non
302 1251 575 1320 portarent,
604 1242 850 1296 ruiturus
872 1251 1009 1308 erat,
1036 1242 1130 1297 sed
1168 1241 1297 1311 quia
1337 1242 1716 1313 obsequeban-

185 1357 256 1401 tur
282 1341 416 1412 Regi.
455 1336 604 1404 Quod
628 1335 674 1390 si
696 1335 885 1390 dicas:
923 1335 1177 1390 Meliorcs
1214 1343 1340 1390 sunt
1368 1335 1461 1405 qui
1501 1346 1721 1406 portant

179 1450 313 1508 quam
341 1432 423 1501 qui
477 1435 742 1498 portatur,
774 1426 1116 1495 respondebo
1139 1443 1151 1478 :
1177 1423 1320 1479 Bene
1344 1426 1568 1480 tneliora
1591 1439 1719 1482 sunt

175 1530 383 1599 jumenta
438 1519 767 1575 hominibus.
826 1517 1022 1573 Tacuit
1087 1526 1269 1572 autem
1339 1519 1720 1588 tergiversator

176 1620 230 1675 de
249 1617 322 1672 sui
344 1610 761 1675 conculcatione,
780 1626 887 1664 non
914 1609 1252 1680 subjungens
1282 1607 1480 1663 Filium
1508 1609 1599 1666 Dei
1625 1627 1719 1666 su-

177 1726 255 1781 per
275 1706 495 1777 aspidem
530 1711 579 1758 et
606 1702 922 1757 basiliscum
955 1686 1362 1757 ambulaturum
1389 1711 1444 1757 et
1488 1705 1716 1759 concul-

174 1810 389 1857 caturuin
408 1798 612 1851 leonem
636 1803 687 1849 et
711 1795 1026 1850 draconem.
1048 1796 1139 1851 Ait
1174 1796 1248 1850 illi
1265 1796 1426 1853 Jesus
1458 1811 1711 1851 rursum:

179 1912 194 1943 ι
215 1891 456 1959 Scriptum
479 1895 590 1941 est:
612 1884 732 1942 Non
752 1887 986 1942 tentabis
1006 1887 1296 1944 Dominum
1312 1890 1483 1944 Deum
1506 1898 1680 1943 tuum.
1696 1908 1713 1940 ι

112 2046 115 2051 _
177 1982 304 2038 \‘eris
319 1980 712 2050 Scripturarum
732 1978 932 2050 frangit
954 1981 1142 2050 clipeis
1159 1982 1326 2038 falsas
1341 1981 1538 2036 diaboli
1563 1982 1723 2052 sagit-

176 2085 243 2130 tas
263 2074 321 2129 de
362 2071 679 2141 Scripturis,
731 2076 823 2141 qui
853 2072 935 2126 vel
983 2072 1119 2127 falsa
1143 2075 1399 2144 proponit
1442 2074 1529 2129 vel
1578 2074 1722 2128 veris

170 2166 281 2222 falsa
304 2163 619 2234 persuadere
646 2173 897 2219 conatur.
925 2164 1261 2220 Testimonia
1289 2167 1356 2220 de
1382 2165 1722 2221 Deuterono—

172 2257 262 2313 mio
295 2255 506 2326 protulit
537 2253 830 2323 Dominus,
865 2264 923 2311 ut
967 2258 1148 2312 sedem
1201 2258 1334 2328 legis
1382 2267 1720 2313 sacramenta

170 2355 477 2403 monstraret.
517 2344 926 2417 Suggerebatur
961 2349 1010 2402 ei
1035 2349 1193 2418 quasi
1231 2349 1437 2403 homini
1462 2358 1522 2404 ut
1565 2351 1722 2419 signo

170 2442 323 2510 aliquo
350 2439 656 2509 exploraret
680 2448 945 2507 quantum
974 2441 1119 2510 apud
1155 2439 1322 2495 Deum
1346 2443 1566 2496 valeret.
1592 2442 1718 2507 Sed,

169 2531 287 2586 sicut
307 2531 557 2600 scriptum
589 2538 712 2596 est,
753 2531 918 2584 homo
954 2547 1022 2584 ne
1062 2528 1229 2584 Deum
1265 2539 1471 2585 tentare
1503 2532 1719 2597 audeat,

167 2620 353 2690 quando
402 2620 562 2676 habet
600 2621 739 2692 quid
774 2621 955 2686 taciat,
985 2631 1043 2674 ut
1066 2621 1210 2689 quod
1237 2637 1429 2676 cavere
1470 2631 1721 2691 oporteat

167 2712 347 2768 evadat.
374 2710 499 2767 Inde
519 2722 604 2768 est
636 2713 772 2767 illud
800 2731 814 2767 :
854 2732 870 2764 ι
905 2712 962 2766 Si
994 2728 1092 2766 vos
1116 2714 1383 2783 persecuti
1431 2711 1635 2767 fuerint
1665 2714 1719 2767 in

169 2816 259 2856 una
281 2802 501 2869 civitate,
530 2802 710 2873 fugite
735 2804 788 2857 in
815 2803 976 2857 aliam
1011 2801 1232 2871 (Matth.
1265 2805 1341 2872 χ).
1377 2822 1396 2853 ι
1425 2801 1722 2873 Postquam

169 2908 273 2948 vero
309 2893 496 2949 defecit
525 2895 772 2949 humana
794 2894 1157 2965 providentia,
1180 2894 1226 2946 si
1265 2895 1429 2948 homo
1465 2908 1523 2947 se
1549 2901 1724 2947 totum

166 2986 420 3040 committit
449 2987 652 3041 divina:
675 2986 949 3056 potentiae,
977 3002 1081 3038 non
1109 2994 1187 3040 est
1219 2985 1448 3040 dicenda
1477 2986 1720 3040 tentatio.

1826 508 2057 563 Domino
2089 509 2249 564 idolis
2279 509 2620 579 impendunt.
2669 510 2825 565 Dulia
2850 521 3031 567 autem
3064 524 3149 570 cst
3179 519 3417 576 servitus

1824 601 2133 657 communis
2156 601 2271 656 sive
2300 600 2411 656 Deo
2434 601 2549 656 sive
2578 602 2809 656 homini.
2845 601 2999 658 Unde
3021 615 3075 659 ct
3103 621 3297 663 servus
3326 609 3412 663 di-

1826 691 2206 757 eitur-Latine,
2258 693 2405 764 quod
2451 693 2610 748 dulos
2654 694 2859 748 dicitur
2897 693 3103 750 Grmce.
3148 694 3416 753 Jubcmur

1823 799 1956 855 ergo
2000 800 2095 854 per
2145 785 2467 840 charitatem
2511 786 2716 841 servire
2750 786 3003 855 invicem,
3053 791 3198 860 quod
3229 790 3416 847 Graece

1822 888 1907 933 est
1929 879 2163 946 dulium,
2195 888 2250 934 et
2276 878 2508 934 Domino
2535 880 2635 935 soli
2672 882 2817 951 quod
2841 880 3026 938 Graece
3055 892 3138 938 est
3168 883 3410 942 latrium.

1900 990 1919 1023 ι
1958 970 2024 1025 Et
2052 983 2433 1027 consummata
2483 973 2633 1026 omni
2675 973 2974 1028 tentatioue
3027 983 3159 1031 tunc
3196 976 3415 1048 reliquit

1822 1080 1947 1119 cum
1999 1063 2251 1119 diabolus
2284 1078 2457 1134 usque
2482 1064 2548 1118 ad
2600 1075 2833 1135 tempus.
2884 1064 3013 1120 Erat
3048 1084 3265 1139 quoque
3287 1086 3411 1125 cum

1821 1155 2100 1219 bestiis,et
2124 1170 2252 1211 ecce
2283 1156 2457 1226 angeli
2512 1166 2866 1211 accesserunt
2921 1168 2977 1214 et
3028 1159 3415 1216 ministrabant

1826 1246 1901 1300 ei.
1938 1264 1957 1297 ι
1985 1244 2438 1302 Consuntmatam
2476 1261 2692 1300 omnem
2720 1247 3072 1303 tentationem
3104 1250 3257 1317 dicit,
3285 1253 3414 1322 quia

1824 1339 2097 1394 histribus
2128 1338 2523 1393 tentationibus
2541 1340 2893 1394 continentur
2909 1341 3152 1411 origines
3167 1344 3413 1399 omnium

1821 1425 2332 1491 vitiornmJoannc
2361 1428 2779 1499 attestante,qui
2813 1430 2927 1484 ait:
2961 1448 2979 1481 ι
3001 1428 3174 1486 Omne
3188 1434 3333 1503 quod
3360 1434 3416 1488 in

1822 1521 2029 1575 mundo
2045 1529 2147 1585 est,
2163 1521 2603 1589 concupiscentia
2629 1522 2812 1577 carnis
2833 1533 3003 1588 est,et
3024 1526 3411 1595 concupiscen-

1821 1612 1894 1666 tia
1925 1610 2208 1667 oculorum
2240 1620 2294 1667 et
2320 1612 2576 1681 superbia
2608 1612 2731 1667 vita:
2772 1611 2825 1682 (1
2853 1612 3017 1668 Joan.
3045 1617 3130 1685 It).
3165 1634 3183 1667 ι
3241 1614 3310 1672 Ει
3357 1619 3412 1672 in

1820 1704 2130 1772 evangelica
2193 1704 2452 1773 parabola
2512 1704 2686 1759 tribus
2750 1706 2969 1775 reprobi
3037 1708 3275 1779 negotiis
3342 1712 3416 1766 an
3488 1688 3500 1697 ς

1823 1804 2039 1849 aeterna:
2080 1794 2205 1849 vitae
2239 1794 2473 1865 dapibus
2502 1796 2890 1852 excluduntur.
2942 1818 2960 1849 ι
2991 1797 3209 1856 Primus
3238 1802 3410 1859 dixit:

1825 1884 2020 1940 Villam
2057 1887 2187 1952 emi,
2229 1896 2335 1941 etc.
2360 1886 2512 1941 Alter
2549 1887 2886 1960 dixitduga
2935 1890 3098 1945 boum
3147 1894 3276 1960 cmi,
3301 1905 3408 1951 etc.

1823 1975 1978 2031 Alius
2002 1977 2141 2030 dixit
2165 1996 2178 2029 :
2206 1975 2443 2033 Uxorem
2473 1978 2603 2032 duxi
2623 1978 2776 2047 (Luc.
2801 1982 2937 2052 xw).
2961 2002 2979 2034 ι
3016 1981 3214 2040 Uxoris
3242 2001 3410 2055 appe-

1825 2068 1957 2123 titus
1986 2069 2052 2123 ad
2077 2069 2575 2138 concupiscentiam
2602 2071 2853 2140 pertinet,
2874 2073 3016 2127 sicut
3038 2075 3241 2145 gulam.
3260 2075 3413 2133 γωδ

1823 2160 2048 2229 emptio,
2088 2160 2155 2214 ad
2201 2161 2487 2216 avaritiam
2511 2163 2908 2231 ctsuperbiain.
2938 2162 3199 2220 Probatio
3244 2168 3407 2237 quin--

1822 2269 1928 2322 que
1957 2253 2150 2323 jugum
2201 2252 2435 2309 refertur
2462 2254 2529 2308 ad
2576 2257 3074 2327 concupiscentiam
3122 2260 3411 2316 oculorum

1824 2343 1917 2401 ubi
1947 2345 2240 2400 curiositas
2268 2353 2354 2399 est
2394 2353 2447 2399 et
2476 2361 2613 2401 vana
2642 2348 2833 2417 gloria.
2861 2347 3081 2419 Triplici
3118 2352 3410 2408 teloliostis

1823 2437 2065 2507 quotidie
2095 2452 2248 2491 arma
2268 2435 2606 2493 defensionis
2632 2454 2867 2509 oppone,
2916 2450 2978 2494 ut
3011 2442 3411 2511 concupisecnc

1825 2531 1897 2584 tia
1948 2529 2132 2584 carnis
2186 2530 2420 2598 pellatur
2466 2529 2699 2599 jejunio,
2756 2532 2985 2587 avaritia
3029 2534 3412 2607 eleemosyuis,

1820 2622 2082 2691 jactantia
2138 2622 2412 2691 precibus.
2454 2623 2755 2692 Autiquum
2796 2624 3072 2680 hominem
3133 2628 3415 2696 superavit

1824 2714 2076 2788 diabolus
2101 2714 2246 2783 gula,
2287 2714 2510 2769 invento
2535 2729 2720 2783 pomo.
2747 2714 2897 2770 Vana
2931 2717 3103 2786 gloria
3133 2719 3414 2788 superavit

1824 2786 1972 2872 eum,
2001 2806 2232 2862 dicens:
2274 2827 2292 2857 ο
2332 2807 2498 2864 Eritis
2546 2808 2689 2863 sicut
2730 2808 2805 2861 dii
2843 2808 2994 2877 (om.
3035 2811 3140 2880 ιιι).
3172 2786 3415 2867 »Ἀγωνί-

1827 2898 1899 2951 tia
1952 2898 2116 2952 etiam
2162 2899 2440 2967 superavit
2491 2914 2640 2965 eum,
2690 2901 2912 2967 quando
2953 2902 3139 2956 dixit:
3178 2903 3417 2959 scientes

1827 2991 2033 3045 bonum
2057 3000 2111 3045 et
2163 2992 2368 3046 malum
2396 2992 2602 3061 (ἱιεὶά.).
2644 3012 2662 3041 ι
2696 2991 2935 3047 Avaritia
2977 2995 3123 3048 enim
3160 3005 3306 3051 recte
3328 2997 3415 3050 di-

164 3073 295 3132 Nuuc
315 3086 484 3131 autem
516 3087 738 3147 poterat
758 3076 1009 3131 Christus
1037 3075 1193 3129 aliter
1217 3076 1284 3130 de
1315 3076 1516 3146 templo
1543 3076 1719 3132 disce-
1747 3104 1788 3160 C
1826 3085 1971 3139 citur
2004 3083 2313 3139 sublimitas
2338 3083 2673 3138 ambitionis.
2708 3082 2798 3139 Sic
2822 3084 2985 3140 etiam
3028 3084 3251 3141 tentavit
3306 3083 3417 3138 Do-

167 3166 275 3221 dere
290 3183 445 3237 quam
468 3184 564 3237 per
581 3167 906 3238 jactantiam
937 3181 996 3221 se
1032 3166 1391 3236 p:a:cipitare.

225 3277 241 3308 ι
257 3257 437 3314 lterum
460 3260 770 3330 assumpsit
788 3273 912 3314 eum
938 3258 1190 3312 diabolus
1220 3258 1274 3312 in
1290 3267 1528 3314 montem
1543 3261 1722 3314 excel-

159 3365 260 3406 sum
288 3352 451 3414 valde,
473 3360 529 3406 et
559 3351 809 3407 ostendit
834 3349 886 3405 ei
905 3349 1092 3404 omnia
1122 3364 1288 3419 regna
1309 3349 1497 3403 mundi
1520 3358 1573 3403 et
1598 3351 1719 3420 glo-

156 3441 270 3495 riam
302 3457 510 3509 corum,
539 3451 611 3498 ει
631 3441 772 3496 dixit
821 3440 907 3494 ei:
935 3436 1062 3493 Haec
1110 3440 1297 3494 omnia
1337 3438 1432 3492 tibi
1477 3439 1640 3503 dabo,
1672 3438 1720 3493 si

150 3532 319 3590 cadens
345 3534 679 3590 adorave-ris
707 3548 813 3588 me.
852 3552 870 3584 ι
902 3531 960 3587 in
1007 3540 1271 3596 montem,
1323 3531 1375 3584 id
1415 3540 1499 3586 est
1555 3546 1720 3599 supra

153 3634 382 3693 montem,
406 3626 666 3682 ostendit
732 3640 919 3696 regna,
989 3640 1099 3678 non
1140 3622 1283 3693 quod
1338 3623 1518 3676 visum
1576 3626 1720 3690 ejus,

150 3718 227 3788 qui
248 3719 420 3775 omnia
449 3719 637 3787 videt,
668 3716 1104 3788 ampliﬁcaverit,
1140 3716 1233 3771 sed
1261 3722 1528 3784 quantum
1564 3714 1619 3767 in
1663 3730 1722 3770 se

150 3806 254 3875 iuit,
276 3813 435 3865 verbo
462 3820 520 3867 et
547 3808 937 3881 promissione
985 3806 1229 3863 ostendit
1273 3804 1568 3859 vanitatem
1614 3805 1719 3858 hu-

150 3914 299 3955 mana:
322 3917 534 3972 pompa:
598 3915 770 3971 quam
816 3899 1063 3965 amabat,
1113 3896 1443 3968 speciosam,
1485 3896 1722 3951 suadens

148 3987 350 4047 Domino
383 4004 444 4049 ut
468 3994 737 4049 videlicet
780 3993 861 4048 sic
884 4008 1011 4047 eum
1039 3991 1145 4047 sibi
1193 3990 1507 4059 subjiceret.
1552 3988 1720 4057 Bene,

144 4084 265 4151 quod
294 4082 471 4142 Lucas
485 4092 916 4150 commemorat,
932 4083 984 4137 in
1011 4094 1288 4138 momento
1311 4080 1571 4151 temporis
1587 4092 1724 4135 ιειιιο

147 4174 326 4241 poralia
351 4182 769 4241 monstrantur,
799 4176 928 4243 quia
960 4173 1071 4227 cito
1101 4174 1306 4227 cadunt
1335 4172 1588 4225 humana:
1614 4185 1719 4240 po-

146 4268 343 4318 testates
374 4281 392 4319 :
421 4264 652 4329 dicens,
677 4282 696 4315 ι
732 4261 859 4317 llaec
891 4262 1077 4316 omnia
1109 4264 1202 4317 tibi
1237 4262 1402 4328 dabo,
1443 4280 1462 4313 ι
1491 4263 1723 4330 superbe

144 4348 382 4420 loquitur,
411 4354 711 4425 nonquod
734 4353 919 4408 omnia
943 4368 1108 4423 regna
1138 4354 1273 4408 dare
1302 4361 1502 4422 posset.
1529 4350 1720 4406 Proci-

1824 3179 2057 3244 miuum,
2089 3177 2182 3234 sed
2226 3177 2404 3232 victus
2458 3181 2703 3232 recessit.
2758 3176 2927 3231 David
2967 3176 3185 3232 Goliath
3238 3176 3415 3234 tribus

1821 3270 2093 3339 lapidibus
2124 3269 2192 3324 de
2220 3278 2460 3324 torrente
2488 3270 2786 3339 postravit;
2843 3268 3097 3325 Christus
3131 3269 3411 3324 diabolum

1824 3365 1997 3420 tribus
2023 3362 2351 3419 testimoniis
2384 3362 2452 3417 de
2478 3361 2614 3431 lege.
2651 3360 2783 3426 Quie
2831 3370 3013 3415 autem
3046 3361 3409 3416 tentationum

1822 3455 1999 3525 prima
2032 3452 2216 3519 fuerit,
2276 3467 2399 3522 quae
2454 3451 2653 3517 media,
2678 3467 2801 3520 qua:
2829 3451 3043 3508 ultima.
3095 3460 3150 3505 et
3200 3452 3255 3505 in
3300 3466 3411 3521 qua

1824 3546 1998 3600 forma
2046 3552 2284 3600 tentator
2315 3544 2631 3608 accesserit,
2674 3559 2743 3598 an
2790 3543 2843 3597 in
2886 3558 2985 3598 sua
3040 3544 3284 3614 propria,
3338 3560 3411 3599 an

1825 3638 2005 3708 specie
2037 3636 2276 3692 hominis
2301 3647 2607 3706 assumpta,
2638 3650 2747 3690 non
2778 3636 3009 3691 multum
3050 3634 3216 3691 refert
3258 3637 3413 3707 igno-

1823 3743 1965 3783 rare.
2003 3726 2242 3797 Reliquit
2272 3725 2561 3781 Dominum
2598 3726 2851 3782 diabolus
2877 3742 3050 3797 usque
3088 3729 3155 3782 ad
3196 3737 3418 3796 tempus

1824 3829 2009 3891 postea
2057 3836 2153 3890 per
2187 3818 2406 3874 Judaeos
2451 3828 2635 3889 aperte
2674 3835 2800 3873 eum
2845 3819 3289 3889 impugnaturus.
3320 3818 3419 3875 Sic

1823 3914 1986 3968 etiam
2035 3913 2255 3982 quando
2316 3927 2426 3965 non
2488 3912 2742 3981 pnevalet
2783 3912 2837 3964 in
2885 3913 3181 3967 tentationc
3225 3928 3256 3966 a
3307 3927 3412 3966 no-

1825 4005 1910 4059 bis
1936 4004 2139 4059 recedit
2167 4019 2340 4071 usque
2366 4003 2433 4057 ad
2458 4002 2606 4057 aliud
2630 4011 2864 4071 tempus.
2897 4002 3043 4057 Inter
3072 4002 3279 4059 bestias
3301 4001 3413 4057 Do-

1824 4097 2008 4150 minus
2033 4103 2425 4157 commoratur,
2458 4101 2514 4147 ut
2540 4093 2725 4158 homo,
2751 4093 3055 4148 ministerio
3080 4094 3270 4164 ,utitur
3306 4109 3407 4148 an-

1825 4189 2016 4260 gelico,
2050 4196 2110 4242 ut
2132 4186 2296 4243 Deus.
2324 4187 2388 4241 Et
2423 4203 2524 4243 nos
2548 4204 2673 4243 cum
2708 4188 2761 4241 in
2798 4203 2983 4242 eremo
3028 4200 3232 4243 sancta.
3275 4204 3411 4243 con-

1823 4281 2150 4336 versationis
2203 4280 2460 4335 bcstialcs
2521 4280 2802 4335 hominum
2866 4296 3045 4335 mores
3089 4280 3410 4347 toleramus,

1825 4371 2189 4425 ministerium
2238 4372 2556 4441 angelorum
2612 4385 2909 4436 meremur;
2957 4386 2987 4425 a
3044 4372 3246 4441 quibus
3285 4386 3411 4427 cor-

140 4440 254 4499 dens
276 4446 601 4501 adoraveris
629 4445 836 4501 dictum
868 4454 972 4511 est,
999 4445 1130 4515 quia
1175 4446 1507 4500 adoraturus
1526 4443 1718 4499 diabo-

1826 4479 1955 4533 pore
1981 4464 2143 4518 soluti
2174 4464 2240 4517 ad
2271 4440 2474 4518 aeterna
2510 4462 2704 4534 gaudia
2738 4440 3153 4518 transferantur.

139 4534 254 4603 lum,
282 4547 409 4594 ante
437 4539 680 4595 corruit.
711 4536 850 4593 Nota
893 4538 1024 4609 quia
1063 4539 1242 4593 omnis
1275 4548 1516 4609 potestas
1545 4547 1600 4594 et
1627 4555 1717 4595 or-

138 4626 323 4686 dinatio
350 4641 704 4704 potestatum
748 4647 779 4687 a
807 4630 1043 4685 Domino
1067 4638 1170 4696 est,
1217 4632 1310 4686 sed
1354 4647 1384 4686 a
1439 4632 1586 4687 malo
1614 4648 1715 4702 po-

137 4725 327 4779 testatis
347 4726 615 4781 ambitio.
652 4723 903 4780 Potestas
928 4725 1113 4793 itaque
1143 4722 1357 4777 diabolo
1390 4727 1460 4777 ad
1504 4732 1717 4793 tempus

132 4817 385 4881 promissa
410 4832 528 4873 non
569 4817 718 4872 mala
739 4825 842 4879 est,
874 4816 968 4872 sed
1021 4814 1068 4870 is
1110 4815 1207 4885 qui
1241 4814 1532 4870 ambiendo
1576 4816 1717 4870 male

132 4907 286 4962 utitur
311 4918 598 4978 potestate
629 4910 809 4964 malus
849 4917 954 4964 est.
999 4926 1018 4960 ι
1069 4905 1224 4962 Tune
1270 4907 1403 4963 dicit
1426 4909 1479 4962 ei
1520 4907 1713 4964 Jesus:

133 4993 282 5068 Vade,
315 5002 588 5059 Satanas.
618 5000 892 5072 Scriptum
923 5010 1006 5057 est
1023 5001 1169 5056 enim
1205 4999 1529 5055 :Domiuum
1546 5000 1716 5065 Deum

128 5101 266 5148 tuum
301 5097 603 5164 adorabis,
628 5104 682 5150 et
704 5095 781 5148 illi
825 5092 925 5149 soli
950 5092 1208 5148 servies.»
1235 5090 1386 5159 Non,
1414 5101 1469 5146 ut
1491 5093 1716 5162 quidam

125 5194 325 5254 putant,
360 5188 615 5244 Satanas
637 5198 694 5242 et
719 5186 913 5243 Petrus
933 5186 1122 5241 eadem
1159 5185 1426 5242 sententia
1459 5186 1721 5240 damnan—

125 5284 231 5331 tur:
253 5278 423 5337 Petro
441 5280 606 5335 enim
635 5279 799 5335 dicit:
829 5276 1009 5333 «Vade
1038 5285 1206 5343 retro,
1237 5277 1470 5333 Satanas
1497 5277 1716 5350 (Matth.

122 5370 246 5439 ari),
265 5388 287 5421 ι
313 5371 368 5426 id
405 5381 499 5427 est
523 5386 760 5441 sequere
780 5386 888 5436 me,
912 5371 1005 5440 qui
1030 5369 1339 5427 contrarius
1365 5385 1425 5425 es
1453 5370 1719 5424 voluntati

118 5474 263 5518 mea.
297 5462 403 5519 Hic
426 5479 549 5518 non
583 5462 785 5517 dicitur
806 5473 973 5525 retro,
1008 5473 1068 5517 ut
1102 5461 1481 5526 subaudiatur,
1514 5461 1648 5516 vade
1666 5462 1720 5515 in

111 5548 289 5622 ignem
305 5564 596 5611 atenum.
611 5552 771 5610 Omni
797 5554 1005 5610 homini
1028 5555 1293 5623 scriptum
1312 5563 1395 5608 est
1407 5550 1575 5608 Deum
1599 5554 1724 5609 ado-

113 5658 228 5702 rare
249 5649 420 5718 eique
447 5648 567 5704 soli
605 5648 829 5703 servire.
863 5646 1050 5703 Grece
1076 5646 1234 5701 [atria
1257 5644 1458 5700 dicitur
1486 5646 1723 5702 servitus

105 5732 198 5805 ,illa
222 5753 350 5808 qua:
379 5739 492 5795 soli
534 5741 795 5796 convenit
821 5739 953 5807 Deo,
980 5754 1089 5795 non
1115 5744 1396 5793 creatum.
1434 5735 1586 5794 Unde
1614 5736 1725 5793 ido-

1830 4619 2064 4678 SERMO
2106 4620 2194 4675 DE
2255 4618 2693 4675 TEN'I'A'l'lO-NE
2765 4618 3125 4675 DIABOLICA
3178 4617 3266 4672 ΕΤ
3316 4618 3410 4673 DE

1996 4690 2176 4745 ALllS
2237 4689 2576 4758 QUATUOR
2642 4687 3218 4744 'I‘ENTATIONIBUS.

1888 4824 2072 4879 Multis
2120 4826 2479 4880 tentationum
2510 4824 2914 4881 calamitatibus
2953 4839 3108 4878 mens
3156 4822 3289 4892 justi
3353 4824 3407 4878 in

1819 4915 1923 4969 hac
1943 4916 2051 4969 vita
2077 4916 2346 4984 pulsatur.
2365 4913 2573 4970 Etenim
2594 4924 2649 4969 et
2673 4924 2825 4984 optat
2846 4916 2915 4968 ab
2937 4916 3039 4969 hoc
3060 4914 3265 4969 saeculo
3286 4914 3405 4969 fun-

1818 5005 1965 5060 ditus
1991 5007 2168 5071 evelli,
2197 5022 2310 5075 quo
2343 5015 2398 5061 ct
2428 5005 2683 5061 :crumnis
2715 5012 2919 5069 careat,
2973 5013 3028 5059 ct
3060 5004 3221 5059 fixam
3260 5006 3409 5061 iilam

1820 5096 2169 5150 securitatem
2199 5097 2457 5151 inveniat.
2516 5095 2659 5149 inter
2679 5109 2773 5149 eas
2801 5110 2991 5164 pwnas
3019 5096 3178 5164 quasi
3226 5095 3409 5166 justus

1822 5187 1876 5239 in
1902 5203 2131 5256 corpore
2156 5189 2382 5257 patitur,
2404 5199 2567 5259 atque
2590 5203 2684 5244 eas
2713 5187 3112 5256 quibusmente
3138 5203 3233 5258 per
3253 5186 3407 5242 frau-

1820 5279 1943 5333 dem
1977 5280 2181 5334 diahoii
2211 5282 2407 5336 tolerat
2437 5282 2665 5336 multum
2698 5281 2945 5335 interest.
3002 5278 3139 5334 Nam
3188 5278 3408 5350 gravius

1826 5371 1930 5427 fert.
1986 5388 2127 5442 quas
2177 5374 2404 5429 interius
2450 5375 2613 5443 luget,
2658 5389 2822 5443 quam
2851 5388 2947 5429 eas
2984 5387 3123 5441 quas
3166 5370 3408 5423 exterius

1824 5464 2077 5520 sustinet.
2117 5463 2228 5519 llas
2255 5467 2402 5520 enim
2433 5475 2488 5520 et
2509 5467 2626 5521 loco
2651 5467 2814 5520 evitat
2863 5474 2917 5518 et
2946 5472 3217 5532 tempore;
3285 5460 3406 5515 illas

1825 5571 1926 5612 nec
1945 5539 2070 5611 loco
2093 5557 2298 5611 evitare
2326 5567 2503 5625 potest
2550 5572 2651 5611 nec
2680 5567 2940 5624 tempore.
2993 5552 3111 5607 Non
3173 5551 3408 5619 amplius

1824 5647 2029 5702 electos
2051 5655 2222 5701 teutat
2254 5645 2511 5701 diabolus
2534 5660 2697 5714 quam
2730 5642 2824 5696 Dei
2866 5642 3118 5696 voluntas
3176 5641 3394 5709 permit-

1830 5738 1911 5792 tit.
1945 5735 2228 5794 Tentando
2255 5746 2436 5793 autem
2468 5744 2782 5792 sanctorum
2833 5731 3166 5801 profectibus
3212 5733 3394 5785 sonit
