3964 6442
546 282 649 340 867

1656 277 1984 335 WERNERI
2025 274 2320 332 ABBATIS
2358 274 2416 332 s.
2455 275 2679 332 ausu
3712 291 3794 349 ,σε

546 400 901 463 autumans,
932 409 1113 454 tamen
1160 407 1475 453 sanctorum
1514 395 1730 450 utilitati
1763 396 1930 450 servit
1954 395 2145 450 diatio.
2179 398 2215 453 Α
2247 391 2555 447 sanctitatis
2603 400 2659 446 et
2710 390 2955 458 virtutis,
3009 405 3073 447 ea
3129 407 3254 464 quae
3303 405 3497 453 sancta
3556 411 3681 457 sunt
3722 406 3794 462 de-

547 496 657 560 Ius,
681 496 902 566 quando
942 511 1038 549 eos
1061 493 1454 549 tentatioaibus
1489 492 1607 547 suis
1652 507 1759 544 non
1790 489 2012 559 decipit,
2045 488 2142 543 sed

547 588 735 658 potius
760 587 957 643 erudit.
986 584 1121 639 Nam
1166 585 1516 649 tentationes,
1543 599 1683 653 quas
1710 583 1799 636 ille
1829 583 1895 636 ad
1949 583 2144 635 huma-

550 694 684 732 num
712 678 989 732 interitum
1022 685 1223 739 movet,
1259 676 1527 729 interdum
1554 674 1806 729 Christus
1836 673 1902 727 ad
1933 673 2143 727 exerci-

547 769 686 822 tium
717 769 980 822 virtutum
1034 767 1241 821 salubri
1300 767 1532 821 utilitate
1582 765 1867 820 convertit.
1928 764 2144 820 Insidiae

547 859 752 912 diaboli
781 867 944 928 atque
970 859 1203 925 astutiae,
1234 858 1488 929 quamvis
1522 858 1627 911 huc
1656 867 1819 927 atque
1847 858 1975 911 illuc
1996 872 2144 927 quae-

547 959 731 1005 rentes
759 966 920 1022 quem
943 951 1226 1014 devorent,
1257 950 1659 1017 diffundantur,
1688 966 1719 1005 a
1766 958 2032 1020 potestate
2056 949 2142 1005 di-

548 1043 675 1097 vina
738 1050 920 1098 tamen
969 1059 1078 1098 non
1099 1045 1477 1114 egrediuntur,
1528 1059 1600 1098 ne
1647 1053 1861 1098 tantum
1915 1055 2146 1099 noceant

547 1143 815 1204 quantum
847 1134 1118 1189 malitiose
1144 1134 1500 1189 contendunt.
1532 1132 1666 1189 Nam
1704 1133 1980 1204 quomodo
2018 1148 2147 1188 sau-

548 1232 763 1279 ctorum
794 1227 967 1280 virtus
995 1234 1145 1281 tanta
1172 1227 1404 1281 tolerare
1425 1227 1711 1298 quivisset,
1734 1226 1779 1281 si
1803 1242 2039 1296 superna
2064 1225 2147 1280 d2-

549 1316 829 1383 spensatio
855 1316 945 1385 pio
978 1315 1349 1371 moderamine
1367 1316 1669 1386 nequitiam
1693 1315 2003 1370 daemonum
2036 1329 2143 1368 non

550 1405 882 1461 frenaretur.
909 1406 975 1461 Et
1001 1408 1125 1462 licet
1150 1407 1774 1462 diabolustentationcm
1801 1408 1951 1476 justo
1997 1422 2144 1461 sem-

549 1512 650 1567 per
677 1497 880 1552 inferre
913 1500 1117 1568 cupiat,
1155 1507 1335 1553 tamen
1364 1499 1410 1553 si
1438 1514 1470 1553 a
1523 1497 1635 1552 Deo
1662 1507 1984 1568 potestatem
2035 1514 2142 1551 non

550 1589 770 1659 accipit,
803 1590 1114 1645 nullatenus
1144 1590 1372 1660 adipisci
1397 1598 1576 1660 potest
1596 1589 1742 1659 quod
1765 1590 1985 1659 appetit.
2008 1588 2147 1643 Ante

550 1682 735 1735 omnis
765 1683 1016 1736 voluntas
1044 1682 1244 1738 diaboli
1270 1682 1470 1753 injusta
1500 1691 1602 1749 est,
1627 1690 1681 1736 et
1703 1690 1904 1748 tamen,
1924 1682 2148 1752 permit.-

2249 485 2437 551 struit,
2468 485 2689 555 quando
2730 495 2786 541 et
2809 485 2903 557 qui
2925 485 3193 556 decipitur
3233 503 3333 543 sua
3363 490 3683 549 detrimenta
3709 513 3791 557 non

2244 575 2430 641 sentit,
2460 576 2554 630 sed
2597 584 2862 645 tanquam
2897 577 3005 631 sint
3039 576 3268 632 virtutes
3289 594 3416 649 quae
3436 591 3567 637 sunt
3588 584 3707 639 vitia
3730 604 3792 643 se-

2243 676 2425 721 ctatur
2448 676 2501 722 ct
2520 668 2715 738 diligit.
2745 668 2802 722 in
2837 669 3010 724 oculis
3044 670 3346 725 carnalium
3375 672 3625 731 diabolus
3673 682 3792 734 terri-

2245 758 2370 812 bilis
2390 766 2496 823 est,
2525 758 2578 811 in
2620 758 2800 814 oculis
2822 759 3122 815 electorum
3154 770 3332 816 terror
3378 762 3504 832 ejus
3552 766 3667 822 vilis
3711 782 3788 826 est.

2244 851 2328 904 Ah
2358 850 2654 905 incredulis
2680 859 2735 905 ut
2767 851 2855 906 leo
2896 852 3141 919 timetur,
3169 870 3200 908 a
3224 853 3463 911 fortibus
3515 858 3569 912 in
3611 860 3704 916 fide
3749 875 3790 919 ut

2245 939 2449 994 vermis
2473 940 2865 1005 contemnitur,
2895 942 2963 995 ad
2989 956 3328 999 momentum
3374 956 3627 1004 ostensus
3653 956 3790 1023 rep-cl-

2247 1030 2398 1085 litur.
2435 1030 2538 1097 Qui
2562 1033 2940 1102 suggestiones
2966 1033 3170 1089 diaboli
3203 1051 3313 1091 non
3350 1039 3542 1108 recipit
3590 1042 3786 1113 iniquus,

2248 1120 2301 1174 in
2339 1120 2568 1176 insidias
2598 1121 2824 1177 minime
2865 1125 3083 1179 transit.
3144 1123 3280 1180 Nam
3330 1126 3492 1182 facile
3545 1130 3597 1184 in
3637 1148 3790 1191 conse-

2247 1212 2435 1280 quenti
2485 1226 2712 1281 operum
2765 1214 3077 1283 repellitur,
3130 1216 3177 1271 si
3214 1217 3392 1287 prima
3441 1220 3787 1281 oblectamenta

2249 1302 2396 1356 illius
2418 1311 2769 1372 respuantur.
2801 1303 3065 1360 Diabolus
3101 1308 3248 1361 enim
3287 1325 3517 1379 serpens
3544 1322 3622 1367 est
3647 1314 3788 1371 lubri-

2247 1406 2367 1458 cus,
2392 1392 2552 1461 cujus
2582 1393 2629 1448 si
2659 1395 2845 1464 capiti,
2880 1396 2934 1450 id
2968 1406 3054 1452 est
3097 1400 3288 1468 prima:
3346 1403 3683 1473 suggestioni,
3702 1424 3787 1464 non

2249 1484 2543 1553 resistitur,
2622 1495 2775 1542 totus
2823 1489 3038 1543 interna
3106 1492 3315 1558 cordis,
3352 1494 3482 1549 dum
3543 1502 3786 1569 consentit,

2249 1576 2510 1632 illabitur.
2562 1576 2951 1635 Tentationum
2989 1582 3385 1641 diabolicarum
3433 1588 3578 1644 initia
3613 1589 3788 1663 fragilia

2250 1678 2398 1723 sunt.
2430 1669 2563 1736 Quae
2590 1671 2637 1726 si
2668 1686 2778 1726 non
2800 1683 3083 1742 caventur,
3107 1677 3203 1731 sed
3228 1693 3326 1747 per
3349 1695 3507 1734 usum
3534 1681 3584 1736 in
3601 1698 3785 1741 conisae

553 1782 702 1829 lente
719 1773 848 1842 Deo,
866 1775 1047 1830 omnis
1070 1773 1684 1846 potestasjustaest.Ex
1709 1776 2146 1830 seenimtentare
2181 1754 2220 1808 Β
2250 1759 2493 1815 "nunc"!
2538 1772 2840 1831 "auscultt.
2909 1765 2967 1819 in
3021 1766 3325 1823 novissimo
3372 1769 3579 1826 fortiter
3619 1789 3786 1829 conva-

551 1867 825 1937 quoslibet
855 1867 1055 1936 injuste
1076 1867 1301 1937 appetit,
1331 1866 1426 1922 sed
1454 1882 1550 1921 eos
1589 1866 1682 1936 qtti
1715 1866 1958 1921 tentandi
1994 1875 2143 1931 sunt,

553 1955 778 2010 nonnisi
817 1955 965 2025 juste
1014 1956 1209 2011 tentari
1256 1954 1399 2010 Deus
1442 1955 1725 2025 permittit.
1785 1953 1938 2010 Unde
1984 1967 2039 2009 et
2091 1955 2144 2008 in

551 2046 705 2101 libris
733 2044 939 2117 Regum
982 2047 1050 2103 de
1076 2047 1294 2102 diabolo
1330 2048 1593 2117 scriptum
1626 2056 1709 2102 est
1745 2047 1873 2117 quia
1918 2065 1937 2099 ι
1986 2046 2145 2117 spiri-

553 2146 643 2194 tus
666 2137 886 2193 Domini
923 2140 1102 2194 malus
1125 2140 1369 2195 irruebat
1400 2140 1453 2193 in
1485 2138 1616 2194 Saul
1660 2139 1711 2210 (ι
1740 2139 1866 2210 Reg.
1907 2140 2084 2208 xvm),
2120 2158 2138 2191 ι

552 2230 646 2285 ubi
679 2230 827 2299 juste
852 2232 1151 2301 quatitur:
1182 2231 1239 2287 Si
1274 2231 1513 2300 Domini,
1539 2248 1637 2287 cur
1668 2233 1889 2287 malus?
1939 2234 1984 2288 si
2029 2250 2146 2288 ma-

556 2323 667 2385 lus,
702 2321 1070 2377 curDomini?
1121 2323 1226 2379 Sed
1251 2325 1469 2379 duobus
1517 2324 1699 2379 verbis
1748 2325 2143 2395 comprehensa

552 2425 639 2468 est
666 2423 720 2468 et
742 2413 836 2470 Dei
863 2424 1104 2484 potestas
1130 2417 1301 2487 justa,
1327 2426 1382 2471 et
1405 2416 1607 2471 diaboli
1632 2417 1887 2471 voluntas
1918 2417 2141 2487 injusta.

553 2501 690 2558 Nam
721 2505 947 2574 spiritus
988 2508 1164 2561 malus
1200 2522 1295 2576 per
1344 2507 1739 2576 nequissimam
1787 2507 2142 2575 voluntatem,

553 2606 611 2652 et
658 2597 799 2652 idem
857 2599 1084 2665 Spiritus
1120 2599 1336 2653 Domini
1360 2616 1457 2670 per
1480 2608 1758 2671 acceptam
1778 2601 2142 2670 justissimam

554 2699 899 2758 potestatem.
935 2691 1196 2746 Diabolus
1229 2708 1334 2747 non
1370 2700 1457 2748 est
1481 2693 1779 2759 immissor,
1824 2693 1920 2748 sed
1959 2694 2145 2748 incen-

553 2794 641 2837 tor
676 2785 858 2853 potius
882 2784 1163 2838 vitiorum.
1199 2782 1386 2855 Neque
1414 2785 1558 2839 enim
1596 2786 1723 2839 alibi
1755 2786 2147 2855 concupiscen-

557 2876 645 2931 tia:
674 2875 908 2931 fomenta
942 2877 1244 2943 succendit,
1271 2878 1373 2931 nisi
1424 2878 1513 2932 ubi
1568 2877 1721 2947 pritts
1776 2893 1955 2948 prava:
1994 2878 2145 2949 cogi-

554 2967 776 3022 tationis
820 2969 1235 3023 delectationem
1294 2969 1587 3039 aspexrrit.
1630 2967 1804 3036 Quam
1864 2969 1912 3026 si
1960 2970 2142 3040 sperni

553 3058 777 3113 uberius
819 3061 1124 3129 aspexerit,
1171 3060 1290 3115 sine
1347 3060 1515 3115 dubio
1555 3061 1642 3115 ille
1672 3060 1938 3117 confusus
1968 3061 2146 3118 disce-

553 3152 667 3218 dit,
731 3154 1024 3220 statimque
1090 3153 1417 3224 franguntur
1460 3156 1643 3225 jacula
1689 3157 2147 3227 concupiscentiae

553 3241 695 3312 ejus,
741 3253 1161 3313 contemptaque
1187 3243 1393 3313 jacent,
1424 3255 1478 3299 et
1512 3246 1631 3299 sine
1661 3245 1780 3300 luce
1813 3244 1962 3300 faces
1997 3246 2147 3301 illius

551 3316 995 3407 exstinguuntur.
1044 3336 1286 3392 Sollicito
1336 3338 1511 3393 hostis
1567 3339 1795 3395 insidias
1848 3340 2147 3412 intelligere

551 3427 757 3497 pariter
805 3437 858 3482 et
897 3444 1090 3483 cavere
1122 3428 1215 3484 Dei
1258 3446 1476 3484 servum
1519 3440 1751 3500 oportet,
1779 3432 1967 3502 sicque
1994 3433 2149 3488 inno-

558 3519 738 3572 centia
791 3520 915 3573 vita:
970 3520 1206 3574 existere
1261 3520 1587 3590 simplicem,
1629 3530 1691 3576 ut
1744 3530 1925 3578 tamen
1980 3539 2145 3593 opor-

555 3618 666 3663 teat
689 3627 813 3665 cum
844 3612 1194 3681 simplicitate
1220 3614 1543 3683 prudentem
1581 3630 1722 3670 esse.
1759 3614 1863 3683 Qui
1904 3617 2147 3686 pruden-

554 3700 685 3755 tiam
716 3703 1052 3772 simplicitati
1088 3720 1195 3758 non
1225 3705 1435 3770 miscet,
1465 3706 1620 3775 juxta
1649 3708 1969 3777 praphctam
1995 3708 2141 3780 (0w.

552 3790 654 3860 vn)
686 3791 935 3846 columba
966 3802 1049 3848 est
1076 3795 1323 3860 seducta,
1354 3812 1463 3850 non
1487 3796 1694 3852 habens
1719 3813 1836 3852 cor.

629 3882 735 3937 Sed
791 3883 914 3939 ideo
962 3886 1217 3941 columba
1264 3896 1367 3953 est,
1420 3888 1548 3957 quia
1585 3890 1817 3959 simplex
1858 3901 1970 3959 est;
2023 3893 2145 3947 ideo

554 3981 738 4028 autem
762 3989 858 4029 cor
886 3991 994 4031 non
1029 3977 1256 4044 habens,
1284 3978 1412 4048 quia
1454 3978 1643 4048 ignara
1690 3981 1992 4050 prudentiae
2037 3996 2140 4038 est.

556 4064 709 4136 Saepe
758 4066 907 4122 fraus
941 4068 1158 4125 Satanae
1217 4081 1533 4126 sanctorum
1576 4074 1834 4129 cordibus
1869 4076 2141 4144 aperitur,

552 4159 772 4228 quando
806 4175 902 4229 per
922 4161 1157 4231 speciem
1191 4163 1339 4228 boni,
1372 4164 1627 4233 angelum
1654 4180 1711 4220 se
1739 4165 2006 4223 simulans
2056 4169 2142 4221 lu-

552 4251 633 4306 cis
661 4253 790 4307 dum
847 4254 1039 4308 nititur
1083 4256 1284 4311 electos
1345 4256 1617 4327 decipere,
1656 4258 1928 4330 detegitur
1980 4268 2143 4331 atque

551 4345 938 4401 contemnitur.
981 4345 1072 4402 Sic
1121 4358 1177 4403 ct
1208 4348 1369 4402 verba
1415 4349 1625 4406 fallacis
1672 4352 1936 4407 doctrina:
1998 4351 2142 4409 Deus

2249 1852 2482 1921 lescunt,
2510 1854 2582 1909 ita
2606 1864 2665 1910 ut
2687 1872 2971 1928 nunquam
3008 1868 3104 1914 aut
3129 1876 3254 1916 cum
3276 1862 3583 1922 dimculiate
3602 1868 3787 1924 vincan-

2249 1953 2355 1998 tur.

2950 2057 3172 2099 DIVISIO.

2318 2125 2459 2183 Cum
2492 2145 2547 2183 In
2579 2138 2689 2186 tota
2719 2132 2831 2188 vita
2863 2134 3121 2192 diabolus
3147 2138 3508 2207 praevaricare
3552 2142 3783 2199 hominem

2248 2221 2698 2293 cupiat,amplius
2711 2233 2893 2281 tamen
2912 2228 2966 2282 in
2989 2230 3093 2284 ﬁne
3116 2231 3340 2286 molitur
3355 2233 3784 2304 ἁπερεί-τεθναίη-

2247 2311 2599 2382 dequamvis
2633 2317 2706 2370 sit
2727 2315 2947 2386 justus,
2987 2329 3166 2375 tamen
3199 2337 3426 2379 necesse
3446 2334 3527 2380 est
3551 2336 3603 2380 ut
3629 2329 3675 2381 in
3703 2328 3786 2385 hac

2249 2404 2358 2458 vita
2393 2421 2673 2477 nunquam
2722 2412 2794 2464 sit
2841 2426 3092 2480 securus,
3123 2416 3218 2469 sed
3247 2431 3467 2486 semper
3488 2419 3686 2476 humilis
3710 2437 3784 2475 ia-

2247 2507 2391 2562 vcat,
2423 2514 2766 2571 semperque,
2792 2520 2859 2558 ne
2890 2505 2944 2559 in
2973 2508 3081 2561 fine
3123 2518 3374 2576 corruat,
3406 2510 3650 2567 sollicitus
3677 2530 3780 2583 per-

2247 2588 2517 2646 timescat.
2560 2592 2822 2651 Diabolus
2880 2598 2998 2652 suis
3041 2598 3351 2656 fautoribus
3388 2601 3661 2670 blanditur,
3708 2602 3783 2659 Dei

2247 2682 2421 2737 servis
2449 2699 2578 2737 vero
2604 2686 2829 2741 tnolitttr
2860 2698 3193 2746 tentantenta
3227 2696 3502 2748 contraria
3527 2696 3779 2750 secundum

2246 2772 2494 2842 exempla
2519 2772 2756 2842 Domini,
2787 2778 2881 2846 qui
2919 2794 2977 2833 se
2998 2788 3122 2848 post
3150 2781 3482 2851 baptismum
3502 2800 3677 2853 passus
3716 2795 3784 2839 est

2247 2879 2278 2918 a
2305 2866 2526 2921 diabolo
2575 2872 2895 2937 pertentari.
2928 2874 3445 2931 Diabolus‘sanctos
3485 2891 3656 2931 omnes
3696 2892 3782 2931 nou

2249 2958 2482 3013 tenendo
2537 2962 2798 3028 possidet,
2838 2964 2930 3017 sed
2961 2965 3223 3019 tantando
3267 2969 3617 3038 persequitur.
3672 2966 3785 3023 Nam

2247 3049 2375 3117 quia
2402 3050 2454 3104 in
2480 3051 2559 3106 eis
2590 3052 2921 3110 intrinsecus
2944 3071 3052 3110 non
3071 3066 3282 3128 regnat,
3301 3068 3487 3113 contsa
3504 3075 3591 3114 eos
3607 3061 3788 3114 extrin-

2250 3156 2409 3197 secus
2439 3153 2664 3213 pugnat,
2689 3154 2743 3199 et
2765 3146 2857 3215 qui
2892 3147 3126 3203 interius
3175 3151 3364 3206 amisit
3394 3152 3683 3217 Dominum,
3706 3168 3790 3206 cx-

2249 3235 2418 3290 terius
2443 3250 2753 3293 commovet
2794 3239 3017 3295 bellum.
3044 3239 3200 3296 Tunc
3254 3253 3446 3298 contra
3489 3260 3602 3299 eum
3648 3260 3789 3315 quem

2250 3328 2491 3396 possidet
2510 3330 2761 3387 diabolus
2789 3332 2974 3387 acrius
3000 3335 3173 3399 smvit,
3201 3337 3423 3405 quando
3452 3353 3506 3392 se
3532 3338 3712 3392 virtute
3734 3340 3795 3392 ab

2246 3433 2313 3473 eo
2343 3421 2720 3490 expellendum
2748 3425 3044 3494 cognoscit.
3064 3424 3281 3480 Etenim
3306 3437 3362 3482 et
3387 3429 3670 3484 immundus
3693 3430 3796 3499 spi-

2249 3513 2386 3566 ritus
2422 3522 2552 3569 tunc
2583 3516 2805 3584 gravius
2827 3517 3065 3586 decerpit
3093 3533 3324 3586 puerum
3350 3520 3406 3575 in
3430 3537 3524 3590 quo
3539 3520 3799 3575 habitabat

2249 3605 2468 3675 (Matth.
2501 3612 2621 3676 χιι),
2652 3610 2872 3678 quando
2915 3612 2980 3663 ad
3029 3610 3235 3666 Christi
3266 3614 3545 3682 impierum
3571 3614 3711 3667 exire
3736 3614 3798 3668 ab

2246 3715 2311 3752 eo
2337 3708 2563 3755 coactus
2589 3710 2691 3755 est.
2725 3701 2882 3768 Quod
2916 3703 3119 3759 factum
3143 3715 3199 3759 ct
3227 3706 3295 3761 ad
3336 3705 3442 3762 Job
3468 3708 3615 3761 verba
3640 3708 3796 3777 respi-

2246 3791 2340 3857 cit,
2364 3791 2455 3846 ubi
2485 3792 2538 3845 in
2559 3793 2873 3850 novissanis
2904 3795 3205 3852 Vehemoth
3231 3800 3461 3853 caudam
3489 3816 3631 3855 suam
3657 3800 3799 3869 quasi

2246 3884 2442 3940 cedrus
2479 3886 2698 3956 stringit
2728 3886 2849 3956 (Job
2888 3891 3001 3960 XL).
3049 3889 3176 3944 Plus
3224 3892 3481 3947 diabolus
3512 3904 3689 3947 contra
3716 3907 3800 3946 ros

2245 3978 2479 4033 diversis
2532 3980 2923 4036 tentationibus
2954 3982 3175 4047 insistit,
3203 3985 3298 4053 qui
3336 3994 3565 4053 possunt
3601 3994 3651 4039 et
3693 3983 3801 4038 aliis

2246 4083 2343 4122 sua
2372 4068 2601 4124 utilitate
2623 4072 2902 4140 prodesse,
2929 4080 3006 4138 ut,
3030 4073 3160 4126 dum
3191 4075 3267 4127 illi
3298 4076 3680 4144 impediuntur,
3706 4090 3802 4128 non

2244 4161 2528 4228 perficiant
2557 4162 2702 4231 quod
2744 4162 2975 4218 docendi
3020 4174 3166 4219 sunt.
3204 4164 3426 4238 Μεδιίεηὶ
3455 4169 3670 4239 spiritus
3716 4168 3805 4221 hoc

2245 4252 2392 4322 quod
2418 4253 2561 4308 intra
2591 4271 2691 4311 nos
2716 4256 2985 4311 mundare
3010 4259 3297 4328 cupimus,
3326 4263 3448 4317 sine
3473 4262 3803 4317 intermissio-

2246 4361 2313 4400 ne
2337 4355 2547 4402 tentant
2581 4349 2775 4404 iterum
2802 4350 3105 4407 sordidare.
3156 4351 3343 4408 Sancti
3373 4364 3551 4411 autcm
3579 4369 3807 4426 praesago

554 4445 773 4490 sanctos
808 4434 939 4490 facit
963 4437 1283 4508 intelligere,
1310 4449 1579 4508 quatenus
1616 4441 1947 4497 diabolicum
1983 4460 2141 4499 erro-
2174 4454 2217 4510 ι)
2245 4438 2438 4507 spiritu
2462 4453 2652 4493 eorum
2682 4440 2912 4495 insidias
2963 4455 3453 4513 praecognoscunt,
3487 4457 3538 4501 et
3561 4445 3808 4516 quidquid

551 4541 667 4581 rem
691 4527 921 4583 interius
949 4539 1303 4600 cognoscant,
1324 4532 1624 4587 utsollicitc
1651 4544 1897 4589 caveant.
1934 4536 2143 4591 Discre-

553 4616 629 4670 tio
664 4626 979 4672 sanctorum
1006 4627 1154 4673 tanta
1196 4635 1319 4675 esse
1354 4620 1533 4689 debet,
1564 4634 1624 4678 ut
1665 4625 1806 4679 inter
1835 4625 2036 4679 bonum
2088 4638 2142 4682 et

553 4709 757 4763 malum
806 4711 1015 4780 praediti
1052 4713 1262 4767 ratione
1297 4714 1613 4784 dijudic.-nt,
1647 4732 1713 4769 ne
1748 4733 1842 4772 eos
1888 4717 2140 4774 diabolus

551 4814 650 4869 per
674 4805 909 4869 spectent
938 4802 1065 4856 boni
1093 4802 1261 4860 fallat.
1292 4803 1443 4859 Tunc
1464 4806 1610 4860 enim
1645 4806 1781 4860 bene
1820 4807 1887 4860 de
1914 4808 2138 4877 sejudi-

552 4900 679 4944 cant
704 4894 878 4947 sancti
909 4895 1128 4963 quando
1174 4894 1318 4951 Deus
1350 4896 1566 4953 fallacia
1611 4898 1923 4953 daemonum
1958 4909 2139 4955 tenta-

552 4992 736 5038 menta
760 4983 888 5039 facit
918 4986 1234 5057 intelligere.
1262 4987 1307 5040 Μ
1318 4988 1814 5059 ultidecipiuntura
1837 4990 2057 5045 diabolo
2086 5002 2140 5046 et

553 5071 808 5143 ignorant
833 5088 953 5129 sese
988 5090 1112 5130 esse
1139 5076 1413 5147 deceptos,
1463 5080 1739 5149 propheta:
1795 5079 1949 5135 Osca:
1989 5082 2138 5137 tasti-

553 5163 740 5218 monio
794 5164 1138 5223 deelarante:
1179 5188 1198 5220 ι
1242 5169 1610 5225 Comederunt
1642 5191 1660 5222 ι
1693 5172 1892 5242 inquit,
1923 5193 1939 5225 ι
1975 5174 2137 5228 alieni

542 5255 725 5319 robur
767 5256 907 5325 ejus,
957 5267 1011 5312 et
1056 5259 1171 5328 ipse
1234 5261 1502 5331 ignoravit
1533 5260 1680 5331 (Ore.
1717 5268 1836 5334 vn).
1871 5283 1889 5317 ι
1940 5258 2136 5320 Allieni

554 5362 794 5418 namque
822 5350 1040 5422 maligni
1071 5352 1299 5421 Spiritus
1328 5354 1727 5424 significantur,
1761 5357 1856 5427 qui
1905 5359 2137 5413 virtutes

556 5440 756 5494 mentis
771 5441 1097 5509 comedunt;
1139 5444 1233 5498 sed
1280 5445 1381 5499 hoc
1406 5446 1566 5500 corda
1607 5447 1996 5521 negligentium
2027 5464 2135 5503 non

558 5530 958 5588 intellexerunt.
1000 5535 1282 5603 'l‘anquam
1323 5536 1546 5593 inermis
1596 5539 1846 5594 diabolus
1878 5542 2133 5608 vincitur,

554 5623 773 5688 quando
818 5624 886 5679 de
941 5634 1125 5694 aperta
1177 5625 1462 5695 iniquitate
1518 5629 1794 5685 hominem
1840 5634 2136 5701 depravare

552 5722 802 5768 conatur.
831 5713 1087 5769 Armatus
1114 5715 1277 5771 verbo
1301 5726 1429 5773 tunc
1461 5720 1679 5789 incedit,
1711 5723 1839 5775 dum
1866 5736 1962 5792 per
1982 5738 2132 5794 spem

2245 4531 2299 4584 in
2334 4531 2643 4602 semetipsis
2675 4541 2957 4588 terrenum
2981 4536 3223 4589 sentiunt
3253 4536 3624 4594 indesinenter
3643 4537 3811 4607 operi-

2243 4621 2347 4677 bus
2369 4624 2574 4678 sanctis
2595 4624 2949 4693 exhauriunt,
2978 4636 3037 4681 ut
3060 4628 3127 4682 de
3153 4628 3365 4683 intimis
3394 4632 3518 4700 puri
3540 4630 3810 4685 invenian—

2241 4722 2349 4768 tur.
2382 4713 2584 4770 Eodem
2609 4715 2984 4773 blandimento
3006 4720 3356 4790 decipiuntur
3405 4739 3549 4777 nunc
3576 4739 3677 4793 per
3705 4723 3813 4778 dia-

2243 4804 2426 4859 bolum
2475 4805 2726 4862 homines
2774 4823 2887 4878 quo
2936 4812 3258 4879 protoplasti
3320 4812 3374 4866 in
3418 4813 3678 4882 paradiso
3702 4820 3817 4866 sunt

2241 4896 2473 4967 decepti.
2528 4896 2710 4953 Multis
2772 4900 2919 4953 enim
2968 4901 3226 4957 vitiorum
3274 4904 3568 4973 praestigiis
3620 4914 3819 4959 mentes

2243 4988 2594 5055 reprobot'nm
2642 4991 3002 5057 pertentando
3051 4993 3278 5046 deludit.
3311 4992 3470 5049 Nunc
3509 4998 3661 5049 en'm
3707 5012 3820 5066 pro-

2242 5078 2425 5132 missis
2453 5079 2671 5149 decipit.
2709 5097 2853 5135 nunc
2884 5082 3047 5136 rebus
3076 5085 3411 5139 transitoriis
3431 5087 3594 5156 quasi
3646 5100 3823 5142 neces-

2241 5171 2401 5224 sariis
2429 5171 2599 5224 illicit.
2643 5170 2797 5225 Nune
2827 5173 2973 5226 enim
3016 5174 3131 5243 ipsa
3162 5174 3362 5229 inferni
3397 5178 3674 5247 supplico
3696 5187 3823 5247 qua-

2240 5262 2285 5317 si
2324 5262 2459 5316 icvia
2506 5278 2572 5317 ac
2619 5265 2935 5318 transitoria
2965 5267 3227 5335 suggerit,
3276 5279 3552 5337 quatenus
3596 5272 3821 5326 misero-

2241 5369 2361 5409 rum
2393 5354 2557 5408 corda
2583 5354 2636 5407 in
2663 5353 2959 5423 cupiditate
2975 5355 3310 5427 lasciviaque
3329 5360 3604 5417 dissolvat
3619 5377 3824 5418 secum-

2238 5461 2346 5516 que
2369 5446 2437 5500 ad
2469 5454 2674 5499 tartara
2706 5446 2890 5500 ducat.
2920 5447 3256 5517 Argumenta
3287 5453 3663 5509 tentationum
3719 5471 3825 5509 rna-

2239 5537 2522 5609 larumque
2546 5539 2961 5609 cogitationum,
2978 5542 3186 5595 semina
3207 5557 3332 5612 qua:
3359 5545 3412 5598 in
3443 5547 3623 5601 corda
3654 5547 3825 5601 homi-

2239 5645 2371 5683 num
2407 5630 2660 5685 diabolus
2685 5629 2883 5697 fundit,
2923 5632 2995 5685 ita
3023 5646 3167 5702 saepe
3212 5634 3454 5705 undique
3499 5648 3743 5709 captant
3780 5647 3826 5692 et

2241 5722 2528 5794 implicant
2551 5733 2810 5790 mentem,
2843 5734 2901 5781 ut
2929 5740 2993 5780 ex
3019 5740 3125 5796 qua
3151 5737 3306 5798 parte
3328 5729 3573 5786 evadere
3599 5735 3830 5805 quisun
