3964 6438
194 286 300 345 869

1142 288 1719 347 DEFI.ORATlONES
1757 290 1859 346 SS.
1900 288 2212 348 PATRUM.
2244 320 2316 331 --
2354 289 2481 346 LIB.
2522 287 2563 346 Ι.

3388 287 3495 345 810

208 400 535 467 tentaverit,
571 402 694 458 sine
720 400 959 472 periculo
989 399 1139 455 exire
1171 417 1277 456 non
1307 401 1480 472 possit
1507 417 1521 453 :
1546 401 1710 457 veluti
1760 400 1805 455 si
1838 413 1879 467 Α
1907 401 2050 471 apud
2075 401 2326 457 homines
2355 400 2546 466 electi,
2598 396 2739 469 apud
2765 396 2936 454 Deum
2991 396 3176 453 fenum
3228 410 3492 456 eststunt.

202 493 357 565 iures
401 493 512 548 hoc
543 493 767 559 facere;
818 493 961 563 quod
1007 493 1052 547 si
1104 491 1299 548 feceris
1341 509 1572 563 pecces;
1609 494 1654 548 si
1697 508 1805 547 non

213 584 412 641 feceris
432 626 449 651 ,
481 599 616 639 reus
638 584 862 654 perjurii
884 585 978 639 sis.
1005 582 1062 637 In
1091 592 1245 638 tanto
1278 599 1408 655 ergo
1437 584 1563 638 mali
1611 584 1809 639 discri-

214 678 361 732 mine
395 684 458 731 ut
495 675 765 731 evadendi
803 676 981 729 aditus
1021 684 1222 745 pateat,
1258 676 1469 731 minora
1505 676 1687 745 potius
1710 676 1808 730 eli-

210 767 385 839 genda
403 778 556 833 sunt,
571 776 629 822 ut
646 767 851 836 majora
870 767 1127 822 vitentur.
1148 767 1406 823 Diabolus
1421 768 1640 838 quando
1657 768 1807 823 deci-

209 874 337 930 pere
362 859 384 932 [
426 859 529 930 ult]
552 874 910 929 quemquam,
928 861 1082 927 prius
1107 869 1357 914 naturam
1379 860 1809 930 uniuscujusque

207 949 469 1015 intendit,
497 959 553 1005 et
577 950 702 1005 inde
749 965 809 1006 se
845 951 1081 1020 applicat
1129 950 1272 1004 unde
1302 960 1489 1020 aptum
1526 951 1807 1006 hominem

208 1043 278 1098 ad
331 1044 673 1114 peccandum
731 1044 1052 1107 inspexerit.
1101 1043 1182 1098 Ex
1224 1060 1287 1099 ea
1355 1055 1507 1114 parte
1559 1046 1808 1101 homines

207 1145 412 1203 tentat,
433 1153 543 1207 qua
565 1153 662 1192 eos
685 1153 782 1207 per
802 1145 1147 1192 exercentem
1193 1138 1480 1193 humorem
1517 1136 1679 1194 facile
1722 1139 1808 1193 in-

205 1230 425 1284 clinare
477 1230 545 1284 ad
579 1230 708 1284 vitia
766 1229 1051 1299 conspicit,
1101 1237 1162 1284 ut
1213 1229 1511 1295 secundum
1559 1229 1807 1285 humoris

203 1322 667 1391 ronsparsionem
700 1322 954 1378 adhibeat
990 1323 1375 1377 tentationem.
1402 1321 1544 1392 Lege
1585 1321 1805 1376 Balaam

201 1411 306 1480 qui
342 1413 400 1465 in
434 1414 609 1482 figura
633 1412 836 1467 diaboli
862 1420 1053 1466 contra
1087 1412 1357 1482 populum
1381 1410 1562 1466 Deiex
1587 1426 1648 1465 ea
1679 1427 1804 1481 par-

203 1511 262 1556 te
291 1504 559 1573 praecepit
585 1503 925 1572 perniciosos
958 1503 1293 1573 praetendere
1318 1502 1563 1573 laqueos,
1593 1519 1659 1557 ex
1687 1518 1796 1572 qua

201 1592 441 1649 facilius
464 1594 638 1650 sensit
659 1609 757 1649 eos
782 1610 904 1650 esse
926 1595 1180 1665 lapsuros
1214 1594 1407 1665 (Num.
1435 1596 1616 1664 mu).
1665 1593 1802 1649 Nam

200 1693 261 1739 et
289 1687 433 1755 quia
455 1686 657 1741 alicubi
682 1686 922 1753 deducit,
972 1702 1079 1741 non
1110 1702 1232 1742 eam
1261 1702 1357 1757 per
1397 1688 1560 1742 aliam
1596 1696 1804 1757 partem

1912 492 2051 547 Tum
2075 493 2324 548 diabolus
2347 493 2462 562 jam
2491 489 2786 561 deglutisse
2814 490 3014 545 dicitur
3039 505 3203 560 quem
3226 489 3340 560 jam
3372 506 3497 561 per-

1913 584 2053 640 fecto
2096 584 2300 640 scelere
2351 584 2647 639 devorasse
2698 581 2930 636 videtur.
2990 580 3130 636 Eum
3166 597 3293 638 vero
3333 597 3500 652 quem

1911 692 2020 731 non
2048 675 2333 747 deglntivit
2363 674 2546 745 operis
2577 673 2935 744 perfectione,
2992 675 3088 730 sed
3127 675 3497 730 tentationutn

1912 767 2184 822 illecebris
2220 766 2434 822 mordet
2466 776 2523 821 ut
2549 767 2810 833 devoret,
2840 766 3022 822 adhuc
3067 767 3227 837 quasi
3274 767 3329 822 in
3383 782 3501 821 ma-

1911 860 2037 913 xilla
2065 859 2292 913 mandit.
2325 857 2479 914 Unde
2503 868 2557 913 et
2578 857 2784 914 Paulus
2815 859 2979 915 habet
3034 860 3291 915 stinmlos
3314 858 3501 915 carnis

1913 951 2114 1020 quibus
2146 950 2491 1016 humilietur,
2519 965 2627 1004 non
2679 950 2843 1004 habet
2892 949 3156 1019 peccandi
3205 948 3500 1020 perfectio-

1912 1059 2032 1096 nem
2058 1059 2165 1113 qua
2211 1043 2564 1114 deglutiatur’.
2594 1040 2669 1098 Os
2711 1041 2913 1096 diaboli
2966 1042 3131 1096 verba
3174 1042 3296 1113 ejus
3344 1053 3495 1111 sunt;

1909 1134 2071 1188 verba
2115 1149 2245 1189 vero
2284 1134 2403 1203 ejus
2449 1134 2833 1202 inspirationes
2863 1133 3090 1188 occultat
3117 1143 3265 1201 sunt,
3299 1135 3502 1204 quibus

1909 1227 2072 1281 corda
2116 1227 2400 1281 hominum
2437 1226 2721 1296 alloquens
2767 1224 2998 1281 occultis
3039 1226 3148 1280 urit
3189 1226 3503 1296 cupiditati-

1915 1319 2038 1373 bus.
2097 1317 2329 1384 Quidam
2355 1319 2425 1373 oh
2453 1316 2881 1388 incorrigibilem
2947 1317 3322 1387 iniquitatem,
3370 1317 3504 1389 quia

1912 1418 2105 1478 sponte
2136 1423 2243 1461 non
2295 1412 2671 1477 corriguntur,
2719 1407 3019 1462 immundis
3079 1408 3363 1477 spiritibus
3410 1424 3503 1463 vc-

1912 1501 2076 1556 xandi
2109 1501 2400 1554 traduntur
2430 1510 2487 1555 ut
2521 1500 2814 1569 arripiendi
2836 1500 3226 1555 eosdaemones
3241 1515 3495 1571 corpora-

1911 1593 2030 1647 liter
2055 1592 2295 1673 liabeant
2313 1599 2661 1662 potestatem,
2684 1588 3095 1660 terroribusque
3113 1605 3303 1645 eorum
3320 1591 3502 1647 afflicti

1911 1682 2294 1747 humilientur,
2341 1691 2395 1736 et
2444 1682 2743 1751 potnizcant
2786 1695 2851 1735 ac
2897 1680 3194 1736 salventur.
3250 1679 3403 1736 Sicut
3450 1694 3506 1737 et

201 1779 407 1843 mittit,
436 1778 544 1834 nisi
569 1778 659 1835 ubi
689 1779 809 1849 ejus
852 1779 1115 1849 impetum
1160 1779 1409 1835 intendit.
1448 1778 1640 1835 Nullus
1681 1780 1801 1834 eul-
1833 1778 1876 1832 B
1906 1774 2209 1844 Apostolus
2254 1771 2555 1828 Corinthiis
2587 1773 2833 1827 scribens
2886 1772 3054 1827 dicit:
3096 1791 3113 1823 ι
3140 1772 3358 1828 Tradite
3400 1774 3505 1828 hu-

199 1884 340 1939 pam
371 1885 489 1925 non
519 1870 814 1936 existimet,
839 1885 1003 1940 quam
1028 1885 1092 1924 ex
1123 1871 1343 1940 propria
1389 1871 1647 1940 passione
1685 1885 1810 1924 sus-

200 1961 381 2024 tinet,
442 1961 537 2015 sed
572 1971 839 2030 quantum
871 1961 1016 2015 valet
1066 1970 1256 2015 contra
1309 1960 1362 2015 id
1414 1960 1559 2030 quod
1616 1961 1811 2015 tolerat

200 2059 445 2121 pugnet.
476 2050 611 2106 Nam
634 2051 680 2107 si
708 2051 1086 2121 consparsioni
1131 2052 1365 2116 ceditur,
1402 2051 1689 2106 tentationi
1726 2052 1809 2106 vel

202 2144 351 2198 vitio
382 2159 734 2214 nequaquam
769 2144 1061 2199 resistitur.
1095 2143 1219 2198 Ideo
1251 2143 1506 2199 diabolus
1549 2144 1605 2198 in
1633 2145 1808 2200 sacris

209 2235 470 2306 eloquiis
501 2234 821 2303 Vehemoth,
848 2236 900 2291 id
954 2247 1037 2292 est
1068 2236 1292 2303 animal,
1334 2237 1557 2304 dicitur,
1587 2238 1715 2307 quia
1745 2238 1812 2292 de

204 2326 377 2382 cmlis
408 2326 600 2398 lapsus
615 2327 684 2381 ad
713 2338 885 2383 terras
904 2328 1130 2395 cecidit;
1157 2328 1280 2382 ideo
1305 2326 1625 2395 Leviathan,
1650 2329 1703 2383 id
1729 2339 1808 2384 est

204 2435 455 2490 serpens
483 2421 550 2475 de
570 2423 749 2490 aquis,
785 2420 1004 2488 dicitur,
1029 2421 1157 2489 quia
1177 2421 1232 2474 in
1260 2421 1427 2491 hujus
1454 2421 1636 2476 saeculi
1663 2436 1813 2476 mare
1837 2468 1846 2475 .

205 2511 456 2566 volubili
485 2521 737 2566 versatur
758 2513 978 2567 astutia.
1007 2510 1138 2567 Avis
1160 2522 1443 2582 propterea
1471 2512 1810 2580 nominatur,

207 2604 355 2674 quia
379 2619 481 2675 per
505 2605 818 2674 superbiam
843 2604 908 2658 ad
943 2604 1051 2658 alta
1085 2604 1412 2660 sustollitur.
1441 2604 1509 2660 Et
1549 2616 1696 2660 recte
1726 2604 1813 2660 his

207 2697 517 2754 vocabulis
549 2698 724 2752 tribus
773 2697 1072 2767 appellatur
1097 2700 1193 2767 qui
1219 2714 1319 2768 pro
1347 2714 1450 2754 suo
1481 2698 1674 2753 merito
1723 2712 1814 2752 ae-

208 2805 337 2845 rem
371 2788 538 2860 quasi
562 2789 678 2844 avis
698 2804 797 2859 pro
825 2805 1043 2845 carcere
1073 2790 1303 2856 meruit,
1334 2799 1537 2844 terram
1586 2789 1810 2843 brutum

210 2884 434 2939 animal
459 2884 716 2949 comedit,
735 2897 960 2952 serpens
983 2891 1043 2938 ut
1067 2883 1122 2937 in
1154 2882 1317 2953 hujus
1345 2883 1530 2938 saeculi
1554 2897 1705 2937 mare
1729 2883 1815 2936 in-

212 2990 359 3031 sana
388 2976 635 3047 jactatur
679 2974 1053 3030 fluctuatione.
1088 2973 1167 3029 Ex
1214 2989 1280 3029 eo
1328 2975 1476 3029 enim
1528 2975 1675 3045 quod
1718 2991 1815 3046 per

214 3068 484 3123 membra
527 3082 626 3123 sua
655 3066 907 3122 diabolus
936 3076 1215 3137 operatur,
1246 3067 1475 3121 sortitur
1523 3066 1811 3135 vocabula,

217 3161 293 3215 ita
319 3170 385 3216 ut
409 3159 560 3230 quod
587 3159 787 3230 singuli
810 3167 980 3231 agunt
1005 3159 1265 3215 incitante
1285 3158 1400 3227 illo,
1425 3158 1540 3229 ipse
1560 3159 1814 3214 nomine-

218 3262 316 3309 tur
347 3268 420 3307 ex
451 3267 538 3307 eo.
564 3252 735 3317 Quem
763 3251 909 3306 enim
959 3266 1067 3306 non
1110 3251 1313 3321 decipit
1357 3251 1610 3306 diabolus
1672 3253 1816 3306 unde

221 3345 440 3401 animal
470 3354 576 3410 est,
607 3345 712 3400 hoc
734 3356 818 3400 est
842 3360 937 3414 per
965 3345 1148 3399 carnis
1176 3344 1472 3409 luxuriam,
1503 3351 1675 3398 tentat
1715 3360 1820 3398 un-

223 3437 292 3491 de
313 3450 555 3504 serpens
576 3444 679 3499 est,
713 3435 820 3490 hoc
853 3444 935 3491 est
958 3432 1272 3504 cupiditatis
1302 3449 1368 3488 ac
1403 3433 1634 3488 nocendi
1662 3433 1821 3489 mali-

224 3532 324 3594 tia;
348 3543 519 3598 quem
547 3535 729 3582 autem
758 3542 855 3583 nec
884 3526 963 3582 sic
990 3526 1189 3596 decipit
1218 3567 1239 3591 ,
1296 3525 1588 3580 insidiatur
1610 3526 1660 3580 ei
1713 3542 1818 3581 ιιιι-

227 3620 294 3675 de
320 3620 447 3674 avis
476 3627 582 3685 est,
605 3619 712 3673 hoc
739 3626 824 3674 est
845 3618 1114 3688 superbia:
1157 3616 1337 3672 ruina.
1362 3615 1519 3672 Unde
1546 3618 1692 3673 enim
1724 3618 1823 3672 do-

227 3712 312 3765 los
370 3719 668 3781 prmparat,
721 3724 1009 3781 quousque
1057 3709 1297 3765 inveniat
1324 3708 1500 3773 viam,
1533 3722 1629 3777 per
1656 3724 1821 3779 quam

228 3804 523 3861 incautum
552 3802 807 3872 decipiat.

930 3907 1148 3948 DIVISIO.

304 3986 473 4041 Aliud
495 3994 580 4041 est
607 3985 810 4041 intrare
834 3984 1111 4040 diabolum
1137 3987 1193 4040 in
1215 3993 1452 4041 mentem
1474 3983 1823 4055 cujusquam,

237 4080 392 4135 aliud
424 4095 556 4133 vero
584 4078 911 4132 inhabitare.
944 4075 1080 4131 Nam
1110 4077 1165 4132 in
1193 4078 1360 4132 corda
1393 4090 1711 4132 sanctorum
1738 4077 1825 4131 in»

239 4172 492 4242 greditur
520 4170 650 4225 dum
684 4170 856 4226 malas
885 4170 1262 4241 suggestione-5
1284 4169 1548 4235 insinuat,
1580 4168 1674 4224 sed
1717 4183 1826 4222 non

240 4262 518 4317 inhabitat
543 4262 594 4314 in
619 4260 720 4326 eis,
751 4260 878 4330 quia
906 4258 959 4313 in
994 4274 1095 4314 suo
1126 4273 1353 4328 corpore
1409 4273 1519 4313 non
1571 4272 1666 4314 eos
1720 4265 1830 4312 tra-

241 4356 413 4411 ducit.
447 4354 555 4421 Qui
588 4369 715 4408 vero
742 4353 796 4406 in
826 4368 1058 4423 corpore
1083 4352 1205 4421 ejus
1242 4361 1391 4418 sunt,
1424 4351 1575 4421 ipsos
1606 4350 1825 4406 inhabi-

1904 1865 2144 1935 jusmodi
2178 1863 2462 1918 Satamein
2488 1863 2767 1917 interitum
2810 1864 3012 1925 carnis,
3043 1872 3103 1918 ut
3125 1864 3354 1934 spiritus
3386 1865 3501 1920 sal-

1910 1974 2012 2011 vus
2042 1957 2110 2012 sit
2138 1954 2190 2026 (I
2218 1954 2342 2010 Cor.
2376 1957 2453 2025 ν).
2481 1974 2499 2006 ι
2542 1953 2684 2010 Utile
2728 1963 2811 2010 est
2862 1954 3007 2010 enim
3058 1956 3326 2026 quosdam
3377 1971 3505 2027 pec-

1911 2064 2119 2121 cantes,
2176 2063 2235 2108 ut
2282 2055 2481 2108 animae
2536 2051 2833 2116 salventur,
2894 2049 3110 2105 Satanae
3146 2050 3506 2120 corporaliter

1911 2145 2181 2216 deputari,
2211 2154 2482 2215 quatenus
2510 2157 2575 2197 ex
2606 2142 2858 2212 praesenti
2890 2141 3234 2211 correptione
3258 2140 3503 2195 futurum

1907 2242 2175 2312 judicium
2228 2242 2491 2306 timeant,
2545 2246 2602 2293 et
2660 2237 2726 2292 de
2779 2245 2977 2292 etetero
3046 2236 3362 2306 delinquere
3414 2252 3510 2291 ca-

1911 2341 2094 2387 \‘cant.
2132 2332 2362 2399 Quidam
2387 2341 2568 2386 autem
2600 2328 2853 2399 potestati
2875 2330 3186 2383 daemonum
3219 2328 3286 2382 ad
3315 2343 3506 2382 emen-

1914 2424 2190 2478 dationem
2223 2424 2587 2492 deputantur;
2628 2418 2850 2489 quidam
2895 2435 3025 2473 vero
3053 2417 3293 2488 despecti
3320 2417 3388 2471 ad
3415 2432 3507 2471 so-

1914 2517 2021 2570 lam
2061 2514 2422 2585 perditionem
2458 2513 2767 2568 tradnntur.
2810 2509 3218 2580 Nonnunquam
3253 2508 3506 2564 diabolus

1914 2610 2179 2663 adversus
2216 2608 2489 2663 hominem
2514 2606 2724 2675 justum
2765 2613 2862 2658 aut
2903 2603 3284 2657 tribulationes
3326 2601 3508 2657 cordis

1915 2702 1991 2756 illi
2034 2710 2347 2772 exaggerat,
2397 2708 2493 2753 aut
2539 2698 2756 2753 dolores
2792 2696 3041 2765 corporis
3077 2694 3323 2750 suscitat.
3364 2692 3507 2748 Hinc

1914 2802 2000 2848 est
2050 2794 2195 2862 quod
2240 2791 2537 2862 Apostolus
2570 2790 2646 2844 ait
2678 2808 2692 2843 ε
2727 2807 2745 2839 ι
2770 2787 2939 2841 Datus
2963 2796 3047 2841 est
3075 2802 3129 2840 ιιι
3156 2786 3211 2839 hi
3249 2786 3509 2841 stimulus

1916 2886 2100 2940 carnis
2120 2900 2254 2939 mete
2281 2883 2508 2954 angelus
2541 2881 2778 2944 Satanze,
2813 2889 2870 2934 ιιι
2926 2894 3013 2934 me
3060 2878 3366 2948 colaphizet
3419 2874 3510 2947 (Il

1918 2976 2043 3032 Cor.
2075 2980 2193 3045 xu).
2228 2993 2246 3026 ι
2295 2972 2450 3043 Stepe
2487 2973 2624 3042 justi
2670 2981 2903 3026 mentem
2946 2970 3114 3026 variis
3162 2969 3511 3025 vexationum

1860 3121 1884 3140 ,
1918 3067 2200 3122 doloribus
2226 3066 2310 3120 vis
2334 3064 2644 3120 daemonum
2672 3064 2902 3128 cruciat,
2934 3061 3076 3115 unde
3103 3060 3376 3116 interdum
3417 3074 3512 3115 us-

1919 3176 2027 3232 que
2053 3161 2119 3215 ad
2150 3158 2549 3230 desperationis
2577 3156 2883 3229 angustiam
2911 3161 3241 3210 coarctatur.
3294 3152 3513 3207 Perma-

1921 3257 2071 3309 neuti
2092 3262 2272 3309 autem
2299 3252 2353 3306 in
2385 3250 2478 3306 Dei
2506 3264 2693 3304 amore
2722 3252 2921 3303 ιιιιιιιιίιι⁵
2957 3256 3011 3302 et
3044 3246 3161 3316 ipsa
3191 3245 3315 3300 talis
3339 3260 3512 3315 angu-

1922 3347 2026 3403 stia
2053 3346 2119 3401 ad
2150 3345 2403 3399 meritum
2434 3340 2664 3412 proﬁcit.
2697 3338 2832 3394 Nam
2864 3339 2978 3394 sive
3006 3337 3061 3392 in
3092 3338 3296 3403 animo,
3313 3336 3427 3392 sive
3455 3335 3512 3389 in

1923 3449 2152 3504 corpore
2183 3448 2276 3502 per
2302 3431 2618 3487 instinctum
2643 3428 3052 3484 immundorum
3078 3426 3367 3496 spirituum
3388 3425 3515 3495 qui—

1923 3527 2054 3580 libet
2077 3524 2260 3595 justus
2281 3522 2511 3577 adversa”
2531 3521 2794 3591 patiatur,
2818 3534 2885 3573 ex
2914 3516 3008 3574 Dei
3036 3517 3219 3588 itaque
3242 3518 3512 3586 permissu

1926 3616 1978 3670 id
2009 3616 2233 3686 patitur.
2266 3613 2421 3680 Quod
2454 3613 2499 3667 si
2527 3613 2630 3667 hoc.
2655 3612 2833 3682 ipsum
2857 3610 2924 3663 ad
2951 3608 3044 3663 Dei
3077 3608 3307 3679 gloriam
3333 3610 3516 3665 humi-

1926 3709 1993 3764 lis
2019 3706 2238 3774 refcrat,
2263 3715 2319 3761 et
2341 3706 2489 3760 dicat
2517 3724 2530 3759 :
2562 3724 2581 3755 ι
2611 3703 2666 3758 Si
2698 3704 2839 3758 bona
2878 3701 3223 3771 suscepimus
3250 3700 3318 3755 de
3348 3715 3516 3755 manu

1928 3799 2168 3878 Domini,
2189 3798 2331 3852 mala
2352 3807 2534 3852 autem
2552 3810 2723 3865 quare
2740 3810 2847 3849 non
2873 3795 3246 3850 sustineamus
3269 3790 3387 3864 (Job
3407 3792 3473 3860 1),
3491 3810 3512 3844 ι

1928 3892 2029 3946 iste
2073 3906 2181 3945 non
2218 3897 2505 3959 separatur
2542 3902 2576 3941 a
2628 3887 2758 3952 lTeo,
2803 3885 2897 3940 sed
2939 3884 3312 3956 conjungitur,
3340 3883 3521 3953 quali»

1929 3983 2015 4037 bet
2048 3982 2219 4036 atroci
2250 3980 2498 4050 angusua
2530 3985 2868 4046 torqueatur.
2892 3975 3056 4028 Multa
3079 3975 3263 4044 justus
3285 3974 3516 4030 adversa

1930 4074 1986 4127 in
2030 4073 2209 4127 anima
2266 4069 2490 4139 patitur,
2530 4066 2880 4137 instigatione
2929 4065 3261 4130 dtemonum,
3301 4064 3395 4118 sed
3433 4074 3519 4118 ta—

1931 4165 2074 4220 libus
2114 4160 2463 4217 tentamentis
2508 4158 2684 4228 perire
2728 4157 2853 4212 vitae
2887 4166 3105 4212 aeternae
3154 4170 3264 4211 non
3315 4163 3514 4225 potest,

1931 4256 2058 4327 quia
2095 4255 2219 4326 pius
2250 4253 2516 4309 Dominus
2539 4253 2604 4307 ad
2633 4251 3039 4307 damnationem
3072 4250 3245 4320 culpae
3280 4264 3391 4305 non
3434 4264 3518 4304 rc-

1934 4359 2087 4420 putat
2109 4349 2254 4421 quod
2299 4348 2367 4404 de
2388 4362 2503 4402 suae
2535 4343 2840 4415 majestatis
2868 4343 3137 4414 permissu
3169 4342 3361 4398 nolens
3391 4358 3518 4412 quae

246 4456 356 4515 tat,
411 4448 544 4517 quia
574 4446 676 4516 ipsi
721 4457 849 4500 sunt
901 4444 1163 4513 templum
1214 4443 1354 4513 ejus.
1415 4441 1530 4498 Etsi
1561 4444 1829 4513 subripiat
1862 4471 1904 4523 ι)
1936 4444 2138 4513 patitur
2163 4449 2361 4511 portat.
2404 4437 2540 4493 Nam
2571 4438 2642 4494 ibi
2676 4451 2989 4506 peccamus,
3023 4435 3115 4489 ubi
3163 4435 3514 4503 cupiditatem

245 4540 530 4595 mentibus
583 4539 880 4594 electorum
918 4536 1196 4603 diabolus,
1235 4551 1345 4590 non
1406 4545 1587 4590 autem
1635 4536 1693 4590 in
1749 4542 1829 4591 eis

247 4631 568 4701 requiescit,
595 4631 738 4685 sicut
776 4631 832 4683 in
854 4628 1117 4685 cordibus
1142 4628 1527 4696 reproborum.
1552 4625 1688 4681 Nam
1739 4643 1831 4682 ca-

250 4723 364 4779 lore
394 4723 524 4778 fidci
552 4739 678 4777 mox
709 4722 1000 4784 excitatur,
1028 4729 1086 4774 ut
1125 4726 1285 4773 exeat
1335 4721 1404 4776 ab
1449 4721 1657 4777 electis.
1684 4718 1833 4774 Non-

255 4817 412 4883 nulli,
463 4833 605 4886 quos
655 4817 767 4886 jam
821 4817 981 4872 avido
1011 4831 1106 4871 ore
1160 4817 1412 4872 diabolus
1454 4816 1830 4882 devoraverat,

258 4926 451 4966 rursus
473 4909 645 4964 divini
691 4908 885 4978 judicii
928 4909 1142 4964 occulta
1202 4909 1556 4964 miseratione
1597 4908 1666 4961 ab
1714 4908 1834 4977 ejus

256 5020 349 5059 ore
372 5003 729 5073 diripiuntur,
759 5009 813 5055 et
853 5001 1018 5056 saluti
1072 5000 1457 5056 restituuntur.
1499 4997 1636 5053 Nam
1689 5013 1833 5069 szepe

259 5098 478 5160 multos,
512 5107 655 5163 quos
693 5093 952 5162 antiquus
982 5092 1155 5148 hostis
1185 5092 1418 5147 luxuria:
1439 5106 1597 5147 cinno
1622 5105 1835 5147 mersos

262 5187 454 5250 tenuit,
512 5186 755 5256 potentia
811 5184 993 5238 divina
1024 5199 1120 5254 per
1160 5183 1542 5254 paenitentiam
1589 5183 1658 5236 ab
1714 5183 1836 5253 ejus

263 5277 509 5333 faucibus
540 5277 725 5330 traxit.
752 5273 1036 5341 Quomodo
1055 5275 1124 5329 de
1147 5274 1418 5329 bonorum
1450 5272 1672 5328 interitu
1708 5289 1837 5342 pro-

263 5372 419 5439 pheta
451 5370 585 5424 dicit
635 5369 838 5422 electos
892 5382 1016 5422 esse
1057 5366 1259 5421 diaboli
1294 5380 1478 5421 escam
1509 5364 1741 5436 (Hebae.
1771 5366 1832 5437 ι),

262 5464 381 5515 dum
435 5461 564 5515 alibi
615 5460 877 5529 scriptum
934 5456 1108 5512 estde
1144 5457 1279 5510 illo:
1321 5475 1339 5508 ι
1373 5456 1583 5512 Fenum
1632 5466 1691 5511 ιιι
1736 5457 1837 5512 bos

262 5554 504 5607 comedet
529 5551 651 5619 (Job
680 5554 791 5616 χι),
826 5569 845 5601 ι
880 5549 983 5604 nisi
1011 5550 1155 5620 quod
1189 5550 1243 5603 in
1276 5551 1453 5605 oculis
1501 5549 1594 5605 Dei
1648 5549 1836 5605 fenum

266 5655 402 5705 sunt,
427 5643 523 5712 qui
567 5643 776 5697 electus
827 5640 983 5695 cibus
1031 5640 1332 5697 secundum
1365 5642 1618 5696 homines
1648 5641 1839 5696 viden-

265 5746 359 5791 tur.
391 5733 469 5787 Ac
504 5749 599 5804 per
631 5734 735 5788 hoc
767 5731 860 5802 qui
888 5732 955 5787 de
1006 5730 1276 5787 honorum
1329 5747 1562 5789 numero
1582 5741 1834 5803 pereunt,

1934 4536 2017 4591 vel
2037 4535 2368 4589 voluntatem
2394 4530 2751 4587 deflectimus.
2791 4528 2895 4585 Ubi
2921 4543 3050 4584 vero
3074 4528 3339 4584 violenter
3362 4527 3518 4582 addi-

1934 4630 2133 4694 cimur,
2166 4627 2270 4682 etsi
2309 4624 2523 4681 facinus
2565 4632 2662 4679 aut
2687 4623 2949 4694 flagitium
2995 4637 3102 4676 non
3154 4630 3258 4686 est,
3296 4620 3518 4675 miseria

1934 4732 2115 4777 tamen
2158 4736 2258 4790 pro
2286 4720 2489 4790 ﬂagitio
2513 4728 2568 4774 et
2597 4717 2841 4773 facinore
2878 4726 2981 4773 est.
3026 4715 3131 4772 Sed
3175 4716 3303 4786 quia
3346 4714 3517 4770 Deum

1936 4830 2033 4885 pro
2068 4814 2289 4884 irrigata
2319 4812 2501 4866 laudat
2525 4809 2772 4875 miseria,
2804 4809 3097 4865 commissa
3130 4809 3319 4879 procul
3349 4806 3521 4863 dubio

1935 4915 2164 4962 evacuat
2190 4906 2455 4961 facinora.

2006 4999 2272 5055 Prietcrra
2301 4996 2592 5052 ridendum
2620 4994 2765 5065 quod
2785 5003 3022 5064 quatuor
3042 5003 3170 5049 sunt
3194 4991 3523 5049 Ieutatioaea

1935 5092 2003 5147 de.
2045 5091 2246 5161 quibus
2304 5092 2358 5145 in
2400 5090 2611 5161 psalmo
2646 5088 2946 5145 centesimo
2985 5094 3139 5141 sexto
3174 5102 3187 5139 :
3227 5104 3246 5135 ι
3279 5084 3521 5138 ϐοιιιιιρο

1939 5182 2071 5236 mini
2101 5180 2356 5245 Domino,
2389 5201 2409 5235 ι
2447 5183 2607 5251 cujus
2660 5178 2935 5235 secundus
2979 5193 3175 5233 versus
3221 5184 3306 5231 est
3338 5193 3351 5229 :
3382 5194 3401 5224 ι
3432 5172 3522 5227 Di-

1937 5282 2065 5328 cant
2089 5273 2180 5343 qui
2214 5272 2472 5343 redempti
2497 5282 2626 5328 sunt
2653 5289 2683 5325 a
2716 5270 2970 5324 Domino.
3010 5269 3383 5324 Confiteautur
3409 5264 3520 5317 Do-

1938 5367 2088 5422 mino
2110 5366 2497 5422 misericordia:
2512 5366 2652 5435 ejus,
2679 5372 2733 5418 et
2754 5362 3025 5418 mirabilia
3046 5361 3166 5430 ejus
3190 5358 3315 5414 filiis
3336 5355 3515 5409 hemi-

1938 5473 2092 5524 num,
2106 5476 2124 5508 ι
2141 5465 2334 5527 quater
2352 5458 2637 5526 reperitur,
2654 5473 2765 5528 quo
2778 5470 3025 5515 numero,
3042 5453 3263 5516 jnvante
3287 5446 3521 5499 Domino

1938 5558 2202 5618 quantum
2227 5548 2460 5602 scrutari
2493 5547 2788 5610 valuimus,
2826 5542 3151 5600 tentationes
3184 5545 3422 5606 quatuor
3446 5534 3521 5588 si-

1939 5638 2285 5709 gnificantur.
2325 5638 2409 5692 Ab
2438 5638 2524 5693 nis
2552 5654 2683 5709 ergo
2723 5636 2957 5706 quisque
3010 5630 3250 5684 irretitus
3289 5626 3522 5693 eripitur

1938 5744 2036 5803 per
2060 5745 2189 5787 eum
2221 5730 2309 5786 cui
2339 5744 2501 5786 omne
2536 5745 2676 5801 genu
2714 5726 2963 5782 ﬂectitur.
3008 5721 3101 5776 Est
3143 5710 3306 5789 igitur
3346 5716 3521 5785 prima
