4032 6396
452 248 550 302 871

1559 231 1884 289 WERNERI
1921 228 2218 286 ABBATIS
2256 231 2315 287 S.
2355 228 2575 285 BLASII

3639 223 3766 278 υἷ’-Δ

453 353 685 414 tentatio
710 352 917 409 erroris
941 359 998 408 et
1018 348 1178 406 famis
1207 366 1220 405 :
1257 360 1462 402 erroris
1484 344 1617 416 quia“
1644 344 1700 399 in
1742 345 2049 417 ignorantia
2080 352 2122 402 Α
2152 343 2228 398 tio
2253 383 2269 405 ,
2322 356 2445 413 qua:
2484 347 2719 395 vocatur
2767 336 3072 410 periculum
3125 337 3181 393 in
3226 338 3495 409 regimine
3554 352 3765 393 rerum

456 466 517 506 se
547 451 713 504 homo
750 445 984 511 invenit,
1014 441 1195 507 famis,
1224 440 1354 510 quia
1384 438 1671 493 veritatem
1701 451 1929 493 noscere
1949 451 2049 491 eu-

454 543 557 613 pit,
592 550 648 597 et
678 555 741 596 ea
771 537 958 594 satiari
990 534 1213 605 appetit.
1250 531 1370 599 Qua
1411 532 1712 587 tentatione
1753 546 1880 588 cum
1922 529 2048 586 fati-

456 644 616 706 gatus
646 632 773 704 quis
802 630 984 687 fuerit.
1011 637 1059 682 et
1104 626 1268 682 corde
1289 625 1358 680 ad
1402 624 1571 680 Deum
1610 625 1945 690 clamaverit,
1977 623 2047 678 ad

458 726 601 779 viam
636 720 757 777 fidei
791 721 1089 790 perveniet,
1134 730 1229 787 per
1252 731 1418 786 quam
1447 716 1515 771 ad
1540 715 1814 771 civitatem
1847 715 2048 786 quietis

455 830 682 887 pergere
731 812 972 881 incipiet.
1026 808 1359 864 Perdueitur
1402 807 1585 877 itaque
1625 807 1695 862 ad
1738 806 2047 873 Christum,

456 909 551 977 qui
578 907 712 962 dicit
743 922 757 959 :
792 923 810 956 ι
837 902 949 975 Ego
984 917 1107 957 sum
1140 901 1223 955 via
1262 899 1445 971 (lacn.
1479 900 1616 969 xw).
1638 917 1658 951 ι
1707 897 2051 968 Quapropter

455 997 528 1052 ab
559 1011 743 1051 errore
770 1009 835 1048 ac
865 992 1009 1047 fame
1043 991 1326 1055 liberatus,
1358 986 1412 1045 et
1440 989 1508 1045 ad
1538 989 1679 1044 viam
1725 1004 1848 1060 qua:
1885 988 2050 1044 Chri-

457 1097 579 1144 stus
619 1096 705 1142 cst
759 1084 1056 1154 perductus
1107 1083 1293 1139 dicat:
1347 1080 1764 1137 «Confiteantur
1817 1080 2051 1137 Domino

459 1178 848 1235 misericordia:
876 1176 996 1247 ejus
1016 1184 1070 1231 ct
1092 1175 1359 1231 mirabilia
1387 1174 1510 1245 ejus
1535 1174 1665 1229 filiis
1694 1172 2004 1229 hominum.
2025 1191 2044 1226 ι

460 1270 587 1327 llaec
608 1279 692 1325 est
714 1270 889 1340 prima
917 1268 1161 1334 tentatio,
1201 1284 1232 1323 a
1278 1283 1384 1339 qua
1428 1268 1722 1338 proticiens
1764 1267 2049 1335 liberatur,

458 1361 683 1415 Christo
711 1360 810 1414 sibi
838 1358 1097 1429 prepitio.
1150 1357 1399 1413 Secunda
1430 1358 1658 1413 tentatio
1685 1367 1789 1424 est,
1823 1373 1949 1413 cum
1969 1357 2052 1413 ci-

460 1452 593 1506 bum
627 1450 874 1505 veritatis
905 1449 1176 1519 acceperit
1198 1458 1252 1505 et
1284 1449 1337 1504 in
1368 1449 1476 1516 via,
1516 1464 1644 1520 qua:
1667 1449 1924 1505 Christus
1945 1458 2049 1516 est,

460 1543 679 1612 positus
731 1541 916 1607 fuerit,
966 1541 1159 1596 audit:
1191 1540 1336 1597 Bene
1377 1542 1516 1608 vive,
1543 1551 1597 1597 et
1620 1541 1762 1597 sicut
1795 1540 2052 1612 accepisti

460 1650 530 1689 ac
557 1633 724 1700 nosti,
767 1633 1043 1687 meliorari
1096 1641 1303 1704 satage.
1342 1632 1445 1688 Sed
1475 1631 1544 1689 de
1594 1648 1653 1689 se
1691 1648 2050 1702 praesumens,

2146 435 2512 507 publicarum.
2557 430 2730 487 Nemo
2754 446 2884 486 vero
2910 437 3065 502 putet
3101 430 3247 486 hanc
3274 430 3641 486 tentationem
3678 431 3765 483 ad

2148 527 2297 582 solos
2324 524 2598 595 pertinere
2625 523 2899 594 przelatos,
2930 519 3064 591 quia
3108 535 3304 577 omnes
3334 521 3391 575 in
3436 521 3570 575 navi
3620 535 3765 590 por-

2148 628 2356 685 tantur,
2400 625 2456 672 et
2497 616 2592 686 qui
2639 622 2957 685 operantur,
2990 622 3047 669 et
3096 612 3191 683 qui
3249 612 3662 683 gubernantur,
3696 619 3767 667 et

2148 710 2314 767 simul
2348 710 2405 764 in
2446 708 2585 762 mari
2616 706 3020 778 periclitantur,
3057 714 3112 760 et
3141 703 3307 762 simul
3357 704 3411 759 in
3440 714 3615 774 portu
3648 702 3767 758 salo

2147 811 2367 857 vantur.
2409 801 2657 869 Quatuor
2688 798 2803 852 haec
2830 797 3158 852 tentationes
3198 796 3253 850 in
3282 796 3499 866 psalmo
3526 811 3766 865 ponun-

2148 904 2260 962 tur,
2313 910 2437 967 quze
2484 909 2583 964 per
2629 897 2872 950 uuatuor
2905 909 2925 943 ι
2957 888 3339 946 Confiteantur
3374 907 3394 942 ι
3426 888 3764 960 intelligun—

2154 996 2264 1043 lllt'.

2361 1075 2529 1132 ITEM
2571 1072 2805 1131 SERMO
2836 1070 3531 1149 DEQUADRAGESIMA.

2220 1167 2569 1236 Charissimi,
2615 1182 2740 1224 cum
2769 1166 2837 1224 de
2880 1166 3135 1238 paradiso
3164 1165 3380 1236 expulsi
3408 1180 3634 1232 sumus,
3671 1165 3765 1221 di.

2150 1269 2301 1317 ctum
2324 1270 2408 1316 est
2431 1261 2590 1316 nobis
2619 1278 2633 1315 :
2657 1279 2677 1312 ‹
2705 1259 2889 1315 Pulvis
2916 1274 2997 1326 es,
3021 1265 3076 1314 et
3101 1259 3155 1312 in
3183 1258 3464 1328 pulverem
3502 1267 3763 1312 reverte-

2151 1354 2230 1409 ris
2252 1351 2405 1425 (Gen.
2445 1352 2551 1421 ut).
2596 1371 2615 1405 ι
2653 1348 2725 1407 Ut
2766 1366 2899 1423 ergo
2930 1350 3108 1406 redire
3137 1349 3438 1421 possimus,
3483 1359 3540 1405 et
3570 1349 3767 1420 paeni-

2152 1446 2399 1511 tentiam,
2435 1444 2491 1498 in
2546 1444 2725 1514 capite
2753 1442 2972 1513 jejunii,
3019 1443 3074 1497 in
3105 1441 3289 1497 cinere
3328 1453 3382 1497 et
3408 1441 3593 1497 cilicio
3637 1442 3764 1513 egi-

2154 1551 2301 1591 mus.
2328 1534 2515 1591 Pulvis
2561 1534 2764 1606 quippe
2810 1548 3003 1596 sumus
3027 1542 3082 1589 et
3099 1532 3263 1597 cinis,
3295 1540 3349 1588 et
3393 1533 3601 1588 vermis
3652 1549 3767 1602 pu-

2154 1629 2310 1684 tredo
2363 1628 2508 1684 filius
2556 1627 2817 1683 hominis.
2852 1625 2918 1682 Et
2958 1627 3089 1697 quia
3125 1626 3426 1697 repatriare
3458 1626 3768 1681 contendi-

462 1724 593 1777 dum
619 1722 907 1794 confligere
938 1723 1201 1779 adversus
1221 1723 1353 1778 vitia
1381 1732 1635 1791 conatur,
1668 1726 1740 1780 ob
1776 1740 1889 1780 suae
1910 1740 2051 1795 praa-
2080 1715 2124 1771 B
2153 1736 2299 1787 mus,
2345 1722 2550 1788 hostes,
2602 1719 2656 1775 id
2705 1729 2789 1776 est
2842 1719 3142 1785 daemones,
3192 1719 3297 1773 iter
3342 1718 3540 1773 salutis
3587 1717 3764 1772 nobis

463 1815 795 1884 sumptionis
817 1814 1128 1884 superbiam
1160 1824 1473 1885 superatur.
1516 1814 1671 1872 Sicut
1692 1832 1824 1889 ergo
1847 1817 2054 1874 erroris

462 1913 518 1959 et
547 1903 707 1959 famis
730 1905 905 1974 prima
925 1903 1030 1960 fuit
1060 1905 1311 1972 tentatio,
1338 1906 1411 1961 ita
1451 1906 1690 1961 secunda
1713 1915 1799 1963 est
1819 1906 2053 1963 difﬁcul-

463 1996 595 2052 tatis
632 1997 686 2050 in
716 1998 854 2052 bene
890 1998 1188 2066 operando.
1231 1997 1523 2069 Propterea
1564 2000 1830 2055 exclamet
1856 2001 1924 2055 ad
1946 1999 2057 2056 Do-

464 2089 697 2155 minum,
729 2087 820 2142 tali
844 2088 1158 2145 difﬁcultate
1207 2099 1465 2161 gravatus
1494 2108 1509 2145 :
1542 2106 1669 2146 nam
1709 2092 1955 2147 clamans
1985 2092 2054 2147 ad

463 2196 589 2233 eum
616 2178 933 2235 liberabitur
951 2180 1018 2235 de
1040 2182 1474 2238 necessitatibus.
1503 2179 1740 2253 Rumpet
1763 2182 1908 2237 enim
1930 2182 2021 2253 vin
2037 2212 2055 2226 -

465 2269 590 2325 cuia
621 2269 972 2334 difﬁcultatis,
1013 2278 1068 2326 et
1098 2272 1394 2327 constituet
1436 2245 1748 2342 operarium
1792 2288 1955 2328 suum
1987 2245 2055 2328 ⁸ἱιι

466 2361 784 2430 operatione
814 2360 1108 2429 aequitatis.
1152 2360 1378 2432 incipiet
1411 2378 1541 2434 ergo
1577 2361 1627 2419 ei
1665 2363 1780 2434 jam
1815 2378 1939 2419 esse
1982 2361 2061 2418 fa-

468 2455 573 2510 cile
601 2453 747 2526 quod
784 2454 962 2510 fuerat
993 2456 1233 2525 diflicile,
1267 2457 1479 2513 scilicet
1515 2456 1650 2512 bene
1690 2455 1894 2526 facere,
1947 2465 1999 2513 et
2025 2473 2056 2513 a

468 2547 631 2603 malis
656 2547 912 2602 omnibus
952 2547 1246 2615 abstinere,
1290 2559 1344 2603 et
1372 2550 1462 2603 fiet
1497 2546 1731 2605 facultas
1762 2550 1907 2621 quod
1940 2550 2059 2606 fue-

468 2651 555 2695 rat
603 2639 913 2695 diﬂicultas.
955 2638 1069 2696 Hoc
1106 2656 1238 2696 vero
1288 2641 1407 2697 sine
1443 2641 1755 2698 difﬁcultate
1796 2641 2060 2699 Dominus

468 2732 647 2804 potuit
668 2741 947 2803 pratstare,
982 2733 1077 2788 sed
1117 2734 1165 2787 si
1208 2733 1313 2789 hoc
1351 2733 1561 2805 absque
1607 2732 1921 2791 difﬁcultate
1961 2734 2061 2790 ba-

469 2826 747 2895 lteremus,
771 2826 1086 2898 largitorem
1112 2825 1279 2897 hujus
1319 2828 1449 2881 boni
1478 2842 1587 2882 non
1614 2842 2056 2898 aguosceremus.

469 2919 685 2978 Nostris
733 2923 881 2979 enim
930 2922 1143 2977 viribus
1188 2921 1295 2977 hoc
1351 2922 1738 2988 tribueremus,
1781 2932 1837 2978 et
1887 2922 2059 2978 Deum

471 3015 786 3071 collatorem
824 3015 988 3086 hujus
1033 3015 1220 3086 gratiae
1269 3029 1377 3069 non
1413 3014 1745 3070 sentiremus
1818 3013 1883 3070 Et
1928 3015 2057 3086 quia
2085 3052 2128 3109 C

471 3104 714 3161 humana
737 3104 1001 3178 fragilitas
1024 3105 1172 3175 quod
1195 3104 1299 3160 sibi
1320 3114 1404 3159 est
1427 3112 1778 3174 praeceptum,
1811 3103 1938 3159 licet
1967 3119 2061 3158 ve-

470 3197 559 3262 lit,
579 3213 674 3268 per
697 3212 758 3254 se
782 3211 893 3253 non
924 3196 1068 3252 valet
1094 3198 1295 3252 ducere
1327 3195 1394 3250 ad
1426 3194 1699 3260 effectum,
1750 3194 1900 3250 dicat
1932 3195 2059 3250 item

471 3304 599 3345 cum
640 3289 969 3346 Psalmista:
1007 3308 1027 3342 ‹
1053 3288 1433 3344 Confiteantur
1472 3287 1705 3344 Domino
1751 3288 2059 3344 misericor-

471 3385 577 3440 dia:
608 3384 752 3454 ejus,
803 3390 860 3437 et
905 3381 1178 3436 mirabilia
1224 3381 1344 3451 ejus
1378 3380 1506 3436 filiis
1553 3381 1859 3436 hominum.
1883 3400 1902 3433 ι
1938 3380 2062 3438 Haec

471 3484 559 3532 est
591 3475 830 3531 secunda
862 3473 1087 3530 tentatio
1112 3490 1127 3528 :
1151 3471 1442 3529 difficultas
1496 3472 1887 3529 vincendarum
1925 3489 2062 3529 con-

475 3567 960 3637 cupiscentiarum.

543 3657 677 3713 Post
719 3657 819 3713 has
848 3656 987 3712 duas
1014 3655 1360 3725 tentationes,
1398 3660 1555 3713 tertia
1587 3658 1866 3715 hominem
1898 3659 2053 3715 exci-

475 3747 557 3817 pit
583 3764 597 3800 :
621 3746 672 3801 ei
702 3760 832 3801 vero
862 3746 1058 3816 loquor
1098 3746 1193 3817 qui
1222 3746 1321 3802 bas
1354 3747 1492 3804 duas
1513 3748 1892 3819 jam‘transiit.
1923 3747 2060 3805 Nam

474 3840 603 3894 dua:
640 3839 759 3894 ista;
801 3849 931 3895 sunt
951 3839 1140 3896 multis
1172 3850 1337 3897 notae.
1370 3840 1508 3908 Quis
1532 3843 1678 3898 enim
1706 3843 1881 3900 nescit
1911 3859 1970 3900 se
1993 3845 2063 3901 ad

473 3929 761 3985 veritatem
796 3930 868 3985 ab
895 3930 1208 4001 ignorantia
1233 3932 1472 4000 venisse,
1508 3933 1577 3988 ad
1616 3935 1844 3990 verbum
1876 3934 2001 3992 ﬁdei
2030 3951 2062 3992 a

475 4018 621 4075 fame
663 4019 970 4089 sapientiae?
999 4018 1126 4077 Haec
1175 4036 1306 4077 vero
1345 4022 1501 4077 tertia
1531 4032 1616 4079 est
1644 4023 1864 4079 tatdium
1909 4024 2063 4080 verbi

472 4112 665 4177 divini,
696 4112 905 4168 scilicet
933 4112 1153 4168 taedium
1197 4113 1414 4179 orandi,
1440 4114 1675 4185 legendi,
1705 4116 1987 4187 vigilandi,
2009 4125 2065 4174 et

475 4203 710 4258 aliorum
739 4203 942 4273 quibus
969 4213 1157 4273 posset
1181 4203 1248 4258 ad
1281 4203 1477 4260 melius
1499 4204 1746 4274 provehi;
1769 4213 1824 4261 et
1849 4214 2061 4262 tantum

474 4293 723 4350 incurrat
764 4295 1037 4351 interdum
1067 4295 1399 4365 periculum,
1454 4302 1517 4350 ut
1544 4296 1621 4350 nil
1648 4295 1717 4351 de
1749 4297 1904 4367 prius
1925 4298 2064 4353 bene

2154 1813 2408 1869 obsidere
2452 1811 2726 1878 novimus,
2778 1811 2901 1866 ideo
2952 1826 3106 1866 arma
3154 1810 3445 1881 spiritalia,
3481 1810 3642 1879 quod
3670 1821 3766 1865 est

2155 1907 2356 1974 oratio,
2390 1906 2717 1973 humiliatio,
2761 1905 3001 1972 afﬂictio,
3050 1903 3411 1970 sustollimus,
3466 1913 3531 1958 ut
3557 1912 3763 1958 contra

2156 1999 2421 2070 spiritalia
2445 1999 2702 2069 nequitiae
2729 2012 2995 2070 pugnare,
3025 2006 3081 2054 et
3104 1997 3290 2053 omnia
3315 1996 3420 2052 tela
3462 1995 3626 2067 ignea
3662 2012 3765 2049 ne-

2156 2090 2411 2162 quissimi
2469 2091 2645 2147 hostis
2697 2091 3045 2162 exstinguere
3096 2089 3395 2160 possimus.
3426 2086 3568 2142 Cum
3602 2088 3762 2141 enim

2157 2182 2248 2238 illa
2277 2183 2365 2238 die
2393 2182 2805 2252 processionem
2849 2197 2975 2237 cum
3003 2181 3264 2237 crucibus
3305 2179 3560 2247 fecimus,
3592 2180 3763 2249 quasi

2158 2274 2411 2331 hostibus
2457 2274 2655 2330 armati
2705 2274 2772 2329 ad
2799 2289 3038 2346 pugnam
3083 2274 3302 2328 obviam
3340 2273 3563 2327 ivimus.
3597 2270 3766 2326 Unde

2122 2396 2128 2401 -
2158 2376 2212 2423 et
2245 2382 2343 2439 per
2379 2366 2629 2423 litaniam
2658 2377 2882 2422 sanctos
2919 2366 2972 2420 in
3014 2366 3347 2436 adjutorium
3378 2374 3633 2420 nostrum
3668 2365 3764 2419 iu-

2158 2474 2441 2525 vocamus,
2474 2469 2744 2530 quatenus
2772 2458 3000 2513 viriliter
3029 2458 3329 2523 decertare,
3355 2467 3407 2512 et
3448 2457 3501 2511 in
3541 2457 3763 2513 (πιθειί

2161 2554 2285 2609 aula
2336 2553 2677 2624 triumphare
2728 2551 3031 2607 valeamus.
3087 2550 3291 2618 Quarta
3343 2559 3503 2606 aetate
3558 2550 3765 2605 mundi

2160 2645 2449 2701 aedificavit
2503 2644 2762 2701 Salomon
2825 2643 3058 2699 Domino
3111 2643 3371 2714 templum
3422 2658 3497 2697 vu
3566 2644 3761 2697 annis.

2161 2736 2319 2805 Quod
2376 2738 2714 2793 destructum
2764 2751 2794 2791 a
2853 2734 3166 2807 Babyloniis
3224 2733 3613 2790 reaedificatum
3670 2744 3765 2789 est

2162 2845 2191 2884 a
2239 2828 2369 2884 Jesu
2421 2827 2706 2883 sacerdote
2751 2843 2875 2881 XLV!
2910 2826 3090 2881 annis.
3137 2824 3394 2879 Salomon
3439 2834 3525 2879 est
3588 2823 3764 2879 Chri-

2163 2930 2302 2986 stus,
2347 2919 2608 2990 templum
2666 2918 2928 2974 Ecclesia.
2984 2917 3100 2973 iioc
3144 2917 3403 2988 templum
3461 2932 3537 2971 vn
3591 2919 3765 2972 annis

2162 3029 2193 3069 a
2227 3012 2522 3069 Salomone
2547 3011 2867 3077 tedificatur,
2894 3011 3021 3081 quia
3053 3009 3294 3064 Ecclesia
3326 3025 3398 3063 vn
3428 3008 3593 3063 donis
3623 3008 3762 3079 Spi-

2164 3090 2303 3162 ritus
2333 3105 2507 3161 sancti
2538 3121 2568 3160 a
2599 3104 2820 3161 Christo
2855 3104 3204 3159 informatur.
3237 3103 3278 3156 A
3311 3101 3628 3173 Babyloniis
3656 3103 3765 3156 deo

2163 3199 2414 3265 struitur,
2442 3197 2571 3267 quia
2613 3211 2645 3251 a
2682 3195 3027 3251 daemonibus
3067 3195 3236 3251 variis
3263 3194 3409 3248 vitiis
3438 3193 3762 3249 subruitur.

2165 3290 2271 3346 Sed
2319 3290 2515 3345 iterum
2557 3289 2627 3343 ab
2651 3287 2779 3344 Jesu
2816 3304 2940 3343 xcvi
2987 3288 3148 3343 annis
3191 3287 3573 3352 remdificatur,
3622 3287 3769 3356 quia

2163 3383 2252 3439 his
2273 3398 2398 3437 κιλί
2429 3381 2624 3437 diebus
2652 3379 2895 3437 Ecclesia
2927 3381 2981 3435 in
3012 3380 3273 3451 templum
3315 3379 3426 3434 Deo
3446 3379 3768 3436 cetetlifica—

2163 3484 2273 3530 tur.
2321 3473 2508 3546 Itaque
2548 3489 2577 3528 a
2625 3473 2801 3543 capite
2824 3470 3020 3541 jejunii
3065 3486 3239 3541 usque
3274 3471 3329 3525 in
3360 3469 3594 3534 Pascha,
3629 3486 3766 3523 nvi

2162 3567 2281 3623 dies
2302 3573 2706 3636 computantur.
2736 3562 3022 3632 Templum
3056 3577 3277 3632 quoque
3306 3561 3555 3631 corporis
3588 3560 3768 3613 Chri-

2164 3659 2232 3715 sti
2260 3673 2383 3712 XLVI
2411 3657 2572 3712 annis
2599 3655 2899 3711 aedificatur
2923 3672 2936 3707 :
2966 3655 3052 3710 cui
3078 3652 3318 3709 Ecclesia
3344 3653 3764 3721 incorporatm.

2162 3750 2334 3806 Maria
2374 3750 2575 3822 quippe
2627 3765 2704 3803 xu
2754 3763 3026 3804 annorum
3050 3746 3277 3811 exstitit,
3310 3746 3439 3800 dum
3469 3744 3767 3799 Christum

2163 3845 2368 3917 genuit.
2420 3842 2679 3899 Christus
2725 3857 2855 3897 vero
2905 3858 3074 3897 χχχιιι
3124 3855 3394 3895 annorum
3448 3838 3569 3904 fuit,
3621 3838 3766 3893 dum

2163 3947 2340 3993 morte
2371 3937 2585 3993 solutus
2620 3935 2828 3991 corruit
2867 3954 2880 3989 :
2918 3935 3010 4005 qui
3042 3933 3171 3990 anni
3214 3932 3378 3989 simul
3401 3932 3576 4002 juncti
3627 3947 3765 3986 xm

2163 4031 2335 4097 linat;
2371 4037 2560 4100 totque
2586 4028 2704 4084 dies
2737 4043 2767 4082 a
2810 4028 2986 4098 capite
3009 4027 3205 4097 jejunii
3237 4040 3410 4096 usque
3454 4024 3509 4077 in
3539 4022 3767 4079 Pascha

2163 4120 2423 4186 existunt,
2476 4135 2585 4191 qua
2622 4119 2710 4174 die
2757 4117 3012 4174 Christus
3057 4118 3318 4188 templum
3368 4114 3618 4186 corporis
3665 4116 3764 4171 sui

2165 4210 2425 4276 restituit,
2478 4209 2622 4280 quod
2673 4207 2829 4279 prius
2880 4207 3136 4277 impulsio
3191 4205 3504 4261 Iudaeorum
3559 4203 3760 4260 solvit.

2164 4300 2291 4358 Ideo
2320 4314 2514 4374 quarta
2548 4300 2679 4356 feria
2724 4298 2993 4371 jejunium
3040 4299 3386 4362 inchoamus,
3414 4297 3542 4368 quia
3585 4297 3767 4352 Citri-

475 4384 647 4454 gestis
675 4383 839 4439 faciat
860 4398 985 4439 eum
1014 4398 1305 4451 securum;
1337 4383 1432 4439 sed
1454 4399 1559 4455 pro
1584 4385 1745 4441 taedio
1772 4400 1832 4441 se
1872 4386 2063 4441 timeat
2093 4391 2138 4448 Ι)
2166 4401 2312 4449 stum
2347 4408 2509 4449 suum
2536 4391 2807 4462 jejunium
2848 4399 3045 4461 quarta
3097 4389 3230 4446 feria
3285 4389 3574 4444 inchoasse
3615 4405 3771 4459 prae-

477 4476 803 4547 periturum.
847 4473 1003 4530 Sicut
1043 4474 1191 4529 enim
1220 4473 1464 4530 fastidito
1487 4475 1608 4532 cibo
1635 4477 1904 4548 corporali
1943 4492 2067 4534 eor-

477 4584 585 4641 pus
604 4568 911 4639 perimitur,
933 4566 1006 4622 ita
1025 4564 1267 4622 fastidito
1290 4567 1523 4637 spiritali
1549 4570 1697 4626 victu
1717 4570 1900 4625 anima
1924 4571 2067 4641 peri-

478 4664 720 4718 eluatur.
746 4660 961 4715 Etenim
990 4674 1187 4716 rursus
1207 4660 1409 4715 clamat
1436 4660 1506 4716 ad
1528 4660 1823 4718 Dominum
1849 4671 1905 4719 et
1929 4663 2068 4719 libe-

479 4762 655 4818 ratur,
685 4760 741 4808 et
768 4751 894 4807 inde
918 4751 1168 4821 sequitur
1198 4760 1259 4806 ut
1281 4751 1624 4808 confiteatur.
1667 4752 1808 4809 Ecce
1835 4754 2071 4825 splendi-

480 4846 660 4902 ticatis
687 4845 949 4911 tenebris,
978 4853 1032 4901 et
1060 4842 1469 4902 difﬁcultatibus
1490 4855 1737 4902 veterum
1766 4856 2069 4902 consuetu-

481 4938 676 4993 dinum
710 4936 983 5006 superatis
1023 4944 1079 4993 et
1119 4937 1337 5007 repulso
1384 4936 1545 4993 taedio
1584 4937 1737 4993 verbi
1781 4935 1899 5005 Dei,
1944 4937 2071 4994 talis

479 5029 594 5099 jam
623 5036 785 5096 aptus
830 5034 914 5081 est
953 5029 1046 5097 qui
1077 5026 1144 5082 ad
1175 5027 1418 5100 regimen
1462 5025 1832 5083 Ecelesiarum
1878 5028 2073 5084 debeat

483 5118 729 5190 provehi.
762 5116 869 5173 Sed
898 5128 1106 5189 quanto
1131 5121 1305 5192 magis
1333 5120 1625 5182 exaltatur,
1653 5127 1805 5176 tanto
1834 5121 2072 5191 amplius

486 5212 846 5283 periclitatur.
885 5211 1039 5270 Tune
1080 5213 1227 5270 enim
1265 5214 1500 5284 insurgit
1538 5222 1835 5283 tempestas
1865 5215 2069 5282 maris,

491 5305 790 5362 Ecclesium
820 5308 1118 5377 quatientis
1141 5316 1197 5362 et
1226 5306 1647 5378 gubernatorem
1677 5306 1970 5362 turbantis.
2006 5306 2073 5364 Et

489 5397 570 5453 sic
609 5399 966 5467 periclitatur,
1007 5400 1172 5455 modo
1211 5397 1559 5453 ascendendo
1586 5414 1760 5469 usque
1791 5400 1861 5456 ad
1901 5401 2072 5457 cmlos

489 5490 782 5558 sperando,
815 5490 1084 5545 interdum
1109 5488 1488 5544 descendendo
1516 5489 1582 5543 ad
1631 5490 1857 5561 abyssos
1879 5491 2075 5561 despe-

492 5583 685 5638 rando.
722 5581 856 5638 Item
905 5583 1107 5637 clamat
1152 5582 1220 5636 ad
1267 5580 1581 5649 Dominum,
1612 5590 1669 5636 et
1701 5582 1985 5651 liberatur,
2018 5592 2074 5639 et

492 5673 614 5728 ideo
643 5673 839 5733 merito
851 5682 907 5731 ut
933 5672 1087 5745 prius
1111 5672 1419 5730 confitetur.
1441 5656 1566 5729 llaec
1593 5683 1883 5746 estquarta
1900 5684 2072 5730 tenta-

2166 4483 2433 4550 dicamus,
2463 4497 2625 4553 quem
2656 4483 2894 4537 secunda
2926 4480 3059 4535 feria
3091 4481 3427 4551 baptizatum
3459 4494 3565 4534 non
3599 4479 3772 4550 igno-

2167 4592 2380 4644 ramus,
2410 4577 2497 4631 cui
2532 4591 2631 4647 per
2664 4576 2936 4647 jejunium
2982 4573 3321 4645 incorporari
3352 4572 3766 4639 desideramus;

2167 4676 2223 4723 et
2250 4665 2600 4722 Salomoncm
2643 4669 2737 4738 qui
2765 4676 2960 4739 quarta
2990 4676 3148 4720 aetate
3182 4664 3371 4719 mundi
3405 4664 3669 4734 templum
3704 4665 3771 4719 in

2170 4761 2342 4832 figura
2374 4759 2630 4815 Ecclesiae
2667 4761 2978 4816 construxit
3020 4758 3348 4824 similamus,
3373 4757 3427 4812 in
3457 4771 3567 4828 qua
3610 4773 3771 4813 nunc

2169 4853 2493 4909 coaedificari
2524 4869 2553 4907 a
2598 4851 2820 4907 Christo
2872 4862 3144 4921 optamus.
3180 4849 3306 4904 Ideo
3352 4849 3475 4903 istis
3520 4858 3774 4918 quatuor

2171 4945 2364 5000 diebus
2418 4961 2448 4999 a
2494 4947 2672 5017 capite
2717 4946 2913 5018 jejunii
2941 4946 3239 5016 jeju’natur,
3273 4940 3403 5013 quia
3443 4941 3691 4996 Ecclesia
3731 4957 3769 4996 δ

2171 5046 2409 5106 quatuor
2442 5036 2615 5107 plagis
2650 5037 2839 5092 mundi
2888 5036 2942 5090 in
2974 5034 3264 5091 aadificium
3298 5032 3484 5104 templi
3537 5031 3769 5089 Domini

2172 5136 2554 5198 congregatur.

2245 5217 2450 5274 Deinde
2486 5235 2554 5273 XL
2595 5217 2793 5273 diebus
2840 5216 3142 5288 jejunatur,
3195 5215 3323 5286 quia
3374 5230 3473 5285 per
3518 5224 3782 5286 quatuor-

2173 5307 2464 5380 Evaugelia
2487 5318 2542 5365 et
2572 5326 2604 5364 χ
2631 5310 2766 5380 legis
2793 5317 3079 5379 praccepta,
3103 5309 3205 5364 hoc
3227 5306 3486 5377 templum
3518 5307 3573 5361 in
3599 5306 3779 5365 Citri-

2175 5413 2261 5457 sto
2292 5410 2729 5467 consummatur,
2754 5404 2881 5471 quia
2908 5416 3017 5456 non
3047 5402 3195 5455 venit
3213 5400 3424 5455 solvere
3451 5399 3781 5469 legerinsgd

2175 5496 2423 5566 implere.
2467 5494 2575 5551 lsta
2601 5495 3020 5565 quadragesima
3054 5504 3138 5549 est
3164 5493 3602 5550 Christianorum
3636 5510 3781 5549 ear-

2176 5588 2315 5641 rina.
2350 5583 2485 5640 Nam
2529 5586 2697 5640 multa
2736 5585 2789 5639 in
2822 5599 2968 5639 anno
3018 5584 3413 5639 committimus
3442 5596 3566 5652 qua:
3592 5585 3783 5652 perti-

2177 5685 2307 5732 nent
2355 5676 2421 5735 atl
2461 5674 2756 5740 carrinam,
2784 5682 2836 5729 et
2887 5673 3009 5732 ideo
3056 5673 3295 5729 Ecclesia
3346 5672 3539 5729 statuit
3575 5682 3630 5732 ις’
3667 5688 3781 5747 pro
