4032 6396
240 342 352 398 873

1136 337 1708 398 DEFLOBATIONES
1747 340 1848 398 SS.
1888 338 2199 399 PATRUM.
2228 339 2449 397 ~LlB.
2489 338 2511 395 l

3387 336 3496 396 δτι

241 459 329 515 his
372 455 685 527 jejunemus
712 454 855 511 hanc
884 470 974 510 η.
1002 453 1100 511 Est
1135 456 1298 511 etiam
1328 453 1539 511 decima
1569 454 1693 511 vitae
1714 469 1817 508 no-
1844 457 1885 514 Α
1916 452 2186 509 inﬁrmus.
2218 450 2279 507 in
2306 461 2464 508 nocte
2486 451 2766 522 praecessit
2807 464 2903 509 eos
2926 450 3151 523 angelus
3190 446 3403 505 Domini
3434 449 3493 507 in

238 561 388 608 atrae.
427 548 580 605 Sicut
606 548 751 603 enim
778 548 845 603 de
888 547 1011 603 aliis
1038 549 1224 615 rebus,
1255 548 1327 603 ita
1358 548 1627 604 decimam
1652 548 1815 603 debe-

242 660 368 700 mus
409 643 539 699 dare
567 642 634 697 de
663 641 876 697 diebus.
924 642 1116 696 Annus
1147 656 1381 712 namque
1425 656 1591 696 cccnx
1625 640 1817 696 diebus

239 744 476 793 constat.
505 734 719 790 Etcum
750 748 850 789 nos
873 735 941 789 de
964 734 1066 791 ista
1097 733 1543 807 quadragesima,
1576 734 1816 804 exceptis

241 826 543 881 Dominicis
563 825 775 892 diebus,
802 841 963 880 xxxvi
1003 825 1119 880 dies
1155 824 1514 891 abstinemus,
1540 824 1698 896 quasi
1724 824 1818 880 de-

238 916 439 972 cimam
468 917 535 972 de
557 917 751 972 diebus
773 917 1152 988 persolvimus.
1181 915 1292 971 Lex
1322 931 1542 987 quoque
1593 933 1628 971 ι
1676 931 1817 987 prae-

239 1008 411 1077 ceptis
464 1007 786 1078 completur,
824 1015 879 1061 et
928 1023 1107 1063 annus
1164 1015 1403 1077 quatuor
1456 1007 1815 1077 temporibus,

239 1100 449 1155 scilicet
473 1115 617 1166 vere,
664 1107 871 1163 aestate,
913 1108 1178 1155 autumno
1233 1108 1289 1155 et
1320 1099 1499 1155 hieme
1534 1098 1813 1154 volvitur:

236 1201 295 1249 et
321 1193 487 1248 homo
506 1201 743 1264 quatuor
769 1194 1071 1258 elementis,
1103 1194 1156 1248 id
1186 1202 1269 1249 est
1292 1194 1435 1265 igne,
1465 1208 1611 1258 aere,
1652 1208 1814 1263 aqua,

238 1293 385 1342 terra
433 1285 726 1357 perﬁcitur.
777 1284 881 1353 Qui
910 1301 1041 1357 ergo
1085 1294 1321 1357 quatuor
1366 1285 1539 1340 nostri
1568 1285 1818 1355 corporis

238 1379 593 1450 qualitatibus
623 1379 676 1433 in
707 1389 944 1449 quatuor
965 1379 1092 1433 anni
1140 1377 1478 1449 temporibus
1503 1385 1691 1433 contra
1723 1376 1814 1431 Dei

238 1480 504 1541 praecepta
532 1470 718 1525 decem
751 1468 999 1534 fecimus,
1035 1470 1242 1539 justum
1270 1477 1355 1525 est
1384 1477 1444 1523 ut
1484 1468 1568 1524 his
1598 1477 1816 1539 quater-

239 1562 397 1617 denis
439 1562 631 1617 diebus
660 1561 768 1616 Deo
798 1573 986 1617 nostro
1016 1560 1442 1617 satisfaciamus.
1477 1560 1594 1616 Hoc
1634 1573 1816 1615 autem

238 1651 361 1708 ideo
388 1653 533 1709 circa
562 1653 870 1724 passionem
903 1652 1118 1708 Domini
1144 1654 1392 1723 agimus;
1420 1653 1570 1723 quia,
1598 1652 1644 1707 si
1669 1667 1820 1707 com—

237 1745 498 1815 patitnur,
525 1754 580 1801 et
619 1746 1097 1817 conregnabimus.
1134 1746 1286 1800 Scire
1319 1753 1499 1800 autem
1532 1744 1815 1809 debemus,

237 1812 602 1901 dilectissimi,
634 1834 776 1889 unde
791 1812 935 1889 vdies
983 1848 1050 1887 xl.
1092 1835 1203 1888 sint
1234 1832 1489 1888 instituti.
1521 1832 1663 1887 Cum
1706 1829 1815 1885 Do-
1848 1812 1887 1867 Π

238 1924 427 1979 minus
469 1924 728 1994 populum
773 1938 934 1978 suum
986 1924 1054 1978 de
1098 1923 1232 1995 jugo
1258 1922 1564 1979 Pharaonis
1592 1922 1813 1992 eripuit,

237 2033 310 2071 ιι.
335 2032 511 2071 annos
549 2032 676 2072 eum
720 2034 817 2088 per
848 2018 1123 2073 desertum
1153 2016 1328 2081 duxit,
1357 2030 1553 2087 panem
1586 2014 1709 2070 οωιί
1734 2014 1816 2069 eis

237 2109 379 2179 pluit
420 2108 514 2179 qui
563 2124 725 2164 omne
760 2109 1216 2167 delectamentum
1265 2108 1474 2174 habuit,
1513 2121 1712 2177 aquam
1746 2105 1816 2160 de

236 2210 389 2270 petra
419 2200 691 2270 produxit,
717 2215 840 2270 quae
873 2215 1120 2271 saporem
1150 2201 1329 2256 mellis
1349 2209 1404 2255 et
1428 2200 1532 2254 olei
1564 2198 1815 2269 praebuit,

238 2291 558 2347 vestimenta
586 2293 817 2348 ’illorum
852 2309 960 2348 non
1008 2302 1131 2349 sunt
1166 2301 1433 2349 vetustate
1478 2291 1683 2355 attrita,
1710 2304 1815 2344 nec

242 2380 509 2437 maculata
539 2383 815 2451 sordibus,
859 2391 914 2438 ct
943 2399 1052 2439 non
1096 2391 1217 2440 erat
1245 2383 1301 2439 in
1341 2383 1595 2439 tribubus
1618 2395 1811 2436 eorum

1915 545 2172 601 columna
2219 546 2382 617 ignis,
2411 553 2467 600 et
2511 544 2710 615 repulit
2738 544 2807 599 ab
2844 544 2927 600 eis
2965 544 3245 600 horrorem
3280 546 3488 612 noctis;

1916 637 1971 691 in
1997 638 2086 693 die
2109 652 2237 693 vero
2263 638 2499 709 protexit
2530 652 2627 693 eos
2647 638 2699 693 in
2725 638 2869 694 nube
2892 639 2960 695 ab
2984 646 3117 694 aestu
3137 639 3356 696 caloris.
3384 638 3492 708 Qui

1915 740 2039 802 post
2072 746 2182 786 xm
2233 731 2546 787 mansiones
2589 732 2927 787 intraverunt
2976 731 3029 787 in
3075 741 3276 789 terram
3309 748 3497 805 repro-

1916 824 2216 880 missionis.
2254 822 2312 879 Si
2339 841 2407 879 xr.
2429 825 2589 880 annis
2609 825 2750 881 diem
2778 841 2878 896 pro
2903 841 3048 881 anno
3078 826 3398 895 decimabis,
3424 844 3494 883 XI.
3584 813 3601 822 ’

1916 916 2034 973 dies
2059 918 2420 987 computabis.
2450 915 2516 972 ili
2545 926 2672 973 sunt
2703 917 2792 974 isti
2820 935 2889 973 xt.
2932 918 3050 975 dies
3076 934 3214 991 quos
3238 919 3495 974 observat

1916 1008 2152 1078 populus
2195 1007 2562 1076 Christianus,
2605 1022 2768 1079 quem
2804 1009 2870 1064 de
2897 1011 3252 1081 oppressione
3290 1008 3494 1067 diaboli

1916 1101 2146 1155 redemit
2173 1099 2457 1167 Dominus,
2489 1116 2650 1172 quem
2685 1117 2783 1173 per
2810 1104 3112 1158 custodiam
3140 1104 3325 1160 decem
3355 1120 3499 1176 prte-

1917 1201 2199 1262 ceptorum
2247 1202 2301 1248 ct
2346 1209 2402 1249 tv
2442 1193 2862 1265 Evangeliorum
2897 1194 2964 1249 de
2993 1208 3222 1265 corpore
3269 1211 3371 1252 suo
3399 1212 3498 1268 pa-

1917 1281 2041 1348 scit,
2076 1282 2401 1353 sanguinem
2432 1286 2499 1340 de
2537 1285 2707 1340 latere
2736 1301 2859 1352 suo,
2892 1297 2953 1341 ut
2995 1301 3191 1357 aquam
3236 1288 3302 1343 de
3345 1296 3499 1358 petra

1916 1375 2188 1443 producit.
2215 1375 2347 1442 Quae
2372 1385 2523 1446 petra
2567 1375 2653 1432 bis
2682 1377 2832 1448 virga
2867 1392 3125 1448 percussa
3160 1388 3262 1446 est,
3290 1379 3502 1434 scilicet

1917 1480 2048 1522 caro
2076 1464 2281 1522 Christi
2320 1467 2536 1523 duobus
2570 1468 2733 1541 lignis
2761 1471 2941 1527 crucis
2986 1470 3164 1526 allisa.
3205 1472 3308 1538 Qui
3335 1484 3501 1543 palus

1918 1557 2011 1612 dat
2051 1573 2302 1628 saporem
2348 1561 2523 1616 mellis
2553 1571 2607 1617 et
2637 1562 2761 1629 olei,
2793 1563 2921 1633 quia
2959 1564 3081 1618 oleo
3109 1564 3500 1620 misericordia:

1918 1648 2143 1705 vulnera
2200 1660 2549 1721 peccatorum
2611 1664 2925 1710 nostrorum
2974 1666 3167 1724 sanat,
3225 1666 3278 1713 et
3340 1656 3501 1713 melle

1920 1750 2136 1796 acterna:
2164 1742 2470 1800 dulcedinis
2503 1760 2602 1801 nos
2632 1747 2812 1802 satiat.
2842 1745 2909 1802 Et
2937 1749 2981 1804 si
3027 1748 3349 1804 vestimenta
3376 1765 3501 1821 qua:

1917 1833 1972 1886 in
2002 1832 2276 1903 baptismo
2312 1837 2656 1907 suscepimus
2698 1839 2846 1894 vitiis
2894 1854 3002 1894 non
3045 1834 3371 1907 atteruntur,
3401 1856 3501 1897 nec

1915 1925 2155 1994 peccatis
2196 1926 2534 1997 polluuntur,
2566 1940 2696 1986 tunc
2733 1931 2988 2002 praecedit
3019 1948 3121 1987 nos
3152 1933 3276 2004 igne
3323 1933 3500 1990 sancti

1918 2015 2155 2086 Spiritus
2213 2019 2267 2074 in
2325 2030 2484 2076 nocte
2539 2022 2704 2093 hujus
2756 2023 3057 2079 tenebrosae
3096 2026 3240 2092 vitae,
3302 2026 3356 2081 in
3410 2026 3503 2081 dic

1916 2122 2044 2162 vero
2088 2108 2279 2179 judicii
2331 2120 2575 2183 proteget
2628 2128 2730 2170 nos
2780 2114 2927 2170 nube
2977 2130 3091 2170 sua:
3144 2115 3500 2172 humanitatis

1915 2201 1987 2255 ab
2012 2205 2201 2259 aeterni
2241 2205 2478 2262 incendii
2520 2207 2718 2264 ardore
2756 2205 2918 2264 Jesus
2952 2207 3206 2265 Christus
3233 2208 3501 2266 Dominus

1917 2303 2123 2351 noster.

804 2656 1313 2741 DOMINICA
1387 2656 1856 2739 SECUNDA
1934 2659 2046 2742 IN
2122 2657 2951 2752 QUADRAGESIMA.

1468 2834 1837 2901 Secundum
1870 2833 2267 2900 Mattheum.

321 3016 341 3052 ι
373 2996 636 3069 Egressus
659 2994 819 3055 Jesus
859 2998 1087 3055 secessit
1122 2998 1176 3054 in
1206 3008 1388 3071 partes
1415 2999 1545 3073 Tyri
1570 3008 1627 3056 et
1652 2999 1814 3057 Sido-
1841 3008 1884 3066 c
1917 3001 2023 3059 sibi
2052 3001 2362 3059 contrarius
2391 3001 2686 3069 videretur,
2726 3015 2853 3057 cum
2891 3000 3122 3057 dixisset
3160 3020 3179 3056 :
3218 3018 3239 3055 ι
3267 3000 3327 3058 ln
3349 3002 3499 3059 viam

239 3092 348 3150 nis.
380 3091 443 3145 Et
464 3107 589 3148 ecce
634 3092 829 3147 mulier
856 3090 1163 3148 Chananaea
1193 3094 1409 3165 gentilis
1428 3133 1444 3159 ,
1485 3092 1820 3165 Syrmth—

238 3185 391 3242 nissa
420 3202 640 3258 genere,
661 3186 909 3242 clamavit
952 3185 1140 3240 dicens
1171 3203 1186 3239 :
1225 3204 1245 3237 ι
1266 3185 1523 3243 Miserere
1539 3186 1666 3253 mei,
1705 3185 1817 3242 Do-

239 3279 407 3343 mine,
432 3279 508 3333 ﬁli
539 3277 725 3333 David.
771 3276 904 3333 Filia
945 3294 1065 3334 mea
1102 3279 1241 3334 male
1280 3294 1312 3333 a
1356 3279 1628 3334 daemonio
1656 3294 1819 3335 vexa-

240 3380 350 3435 tur,
395 3380 499 3427 etc.
538 3370 754 3443 (Matth.
786 3370 901 3440 xv).
936 3391 955 3422 ι
983 3370 1277 3425 Cbananaei
1310 3379 1483 3428 terras
1516 3371 1570 3427 in
1617 3371 1819 3442 quibus

237 3460 424 3518 Iudaea
448 3472 528 3518 est
554 3462 917 3517 incoluerunt.
954 3460 1057 3528 Qui
1081 3462 1165 3516 vel
1206 3462 1349 3517 bello
1374 3463 1706 3534 consumpti,
1731 3463 1817 3521 vel

239 3553 296 3607 in
323 3555 441 3607 loca
468 3552 646 3608 vicina
674 3552 944 3622 dispersi,
971 3552 1056 3606 vel
1078 3553 1132 3607 in
1172 3553 1484 3609 servitutem
1513 3554 1820 3611 conditione

236 3645 576 3700 devictorum
610 3643 860 3713 subjecti,
904 3659 1101 3699 nomen
1131 3654 1310 3699 tamen
1337 3645 1457 3701 sine
1485 3645 1660 3714 patria
1689 3644 1818 3700 sede

235 3735 653 3793 circumferunt.
682 3735 761 3791 Ex
798 3736 887 3791 illa
922 3752 1055 3808 ergo
1094 3736 1435 3806 dispersione
1461 3736 1602 3790 inter
1623 3743 1818 3791 caetera

237 3828 646 3900 contigit,quod
672 3831 786 3885 haec
806 3829 1112 3885 Chananma
1131 3846 1252 3900 qua?
1266 3837 1349 3883 est
1363 3827 1819 3899 Syro-Phoenissa

239 3936 457 3991 genere,
492 3919 582 3974 hic
623 3928 707 3974 est
751 3936 819 3975 ex
854 3919 1005 3990 Syris
1033 3930 1086 3974 et
1114 3918 1466 3975 thnicibus
1507 3927 1649 3974 orta.
1677 3918 1819 3975 Geu-

238 4011 354 4066 tilis
395 4011 577 4081 itaque
606 4018 720 4077 est,
751 4018 805 4065 et
849 4009 896 4064 si
922 4006 1124 4064 Iudaeis
1154 4008 1387 4063 admista
1418 4009 1817 4080 proselytorum

239 4104 472 4161 formam
508 4104 776 4174 praeferat.
831 4100 1024 4156 Merito
1077 4116 1311 4172 namque
1357 4101 1704 4156 existimatur
1748 4115 1818 4157 ex

238 4197 360 4267 lege
391 4198 711 4271 cngnovisse
738 4195 884 4268 quod
916 4194 1192 4251 Christum
1234 4205 1286 4251 et
1316 4192 1607 4249 Dominum
1632 4201 1687 4249 et
1707 4192 1817 4249 Da-

238 4290 334 4345 vid
361 4288 557 4345 Filium
605 4289 913 4345 conﬁtetur.
946 4286 1145 4361 Typice
1188 4297 1367 4345 autem
1418 4287 1690 4360 signiﬁcat
1715 4285 1812 4343 Ec-

1918 3094 2162 3166 gcntium
2186 3109 2256 3150 ne
2280 3093 2527 3150 abieritis
2554 3092 2772 3161 (Matth.
2796 3091 2875 3164 χ).
2911 3111 2931 3147 ι
2961 3090 3030 3148 Et
3053 3107 3126 3150 ne
3150 3092 3501 3151 occasionem

1917 3188 2074 3244 daret
2106 3186 2618 3254 calumniatoribus,
2646 3185 2941 3258 perfectam
2978 3186 3210 3245 salutem
3254 3186 3501 3257 gentium

1918 3278 2337 3336 resurrectionis
2376 3276 2608 3349 tempori
2676 3292 2988 3335 reservans.
3034 3274 3145 3332 Pro
3188 3276 3501 3335 Chaunum

1918 3373 2171 3443 discipuli
2198 3372 2467 3445 rogabant
2498 3370 2804 3429 nescientes
2847 3369 3106 3442 mysteria
3152 3368 3370 3425 Domini
3411 3369 3501 3425 vel

1918 3465 2292 3523 misericordia
2322 3464 2609 3532 commoti,
2649 3463 2737 3519 vel
2788 3462 3199 3534 importunitate
3240 3463 3363 3535 ejus
3404 3479 3503 3520 ea.

1917 3573 2040 3615 rere
2067 3557 2368 3628 cupientes.

1993 3668 2014 3703 ι
2044 3648 2207 3707 Jesus
2247 3659 2432 3709 autem
2460 3647 2801 3720 respondens
2832 3649 2910 3706 ait
2940 3668 2954 3705 :
2983 3647 3104 3707 Non
3139 3664 3264 3705 sum
3292 3649 3501 3706 missus

1916 3739 2027 3796 nisi
2052 3740 2121 3795 ad
2146 3754 2277 3795 oves
2302 3755 2426 3810 qua:
2450 3738 2724 3810 perierant
2743 3739 2941 3796 domus
2964 3739 3150 3797 Israel.
3176 3760 3195 3793 ι
3224 3738 3341 3798 Hoc
3363 3740 3502 3797 dixit

1917 3829 2064 3900 quod
2101 3830 2338 3900 primum
2367 3831 2571 3886 missus
2606 3830 2677 3885 sit
2703 3830 2772 3884 ad
2796 3829 2985 3899 lsrael,
3014 3847 3179 3901 quem
3222 3833 3503 3903 negligen-

1918 3931 2026 3978 tem
2054 3920 2405 3993 Evangelium
2450 3922 2785 3981 dimissurus
2810 3931 2930 3978 erat
2972 3931 3029 3978 et
3059 3923 3395 3980 transiturus
3428 3924 3500 3979 ad

1917 4024 2125 4086 gentes.

1994 4125 2017 4158 ι
2044 4106 2116 4161 At
2158 4105 2252 4163 illa
2304 4106 2455 4163 venit
2512 4113 2569 4161 et
2630 4104 2880 4161 adoravit
2915 4119 3042 4161 eum
3099 4105 3337 4163 dicens:
3390 4104 3503 4161 Do-

1918 4198 2087 4265 mine,
2100 4197 2297 4268 adjuva
2317 4213 2425 4255 me.
2448 4196 2553 4265 Qui
2576 4198 2755 4254 dixit:
2778 4196 2907 4255 Sine
2934 4199 3087 4269 prius
3116 4197 3307 4254 satiari
3331 4197 3494 4255 ﬁlios.

1916 4286 2035 4345 Non
2080 4296 2165 4345 est
2209 4288 2357 4345 enim
2413 4288 2621 4344 bonum
2674 4303 2895 4345 sumere
2939 4303 3133 4359 panem
3177 4287 3415 4344 ﬁliorum
3444 4296 3502 4343 et

240 4384 464 4440 elesiam
496 4385 563 4439 de
595 4382 868 4453 gentibus,
899 4397 1022 4451 qum
1065 4397 1164 4451 pro
1207 4382 1316 4437 lilia
1342 4392 1517 4453 rogat,
1561 4396 1687 4437 cum
1715 4395 1815 4453 pro
1844 4374 1889 4429 D
1920 4380 2132 4437 mittere
2154 4381 2405 4439 canibus.
2445 4396 2465 4432 ι
2499 4378 2630 4437 Tale
2655 4378 2907 4450 estquod
2927 4378 3079 4435 dicit.
3105 4377 3373 4434 Futurum
3412 4386 3503 4435 est

240 4473 530 4528 animabus
590 4472 831 4527 nondum
888 4471 1235 4527 credentibus
1292 4487 1544 4541 superare
1599 4472 1816 4543 pietatis

240 4564 675 4620 misericordiam
706 4564 975 4636 supplicat
1008 4574 1067 4620 ut
1105 4581 1136 4619 a
1166 4563 1450 4621 fraudibus
1476 4565 1677 4621 diaboli
1705 4566 1818 4623 sol-

241 4667 462 4712 ventur.
520 4655 682 4723 Bene,
742 4657 900 4727 juxta
961 4655 1272 4713 Matthaeum
1322 4657 1389 4713 de
1438 4658 1640 4715 ﬁnibus
1700 4659 1819 4716 suis

240 4764 461 4818 egressa
490 4746 611 4815 l‘uit,
633 4758 688 4804 et
712 4747 867 4819 juxta
895 4746 1135 4803 Marcum
1165 4748 1233 4803 ad
1266 4747 1429 4817 pedes
1456 4748 1669 4805 Domini
1694 4766 1821 4821 pro-

241 4845 377 4901 cidit
406 4843 600 4917 (Μαι-ε.
618 4845 742 4915 vn),
760 4852 819 4899 ut
844 4859 910 4898 ex
940 4851 1170 4914 utroque
1191 4843 1476 4916 colligatur
1495 4847 1716 4915 quando
1742 4845 1823 4899 illi

241 4946 392 4993 recte
433 4953 533 5009 pro
554 4937 866 4992 errantibus
892 4945 1051 4992 orant
1077 4935 1170 5006 qui
1200 4936 1411 5006 priscas
1440 4952 1554 4993 sua:
1581 4937 1823 5008 perﬁdiae

240 5029 559 5087 mansiones
587 5029 921 5100 relinquunt,
951 5037 1008 5084 et
1029 5030 1085 5083 in
1123 5026 1421 5085 Ecclesiam
1450 5044 1510 5085 se
1540 5029 1629 5101 pia
1656 5029 1823 5086 devo-

240 5122 395 5176 tione
413 5120 764 5176 transferunt.

323 5233 342 5266 ι
377 5212 534 5270 Jesus
568 5221 747 5268 autem
795 5226 902 5266 non
942 5209 1220 5282 respondit
1250 5210 1301 5266 ei
1342 5210 1589 5266 verbum.
1636 5209 1701 5266 Et
1733 5227 1827 5266 ac-

241 5308 500 5365 cedentes
528 5303 778 5375 discipuli
800 5304 920 5374 ejus
949 5304 1214 5374 rogabant
1241 5319 1367 5360 eum
1390 5303 1635 5359 dicentes
1674 5320 1690 5357 :
1731 5301 1826 5356 Di-

241 5399 401 5454 mitte
425 5413 567 5465 cam,
593 5397 724 5468 quia
775 5396 973 5451 clamat
1003 5403 1129 5466 post
1158 5410 1279 5453 nos.
1321 5413 1340 5447 ι
1376 5394 1508 5451 Post
1536 5394 1827 5450 ambulan-

240 5500 356 5546 tem
383 5488 675 5545 Dominum
713 5488 909 5543 mulier
932 5487 1240 5545 Cbananaza
1274 5487 1679 5558 deprecatorias
1726 5502 1826 5543 vo-

241 5598 341 5643 ces
367 5582 586 5650 emittit,
607 5591 662 5638 et
693 5580 848 5653 prius
873 5580 929 5636 in
950 5581 1115 5638 domo
1137 5581 1205 5636 ad
1232 5580 1397 5651 pedes
1427 5579 1547 5649 ejus
1574 5578 1826 5650 procidit,

242 5684 313 5734 ut
338 5674 557 5731 Marcus
575 5681 989 5730 commemorat.
1016 5671 1173 5740 Quod
1202 5680 1385 5727 autem
1422 5668 1689 5727 Dominus
1714 5684 1827 5727 non

243 5766 530 5844 respondit
555 5766 606 5822 ei
629 5781 737 5823 non
776 5765 880 5822 l'nit
908 5764 976 5820 de
1003 5766 1295 5837 supercilio
1321 5763 1609 5837 superbiat,
1633 5761 1731 5821 sed
1754 5777 1833 5823 ne

529 5860 802 5924 Panos.
848 5857 1085 5924 CLVII.

1919 4481 1980 4527 ut
2011 4480 2067 4528 et
2090 4486 2189 4528 vos
2231 4480 2422 4543 gentes
2464 4471 2698 4529 salutem
2733 4471 3170 4543 consequamini,
3200 4471 3297 4529 sed
3341 4471 3499 4542 prius

1917 4572 2133 4635 oportet
2158 4564 2350 4621 saltem
2373 4564 2587 4635 aliquos
2603 4562 2847 4628 Judmos,
2869 4563 2965 4635 qui
2985 4563 3211 4634 antiqua
3230 4563 3505 4620 electione

1918 4659 2015 4714 lilii
2058 4656 2154 4714 Dei
2183 4657 2555 4721 nominantur,
2586 4671 2728 4728 pane
2768 4655 2891 4712 οωιί
2938 4655 3108 4723 reﬁci,
3156 4662 3221 4711 et
3266 4654 3351 4715 sic
3376 4662 3503 4711 tan-

1918 4752 2041 4806 dem
2070 4748 2321 4822 gentibus
2361 4749 2486 4804 vita:
2513 4749 2712 4819 pabula
2747 4746 3068 4804 ministrari.
3099 4746 3279 4803 Canes
3304 4746 3505 4807 diealt-

1920 4850 2011 4896 tur
2030 4839 2236 4897 etlmici
2277 4848 2498 4909 propter
2527 4838 2913 4905 idololatriam,
2944 4840 3041 4910 qui
3066 4839 3186 4895 esui
3215 4842 3507 4911 sanguinis

1920 4931 2085 4987 dediti
2126 4938 2182 4987 et
2226 4930 2586 4987 cadaveribus
2631 4939 2995 4998 mortuorum,
3040 4929 3292 4988 feruntur
3323 4934 3381 4988 in
3411 4949 3503 4990 ra-

1922 5023 2087 5079 biem.
2111 5019 2159 5077 0
2180 5021 2319 5077 mira
2349 5020 2667 5076 conversiol
2694 5019 2978 5089 Quondam
3000 5020 3166 5077 Israel
3185 5032 3304 5079 erat
3331 5024 3503 5093 ﬁlius,

1924 5133 2024 5174 nos
2066 5131 2251 5173 canes.
2301 5115 2369 5171 Et
2420 5124 2609 5187 postea
2651 5116 2854 5172 dictum
2908 5124 2995 5172 est
3041 5117 3111 5173 de
3155 5133 3223 5174 eo
3254 5136 3270 5175 :
3304 5137 3325 5172 ι
3379 5119 3505 5176 Cir-

1924 5209 2321 5266 cumdederunt
2354 5224 2445 5265 me
2463 5223 2631 5265 canes
2656 5208 2813 5264 multi
2850 5206 3023 5280 (Ρωι.
3055 5210 3194 5281 xxI).
3229 5230 3251 5265 ι

1998 5321 2018 5355 ς
2049 5301 2122 5357 At
2160 5302 2251 5358 illa
2300 5300 2442 5357 dixit
2480 5319 2495 5357 :
2527 5300 2725 5367 Etiam,
2761 5300 2990 5359 Domine
3023 5321 3039 5359 ι
3071 5319 3197 5359 nam
3225 5312 3281 5360 et
3302 5304 3511 5367 .catelli

1925 5392 2095 5448 edunt
2120 5391 2189 5449 de
2234 5391 2395 5447 micis
2420 5406 2544 5462 quae
2569 5392 2775 5447 cadunt
2814 5392 2883 5449 de
2917 5409 3106 5451 mensa
3149 5395 3501 5451 dominorum

1926 5498 2174 5541 suorum.
2213 5501 2232 5536 ι
2269 5481 2476 5541 Sensus
2515 5494 2636 5539 est:
2664 5483 2842 5551 Certe,
2892 5484 3141 5552 Domine,
3189 5502 3377 5543 verum
3417 5496 3504 5543 est

1926 5577 2075 5649 quod
2095 5576 2255 5643 dicis,
2286 5591 2396 5633 non
2420 5590 2543 5635 esse
2563 5576 2766 5633 bonum
2806 5590 3001 5647 panem
3025 5576 3263 5635 ﬁliorum
3285 5580 3504 5638 mittere

1928 5667 2179 5736 canibus,
2220 5667 2316 5725 sed
2354 5668 2478 5726 ideo
2510 5683 2619 5727 non
2639 5667 2845 5724 desisto
2872 5667 3082 5738 precari
3117 5676 3266 5726 tuam
3289 5670 3507 5729 miseri-

1929 5759 2195 5831 cordiam,
2222 5775 2389 5833 quam
2417 5761 2549 5819 mihi
2576 5757 2878 5823 secundum
2909 5761 3319 5823 similitudinem
3345 5765 3505 5839 panis
