4032 6396
643 357 749 414 8ῒό

1751 345 2070 402 WERNERI
2105 345 2398 404 ABBATIS
2439 345 2496 402 S.
2539 346 2761 404 BLASll
3781 353 3841 412 Sit

644 485 700 531 et
745 488 943 530 canum
997 468 1385 526 convenienter
1407 463 1586 522 facere
1630 473 1822 536 potes;
1862 481 1990 520 nam
2036 473 2086 520 et
2127 480 2227 536 pro
2257 471 2305 531 Α
2332 464 2418 521 his
2449 466 2679 536 pedibus
2729 465 2970 521 dicitur:
3012 485 3036 520 ι
3074 465 3138 522 In
3194 465 3345 522 mari
3379 465 3464 520 via
3503 474 3590 523 tua
3625 478 3674 524 et
3706 475 3843 533 semita

645 568 830 629 σείσω,
862 566 912 620 id
943 572 1029 620 est
1074 572 1221 618 certe
1252 560 1431 616 catelli
1469 559 1640 615 edunt
1671 558 1738 616 de
1770 559 1952 616 micis.
1986 556 2130 631 Ergo
2173 560 2222 614 si

646 675 767 715 sum
797 658 1019 729 indigna
1058 654 1148 711 cui
1184 652 1453 722 integrum
1493 667 1691 723 panem
1724 652 1991 723 praebeas,
2028 651 2221 706 saltem

645 753 712 808 da
740 750 873 806 mihi
902 750 1027 805 ﬁliae
1052 763 1186 803 mete
1214 746 1524 810 sanitatem,
1556 744 1716 815 quasi
1761 744 1959 800 micam
2005 757 2225 813 compa-

642 845 857 900 ratione
883 842 1182 898 multorum
1230 838 1564 895 mirabilinm
1596 853 1720 909 quae
1769 836 1967 893 fecisti.
2000 835 2226 908 Mystice

642 950 833 993 mensa
860 942 944 989 est
980 933 1263 1003 Scriptura
1293 945 1468 993 sacra,
1500 944 1697 1000 panem
1731 928 1852 983 vita:
1883 927 2223 983 ministrans.

644 1028 784 1086 Hinc
828 1025 1073 1084 Ecclesia
1118 1024 1252 1079 dicit
1290 1041 1303 1078 :
1339 1041 1359 1074 ι
1394 1022 1610 1077 Parasti
1655 1020 1709 1076 in
1759 1026 2054 1091 conspectu
2103 1032 2228 1074 meo

649 1136 890 1180 mensam
924 1117 1100 1191 (Psal.
1134 1116 1296 1184 χχιι).
1334 1135 1353 1168 ›
1406 1114 1559 1170 Micae
1582 1122 1710 1170 sunt
1734 1115 1946 1168 interna
1972 1110 2227 1184 mysteria

648 1211 1056 1283 Scripturarum
1084 1251 1100 1277 ,
1155 1208 1358 1279 quibus
1406 1205 1693 1261 humilium
1753 1205 1917 1261 corda
1975 1204 2232 1259 reﬁciun-

644 1315 756 1374 tur,
780 1307 935 1377 juxta
966 1303 1099 1360 illud
1144 1321 1157 1359 :
1203 1321 1221 1354 ι
1252 1302 1422 1371 Adipc
1473 1298 1731 1355 frumenti
1780 1298 1944 1355 satiat
1970 1305 2023 1353 te
2053 1295 2228 1367 (Psal.

646 1400 873 1470 cxcvn).
906 1417 925 1451 ι
958 1396 1079 1453 Non
1106 1410 1238 1467 ergo
1265 1403 1479 1450 crustas
1505 1394 1673 1449 edunt
1701 1392 1904 1458 catelli,
1933 1390 2061 1463 quia
2082 1389 2229 1445 versi

648 1494 716 1548 ad
744 1492 905 1547 ﬁdem
943 1489 1011 1545 de
1039 1488 1293 1560 gentibus
1343 1503 1453 1541 non
1498 1485 1693 1541 littera:
1722 1485 2091 1555 superﬁciem,
2139 1482 2235 1539 sed

649 1585 988 1658 spiritualem
1020 1581 1332 1652 requirunt,
1358 1576 1673 1645 medullam,
1706 1587 1762 1634 et
1787 1579 1893 1634 hoc
1919 1577 2023 1633 sub
2046 1591 2236 1633 mensa

647 1677 1020 1742 dominorum,
1062 1674 1191 1729 dum
1215 1671 1397 1728 verbis
1418 1670 1562 1727 sacri
1584 1669 1787 1740 eloquii
1815 1669 2093 1725 humiliter
2113 1667 2238 1724 sub-

648 1770 747 1826 diti
767 1767 941 1825 ollicia
979 1766 1162 1823 cordis
1183 1773 1237 1821 et
1257 1764 1505 1835 corporis
1534 1770 1848 1833 supponunt
1874 1762 1941 1817 ad
1965 1759 2234 1831 implenda

2325 567 2431 614 tute
2454 559 2511 613 in
2537 557 2694 629 aquis
2722 558 2909 613 multis
2939 558 3127 626 (Psal.
3162 560 3386 629 LXXVI).
3413 578 3432 610 ι
3464 557 3530 615 Ει
3551 552 3666 616 alibi
3687 583 3699 617 :
3721 584 3736 616 ι
3756 568 3843 621 Ado-

2325 651 2570 707 ravimus
2616 651 2671 706 in
2712 651 2853 718 loco,
2897 652 2988 707 ubi
3039 660 3338 707 steterunt
3401 653 3564 722 pedes
3593 654 3698 724 ejus
3730 657 3841 726 (Piri.

2323 745 2538 814 cxxxi).
2571 762 2590 795 ι
2626 741 2725 799 llis
2754 744 2986 814 pedibus
3020 744 3189 800 venit
3219 742 3491 801 Christus
3518 748 3584 802 ad
3614 764 3716 804 nos.
3748 748 3843 810 Unde

2327 836 2565 892 dicitur:
2603 854 2622 887 α
2659 834 3029 893 Misericordia
3082 846 3143 893 et
3165 822 3393 893 ‘vcritas
3442 838 3757 896 obviaverunt
3782 843 3843 899 siti

2330 928 2507 998 (Psal.
2532 934 2777 990 Lxxxw).
2810 947 2830 981 ι
2878 927 3121 986 Fructus
3164 930 3344 1000 hujus
3389 931 3564 986 osculi
3585 934 3843 991 remissioest

2328 1028 2698 1090 peccatorum.
2729 1018 2885 1074 Hunc
2939 1020 3322 1090 consequitur
3374 1020 3513 1077 civis
3566 1023 3643 1077 sui
3690 1024 3841 1092 adulter,

2330 1112 2577 1181 proditor
2617 1120 2672 1167 et
2717 1109 2988 1168 homicida
3032 1110 3223 1167 David
3250 1153 3268 1178 ,
3344 1114 3437 1169 cui
3486 1114 3615 1169 dixit
3663 1113 3840 1172 Nathan:

2338 1222 2356 1255 ο
2386 1200 2687 1259 Transtulit
2737 1201 2883 1260 Deus
2913 1212 3218 1276 peccatum
3269 1213 3435 1260 tuum
3466 1203 3585 1276 (Ill
3618 1206 3723 1277 Reg.
3745 1212 3839 1277 in).

2336 1292 2428 1350 Sic
2468 1293 2578 1350 Deo
2606 1294 2769 1366 pedes
2799 1297 3080 1352 osculatus
3126 1304 3222 1351 est
3253 1297 3616 1367 publicanus',
3647 1299 3724 1369 qui
3745 1300 3842 1355 rediit

2335 1388 2391 1442 in
2421 1387 2647 1444 domum
2687 1403 2844 1444 suam
2891 1388 3269 1456 justiﬁcatus.
3321 1388 3456 1446 Haec
3502 1392 3702 1463 vestigia
3736 1391 3843 1449 felici-

2336 1488 2419 1535 ter
2483 1478 2799 1535 deosculata
2856 1488 2943 1535 est
3009 1478 3372 1551 Ethiopissa
3432 1479 3522 1535 illa
3572 1479 3840 1537 famosissima

2334 1571 2504 1628 Maria
2553 1571 2891 1645 Magdalena,
2943 1573 3011 1628 de
3036 1589 3155 1645 qua
3208 1574 3382 1644 ejecit
3426 1584 3481 1630 et
3519 1574 3663 1631 Jesus
3708 1584 3839 1645 septem

2336 1664 2627 1732 daemonia,
2657 1665 2746 1722 cui
2774 1674 2829 1721 et
2868 1665 3005 1720 dixit
3038 1678 3054 1719 :
3092 1683 3114 1717 ‹
3149 1663 3542 1721 Remittuntnr
3575 1666 3659 1721 tibi
3686 1677 3835 1736 peccata

2339 1755 2491 1829 (Luc.
2535 1756 2656 1825 vn).
2687 1775 2706 1808 ι
2742 1755 2802 1810 In
2850 1756 3010 1827 cujus
3042 1771 3299 1827 persona
3336 1757 3540 1812 dicitur
3564 1757 3613 1811 in
3640 1758 3837 1813 Canticis:

647 1870 941 1936 praecepta.
967 1858 1064 1915 Vel
1090 1856 1306 1913 Domini
1338 1871 1543 1912 mensae
1570 1864 1799 1926 possunt
1824 1854 2051 1926 intelligi
2079 1852 2230 1908 Scri-
2261 1841 2302 1902 Β
2337 1867 2357 1902 (
2397 1847 2564 1921 Nigra
2620 1864 2743 1904 sum
2781 1867 2801 1901 ι
2837 1864 2935 1920 per
2979 1850 3237 1920 culpam,
3273 1868 3294 1902 ι
3326 1848 3575 1905 formosa
3600 1869 3618 1902 ι
3652 1866 3728 1921 per
3764 1864 3839 1920 gra-

646 1961 934 2031 pturarum
964 1947 1360 2020 compositores
1389 1961 1487 2003 seu
1514 1945 1855 2017 interpretes.
1901 1944 1968 2000 Et
1999 1953 2129 2000 tunc
2155 1942 2232 1997 ait

649 2043 728 2100 illi
757 2061 770 2097 :

724 2150 745 2185 ι
780 2129 825 2189 0
856 2130 1074 2198 mulier,
1104 2142 1303 2199 magna
1339 2133 1425 2181 est
1465 2124 1600 2182 ﬁdes
1646 2134 1760 2181 tua.
1793 2124 1916 2180 Fiat
1950 2124 2047 2180 tibi
2089 2122 2232 2179 sicut

646 2226 754 2282 vis.
778 2220 846 2280 Et
871 2234 1062 2280 sanata
1087 2230 1172 2278 est
1198 2220 1307 2275 ﬁlia
1336 2219 1457 2290 ejus
1481 2233 1550 2274 ex
1594 2218 1684 2274 illa
1708 2218 1864 2273 hora.
1901 2236 1919 2270 ι
1972 2216 2086 2272 Sub
2107 2231 2232 2288 per-

651 2333 789 2374 sona
828 2315 1077 2371 mulieris
1120 2310 1502 2369 Chananitidis
1547 2326 1745 2379 magna
1794 2311 1928 2367 ﬁdes
1952 2309 2227 2376 Ecclesize,

650 2423 850 2481 magna
890 2405 1154 2479 patientia
1181 2411 1236 2460 et
1265 2403 1549 2459 humilitas
1572 2404 1918 2474 praedicatur,
1961 2418 2085 2475 quae
2112 2417 2233 2458 cre-

649 2501 788 2557 didit
809 2515 968 2571 posse
1013 2497 1199 2554 sanari
1228 2496 1418 2563 ﬁliam,
1448 2504 1503 2551 et
1538 2496 1699 2551 toties
1726 2503 2039 2566 contempta
2070 2509 2231 2566 passa

649 2598 736 2646 est
781 2590 836 2645 in
881 2587 1134 2659 precibus
1176 2600 1547 2657 perseverare,
1582 2595 1636 2641 et
1671 2586 1977 2642 humilitate
2015 2601 2075 2642 se
2120 2600 2230 2641 non

648 2679 902 2747 canibus,
950 2678 1047 2735 sed
1090 2677 1287 2734 catulis
1329 2675 1685 2747 comparavit.
1721 2675 2064 2748 Quapropter
2096 2675 2232 2732 libe-

650 2781 770 2830 rata
800 2781 885 2828 est
929 2770 1060 2827 ﬁlia.
1103 2767 1211 2826 Ubi
1260 2769 1424 2824 datur
1467 2769 1777 2840 exemplum
1822 2764 2229 2825 cathechizandi

650 2874 707 2923 et
733 2863 1047 2936 baptizandi
1077 2861 1338 2929 infantes,
1368 2860 1462 2932 qui
1511 2876 1606 2932 per
1647 2859 1809 2916 ﬁdem
1837 2868 1892 2916 et
1925 2858 2233 2917 confessio—

650 2971 779 3013 nem
829 2963 1118 3027 parentnm
1161 2953 1465 3009 liberantur
1517 2953 1572 3009 in
1599 2953 1873 3025 baptismo
1925 2968 1956 3009 a
1990 2953 2227 3009 diabolo.

650 3051 811 3120 Quod
835 3058 1019 3107 autem
1045 3048 1314 3105 Dominus
1342 3063 1573 3119 puerum
1605 3046 1942 3104 centurionis
1970 3054 2027 3104 et
2063 3046 2230 3102 ﬁliam

649 3144 995 3212 Chananazaa,
1012 3158 1121 3199 non
1138 3143 1365 3198 veniens
1398 3141 1464 3197 ad
1487 3156 1583 3198 eos
1600 3152 1778 3208 sanat,
1802 3141 2074 3206 signiﬁcat
2097 3156 2230 3211 gen~

651 3247 771 3307 tes,
809 3240 878 3295 ad
901 3253 1041 3311 quas
1069 3251 1180 3293 non
1217 3236 1396 3304 venit,
1426 3250 1523 3307 per
1568 3234 1942 3306 paenitentiam
1985 3233 2234 3304 corporis

652 3333 943 3389 salvandas
972 3346 1069 3403 per
1088 3330 1315 3386 verbum
1343 3344 1528 3387 suum.

938 3422 1173 3480 SERMO
1226 3422 1315 3477 DE
1350 3420 1604 3478 TRIBUS
1630 3420 1926 3478 OSCULIS

654 3530 862 3579 ηυωι,
910 3528 1162 3581 IANUUII,
1214 3528 1337 3569 onis
1380 3529 1452 3569 ΕΤ
1500 3530 1569 3570 DE
1620 3528 1778 3570 LABIO
1832 3527 2113 3570 SUPERIORI
2165 3528 2235 3568 Εἰ·

1303 3620 1598 3661 INFERIOBI.

733 3718 751 3752 ι
782 3696 1069 3755 Osculetur
1099 3712 1187 3753 me
1235 3698 1426 3755 osculo
1454 3699 1570 3756 oris
1610 3699 1696 3756 sui
1730 3698 1911 3768 (Cant.
1947 3699 2010 3770 ι).
2044 3716 2064 3751 ι
2109 3697 2237 3754 Tria

656 3802 786 3849 sunt
834 3791 1063 3847 oscula:
1108 3791 1176 3847 de
1209 3791 1409 3862 quibus
1443 3792 1735 3848 videndum
1777 3801 1862 3849 est
1891 3791 2035 3847 unde
2061 3792 2240 3847 nomi-

655 3891 889 3950 nentur,
957 3882 1101 3938 unde
1140 3891 1461 3953 sumantur,
1508 3884 1636 3956 quis
1685 3883 1897 3940 fructus
1944 3883 2071 3939 inde
2112 3896 2225 3953 per-

658 3974 856 4043 veniat,
902 3974 1103 4046 quibus
1138 3975 1387 4045 personis
1435 3977 1518 4032 vcl
1566 3976 1776 4033 meritis
1806 3975 2239 4046 unumquodque

655 4076 943 4142 congruat.
988 4068 1235 4125 Primum
1266 4078 1494 4126 vocatur
1543 4069 1985 4142 propitiatorium
2034 4068 2119 4123 vel
2152 4081 2242 4123 re-

656 4160 1112 4230 conciliatorium,
1160 4162 1463 4219 secundum
1516 4161 1963 4233 promeritorium
2007 4160 2093 4217 vel
2141 4175 2233 4215 re-

654 4256 1111 4323 muneratorium,
1166 4255 1391 4310 tertium
1449 4254 1699 4310 divinum
1758 4256 1844 4311 vel
1898 4253 2238 4325 contempla-

654 4351 879 4407 torium.
934 4348 1181 4406 Primum
1231 4350 1469 4406 sumitur
1523 4350 1591 4406 ad
1630 4349 1815 4422 pedes,
1848 4352 2147 4408 secundum
2171 4350 2239 4406 ad

655 4457 875 4511 manus,
914 4443 1132 4497 tertium
1167 4441 1234 4496 ad
1266 4457 1349 4498 os.
1402 4440 1648 4497 Primum
1693 4442 1949 4499 convenit
1996 4442 2239 4498 rationa-

2333 1940 2464 1996 tiam
2524 1938 2705 2012 (Cant.
2754 1940 2820 2012 ι).
2873 1938 2933 1995 1η
3007 1941 3096 1997 his
3150 1941 3374 1998 osculis
3443 1941 3535 1997 ubi
3580 1943 3838 2012 gratiampo-

2331 2033 2544 2088 suimus
2594 2040 2650 2089 et
2687 2032 3071 2088 consimilibus
3106 2042 3414 2104 ponuntur
3462 2033 3654 2088 inimici
3697 2031 3834 2087 Domini

2331 2127 2627 2185 scabellum
2678 2126 2878 2199 pedum
2921 2127 3064 2199 ejus.
3113 2127 3328 2185 Manus
3375 2126 3588 2183 Domini
3621 2135 3723 2183 sunt
3758 2141 3832 2179 mu-

2332 2220 2603 2277 niﬁcentia
2615 2228 2671 2276 et
2684 2221 3059 2277 benevolentia
3078 2220 3137 2277 in
3157 2222 3375 2293 quibus
3386 2223 3457 2277 ab
3481 2220 3703 2277 omnibus
3724 2217 3834 2272 didert

2332 2310 2497 2379 Deus,
2525 2312 2876 2368 excellentem
2911 2312 3122 2370 habens
3184 2330 3294 2384 pro
3350 2310 3601 2368 omnibus
3625 2311 3780 2381 copiam
3801 2314 3834 2359 et

2331 2401 2770 2459 liberalissimain
2821 2403 3164 2460 voluntatem
3225 2404 3521 2477 largiendi.
3572 2402 3640 2459 De
3680 2401 3833 2455 benevo-

2330 2495 2495 2551 lentia
2531 2495 2652 2566 ejus
2684 2496 2816 2551 dicit
2852 2496 3154 2566 Apostolus
3188 2517 3202 2553 :
3240 2518 3261 2551 ι
3292 2496 3402 2565 Qui
3448 2497 3560 2553 vult
3582 2508 3735 2551 omnes
3768 2488 3832 2544 sal-

2328 2602 2431 2642 vos
2475 2587 2590 2643 ﬁeri
2614 2586 2667 2656 (1
2715 2586 2851 2643 Tim.
2884 2594 2968 2659 ii).
2997 2607 3016 2641 ι
3044 2587 3160 2657 jDe
3199 2588 3578 2646 muniﬁcentia
3621 2584 3724 2641 dicit
3756 2594 3831 2651 pm-

2331 2680 2491 2750 pheta
2516 2700 2528 2736 :
2553 2700 2571 2733 c
2595 2679 2790 2752 Aperis
2814 2690 2871 2736 tu
2902 2698 3127 2739 manum
3147 2691 3332 2752 tuam,
3350 2683 3603 2752 etimples
3622 2690 3747 2732 omne
3758 2671 3829 2727 ani-

2332 2773 2442 2827 mal
2476 2771 2853 2830 benedictione
2876 2774 3049 2846 (Psal.
3095 2777 3317 2849 cxuv).
3357 2795 3377 2829 ›
3408 2773 3454 2831 Ο
3475 2766 3830 2829 medicibilisbr—

2332 2865 2474 2936 gitas
2504 2874 2559 2921 et
2599 2868 2921 2924 liberalitas!
2996 2878 3057 2924 ut
3112 2870 3205 2926 sol
3256 2869 3503 2935 irradiat,
3552 2874 3606 2921 ut
3649 2859 3828 2918 resino-

2333 2965 2442 3025 rat,
2489 2968 2552 3014 ut
2594 2959 2718 3017 fons
2760 2961 2931 3032 gratis
2980 2960 3196 3034 irrigat,
3232 2964 3333 3035 qui
3378 2961 3517 3034 pluit
3552 2955 3823 3030 superjuslos

2333 3050 2668 3122 etinjustos.
2718 3051 2847 3109 Non
2909 3054 3107 3111 suﬁicit
3160 3057 3337 3129 pedes
3374 3052 3580 3110 Domini
3612 3040 3825 3105 dcosculari

2337 3158 2369 3198 a
2405 3146 2564 3202 malis
2591 3147 2877 3215 cessando,
2931 3148 3039 3204 nisi
3091 3157 3150 3205 et
3204 3151 3525 3206 osculemur
3573 3155 3729 3200 manus
3752 3135 3826 3203 eius

2336 3234 2474 3291 bene
2494 3238 2877 3307 promerendo.
2926 3238 3081 3295 Unde
3115 3241 3258 3298 dicit
3279 3240 3561 3296 Psabnista
3589 3255 3601 3290 :
3630 3253 3646 3285 ι
3674 3227 3819 3284 Declina

2336 3329 2588 3385 amaloet
2607 3348 2626 3381 ι
2656 3339 3054 3401 consequenter
3080 3350 3100 3384 ι
3128 3331 3222 3390 fac
3245 3335 3455 3390 bonum
3471 3327 3629 3404 (Psal.
3649 3318 3821 3385 rxxt'llc'

2336 3417 2405 3474 Et
2462 3419 2678 3477 Isaias:
2716 3439 2735 3473 ι
2774 3420 3050 3489 Quiescite
3079 3439 3248 3498 agere
3305 3437 3552 3497 perverse
3590 3438 3608 3471 ι
3636 3423 3678 3471 et
3693 3404 3821 3498 deinde

2349 3529 2367 3563 ι
2398 3509 2595 3568 Discite
2616 3513 2753 3569 bene
2774 3513 2955 3570 facere
2976 3514 3112 3589 (lsa.
3141 3518 3205 3589 ι).
3247 3537 3266 3571 ι
3295 3516 3363 3572 Ει
3383 3524 3465 3572 est
3479 3520 3712 3582 congruos
3725 3497 3822 3561 ordo.

2337 3614 2399 3661 ut
2438 3621 2567 3662 cum
2617 3606 2837 3662 Domini
2882 3609 2970 3664 sui
3020 3609 3294 3667 oﬁensam
3353 3607 3593 3672 incurrit,
3636 3591 3819 3665 ad?edd

2337 3700 2457 3771 ejus
2505 3701 2775 3770 procidat,
2827 3703 3112 3774 ploretque
3162 3720 3357 3761 coram
3411 3699 3624 3756 Domino
3665 3688 3733 3762 qui
3772 3682 3823 3737 leo

2340 3790 2416 3846 cit
2448 3806 2574 3846 eum
2609 3809 2624 3860 ;
2662 3802 2954 3865 postquam
2986 3793 3208 3852 Domini
3255 3796 3486 3869 gratiam
3519 3783 3737 3846 habuerit,
3758 3787 3818 3871 te:

2338 3883 2496 3940 cedat
2537 3893 2592 3940 et
2638 3885 2947 3943 subserviat
3000 3866 3278 3946 manibus
3327 3881 3647 3960 porrigenda,
3685 3866 3818 3928 Chiis“

2339 3976 2606 4033 ministris
2654 3978 3065 4048 subservicndo,
3118 3990 3173 4036 et
3204 3983 3286 4038 sic
3328 3994 3427 4052 pro
3484 3970 3662 4031 meritis
3699 3962 3815 4053 domt-

2337 4066 2508 4133 bitur,
2558 4068 2835 4140 accipiens
2884 4071 3323 4130 benedictionem
3374 4088 3405 4126 a
3447 4063 3669 4137 Domino.
3700 4060 3817 4107 om"

2340 4160 2687 4216 sericordiam
2745 4177 2776 4216 a
2824 4161 2937 4219 Deo
2986 4164 3215 4221 salutari
3255 4181 3376 4223 suo.
3432 4159 3573 4216 Unde
3591 4161 3636 4210 et
3677 4147 3816 4201 ΐιύθλ¹¹⁶
3916 4147 3923 4223 ἶ

2341 4252 2507 4323 hujus
2548 4254 2724 4310 osculi
2781 4266 2866 4311 est
2912 4256 3211 4327 profectus,
3267 4268 3322 4314 et
3370 4251 3575 4312 collatio
3618 4242 3816 4327 \‘ll‘lllllllll-

2340 4322 2474 4401 Post
2519 4346 2630 4402 duo
2678 4349 2867 4403 oscula
2912 4322 2968 4403 in
3007 4322 3210 4421 quibus
3240 4360 3327 4409 est
3373 4344 3639 4405 criminum
3679 4322 3818 4386 wﬂdo‘

2340 4438 2490 4494 natio
2528 4447 2582 4493 et
2617 4439 2940 4496 meritorum
2995 4443 3238 4511 collatio,
3304 4444 3471 4497 restat
3524 4433 3705 4488 illorum
3748 4424 3817 4466 ια’

654 4536 839 4593 biliter
883 4535 1293 4607 paenitentibus,
1348 4542 1402 4591 et
1432 4536 1488 4589 in
1520 4534 1749 4605 gratiam
1802 4535 1898 4591 Dei
1935 4535 2115 4591 redire
2139 4550 2235 4590 νο-
2269 4550 2314 4606 D
2349 4531 2490 4584 tium
2520 4540 2574 4587 et
2601 4532 2760 4587 dulce
2804 4534 2917 4589 oris
2944 4534 3217 4603 osculum,
3254 4536 3345 4591 ubi
3377 4528 3513 4587 felici
3554 4519 3713 4607 animae
3728 4515 3817 4607 ντες

655 4625 915 4682 lentibns.
941 4625 1114 4682 Pedes
1162 4623 1379 4679 Domini
1421 4624 1626 4696 quibus
1654 4625 1947 4683 osculandi
1985 4625 2237 4681 reconci-

655 4716 840 4773 lianda
893 4723 1022 4772 sunt
1054 4714 1430 4771 misericordia
1470 4724 1526 4771 et
1559 4717 1852 4789 judicium,
1911 4732 2035 4787 qua;
2077 4714 2237 4773 incu-

654 4808 802 4868 tiunt
831 4808 1042 4865 homini
1075 4822 1227 4878 spem
1261 4817 1317 4864 et
1338 4807 1613 4879 timorem,
1645 4825 1712 4865 ne
1735 4810 1819 4865 vel
1860 4809 2237 4880 paenitentiam

656 4902 896 4975 negligat
936 4915 1035 4972 per
1079 4902 1584 4972 praesumptionem,
1621 4902 1793 4959 solam
1826 4902 2113 4958 attendens
2132 4903 2239 4958 mi-

656 4991 1035 5060 sericordiam,
1062 4992 1360 5049 secundum
1390 4994 1556 5051 illud:
1587 4993 1991 5050 «Misericordia
2020 4993 2239 5051 Domini

654 5087 817 5160 plena
852 5093 936 5140 est
962 5093 1109 5140 terra
1139 5082 1312 5153 (Psal.
1355 5086 1576 5155 xxxn);
1617 5104 1636 5139 ι
1676 5094 1731 5141 et
1764 5103 1778 5139 :
1809 5102 1828 5137 α
1860 5084 2239 5143 Miscrationes

655 5176 777 5248 ejus
833 5190 998 5246 super
1038 5175 1224 5232 omnia
1277 5191 1443 5247 opera
1465 5175 1585 5247 ejus
1619 5174 1805 5248 (Psal.
1858 5177 2064 5248 cxuv).
2100 5196 2118 5229 ι
2148 5177 2236 5233 vel

656 5268 974 5325 indurescat
1019 5269 1078 5326 in
1121 5268 1579 5339 desperationem,
1617 5269 1792 5324 solam
1819 5283 2059 5340 pensans
2083 5270 2242 5343 justi-

654 5362 811 5430 tiam,
844 5363 1154 5420 secundum
1192 5362 1353 5419 illud:
1384 5382 1403 5413 ι
1433 5359 1568 5428 Quis
1594 5362 1745 5417 novit
1764 5362 2110 5433 {potestatem
2144 5364 2239 5421 irae

656 5465 786 5519 tum,
822 5461 880 5509 et
917 5470 1027 5524 prae
1062 5454 1259 5509 timore
1310 5461 1428 5518 tuo,
1480 5451 1617 5506 iram
1672 5458 1822 5507 tuam
1849 5453 2238 5510 dinumerare?

659 5546 836 5619 (Prol.
874 5546 1125 5617 Lxxxix.)
1163 5566 1181 5598 ι
1215 5543 1318 5601 Sed
1336 5553 1634 5615 utrumque
1665 5546 1855 5618 pedem
1889 5547 2240 5604 deosculetur

657 5639 845 5696 dicens
874 5654 1000 5695 cum
1033 5638 1299 5708 propheta
1329 5654 1342 5691 :
1369 5654 1388 5689 ι
1418 5635 1849 5695 Misericordiam
1875 5648 1931 5695 et
1967 5639 2235 5712 judicium

656 5731 892 5788 cantabo
912 5729 1033 5796 tibi,
1069 5728 1297 5785 Domine
1323 5727 1497 5802 (Psal.
1525 5730 1600 5802 c),
1633 5749 1652 5785 ο
1687 5738 1742 5786 et
1776 5729 2088 5791 «Universae
2132 5733 2236 5789 vim

658 5824 876 5883 Domini
922 5823 1295 5881 misericordia
1340 5833 1395 5882 et
1433 5825 1634 5883 veritas
1669 5824 1845 5903 (Ptol,
1902 5828 2076 5898 xxxv).
2112 5848 2130 5883 ι
2160 5828 2235 5885 De

2342 4630 2518 4678 statur
2552 4623 2794 4695 jucunda
2822 4625 3020 4683 divina:
3058 4626 3217 4683 faciei
3262 4616 3641 4693 contemplatio.
3668 4605 3723 4695 De

2340 4713 2583 4771 dicitur:
2617 4733 2637 4768 ι
2677 4714 2970 4774 Osculctur
3019 4735 3106 4775 me
3129 4722 3323 4776 osculo
3370 4716 3478 4774 oris
3513 4707 3603 4767 sui.
3637 4721 3654 4754 ι
3677 4694 3732 4750 05

2340 4814 2425 4862 est
2476 4805 2740 4874 Verbum,
2819 4809 2917 4867 Dei
2978 4774 3391 4869 Filiusillndc
3434 4801 3700 4879 ρι-οριιθιθί
3733 4774 3815 4879 ‘95

2340 4897 2461 4968 ejus
2503 4900 2572 4955 ad
2615 4901 2958 4958 iracundiam
2987 4898 3609 4975 provocavimusﬂhren.
3779 4878 3815 4978 ‘f

2338 5002 2449 5060 quo
2500 4993 2686 5048 omnia
2737 4995 2959 5062 creavit,
3004 4996 3150 5053 sicut
3200 4998 3399 5054 dicitur
3434 5011 3446 5047 :
3485 4985 3629 5055 (Ipse
3650 4962 3815 5062 dixitel

2340 5056 2481 5137 facta
2514 5094 2644 5140 sunt
2672 5084 2847 5156 (Psal.
2900 5056 3122 5161 crum)
3160 5108 3183 5144 ›
3213 5099 3308 5147 ct;
3342 5107 3359 5139 ι
3400 5077 3564 5139 Semel
3584 5056 3815 5161 locutum“:l

2344 5172 2486 5230 Deus
2518 5140 2691 5248 (Psal‘.
2716 5180 2829 5249 LXI)
2859 5197 2873 5235 :
2906 5199 2925 5233 ›
2953 5181 3047 5252 qui
3077 5140 3132 5237 elt
3147 5183 3305 5238 nobis
3330 5181 3530 5235 locutus
3552 5174 3640 5229 est.
3659 5140 3812 5252 ﬁmi"?

2338 5271 2551 5340 paterni
2589 5271 2773 5328 cordis
2816 5290 3021 5329 arcana
3073 5277 3305 5345 aperuit.
3348 5272 3404 5328 In
3458 5254 3680 5323 humanis

2340 5362 2476 5418 adeo
2519 5364 2666 5421 nulla
2705 5381 2795 5422 res
2825 5366 3001 5425 dulcis
3021 5379 3106 5425 est
3130 5379 3189 5427 ut
3227 5383 3377 5426 amor
3412 5364 3541 5419 inter
3560 5331 3812 5427 Sponsum.“

2341 5470 2622 5526 sponsam,
2674 5459 2803 5529 quia
2862 5472 3086 5531 propter
3137 5463 3283 5519 hunc
3315 5461 3419 5517 duo
3457 5466 3553 5509 Ima
3590 5450 3696 5499 ⁶³¹⁸⁰

2340 5523 2579 5605 ciuntur.
2610 5523 2877 5607 Similiter
2906 5523 3054 5610 nulla
3094 5553 3402 5627 conjunctio
3437 5523 3808 5627 intelligam.

2338 5639 2605 5709 districta,
2636 5651 2691 5698 et
2718 5642 2798 5699 sic
2844 5645 3117 5715 proxima,
3160 5618 3223 5702 ut
3258 5642 3471 5717 spiritus
3503 5623 3643 5688 creati
3658 5618 3810 5717 “Cl-ily

2338 5737 2529 5803 creati,
2575 5737 2705 5809 quia
2751 5708 2942 5795 ibi-de
2972 5708 3189 5797 duobus
3233 5708 3369 5799 unus
3406 5708 3804 5811 spiritus

2343 5826 2554 5901 Sponsa
2586 5831 2771 5903 itaque
2818 5846 3007 5890 amore
3050 5835 3333 5907 languens,
3377 5826 3608 5898 sponsum
3653 5797 3805 5859 ειῑιθτνλ

3690 5914 3928 6396 Δ

3888 0 3928 265 l
