4032 6396
244 329 351 385 877

1158 323 1741 383 DEFLOBATIONES
1780 325 1881 381 SS.
1918 323 2227 380 PATRUM.
2267 354 2336 369 -ι
2374 322 2503 379 LIB.
2544 324 2585 380 I.

3400 327 3506 386 873

244 438 597 498 dilectionem
641 456 752 497 non
815 440 1119 508 sustinens,
1163 457 1271 497 non
1327 441 1672 512 imperative,
1726 441 1819 497 sed
1848 444 1895 504 Α
1924 438 2500 511 nariprazvaleal,etex
2519 438 2619 495 ista
2639 437 2900 509 sapientia
2916 448 3144 510 gustaris
3165 437 3505 498 dulcedinem

246 534 428 590 votive
452 544 506 588 et
528 532 782 589 aestuanti
810 533 1080 589 desiderio
1107 535 1363 605 exoptat.’
1393 532 1547 589 Unde
1577 543 1631 589 et
1651 534 1820 589 dicit:

254 648 275 680 ‹
309 625 598 684 Osculetur
650 642 739 682 me
778 627 970 683 osculo
1016 626 1129 683 oris
1158 627 1263 683 sui.
1295 646 1315 679 ι
1362 625 1480 681 Duo
1511 636 1639 682 sunt
1682 625 1824 682 lahia

251 735 467 791 sponsae
498 737 513 774 :
542 719 747 775 labium
785 718 1014 775 inferius
1061 720 1335 787 voluntas,
1383 734 1507 790 quae
1557 720 1825 790 appetitus

249 810 482 877 dicitur;
525 819 579 865 et
615 811 1069 878 consensualitas,
1128 827 1297 883 quam
1349 810 1620 867 habemus
1671 826 1826 867 com-

249 916 470 957 munem
501 916 625 957 cum
649 902 996 959 animalibus.
1030 901 1258 983 Lahium
1273 902 1528 974 superius
1550 912 1635 959 est
1662 902 1823 958 ratio.

247 991 472 1060 Iterum,
504 994 614 1050 duo
665 1003 795 1051 sunt
840 995 981 1051 labia
1049 994 1246 1066 Sponsi
1289 995 1543 1051 :labium
1592 992 1823 1050 interius

250 1083 623 1156 intelligentia,
640 1085 858 1157 quando
870 1086 1071 1141 labium
1086 1087 1207 1158 conj
1217 1087 1439 1160 ungitur
1458 1086 1748 1155 voluntati,
1764 1095 1828 1142 ut

248 1176 507 1250 intelligat
535 1179 755 1249 quidem
788 1180 957 1236 libere
985 1180 1121 1237 velle
1163 1190 1217 1238 et
1250 1190 1523 1252 appetere,
1555 1190 1610 1237 et
1632 1181 1779 1239 dicat
1805 1199 1820 1236 :

246 1265 407 1324 Prius
444 1269 729 1340 cupiebam
780 1270 1042 1338 carnalia,
1081 1287 1231 1329 nunc
1260 1288 1395 1328 vero
1432 1290 1453 1324 ί
1513 1272 1829 1343 concupivit

1932 533 2029 589 Dei
2068 549 2192 591 cum
2234 532 2498 604 propheta
2542 531 2675 587 dicit
2705 550 2719 585 :
2752 551 2771 584 ι
2798 531 3025 588 Gustate
3064 541 3119 589 et
3157 532 3334 589 videte
3362 549 3506 605 quo-

1932 628 2079 684 niam
2107 628 2294 684 suavis
2325 636 2410 683 est
2429 625 2695 681 Dominus
2726 624 2898 695 (Psat.
2926 625 3144 696 xum).
3170 645 3190 679 ι
3215 625 3507 698 Reliquum

1930 729 2014 775 est
2044 718 2224 775 videre
2259 717 2460 789 quibus
2480 717 2730 787 personis
2754 716 2808 771 in
2857 715 3098 773 Ecclesia
3149 717 3235 774 vel
3279 719 3495 776 meritis

1930 810 1987 865 in
2014 810 2194 866 anima
2214 809 2331 866 haec
2359 809 2572 882 singula
2590 809 2778 866 oscula
2805 809 3152 868 conveniant.
3180 810 3507 869 Provolutus

1929 910 2014 958 est
2038 901 2108 957 ad
2133 901 2298 973 pedes
2339 899 2462 969 Job,
2508 901 2707 958 radens
2758 901 2968 958 saniem
2994 911 3155 973 testa,
3183 904 3239 960 id
3266 914 3352 961 est
3377 920 3504 961 cor-

1921 994 2232 1064 ruptionem
2297 993 2508 1065 peccati
2558 993 2697 1049 dura
2742 994 3080 1065 paenitentia.
3130 993 3391 1053 Osculum
3434 996 3506 1052 ad

1921 1100 2120 1141 manus
2170 1084 2478 1156 suscipiens
2522 1092 2608 1141 est
2675 1083 2892 1153 Esther,
2940 1085 3030 1141 cui
3080 1085 3152 1141 ad
3190 1101 3371 1158 regem
3415 1086 3505 1141 in-

1922 1176 2159 1232 troeunti
2208 1192 2374 1233 aurea
2422 1177 2595 1249 virga,
2655 1176 2709 1232 id
2754 1186 2839 1232 est
2881 1177 3066 1233 divina
3111 1177 3399 1233 clementia
3444 1188 3503 1234 et

1922 1267 2185 1323 virtutum
2252 1268 2525 1338 promotio
2572 1268 2640 1323 de
2710 1284 2877 1324 manu
2947 1268 3175 1325 beneﬁci
3226 1268 3504 1341 largitoris

244 1359 427 1414 anima
473 1376 595 1416 mea
625 1360 936 1418 desiderare
959 1362 1386 1433 iustiﬁcationes
1413 1371 1538 1420 tuas
1568 1363 1624 1419 in
1672 1362 1823 1419 omni
1925 1360 2242 1430 porrigitur.
2271 1357 2593 1431 Pertingens
2622 1358 2692 1414 ad
2722 1359 2972 1415 osculum
3002 1359 3117 1415 oris
3146 1369 3234 1416 est
3266 1358 3502 1432 Moyses,

242 1458 487 1523 tempore
526 1451 700 1524 (Psal.
735 1454 943 1524 cum).
977 1453 1241 1526 Superius
1278 1454 1485 1510 labium
1515 1451 1714 1526 Sponsi
1741 1462 1827 1510 est
1925 1451 2101 1522 quiin
2130 1459 2317 1509 monte
2364 1467 2490 1507 eum
2522 1450 2757 1507 Domino
2798 1460 3190 1521 commoratur,
3238 1461 3295 1509 et
3312 1466 3409 1509 ore
3429 1453 3503 1510 ad

245 1544 534 1614 sapientia,
588 1561 753 1616 quam
794 1546 965 1619 tangit
999 1547 1140 1601 ratio
1157 1554 1217 1602 ut
1264 1547 1403 1602 nihil
1431 1556 1626 1618 praeter
1656 1545 1824 1602 Deum
1926 1557 1991 1600 os
2028 1544 2290 1614 loquitur,
2334 1543 2421 1598 vel
2458 1541 2648 1611 Maria,
2688 1560 2810 1615 quae
2848 1543 3077 1600 verbum
3125 1560 3192 1600 ex
3223 1558 3320 1601 ore
3367 1540 3502 1602 Jesu

243 1635 451 1707 sapiat,
507 1636 695 1708 sicque
752 1653 869 1694 sua:
921 1638 1261 1694 sensualitati
1290 1652 1524 1710 praeesse
1552 1647 1606 1694 et
1641 1637 1822 1693 domi-
1928 1651 2063 1693 aure
2089 1637 2295 1693 intenta
2323 1637 2513 1693 audire
2536 1639 2757 1708 expetit.

1383 1944 1890 2064 DOMINICA
1964 1983 2371 2064 TERTIA.

1523 2180 1891 2245 Secundum
1923 2183 2185 2247 Lucam.

324 2395 343 2428 ι
393 2374 526 2431 Erat
567 2372 727 2431 Jesus
779 2374 1004 2446 ejiciens
1040 2373 1402 2442 daemonium,
1456 2384 1511 2431 et
1535 2384 1653 2432 erat
1682 2375 1814 2432 illud
1844 2373 2015 2442 Beis.
2075 2392 2096 2426 ι
2154 2372 2330 2431 Omne
2368 2388 2597 2447 regnum
2650 2376 2711 2432 in
2763 2377 3003 2449 seipsum
3053 2378 3289 2437 divisum
3339 2383 3502 2441 deso-

240 2480 481 2528 mutum.
532 2466 750 2523 Etcum
802 2468 1052 2539 ejecisset
1097 2468 1448 2537 daemonium,
1496 2469 1714 2526 locutus
1739 2481 1825 2525 est

241 2572 452 2629 mutus,
489 2571 543 2616 et
570 2559 849 2616 admiratae
883 2569 1012 2616 sunt
1052 2561 1224 2616 turbm
1263 2562 1506 2617 dicentes
1530 2581 1543 2616 :
1566 2560 1824 2633 Nunquid

239 2655 498 2728 apparuit
548 2654 713 2710 sicin
757 2652 938 2709 Israel.
988 2651 1242 2725 Nunquid
1283 2653 1388 2709 iste
1419 2664 1502 2710 est
1537 2652 1682 2710 lilius
1721 2652 1825 2709 Da-

240 2749 355 2812 vid.
391 2757 496 2803 etc.
546 2745 697 2817 (Luc.
735 2746 858 2807 x1)?
902 2766 920 2798 ι
957 2746 1036 2802 Ac
1078 2747 1124 2802 si
1166 2747 1352 2802 dicant
1385 2746 1820 2819 turhwjﬁdelcs:

238 2838 363 2897 Non
398 2847 607 2894 tantum
646 2847 729 2894 est
767 2837 913 2893 ﬁlius
949 2837 1117 2894 David
1160 2838 1302 2906 iste,
1363 2839 1460 2894 sed
1515 2840 1681 2894 etiam
1734 2839 1825 2894 Fi-

241 2934 353 2989 lius
396 2930 511 2987 Dei.
574 2928 633 2985 In
672 2928 862 2986 erco
910 2930 1106 2986 melius
1160 2940 1324 2987 sonat
1376 2932 1607 2988 surdum
1654 2948 1821 3003 quam

240 3033 499 3091 mutum;
534 3023 630 3079 sed
682 3021 965 3093 Scriptura
1041 3023 1271 3079 alterum
1332 3024 1535 3096 accipit
1606 3026 1824 3082 indiﬁ‘e-

240 3126 427 3173 renter
466 3131 566 3186 pro
597 3116 788 3171 altero.
837 3115 1085 3186 Egressis
1118 3126 1321 3182 autem,
1348 3118 1610 3175 subaudis
1630 3118 1697 3175 de
1718 3120 1825 3176 hoc

239 3211 466 3275 saeculo,
519 3207 834 3263 obtulerunt
876 3205 1110 3263 Domino
1155 3208 1540 3278 praedicatores
1587 3220 1821 3277 mutum,

240 3300 453 3357 scilicet
512 3300 784 3370 populum
838 3309 1077 3367 mutum,
1111 3300 1206 3370 qui
1232 3299 1365 3356 nihil
1395 3301 1576 3356 adhuc
1601 3310 1719 3356 erat
1743 3301 1825 3357 Io-

240 3404 404 3450 cutus
449 3393 517 3449 de
551 3391 721 3464 gloria
748 3390 865 3457 Dei,
897 3391 1045 3461 quod
1072 3407 1180 3446 non
1204 3391 1471 3448 habuerat
1501 3394 1823 3465 praedicato-

240 3501 354 3541 res.
404 3483 504 3539 llic
537 3483 771 3555 pepulus
826 3481 1147 3551 intelligitur
1198 3481 1371 3539 fuisse
1406 3483 1474 3539 de
1526 3485 1819 3556 gentibus:

236 3578 390 3634 unde
435 3585 491 3633 et
517 3576 766 3646 sequitur
797 3575 1091 3631 admiratio
1140 3575 1425 3631 turbarum
1460 3577 1528 3632 de
1554 3577 1692 3649 ipsis
1742 3578 1825 3633 di-

235 3669 494 3725 centibus
530 3682 811 3736 nunquam
858 3667 938 3722 sic
978 3668 1298 3737 apparuisse
1334 3670 1389 3722 in
1454 3667 1640 3738 Israel,
1673 3671 1823 3726 scili-

231 3767 331 3818 cet
367 3767 428 3813 ut
463 3766 542 3813 tot
585 3759 711 3815 inde
762 3758 924 3815 simul
966 3768 1409 3816 converterentur
1456 3762 1523 3816 ad
1551 3761 1821 3818 Christiao

233 3850 505 3907 nismum.

321 3956 341 3991 ‹
373 3938 631 3994 Ριιεινὶετεί
674 3946 854 3994 autem
902 3938 1276 3995 dicebant:ln
1325 3939 1628 3997 Beelzebub
1676 3942 1824 4013 prin-

234 4045 363 4102 crpe
391 4031 785 4086 dieinoniorum
816 4030 905 4086 hic
922 4031 1072 4101 cjicit
1103 4032 1397 4088 daemones.
1432 4052 1450 4086 ι
1486 4031 1684 4089 Turbis
1720 4035 1825 4090 mi.

238 4139 353 4182 nus
407 4124 637 4179 eruditis
690 4122 831 4179 facta
884 4123 1103 4179 Domini
1140 4124 1485 4192 mirantibus,
1536 4125 1741 4181 Scribat
1768 4134 1824 4182 et

237 4215 506 4273 Pharisaei
556 4215 782 4271 sinistra
821 4216 1270 4286 interpretatione
1319 4216 1386 4272 de
1415 4215 1571 4272 factis
1608 4216 1825 4273 Domini

240 4307 566 4363 laborabant
615 4306 973 4362 attribuentes
1010 4307 1275 4362 miracula
1323 4308 1445 4378 ejus
1495 4307 1821 4378 Beelzebub,

238 4399 390 4471 quod
436 4399 571 4453 deus
596 4406 713 4452 erat
758 4396 1027 4453 Accaron.
1081 4396 1205 4453 Beel
1256 4397 1371 4468 ipse
1402 4407 1488 4454 est
1532 4398 1682 4455 Baal.
1724 4399 1825 4456 Ze-

239 4493 357 4549 Lub
398 4500 580 4547 autem
636 4507 825 4547 musca
886 4499 1133 4546 vocatur.
1207 4488 1332 4548 Haec
1368 4492 1523 4562 juxta
1572 4493 1821 4563 quaedam

237 4584 509 4640 mendosa
555 4581 907 4652 exemplaria,
938 4580 978 4649 ι,
1031 4580 1233 4649 littera,
1265 4581 1413 4637 veld
1466 4583 1523 4637 in
1580 4583 1689 4639 ﬁne
1740 4593 1825 4641 est

237 4675 488 4732 nominis
537 4674 780 4744 legenda.
831 4673 937 4730 Sed
965 4673 1022 4741 b,
1072 4673 1209 4743 beel,
1242 4675 1436 4743 zebub,
1465 4684 1560 4730 aut
1599 4677 1680 4731 vir
1703 4694 1822 4731 mu—

234 4783 477 4836 scarum,
521 4768 635 4824 sive
664 4767 857 4821 habens
909 4782 1117 4820 muscas
1145 4766 1550 4838 interpretatur,
1601 4767 1671 4823 ob
1700 4784 1821 4824 sor-

236 4858 342 4917 des
388 4860 637 4916 videlicet
687 4858 1020 4915 immolatitii
1072 4859 1306 4925 cruoris,
1350 4875 1416 4914 ex
1456 4859 1616 4930 cujus
1663 4876 1824 4931 spur-

235 4952 469 5009 cissimo
486 4953 590 5007 ritu
623 4952 705 5008 vel
734 4952 955 5007 nomine
978 4952 1278 5022 principem
1307 4951 1701 5007 daemoniorum
1731 4967 1827 5008 co-

238 5044 656 5117 gnominabant.
692 5042 829 5098 Nota
873 5041 1022 5115 quod
1047 5041 1243 5110 Ninus,
1282 5057 1379 5097 rex
1427 5042 1674 5098 conditor
1722 5041 1822 5097 Ni-

240 5138 400 5194 nives
430 5136 557 5193 Belo
586 5136 725 5209 patri
758 5144 994 5192 statuam
1026 5136 1395 5203 consecravit,
1422 5133 1583 5206 eique
1609 5135 1824 5193 divinos

237 5231 486 5286 honores
524 5231 829 5286 constituit.
866 5228 1037 5299 Cujus
1084 5228 1363 5284 simulacri
1404 5227 1822 5284 similitudinem

235 5318 482 5375 Chaldaei
512 5319 891 5390 suscipientes,
928 5316 1020 5373 Bel
1049 5318 1335 5372 vocabant.
1378 5315 1508 5372 Inde
1550 5315 1825 5373 Palmstiui

237 5411 627 5482 suscipientes,
643 5411 774 5466 Baal
792 5410 1063 5466 dicebant.
1088 5409 1337 5466 Moabitae
1351 5408 1705 5482 Beelphegor,
1723 5410 1824 5465 Ju-

237 5503 346 5557 daei
379 5512 584 5567 autem,
624 5502 790 5558 unius
818 5501 911 5557 Dei
956 5502 1195 5557 cultores
1218 5511 1461 5574 propter,
1493 5502 1822 5559 derisionem

239 5595 511 5668 gentium,
561 5594 862 5651 Beelzebub
896 5595 1260 5666 appellabant,
1306 5607 1612 5652 asserentes
1636 5598 1691 5651 in
1717 5596 1824 5653 hoc

237 5687 543 5745 simulacro
592 5686 891 5757 principem
938 5687 1334 5742 daemoniorum
1382 5688 1648 5745 habitare.

1923 2465 2149 2534 labitur,
2197 2476 2253 2523 et
2282 2465 2481 2523 domus
2534 2467 2707 2524 divisa
2735 2468 2999 2528 adversus
3031 2486 3093 2528 se
3116 2487 3226 2528 non
3252 2476 3434 2532 stabit.
3474 2495 3497 2530 ι

1922 2559 2007 2614 Ad
2045 2559 2403 2631 cogitationes
2446 2557 2852 2618 Pharisaeorum
2901 2566 3180 2635 respondit
3208 2576 3268 2622 ut
3300 2568 3385 2623 vel
3418 2568 3502 2627 sic

1924 2653 2381 2723 compellerentur
2403 2656 2643 2711 credere.
2690 2654 2853 2712 Juxta
2893 2656 3127 2712 litteram
3172 2667 3319 2728 patet
3347 2662 3501 2732 quod

1923 2758 2088 2799 omne
2134 2759 2361 2816 regnum
2397 2746 2634 2802 solidum
2682 2754 2738 2801 et
2777 2747 3018 2813 ﬁrmum,
3074 2748 3122 2804 si
3168 2764 3266 2818 per
3313 2761 3500 2821 partes

1923 2834 2204 2902 dividitur,
2255 2851 2383 2892 cum
2425 2837 2517 2892 alii
2542 2837 2613 2892 ab
2635 2837 2759 2894 aliis
2790 2840 2876 2893 vel
2916 2839 3219 2909 puniuntur
3260 2843 3344 2897 vel
3376 2858 3504 2914 per-

1924 2926 2190 2994 imuntur,
2236 2927 2294 2983 in
2355 2928 2704 2986 solitudinem
2758 2930 3043 3001 redigitur,
3074 2942 3368 2989 vacuatum
3427 2934 3498 2990 ab

1924 3017 2343 3076 habitatoribus.
2364 3019 2574 3077 Cadere
2614 3037 2831 3093 quoque
2863 3022 3005 3079 ratio
3038 3033 3123 3079 est
3161 3024 3358 3080 donius
3378 3025 3499 3081 sive

1924 3113 2136 3169 civitas.
2188 3111 2347 3180 Quod
2389 3111 2679 3170 Mattheus
2702 3115 2876 3186 ponit.
2917 3115 3231 3173 Concordia
3259 3133 3500 3189 namque

1922 3220 2105 3275 parvas
2132 3221 2221 3261 res
2247 3215 2530 3275 crescunt;
2561 3207 2835 3263 discordia
2879 3209 3132 3266 maximae
3165 3210 3500 3268 dilabuntur.

1925 3296 2046 3364 Quo
2086 3307 2268 3354 autem
2311 3300 2430 3355 haec
2476 3300 2832 3370 Spiritualiter
2859 3301 3229 3370 attenduntur,
3257 3305 3500 3375 exponit.

2001 3409 2021 3443 ι
2059 3388 2117 3446 Si
2159 3400 2342 3448 autem
2389 3400 2446 3448 et
2494 3390 2728 3447 Satanas
2753 3393 2806 3447 in
2833 3392 3073 3463 seipsum
3133 3394 3341 3452 divisus
3394 3405 3503 3462 est,

1925 3484 2201 3555 quomodo
2231 3484 2399 3540 stabit
2438 3499 2666 3550 regnum
2712 3484 2905 3555 ipsius.
2937 3503 2956 3536 ι
2988 3482 3106 3541 Non
3138 3496 3311 3556 potest
3334 3495 3500 3555 stare,

1925 3575 2022 3632 sed
2055 3575 2220 3632 ﬁnem
2267 3576 2452 3644 habet,
2481 3577 2612 3648 quia
2659 3576 2842 3633 dicitis
2873 3577 2929 3632 in
2958 3575 3262 3634 Beelzebub
3294 3579 3494 3649 ejicere

1925 3682 2013 3723 me
2036 3667 2327 3724 daemonia.
2376 3667 2592 3740 Eligant
2619 3669 2767 3739 quod
2809 3669 2996 3725 velint.
3030 3667 3090 3724 Si
3137 3668 3369 3726 Satanas
3399 3670 3503 3726 Sa-

1926 3766 2107 3814 tanam
2138 3775 2249 3815 non
2302 3769 2484 3830 potest
2526 3761 2759 3831 ejicere,
2799 3761 2935 3816 nihil
2982 3772 3173 3818 contra
3203 3761 3499 3819 Dominum

1926 3849 2133 3907 dicunt.
2190 3849 2248 3906 Si
2288 3860 2467 3906 autem
2514 3861 2711 3922 potest,
2769 3853 3025 3909 recedant
3068 3870 3100 3908 a
3154 3869 3325 3925 regno
3355 3855 3499 3924 ejus,

1925 3942 2075 4013 quod
2110 3943 2345 3998 divisum
2400 3952 2546 3999 stare
2589 3959 2697 3999 non
2742 3953 2921 4013 potest
2965 3960 3033 3999 ne
3084 3946 3139 4000 in
3176 3946 3334 4000 ruina
3379 3947 3504 4017 ejus

1926 4033 2131 4104 pariter
2172 4033 2541 4089 involvantur.
2586 4053 2604 4086 ε
2646 4033 2700 4089 Si
2744 4043 2927 4091 autem
2969 4049 3070 4105 ego
3097 4035 3153 4097 iu
3202 4035 3505 4095 Beelzebub

1925 4124 2086 4195 ejicio
2116 4126 2406 4193 daemonia,
2439 4125 2536 4181 ﬁlii
2583 4125 2751 4180 vestri
2801 4126 2856 4181 in
2887 4140 2997 4196 quo
3038 4125 3266 4196 ejiciunt
3297 4127 3320 4182 ?
3374 4127 3504 4184 Ideo

1902 4214 2030 4285 .ipsi
2069 4215 2283 4286 judiees
2334 4217 2504 4272 vestri
2545 4225 2725 4272 erunt.
2769 4236 2788 4269 ι
2836 4216 3005 4272 Filios
3046 4215 3360 4273 Judzeorum
3418 4223 3507 4276 vel

1923 4304 2224 4362 exorcistas
2266 4307 2443 4378 gentis
2473 4307 2623 4363 illius
2646 4307 2974 4378 signiﬁcant,
3004 4308 3089 4363 vel
3120 4310 3406 4378 apostolos
3429 4326 3501 4367 ex

1925 4411 2117 4451 eorum
2144 4399 2315 4468 stirpe
2355 4406 2662 4469 generatos.
2716 4396 2887 4465 Quasi
2936 4397 3126 4453 dicat:
3160 4396 3218 4453 Si
3276 4399 3335 4454 in
3374 4399 3504 4456 ﬁliis

1924 4491 2125 4547 vestris
2150 4490 2525 4562 expulsionem
2547 4489 2856 4546 daemonum
2870 4489 2982 4547 Deo
3004 4488 3517 4563 attribuitis,quare,

1924 4583 1981 4639 in
2011 4600 2099 4640 me
2131 4600 2237 4640 non
2260 4585 2401 4641 idem
2433 4583 2660 4639 facitis?
2686 4585 3066 4656 Apostoli,qui
3092 4593 3222 4641 sunt
3244 4586 3506 4655 ignobilia

1923 4686 1981 4734 et
2032 4679 2458 4749 contemptibilia
2519 4679 2688 4750 hujus
2730 4680 2969 4744 mundi,
3012 4680 3067 4735 in
3131 4680 3334 4750 quibus
3392 4697 3503 4738 non

1925 4771 2267 4843 malignitas,
2326 4771 2424 4827 sed
2471 4786 2609 4827 mea:
2640 4772 2858 4826 virtutis
2905 4770 3227 4841 simplicitas
3254 4781 3501 4842 apparet,

1926 4871 2092 4920 testes
2122 4864 2227 4918 mei
2272 4872 2453 4930 erunt,
2502 4863 2648 4934 quod
2680 4864 2734 4918 in
2763 4861 2963 4933 Spiritu
2993 4871 3185 4918 sancto
3207 4864 3369 4934 ejicio
3394 4863 3506 4920 da:b

1927 4957 2133 5013 monia.
2186 4955 2254 5012 Et
2279 4965 2441 5012 erunt
2466 4957 2634 5012 vestri
2678 4956 2893 5027 judiees
2937 4955 3004 5011 de
3042 4956 3148 5012 hoc
3190 4958 3340 5029 quod
3367 4957 3504 5013 mihi

1929 5047 2211 5119 imponitis
2265 5062 2363 5118 per
2399 5046 2704 5103 Beelzebub
2757 5047 2991 5118 operari.
3046 5046 3146 5102 Vel
3196 5051 3503 5118 exoreistae,

1928 5142 2021 5213 qui
2049 5140 2147 5196 lilii
2175 5141 2341 5196 vestri
2389 5150 2518 5197 sunt
2569 5150 2625 5196 et
2663 5139 2940 5196 daemones
2980 5139 3171 5212 fugant
3210 5142 3281 5197 ab
3311 5143 3504 5198 obses-

1931 5234 2009 5291 sis
2053 5233 2267 5304 judices
2321 5234 2485 5289 vestri
2530 5242 2713 5299 erunt,
2745 5250 2853 5289 non
2882 5241 3150 5305 potestate
3189 5243 3251 5290 ut
3278 5235 3384 5291 mei
3417 5235 3504 5290 di-

1929 5325 2146 5396 scipuli,
2188 5324 2286 5380 sed
2321 5326 2749 5396 comparatione,
2800 5326 2929 5382 dum
2975 5325 3052 5380 illi
3125 5325 3503 5396 expulsionem

1928 5418 2234 5472 daemonum
2289 5415 2398 5473 Deo
2427 5417 2729 5489 assignant,
2756 5433 2855 5477 vos
2907 5415 3210 5475 Beelzebub
3262 5413 3507 5487 principe

1932 5508 2351 5566 daemoniorum.

2008 5620 2026 5652 ι
2062 5599 2256 5668 Porro,
2286 5601 2334 5657 si
2368 5601 2421 5655 in
2453 5602 2625 5675 digito
2646 5602 2742 5658 Dei
2765 5602 2925 5673 ejicio
2947 5600 3234 5667 daemonia,
3264 5597 3508 5670 profecto

1927 5694 2176 5766 pervenit
2224 5693 2279 5748 in
2319 5709 2420 5772 vos
2446 5710 2675 5767 regnum
2736 5694 2853 5751 Dei.
2885 5715 2905 5747 ι
2968 5692 3025 5748 Si
3050 5708 3154 5764 ego
3201 5694 3255 5748 in
3297 5690 3506 5762 Spiritu

296 5801 343 5867 ‘c
379 5778 497 5850 ipse
549 5788 729 5837 autem
782 5788 843 5834 ut
878 5778 1010 5833 vidit
1058 5780 1418 5852 cogitationes
1455 5797 1642 5839 eorum
1690 5783 1831 5840 dixit
1936 5785 2032 5843 Dei
2061 5786 2223 5859 ejicio
2250 5786 2550 5858 dzemones,
2585 5804 2685 5845 nec
2712 5787 2870 5845 aliter
2916 5796 3151 5861 possunt
3203 5785 3299 5843 ﬁlii
3338 5784 3507 5843 vestri
