4032 6396
686 344 799 400 δη

1784 339 2108 397 WEllNERI
2145 339 2438 397 ABBATIS
2476 341 2533 398 S.
2573 341 2794 398 BLASII
3787 350 3843 408 at:

694 458 909 527 ejicere.
940 448 1127 528 procul
1168 455 1335 512 dubio
1386 454 1629 526 pervenit
1656 455 1709 508 in
1749 470 1851 511 vos
1900 471 2128 528 regnum
2156 453 2273 523 Dei,
2304 467 2352 524 Α
2379 456 2699 528 gnitionem,
2722 472 2842 511 eam
2871 455 3318 526 deprehendens,
3345 466 3538 531 postea
3552 457 3682 528 ligat,
3706 461 3842 534 abope.

692 566 803 620 quo
828 548 1162 605 subvertitur
1209 562 1438 618 regnum
1469 548 1694 613 diaboli,
1739 563 1863 603 cum
1913 563 2025 619 quo
2061 559 2116 605 et
2168 564 2265 605 vos

692 641 1090 699 subvertimini.
1144 639 1389 713 Regnum
1438 639 1532 695 Dei
1569 650 1654 696 cst
1684 649 1925 712 potestas
1951 655 2060 713 qua
2091 639 2268 696 domi-

691 742 895 787 nantur
937 731 1088 802 impii
1134 741 1188 786 et
1215 747 1247 786 a
1282 730 1534 787 ﬁdelibus
1578 740 1958 788 secernuntur.
2016 731 2113 788 V'el
2141 733 2213 787 ita
2250 751 2263 787 :

692 822 937 895 Regnum
995 823 1093 878 Dei
1140 824 1225 879 vel
1272 825 1513 895 seipsum
1561 824 1852 896 signitlcat,
1881 825 1949 881 de
1984 840 2096 896 quo
2133 826 2265 880 alibi

693 917 867 973 dicit:
911 915 1202 988 «Regnum
1237 915 1332 972 Dei
1374 917 1515 972 intra
1542 933 1643 974 vos
1685 926 1769 974 est
1799 917 1952 990 (Luc.
2000 922 2137 990 xvii)
2180 937 2195 986 ;
2242 940 2261 972 ι

687 1018 743 1066 et
782 1028 801 1063 ι
834 1009 1048 1065 Medius
1076 1019 1182 1065 stat
1213 1010 1354 1064 inter
1398 1026 1495 1066 vos
1518 1026 1681 1082 quem
1703 1027 1801 1067 vos
1826 1012 2049 1068 nescitis
2072 1011 2257 1083 (Joan.

689 1102 751 1176 t).
786 1122 805 1155 ι
836 1102 930 1159 Vel
972 1119 1197 1173 regnum
1235 1101 1529 1173 Scriptura:
1561 1105 1801 1160 ablatum
1834 1104 2036 1161 Judazis
2069 1114 2123 1161 et
2151 1114 2266 1161 tra-

687 1196 861 1252 ditum
901 1196 1089 1262 nobis,
1139 1196 1225 1250 vel
1272 1212 1498 1267 regnum
1542 1197 1807 1253 caelorum
1864 1198 2023 1268 quasi
2074 1198 2264 1254 dicat:

688 1286 748 1342 Si
797 1288 850 1342 in
888 1287 1082 1357 spiritu
1135 1286 1231 1343 Dei
1262 1288 1421 1359 ejicio
1467 1287 1754 1356 dtemonia,
1786 1290 1906 1345 sine
1931 1290 2098 1345 dubio
2126 1292 2268 1347 scia-

696 1378 767 1433 tis
812 1379 1018 1433 aditum
1076 1377 1225 1447 regni
1253 1378 1491 1434 caelestis
1532 1378 1860 1449 patefactum
1899 1381 2263 1437 credentibus.

696 1468 914 1542 Digitus
963 1469 1057 1525 Dei
1086 1476 1170 1525 est
1199 1486 1359 1541 quem
1388 1470 1624 1528 confessi
1655 1481 1785 1528 sunt
1822 1472 1983 1546 Magi,
2015 1474 2108 1546 qui
2134 1490 2268 1531 con-

691 1572 776 1618 tra
847 1562 1067 1636 Moysen
1097 1573 1150 1620 et
1211 1564 1394 1620 Aaron
1469 1565 1622 1638 signa
1673 1564 1941 1623 faciebant
1962 1569 2203 1626 dicentes
2249 1586 2262 1625 ;

696 1674 718 1709 ο
763 1656 972 1725 Digitus
1022 1656 1114 1712 Dei
1153 1665 1235 1713 est
1275 1657 1596 1727 iste(Exod.
1624 1659 1765 1728 vm),
1804 1678 1822 1711 ι
1852 1675 1963 1730 quo
1988 1671 2042 1717 et
2072 1661 2268 1717 tabula:

697 1749 923 1821 lapidea:
975 1749 1191 1820 scriptas
1238 1759 1366 1806 sunt
1403 1751 1457 1806 in
1510 1760 1695 1807 monte
1756 1748 1908 1807 Sina.
1956 1751 2073 1823 Ipse
2116 1755 2262 1809 enim

687 1843 906 1912 scripsit
934 1843 1029 1913 qui
1053 1842 1339 1898 scribenda
1379 1843 1621 1898 dictavit.
1674 1842 1866 1899 Manus
1895 1852 1950 1899 et
1977 1844 2260 1902 brachium
2294 1833 2336 1888 Β

687 1932 785 1990 Dei
830 1932 1003 1990 Filius
1033 1935 1154 2005 ejus
1179 1942 1283 2000 est,
1333 1942 1389 1990 et
1431 1935 1634 2006 digitus
1675 1936 1797 2007 ejus
1846 1934 2082 2006 Spiritus
2133 1954 2266 1995 san-

687 2035 833 2084 ctus.
889 2025 995 2095 Qui
1025 2026 1229 2098 digitus
1266 2026 1467 2083 dicitur
1508 2036 1729 2099 propter
1771 2029 2118 2099 partitionem
2168 2032 2266 2086 do-

685 2133 884 2177 norum
935 2118 1028 2189 qui
1094 2117 1149 2172 in
1198 2133 1264 2173 eo
1318 2119 1517 2174 dantur
1553 2160 1567 2187 ,
1639 2121 1937 2191 unicuique
1997 2123 2212 2193 prapria
2245 2166 2261 2189 ,

683 2208 801 2266 sive
824 2208 1129 2276 hominum,
1159 2208 1274 2264 sive
1294 2211 1630 2282 angelorum.
1656 2208 1714 2266 In
1738 2212 1904 2268 nullis
1931 2213 2075 2268 enim
2096 2229 2265 2269 mem-

683 2301 800 2357 bris
843 2308 1065 2371 apparet
1108 2301 1283 2372 magis
1334 2303 1557 2374 partitio
1588 2318 1752 2374 quam
1814 2304 1868 2359 in
1905 2304 2110 2376 digitis.
2145 2304 2266 2361 Sic-

684 2401 746 2448 ut
793 2402 973 2447 autem
1005 2393 1205 2464 digitus
1254 2409 1377 2449 cum
1411 2410 1575 2449 manu
1619 2395 1704 2450 vel
1747 2395 2003 2463 brachio;
2068 2412 2264 2452 manus

683 2501 813 2541 vero
840 2486 921 2539 vel
944 2485 1227 2542 brachium
1275 2502 1399 2542 cum
1444 2503 1673 2558 corpore
1725 2504 1896 2543 unum
1927 2498 2064 2544 sunt
2087 2489 2143 2544 in
2173 2506 2266 2545 na-

683 2588 833 2643 tura,
885 2580 957 2634 ita
994 2577 1171 2645 Pater,
1220 2589 1274 2635 et
1302 2579 1493 2647 Filius,
1527 2589 1581 2636 et
1612 2579 1848 2652 Spiritus
1879 2591 2122 2647 sanctus,
2149 2592 2262 2638 tres

682 2670 905 2743 quidem
945 2680 1074 2725 sunt
1107 2685 1373 2741 personui,
1423 2687 1532 2727 una
1575 2680 1757 2726 autem
1797 2673 2101 2727 substantia
2131 2672 2266 2727 divi-

683 2761 890 2817 nitatis.
949 2759 1113 2832 Digiti
1147 2776 1275 2816 vero
1308 2760 1399 2815 Dei
1435 2762 1711 2831 pluraliter
1743 2761 1916 2817 sancti
1953 2761 2263 2834 intelligun-

682 2861 776 2909 tur
800 2852 1094 2925 prophetae,
1134 2869 1231 2923 per
1251 2868 1389 2923 quos
1426 2853 1664 2923 Spiritus
1713 2861 1936 2910 sanctus
1960 2854 2129 2909 libros
2179 2855 2261 2910 le-

691 2944 776 3017 gis
809 2958 875 3000 ac
907 2946 1298 3016 prophetarum
1347 2962 1445 3001 sua
1471 2946 1826 3017 inspiratione
1855 2947 2132 3002 describit.
2186 2945 2263 3004 De

681 3035 883 3107 quibus
913 3036 966 3090 in
984 3036 1197 3106 psalmo
1227 3036 1488 3107 scriptum
1507 3046 1624 3093 est:
1648 3055 1667 3089 ‹
1698 3035 1902 3092 Videbo
1917 3038 2086 3093 caelos
2113 3046 2259 3115 tuos,

682 3142 847 3200 opera
876 3128 1170 3199 digitorum
1200 3137 1421 3184 tuorum
1466 3127 1643 3201 (Psal.
1701 3129 1843 3201 vttt).
1883 3148 1903 3182 ι
1951 3128 2056 3184 Per
2089 3131 2261 3187 coalos

678 3220 829 3276 enim
851 3219 1015 3275 libros
1042 3220 1174 3290 legis
1203 3236 1269 3276 ac
1311 3222 1720 3292 prophetarum,
1769 3236 1867 3292 per
1906 3220 2105 3291 digitos
2130 3236 2261 3276 vero

682 3318 926 3376 sanctos,
976 3318 1038 3365 ut
1089 3310 1297 3367 dictum
1353 3319 1455 3380 est,
1514 3311 1811 3383 prophetas
1859 3310 2086 3382 mystice
2120 3311 2259 3367 insi-

682 3404 891 3462 nuavit.

760 3500 899 3554 «Aut
913 3498 1191 3571 quomodo
1213 3507 1396 3570 potest
1420 3498 1712 3569 quisquam
1736 3499 1941 3563 intrare
1962 3498 2015 3554 in
2037 3498 2259 3554 domum

685 3591 868 3657 fortis,
896 3599 951 3645 et
976 3605 1106 3644 vasa
1124 3590 1244 3660 ejus
1259 3590 1495 3661 diripere
1511 3591 1564 3644 in
1591 3590 1791 3661 quibus
1809 3591 2134 3655 conﬁdebat,
2152 3591 2260 3647 nisi

680 3684 835 3754 prius
863 3683 1163 3753 alligaverit
1203 3680 1419 3748 fortem,
1451 3692 1505 3737 et
1542 3690 1673 3738 tunc
1697 3683 1915 3738 demum
1951 3698 2081 3738 vasa
2116 3682 2262 3740 illius

680 3775 901 3846 diripiat
921 3774 945 3829 ?
963 3793 983 3827 ι
1015 3772 1535 3831 OstenditDominus
1560 3791 1655 3846 per
1669 3774 2014 3831 manifestam
2036 3775 2263 3846 parabo-

679 3869 812 3935 lam,
842 3867 969 3939 quia
986 3868 1183 3923 virtute
1195 3867 1492 3924 divinitatis
1518 3867 1769 3925 homines
1796 3883 1827 3923 a
1847 3866 2115 3924 daemonio
2133 3867 2262 3925 libe-

682 3968 896 4015 rantur.
929 3958 1106 4015 Fortis
1121 3969 1205 4015 est
1225 3958 1496 4026 diabolus,
1527 3961 1726 4016 domus
1750 3960 1897 4016 illius
1923 3959 2183 4027 mundus,
2202 3960 2259 4015 in

681 4053 923 4124 maligno
944 4052 1156 4124 positus
1170 4053 1225 4108 in
1251 4068 1361 4124 quo
1375 4053 1631 4125 usquead
1647 4053 1939 4109 adventum
1957 4053 2259 4110 Salvatoris

676 4146 840 4217 quasi
870 4155 1062 4216 pacato
1107 4146 1335 4216 imperio
1374 4146 1493 4201 sine
1541 4147 1975 4202 contradictione
2005 4147 2259 4219 quiesce-

684 4238 797 4295 bat.
832 4236 989 4294 Unde
1018 4236 1284 4293 Dominus
1310 4254 1324 4290 :
1359 4254 1377 4288 ι
1413 4235 1572 4292 Venit
1598 4238 1853 4309 princeps
1878 4238 2065 4294 mundi
2094 4237 2259 4308 hujus

682 4334 738 4382 et
765 4327 931 4384 inme
978 4343 1088 4383 non
1120 4327 1285 4382 habet
1305 4326 1604 4397 quidquam
1638 4327 1816 4399 (Joan.
1844 4330 1978 4400 xw).
2018 4349 2037 4381 ι
2065 4329 2130 4384 Et
2153 4330 2257 4386 ile-

682 4436 805 4475 rum
839 4439 853 4476 :
884 4439 905 4473 t
939 4418 1096 4476 Nunc
1122 4417 1379 4492 princeps
1411 4421 1576 4491 hujus
1604 4422 1794 4476 mundi
1822 4422 2073 4491 ejicietur
2107 4421 2256 4478 foras

683 4511 866 4586 (Joan.
892 4512 1014 4582 xu).
1052 4531 1072 4564 ι
1107 4482 1331 4566 ἐθναοὲ
1360 4511 1452 4566 illo
1483 4482 1611 4566 'fuit
1668 4513 1784 4582 ipse
1842 4482 2107 4567 Dominus
2157 4513 2250 4584 qui
2283 4526 2330 4582 ι)
2358 4513 2630 4569 mentibus
2651 4482 2884 4570 lascivas
2917 4524 2970 4570 et
2997 4515 3211 4572 molles.
3241 4511 3391 4568 Tunc
3416 4502 3561 4559 dicit:
3584 4511 3600 4544 ι
3625 4482 3776 4586 Πξτξξξ

682 4618 835 4660 arma
863 4606 984 4675 ejus
1026 4604 1274 4670 abstulit,
1300 4604 1356 4659 id
1398 4612 1484 4660 est
1518 4604 1749 4660 astutias
1776 4612 1831 4659 ct
1851 4604 2010 4660 dolos
2057 4606 2255 4675 nequi-

682 4697 774 4753 tite
793 4696 1074 4768 spiritalis.
1107 4694 1175 4751 Et
1220 4696 1300 4752 sic
1330 4695 1619 4751 adimendo
1670 4704 1993 4767 potestatem
2024 4711 2056 4750 a
2098 4696 2259 4751 sedu-

685 4788 866 4845 ctione
890 4789 1186 4845 electorum
1210 4802 1554 4859 compescere
1572 4788 1768 4860 coegit,
1799 4788 1943 4859 quod
1988 4786 2093 4842 fuit
2137 4786 2259 4841 alli-

689 4896 821 4952 gare
845 4880 1065 4937 fortem.
1118 4880 1304 4953 Spolia
1340 4896 1436 4938 sett
1466 4895 1597 4936 vasa
1654 4889 1787 4937 sunt
1815 4881 2065 4936 homines
2092 4880 2162 4935 ab
2190 4895 2259 4935 eo

681 4972 913 5045 decepti,
940 4990 1062 5045 qua:
1088 4974 1262 5030 victor
1284 4972 1539 5029 Christus
1564 4973 1864 5028 distribuit.
1891 4971 2048 5040 Quod
2069 4979 2153 5028 est
2173 4971 2258 5026 in-

685 5065 838 5136 signe
864 5065 1271 5135 triumphantis,
1306 5065 1436 5135 quia
1463 5067 1737 5134 captivam
1769 5065 1978 5121 ducens
2024 5063 2257 5133 captivi-

684 5155 1026 5212 tatemdedit
1045 5156 1187 5210 dona
1232 5155 1545 5211 hominibus
1592 5154 1809 5225 (Ephes.
1839 5155 1936 5226 tv),
1988 5155 2254 5226 quosdam

684 5248 986 5319 apostolos,
1016 5246 1154 5302 alios
1182 5247 1567 5319 evangelistas,
1599 5246 1702 5302 hos
1750 5249 2067 5318 prophetas,
2116 5247 2257 5302 alios

684 5348 934 5411 pastores
961 5338 1224 5394 ordinans
1260 5348 1316 5394 et
1348 5338 1618 5394 doctores.
1654 5336 1834 5396 Fortis
1863 5354 1994 5412 ergo
2028 5341 2254 5395 domum

682 5430 1056 5501 fuitdiripere,
1080 5441 1296 5501 ereptos
1321 5447 1354 5487 a
1383 5430 1602 5487 diabolo
1638 5431 1895 5489 Ecclesia:
1916 5433 2181 5499 adunare,
2202 5441 2257 5488 et

674 5523 1349 5595 perdistinctasgraduum
1372 5524 1661 5597 dignitates
1684 5541 2020 5597 promovere.
2038 5525 2254 5581 Atrium

695 5616 843 5683 quod
876 5616 1032 5675 fortis
1061 5629 1306 5676 armatus
1333 5620 1590 5687 custodit,
1614 5630 1698 5676 est
1731 5636 1860 5688 cor;
1884 5618 2042 5676 fortis
2071 5633 2254 5674 arma-

670 5717 776 5769 ειυς
800 5711 1046 5781 malitia;
1078 5710 1273 5769 fortior
1298 5712 1708 5785 superveniens,
1747 5712 2052 5784 sapientia;
2077 5726 2250 5778 arma,

674 5805 949 5862 membra.
984 5803 1267 5876 Sapientia
1292 5804 1530 5876 primum
1560 5802 1827 5862 malitiam
1860 5804 2013 5875 capit
2038 5819 2136 5875 per
2158 5818 2253 5860 co.—

2368 561 2430 602 re
2453 547 2742 612 cohibens,
2765 547 2960 602 deinde
2986 547 3251 619 ﬂagellat,
3309 547 3443 618 quia
3488 563 3668 618 pravus
3706 553 3844 615 eum

2366 639 2525 708 quasi
2553 637 2706 694 duris
2728 639 3054 709 quibusdam
3082 638 3323 710 flagellis
3358 640 3594 705 caeditur,
3619 644 3844 716 quaudope

2371 731 2613 787 studium
2637 731 2939 802 disciplinas
2964 732 3034 787 ab
3084 747 3155 788 eo
3189 733 3347 803 quod
3385 734 3581 803 appetit
3622 735 3839 795 refrenatur.

2365 822 2675 879 Novissime
2700 823 2859 893 quasi
2893 823 3156 879 membris
3182 824 3242 877 in
3276 839 3500 878 crucem
3522 826 3729 880 extensis
3753 829 3842 882 etii-

2367 913 2503 969 visis
2523 929 2553 968 a
2580 929 2640 969 se
2666 913 2840 969 clavis
2868 914 3188 984 conﬁgitur,
3225 914 3457 984 quando
3482 914 3655 969 divisis
3685 931 3709 969 a
3746 922 3840 972 sui

2369 1006 2459 1061 tiis
2486 1007 2683 1062 timore
2712 1004 2807 1061 Dei
2859 1007 3077 1062 animus
3113 1016 3468 1077 penetratur.
3523 1011 3719 1073 Quando
3747 1012 3838 1066 sinu

2369 1102 2499 1152 sunt
2524 1095 2676 1161 vitia,
2710 1095 2938 1152 fortiora
2984 1105 3134 1162 sunt,
3186 1112 3317 1167 qua:
3347 1098 3419 1152 ab
3443 1097 3679 1154 alterutro
3701 1116 3743 1154 se
3773 1117 3836 1156 me

2370 1187 2550 1253 niunt,
2598 1195 2659 1241 ut
2706 1186 2831 1258 gula
2879 1187 3181 1252 luxuriam,
3233 1202 3438 1257 pompa
3486 1188 3835 1258 superhiam,etc.

2366 1278 2558 1335 Dii—ide
2586 1280 2675 1334 illa
2703 1289 2756 1334 et
2782 1279 2852 1334 ab
2882 1280 3113 1335 invicem
3153 1281 3441 1353 disjunge,
3469 1291 3521 1336 et
3547 1282 3618 1336 sic
3632 1284 3780 1354 conlige
3800 1286 3833 1338 ti

2369 1390 2522 1431 more
2545 1373 2639 1431 Dei
2669 1391 2863 1432 carnes
2887 1390 3028 1443 tuas,
3055 1389 3107 1432 et
3124 1378 3347 1431 malitia
3378 1379 3431 1432 in
3456 1386 3507 1431 te
3526 1379 3754 1435 moriatur.
3771 1380 3832 1435 Non

2370 1477 2553 1524 autem
2579 1468 2795 1524 mireris
2808 1469 2853 1524 si
2880 1470 3143 1540 sapientia
3164 1470 3398 1524 malitia:
3425 1470 3550 1526 iacit
3573 1472 3692 1542 quod
3710 1489 3733 1525 a
3747 1473 3831 1527 uul-

2370 1561 2446 1615 tia
2471 1562 2588 1630 ipsa
2615 1560 2768 1632 prius
2797 1563 3079 1618 sustinuit.
3105 1563 3282 1619 Prius
3317 1564 3525 1618 malitia
3553 1565 3761 1619 cruciﬁxit
3784 1582 3831 1621 te

2372 1650 2668 1721 pientiam;
2700 1659 2890 1722 postea
2920 1653 3194 1723 sapientia
3230 1653 3535 1724 praevalens
3554 1654 3828 1710 crucifixum-

2370 1742 2565 1797 litiam.

2441 1853 2461 1888 ι
2502 1833 2607 1902 Qui
2645 1851 2752 1891 non
2780 1845 2863 1892 est
2889 1852 3106 1892 mecum
3134 1846 3227 1894 est
3255 1846 3451 1893 contra
3495 1853 3602 1904 me;
3628 1846 3670 1892 et
3691 1837 3819 1907 quirat

2366 1937 2663 1999 congregat
2685 1944 2922 1993 mecum,
2950 1929 3182 2001 spargit.
3221 1952 3239 1979 ο
3272 1928 3393 1985 Hoc
3424 1938 3817 1998 consequentum:

2366 2020 2434 2074 ad
2464 2020 2769 2087 htereticos,
2795 2021 2890 2076 sed
2913 2021 2981 2077 ad
3005 2021 3299 2077 diabolum
3324 2021 3572 2087 refertur,
3594 2021 3713 2090 cujus
3730 2034 3814 2088 open

2368 2111 2670 2168 Salvatoris
2701 2113 2958 2183 operibus
2986 2114 3309 2185 comparari
3347 2122 3626 2185 nequeunt.
3653 2111 3715 2165 Ille
3737 2110 3813 2163 enin

2365 2206 2514 2276 cupit
2537 2206 2752 2262 animas
2799 2206 3085 2261 hominum
3129 2214 3327 2263 tenere
3362 2206 3593 2277 captivas
3641 2218 3730 2274 quas
3751 2199 3814 2252 Do-

2364 2298 2548 2353 minus
2572 2298 2788 2353 liberat.
2819 2298 2914 2355 llle
2937 2301 3102 2355 trahit
3128 2301 3199 2356 ad
3234 2301 3391 2367 vitia,
3434 2298 3668 2353 Dominus
3689 2300 3813 2348 revocat

2364 2389 2431 2443 ad
2450 2391 2696 2445 virtutes.
2719 2389 3005 2456 Quomodo
3026 2406 3161 2462 ergo
3182 2391 3524 2446 concordant
3539 2396 3809 2459 quorumoptn

2364 2481 2539 2537 divisa
2570 2483 2740 2537 sunt?
2760 2480 2866 2549 Qui
2891 2498 3000 2538 non
3031 2484 3268 2554 colligit,
3303 2483 3411 2539 hoc
3435 2490 3516 2537 est
3543 2479 3622 2551 qui
3646 2492 3720 2531 non
3742 2488 3807 2527 col-

2365 2583 2551 2647 gregat
2575 2591 2704 2631 oves
2743 2591 2897 2632 meas
2926 2593 3172 2645 mecum,
3217 2577 3502 2649 dispergit,
3531 2578 3619 2630 hoc
3645 2567 3805 2626 estdissi-

2364 2675 2569 2737 pateas
2599 2683 2629 2722 a
2660 2676 2803 2723 coetu
2829 2668 3090 2723 fidelium.
3119 2667 3228 2725 llic
3282 2669 3538 2732 insinuat,
3559 2664 3660 2735 quia
3678 2657 3803 2715 noni:-

2363 2760 2500 2815 bens
2526 2759 2787 2830 Spiritum
2813 2770 3086 2826 sanctum,
3111 2761 3210 2831 qui
3231 2776 3344 2815 non
3369 2775 3489 2816 cum
3513 2758 3593 2812 illo
3614 2756 3803 2822 conm

2363 2854 2640 2924 quomodo
2675 2870 2915 2923 unquam
2961 2855 3063 2909 sub
3089 2854 3217 2924 ejus
3242 2854 3464 2909 nomine
3482 2844 3732 2921 congregat
3753 2836 3802 2893 da

2363 2944 2592 2998 omnino
2640 2958 2740 2998 nos
2778 2946 3044 3016 compulit
3091 2945 3405 3016 intelligere
3455 2958 3553 2998 non
3595 2937 3688 2994 alibi
3716 2943 3803 3003 ροσε

2366 3038 2480 3093 fieri
2513 3038 2896 3093 remissionem
2937 3048 3303 3110 peccatorum
3353 3037 3459 3093 nisi
3501 3036 3549 3090 in
3574 3027 3715 3088 Christi
3729 3038 3800 3079 οω-

2363 3130 2679 3200 gregatione
2711 3145 2835 3201 qua:
2859 3145 2968 3184 non
2994 3131 3227 3201 spargit.

2439 3241 2461 3275 ι
2494 3222 2631 3278 Cum
2661 3221 2978 3278 immundus
2998 3222 3234 3293 spiritus
3255 3220 3448 3277 exierit
3470 3218 3532 3273 ab
3550 3211 3792 3270 homine.”

2362 3313 2617 3385 bulatper
2630 3316 2748 3370 loca
2770 3315 2920 3370 arida
2932 3330 3189 3387 quaerens
3209 3315 3474 3386 requiem,
3491 3320 3538 3366 et
3552 3298 3792 3363 noniuveuitt

2361 3403 2599 3462 Possunt
2641 3406 2758 3462 haec
2785 3423 2894 3463 non
2928 3408 3382 3464 inconvenienter
3407 3402 3560 3472 accipi
3593 3400 3643 3453 de
3656 3388 3791 3464 quolibt

2363 3498 2616 3555 lueretico
2638 3498 2723 3554 vel
2752 3500 3128 3565 schismatico,
3153 3501 3247 3555 vel
3270 3500 3431 3555 etiam
3456 3494 3583 3551 malo
3607 3479 3788 3543 Catholica

2362 3589 2439 3647 De
2463 3607 2574 3663 quo
2601 3607 2727 3648 eum
2759 3602 3004 3663 tempore
3051 3593 3400 3662 baptismatis
3445 3585 3633 3658 spiritus
3661 3579 3787 3631 immur

2361 3662 2489 3740 dus
2525 3685 2719 3740 exierit
2773 3662 3016 3741 ambulat
3078 3702 3177 3756 per
3223 3688 3344 3742 loca
3394 3683 3645 3750 inaquosa.
3686 3662 3786 3756 id“

2361 3775 2557 3832 circuit
2608 3775 2771 3831 corda
2814 3775 3052 3831 fidelium
3080 3754 3394 3848 expurgatu
3435 3788 3463 3826 a
3505 3760 3678 3822 mollitie
3696 3754 3779 3807 liti!

2360 3866 2729 3937 cogitationis.
2761 3865 3024 3937 chuiem
3054 3869 3255 3938 quaerit
3283 3876 3337 3921 et
3374 3878 3475 3918 non
3510 3851 3695 3945 invenit,
3719 3849 3783 3945 ηαξ

2359 3967 2541 4014 castas
2565 3968 2772 4014 mentes
2805 3960 3108 4014 inhabitare
3136 3975 3250 4014 non
3287 3964 3488 4029 potest,
3516 3963 3598 4003 nec
3618 3942 3782 4029 qi!in

2360 4048 2466 4103 nisi
2497 4049 2551 4103 in
2580 4063 2749 4119 pravo
2770 4050 2956 4104 corde.
2992 4046 3147 4104 Unde
3172 4048 3437 4103 Dominus
3468 4040 3528 4094 de
3553 4036 3635 4125 illo;

2362 4159 2385 4193 ι
2424 4140 2538 4197 Sub
2559 4109 2753 4197 umbra
2779 4142 3001 4206 dormit,
3031 4142 3086 4197 in
3115 4151 3329 4198 secreto
3355 4131 3533 4192 calami
3559 4133 3603 4181 ει

2360 4235 2634 4290 mentibus
2661 4232 2782 4306 (Job
2811 4235 2928 4303 Ls).
2967 4252 2986 4285 ι
3013 4232 3071 4287 ln
3099 4233 3294 4288 umbra
3343 4227 3561 4284 insinuat

2358 4329 2747 4395 conscientias;
2784 4328 2837 4382 itt
2892 4328 3105 4384 calamo
3146 4327 3243 4398 qui
3301 4321 3429 4380 foris
3463 4322 3536 4372 est
3564 4295 3776 4398 ηἰιξδιξδοιξί

2359 4420 2507 4475 intus
2536 4436 2745 4475 vacuus
2769 4429 2873 4483 est,
2904 4429 3116 4475 mentes
3160 4413 3532 4475 simulatrices;
3564 4402 3605 4455 in
3624 4382 3776 4448 lous“

3866 2834 3876 3151 Α

3860 3151 3876 3514 1

3854 3514 3870 3895 1

3834 4449 3858 4853 Ι

3816 4870 3852 5612 ἐ

3686 5612 3840 6344 ]

3700 5734 3747 5788 lt-

2360 4605 2416 4658 in
2463 4604 2686 4659 domutn
2735 4619 2913 4659 meam
2970 4605 3113 4660 unde
3147 4604 3307 4659 exivi.
3339 4619 3356 4651 ι
3392 4594 3612 4650 Revertar
3626 4573 3672 4630 ad
3695 4565 3772 4620 Μετ’

2358 4695 2772 4761 conscientiam,
2832 4695 2976 4749 unde
3018 4695 3073 4749 in
3126 4694 3392 4766 baptismo
3424 4664 3770 4791 ejectusmlfmgi

2357 4796 2413 4843 et
2461 4787 2747 4857 pristinam
2799 4787 3202 4857 possessionem
3278 4782 3517 4839 consueto
3547 4757 3666 4819 ωοάθ
3699 4759 3729 4799 ¹⁰

2357 4878 2664 4948 subjiciam.
3444 4957 3454 4968 _
3512 4937 3725 4968 gum“...
3739 4923 3767 4968 ct

2434 4988 2452 5020 ι
2464 4968 2530 5023 Et
2549 4970 2773 5025 veniens
2797 4969 3005 5024 invenit
3024 4977 3306 5025 vacantem
3319 4957 3494 5056 scopis.
3508 4937 3768 5056 “Wfﬁn;

2357 5073 2631 5118 ornatam.
2671 5082 2691 5115 ι
2722 5060 3042 5129 Vacatttem.
3086 5062 3293 5117 “mea
3327 5071 3354 5110 ³
3385 5023 3764 5154 bon.is.a-c.u.b:rs

2357 5155 2739 5225 negligentiam
2767 5196 2783 5220 ,
2825 5155 3144 5209 mundatam
3169 5170 3200 5209 a
3229 5148 3367 5206 vitiis
3414 5124 3694 5225 Ρνίθίίηίδξῖ

2357 5197 2739 5225 ...,,,..,,...........
2767 5197 2783 5220 ,
2827 5197 3144 5209 ............,.,,,
3169 5197 3200 5209 ,,
3415 5197 3431 5211 _
3613 5212 3620 5222 .

2357 5247 2542 5317 Ρίίεηῖί
2592 5246 2848 5318 gratiam,
2905 5256 3155 5302 ornatam
3205 5234 3455 5300 simulatis
3476 5197 3764 5280 virtutum“er

2359 5340 2709 5412 bypocrisim.

2355 5525 2580 5597 quiores
2605 5540 2686 5589 se,
2707 5534 2762 5581 et
2790 5526 3058 5581 intrantes
3090 5524 3329 5581 habitant
3356 5515 3438 5568 ibi.
3464 5523 3481 5556 ι
3524 5515 3572 5595 I’f

2355 5618 2579 5688 spiritus
2609 5617 2862 5673 universa
2893 5619 3024 5673 vitia
3051 5617 3293 5688 designat
3324 5617 3432 5678 (ιυίθ
3462 5601 3749 5717 9:32:55;-

2356 5685 2443 5764 tur
2468 5710 2729 5781 nequiora
2759 5709 2976 5765 diabolo
2998 5685 3382 5780 comparatione
3405 5685 3747 5812 ιξξίῖξᾟᾙᾘ.

2354 5778 2719 5859 ιίοηὶεξῦιιω
2744 5803 2888 5859 enim
2916 5778 3169 5860 diabolus
3199 5797 3359 5857 malus
3390 5785 3450 5842 sil
3487 5782 3526 5831 c‘
3557 5778 3597 5821 ω
