4032 6396
177 388 282 445 881

1009 379 1582 439 ΒΕΡ1.οΠΛΤΙΟΝΕ5
1617 380 1718 437 SS.
1759 377 2069 437 PATRUM.
2108 377 2309 435 --LlB.
2335 376 2376 438 Ι.

3335 375 3442 432 ω

178 505 297 562 ciat
349 512 476 559 ante
542 501 873 572 baptismum
935 514 1281 570 quzecunquc
1328 510 1450 571 post
1495 498 1766 569 baptisma
1795 508 1838 561 Α
1873 503 2020 567 gattt.
2075 491 2212 549 Tota
2252 489 2497 565 profecto
2561 489 2688 545 vita
2725 489 2967 546 calcatis
3002 486 3262 561 perfectio
3307 488 3445 544 duo-

179 597 303 654 sivc
331 593 594 666 pravitate
612 593 862 648 It.rretica
888 607 983 648 seu
1013 592 1288 647 mundana
1314 591 1608 663 cupiditate
1630 591 1766 646 arri-

177 687 370 759 puerit
388 701 509 740 mox
533 700 657 741 cum
684 684 736 738 in
761 683 1006 739 omnium
1035 683 1289 739 vitiorum
1322 682 1427 737 ima
1454 682 1766 754 prosternit.

179 781 254 836 lit
286 795 397 836 non
429 779 604 835 solum
631 776 848 832 habebit
881 788 1086 848 septem
1117 776 1247 830 vitia
1298 774 1385 829 VII
1429 773 1770 844 spiritalibus

176 873 484 929 virtutilms
508 870 805 929 contraria.
835 870 929 926 sed
973 884 1069 941 per
1099 866 1428 941 hypocrisitn
1469 866 1615 936 ipsas
1654 881 1770 921 ser-

176 966 393 1022 vitutes
428 965 628 1021 habere
677 963 978 1019 simulabit.
1018 981 1036 1013 t
1072 960 1139 1016 lit
1170 964 1305 1016 littttt
1353 959 1649 1014 novissima
1679 958 1772 1012 ho-

177 1056 354 1112 tttinis
379 1056 524 1110 illius
552 1054 734 1125 pejora
766 1054 1096 1125 prioribus.»
1129 1052 1323 1109 Melius
1355 1051 1554 1122 quippe
1576 1059 1694 1104 erat
1718 1049 1768 1104 ei

176 1150 329 1204 viam
361 1148 607 1204 veritatis
636 1163 743 1203 non
782 1162 1112 1219 e0gnoscerc
1152 1160 1316 1216 quam
1365 1153 1487 1215 post
1528 1142 1765 1214 agnitio-

178 1258 310 1298 nem
340 1251 640 1297 retrorsum
674 1240 936 1295 converti.
982 1237 1097 1294 lloc
1140 1238 1194 1293 itt
1238 1236 1378 1292 .lttda
1410 1234 1669 1291 traditore
1713 1243 1767 1290 et

180 1334 414 1389 Simone
467 1331 625 1403 Mago
675 1332 984 1402 specialiter
1028 1330 1259 1402 legimus
1288 1328 1590 1399 impletum.
1623 1326 1766 1395 Qttid

180 1426 300 1482 ltzec
356 1424 609 1497 parabola
668 1424 932 1490 intendat,
984 1422 1109 1479 linis
1137 1422 1258 1493 ejus
1288 1422 1550 1477 insinuat.
1606 1438 1626 1473 t
1673 1418 1766 1474 Sic

176 1529 347 1574 erunt
393 1529 448 1575 ct
496 1519 833 1591 generationi
891 1517 1017 1573 huic
1055 1516 1327 1587 pessimze,
1371 1534 1389 1568 ι
1427 1515 1479 1570 id
1505 1523 1589 1569 est
1617 1515 1765 1585 quod

176 1610 248 1665 de
306 1624 418 1665 uno
468 1609 776 1680 specialiter
839 1606 1079 1670 ttarravi,
1134 1607 1239 1661 hoc
1272 1606 1487 1661 eveniet
1522 1605 1575 1660 itt
1607 1614 1764 1677 gente

177 1698 351 1769 hujus
404 1698 611 1768 p0pttli.
676 1696 997 1752 lmnttmdtts
1045 1696 1272 1766 spiritus
1297 1711 1327 1750 a
1355 1693 1559 1749 ludatis
1597 1694 1766 1750 exivit

174 1791 405 1861 quando
459 1791 629 1863 legem
682 1798 1011 1859 acceperunt
1057 1799 1111 1843 ct
1165 1787 1416 1843 transivit
1444 1787 1509 1842 ad
1551 1794 1759 1858 gentes.

1873 589 1976 644 ltus
2024 587 2109 645 his
2154 585 2659 658 cotttprelteuditur,
2693 592 2753 639 ut
2774 582 2999 640 verbum
3030 580 3126 638 Dei
3155 580 3444 638 audiamus

1870 691 1924 736 et
1952 679 2239 735 faciamus.

2310 768 2546 825 SERMO
2576 768 2662 822 DE
2689 765 3005 824 PECCATO

2267 877 2337 916 ΕΤ
2401 875 2749 915 (ιοχι-εδδιοκε
2811 873 3052 913 ΡΕΕΟΑἸΊ.

1944 953 2165 1011 Duobus
2194 953 2374 1009 modis
2409 961 2695 1023 peccatum
2735 950 3115 1015 committitur,
3145 949 3198 1005 id
3233 958 3317 1005 est
3350 957 3453 1004 aut’

1867 1060 2053 1101 amore
2111 1045 2445 1115 cupiditatis,
2503 1052 2599 1099 aut
2657 1051 2801 1097 metu
2860 1041 3113 1107 timoris,
3171 1041 3302 1097 dum
3357 1040 3442 1095 vel

1867 1138 2104 1208 quisque
2125 1137 2241 1191 vult
2264 1136 2491 1207 adipisci
2519 1134 2665 1207 quod
2691 1134 2880 1204 cupit,
2927 1132 3011 1187 vel
3042 1132 3196 1188 timet
3239 1149 3307 1188 ne
3352 1133 3440 1188 in—

1869 1239 2055 1285 currat
2110 1229 2257 1299 quod
2302 1228 2514 1283 metuit.
2567 1225 2813 1294 Quatuor
2861 1225 3036 1280 modis
3085 1223 3443 1279 committitur

1865 1329 2147 1390 peccatum
2174 1320 2227 1375 in
2259 1320 2449 1385 corde,
2477 1329 2713 1391 quatuor
2734 1326 2787 1373 ct
2813 1323 3151 1387 perpetratur
3182 1315 3234 1369 in
3259 1331 3439 1385 opere.

1865 1411 2185 1467 Admittitur
2205 1410 2258 1465 itt
2283 1409 2446 1466 corde
2486 1409 2831 1481 suggestione
2863 1407 3192 1473 dtemonum,
3209 1405 3446 1461 delecta-

1868 1503 2014 1558 tione
2044 1502 2260 1565 carnis.
2290 1502 2658 1559 consensione
2695 1500 2923 1567 mentis,
2969 1497 3283 1554 defensione
3330 1498 3447 1553 cla-

1866 1595 2053 1651 tionis.
2102 1592 2479 1650 Cornmittitur
2526 1593 2580 1649 in
2628 1607 2812 1665 opere,
2847 1608 2994 1647 nunc
3018 1592 3266 1658 latenter,
3296 1607 3451 1647 nunc

1865 1686 2066 1757 palam,
2107 1700 2253 1741 nunc
2291 1685 2723 1751 consuetudine,
2765 1700 2914 1740 nunc
2947 1684 3350 1755 desperatione.
3381 1682 3441 1739 ln

1867 1777 1989 1833 istis
2015 1792 2147 1849 ergo
2172 1777 2434 1849 gradibus
2469 1785 2523 1832 et
2556 1776 2719 1831 corde
2771 1775 3139 1847 delinquitur,
3187 1784 3241 1831 et
3279 1790 3443 1845 opere

176 1881 287 1938 Sed
321 1897 446 1937 curn
482 1890 669 1952 postea
703 1896 827 1936 cum
860 1878 1268 1936 incredentihus
1295 1878 1547 1950 gentibus
1584 1879 1761 1934 locum
1793 1867 1836 1922 Β
1865 1870 2073 1925 "nimia
2096 1879 2455 1940 ΡοῐῬοιῐἮῑυνο
2487 1867 2685 1924 Tribus
2712 1868 2890 1923 mollis
2912 1876 3193 1939 peccatum
3215 1868 3440 1938 geritur,

178 1991 291 2029 non
324 1973 613 2038 inveniret,
649 1988 900 2028 reversus
925 1981 1012 2027 est
1038 1971 1105 2026 ad
1147 1969 1398 2035 Judccos,
1443 1978 1702 2027 vacantes
1730 1986 1760 2026 a

170 2065 424 2132 Christo,
456 2079 512 2121 ct
541 2065 833 2136 superﬁuis
855 2063 1331 2120 observationibus
1354 2063 1489 2133 legis
1530 2063 1764 2118 munda-

173 2168 265 2214 tos
290 2169 453 2229 prout
478 2160 764 2230 putabant,
795 2167 960 2229 atque
985 2154 1321 2213 ornatos.Ut
1345 2166 1528 2211 autem
1550 2155 1761 2213 ﬁrmius

171 2250 435 2320 deinceps
464 2251 774 2322 possideat,
816 2250 1052 2307 assumit
1094 2249 1505 2306 universitatem
1554 2248 1760 2305 dromo-

172 2356 331 2396 num.
359 2340 523 2412 Pejus
549 2356 681 2414 ergo
708 2341 871 2397 modo
889 2340 1096 2397 faciunt
1123 2338 1318 2407 Judzei,
1346 2339 1541 2411 majori
1569 2355 1762 2395 nume-

171 2451 240 2491 ro
279 2437 589 2493 daemonum
646 2438 888 2509 possessi
947 2453 1111 2510 quant
1168 2438 1358 2509 prius,
1404 2437 1532 2509 quia
1577 2439 1761 2494 minus

173 2536 293 2582 erat
308 2526 589 2583 Christum
603 2537 892 2584 venturum
908 2543 1018 2583 non
1040 2526 1261 2585 credere
1281 2542 1446 2599 quam
1469 2536 1758 2599 postquam

171 2618 325 2674 venit
352 2633 459 2672 non
485 2620 787 2690 suscipere.

252 2728 271 2761 t
309 2708 532 2765 Factum
563 2720 648 2766 est
677 2719 885 2779 autem,
909 2727 1034 2768 cum
1076 2711 1195 2767 haec
1223 2711 1462 2776 diceret,
1491 2710 1759 2766 extollens

172 2816 369 2856 vocent
402 2802 656 2873 quaadatn
683 2803 883 2860 mulier
916 2803 985 2859 de
1029 2803 1189 2858 turba
1239 2803 1371 2859 dixit
1402 2803 1479 2857 illi
1513 2821 1526 2858 :
1558 2801 1760 2859 Beatus

170 2904 363 2948 venter
383 2893 476 2963 qtti
509 2902 561 2948 te
591 2895 826 2964 portavit
852 2903 907 2950 et
931 2895 1098 2951 ubera
1121 2939 1137 2961 ,
1163 2906 1268 2950 etc.
1302 2914 1321 2947 ι
1359 2894 1568 2966 Magna:
1591 2894 1759 2951 devo-

171 2985 342 3040 tionis
359 2994 412 3040 et
429 2985 550 3041 ﬁdei
579 2987 893 3043 ostenditur
918 2989 1033 3043 haec
1052 2987 1270 3055 mulier,
1296 3004 1442 3059 qum,
1464 2986 1756 3044 Pharisazis

170 3078 680 3149 blaspltcmantibus
711 3079 1037 3149 Dominum,
1068 3091 1220 3137 tanta
1271 3081 1589 3137 sinceritate
1635 3081 1757 3152 ejus

171 3173 608 3230 trtcarttationem
676 3175 992 3244 conﬁtetur,
1049 3185 1108 3230 ttt
1160 3185 1218 3231 et
1278 3174 1660 3247 paenitendum
1701 3183 1757 3230 et

171 3262 484 3320 futurorum
508 3266 812 3323 coulundat
838 3267 1145 3338 perﬁdiam.
1178 3266 1235 3323 Si
1259 3267 1407 3324 enim
1431 3281 1562 3323 caro
1589 3265 1753 3322 Verbi

171 3353 268 3412 Dei
297 3373 327 3413 a
351 3373 517 3415 carne
539 3359 765 3431 virginis
794 3361 988 3418 matris
1016 3371 1164 3418 esset
1187 3370 1474 3428 extranea,
1504 3368 1565 3415 ut
1595 3360 1752 3416 multi

170 3448 411 3507 haeretici
438 3451 714 3517 dixerunt,
746 3451 867 3509 sine
908 3469 1077 3509 causa
1106 3453 1255 3509 venit
1282 3453 1376 3524 qui
1417 3468 1541 3508 eum
1567 3461 1754 3524 porta-

174 3541 279 3607 vit,
303 3552 359 3598 ct
382 3542 549 3598 ubera
575 3558 699 3614 quae
741 3559 868 3599 eum
895 3544 1237 3601 lactavcruttt
1284 3543 1750 3601 beatiﬁcarentur.

170 3628 327 3688 [inde
355 3633 487 3688 dicit
518 3634 815 3704 Apostolus
841 3643 1032 3690 contra
1063 3635 1371 3700 haereticos,
1403 3653 1423 3687 ι
1468 3633 1610 3702 Quia
1643 3635 1752 3690 mi-

169 3725 245 3781 sit
276 3723 418 3780 Deus
460 3723 660 3780 Filium
709 3741 873 3782 suum
923 3725 1127 3782 factum
1156 3741 1223 3783 ex
1253 3726 1515 3794 muliere,
1546 3726 1751 3783 factum

169 3814 276 3871 sub
299 3813 416 3885 lege
449 3814 596 3886 ((-‘al.
630 3816 726 3886 tv).
769 3835 789 3869 ι
835 3813 946 3873 Nec
993 3815 1247 3873 audiendi
1276 3824 1407 3873 sunt
1433 3816 1527 3888 qui
1569 3816 1752 3890 legen-

170 3906 303 3962 dutn
330 3915 520 3977 ptttant
546 3916 734 3963 natum
753 3924 819 3965 ex
834 3908 1088 3977 muliere,
1120 3923 1230 3965 non
1253 3908 1751 3981 factunt.Alioquin

170 4017 334 4057 verus
374 4000 542 4057 Filius
570 4002 810 4059 hominis
848 4018 958 4059 non
995 4011 1143 4060 esset
1184 4002 1289 4058 nisi
1322 4018 1391 4059 ex
1416 4012 1590 4059 matre
1619 4018 1750 4059 car-

172 4109 296 4150 nem
340 4096 613 4153 traxisset.
647 4093 961 4152 Sccttttdunt
1012 4096 1272 4170 physicos
1309 4110 1531 4168 quoque
1558 4110 1623 4151 ex
1654 4110 1752 4151 eo-

172 4185 293 4241 dem
324 4184 472 4241 l'mttc
500 4196 552 4241 et
582 4186 667 4241 lac
698 4187 1024 4252 nutriendis,
1074 4196 1130 4244 et
1170 4202 1355 4244 semen
1395 4185 1752 4258 procreandis

171 4276 355 4348 pueris
379 4287 616 4333 emanat.
644 4276 784 4349 Ergo
817 4277 887 4334 de
913 4279 1124 4335 semine
1155 4277 1391 4351 Virginis
1416 4276 1594 4349 potuit
1619 4292 1751 4333 con-

172 4368 278 4440 cipi
307 4369 400 4440 qui
427 4370 547 4440 ejus
583 4370 721 4427 lacte
755 4370 933 4442 potuit
967 4372 1187 4427 nutriri.
1243 4370 1372 4428 llaec
1417 4369 1617 4425 mulier
1659 4377 1748 4442 ty-

172 4477 298 4532 pttttt
346 4464 518 4533 gessit
563 4462 822 4521 Ecclesite
877 4464 1154 4521 credentis
1203 4464 1520 4532 Christum,
1555 4478 1748 4520 verum

1782 3225 1829 3287 C

1865 1961 1968 2016 hoc
1995 1968 2079 2015 est
2108 1959 2420 2030 ignorantia
2446 2000 2462 2026 ,
2504 1958 2821 2014 inﬁrmitate
2839 2000 2854 2025 ,
2882 1959 3168 2026 industria,
3198 1959 3441 2031 periculo

1863 2060 2043 2105 autem
2072 2064 2361 2120 pretiorum
2402 2049 2599 2105 diviso.
2626 2047 2952 2121 Ignorantia:
2998 2065 3234 2120 namque
3275 2050 3443 2105 modo

1862 2142 2107 2212 peccavit
2137 2140 2190 2195 itt
2221 2141 2479 2212 paradiso
2526 2139 2672 2208 Eva,
2721 2141 2862 2196 sicut
2915 2139 3213 2211 Apostolus
3261 2141 3438 2197 dicit:

1870 2253 1888 2288 ι
1924 2232 2017 2288 Vir
2049 2250 2157 2289 non
2183 2242 2267 2290 est
2295 2234 2573 2302 seductus,
2605 2233 2699 2289 sed
2727 2233 2926 2288 mulier
2949 2231 3175 2288 seducta
3215 2233 3271 2288 in
3297 2249 3438 2304 pra:-

1863 2326 2193 2381 varicatione
2209 2325 2312 2381 fuit
2336 2325 2377 2397 (1
2414 2325 2548 2381 Tim.
2575 2326 2658 2396 tt).
2684 2346 2702 2379 ι
2726 2325 2867 2398 Ergo
2888 2324 2999 2380 Eva
3022 2326 3437 2399 peccavitigno-

1860 2419 2078 2487 rantia,
2135 2418 2309 2474 Adam
2365 2419 2665 2483 industria,
2715 2419 2845 2490 quia
2887 2435 2997 2473 non
3039 2419 3300 2475 seductus
3340 2418 3439 2474 sed

1860 2511 2041 2567 sciens
2095 2510 2444 2583 prudensque
2493 2510 2758 2581 peccavit.
2820 2508 2924 2577 Qui
2970 2525 3102 2566 vero
3158 2511 3438 2565 seducitur

1859 2601 2003 2673 quod
2036 2602 2372 2668 consentiat,
2422 2602 2698 2657 evidenter
2724 2600 2958 2672 ignorat.
3007 2600 3084 2657 De
3127 2599 3440 2657 inﬁrmitate

1858 2704 2040 2750 autem
2068 2693 2263 2750 Petrus
2287 2694 2538 2765 deliquit,
2566 2693 2830 2765 quoniam
2851 2694 2917 2749 ad
2949 2704 3156 2750 metum
3199 2694 3440 2750 interro-

1858 2787 2039 2860 gantis
2080 2787 2291 2843 ancillae
2322 2786 2603 2842 Christum
2639 2787 2873 2857 negavit.
2906 2784 3143 2843 Gravius
3172 2796 3257 2842 est
3287 2785 3441 2842 inﬁr-

1858 2880 2046 2936 ntitate
2074 2896 2236 2951 quant
2261 2872 2570 2952 ignorantia
2601 2894 2873 2950 quemque
2895 2879 3231 2950 delinquere,
3253 2880 3440 2951 cujus-

1857 2991 1966 3046 quc
2006 2975 2274 3031 industria
2302 2990 2469 3046 quam
2515 2974 2832 3030 inﬁrmitate
2871 2990 3117 3046 peccare.
3165 2973 3440 3031 lndustria

1857 3082 2094 3137 namque
2139 3075 2326 3137 peccat
2369 3066 2464 3136 qui
2507 3066 2690 3121 studio
2718 3082 2783 3123 ac
2805 3066 3193 3122 deliberatione
3237 3066 3439 3122 mentis

1858 3160 2064 3215 malum
2106 3160 2264 3231 agit;
2308 3159 2627 3215 inlirmitate
2656 3169 2838 3215 autem
2872 3159 2966 3231 qui
3015 3174 3147 3218 casu
3174 3157 3259 3214 vel
3289 3174 3432 3231 prte-

1856 3249 2176 3322 cipitatione
2196 3251 2487 3323 delinquit.
2517 3249 2760 3322 Nequius
2785 3262 2967 3307 autem
2994 3261 3048 3309 ct
3075 3252 3142 3308 de
3167 3251 3439 3309 industria

1856 3354 2116 3417 peccant,
2151 3344 2246 3416 qui
2308 3360 2418 3399 non
2475 3345 2652 3402 solum
2711 3361 2821 3401 non
2872 3345 3013 3402 bene
3059 3344 3289 3414 vivunt,
3341 3347 3434 3402 sed

1856 3441 2036 3497 adhuc
2083 3450 2133 3496 ct
2182 3441 2321 3497 bene
2348 3442 2621 3504 viventes,
2653 3442 2700 3499 si
2730 3451 2984 3514 possunt,
3013 3458 3045 3499 a
3073 3443 3303 3500 veritate
3351 3443 3437 3499 dic

1855 3540 2092 3588 vertunt.
2124 3530 2266 3588 Sunt
2289 3534 2340 3589 ei
2371 3534 2467 3605 qui
2496 3533 2810 3607 ignorantes
2833 3544 3083 3607 peccant,
3105 3544 3158 3591 et
3183 3546 3312 3593 sunt
3340 3535 3437 3608 qui

1854 3626 2108 3682 scientes.
2142 3623 2284 3682 Sunt
2303 3627 2468 3683 etiam
2496 3628 2592 3699 qui
2618 3642 2716 3698 per
2751 3626 3075 3699 ignorantia:
3112 3628 3432 3685 excusatio-

1855 3744 1981 3785 nem
2009 3730 2151 3786 scire
2184 3728 2378 3784 nolunt
2400 3768 2417 3792 ,
2449 3736 2511 3784 ut
2546 3728 2731 3784 minus
2761 3727 3063 3798 culpabiles
3109 3726 3434 3783 habeantur.

1852 3819 1959 3887 Qui
2012 3830 2192 3877 tamen
2238 3822 2450 3893 seipsos
2488 3836 2596 3875 non
2626 3820 2882 3875 muniunt
2932 3820 3027 3877 sed
3078 3821 3253 3892 magis
3288 3820 3438 3876 deci-

1852 3913 2030 3986 piunt.
2061 3913 2284 3970 Nescire
2312 3912 2633 3984 simpliciter
2660 3913 2726 3967 ad
2758 3913 3121 3982 ignorantiam
3153 3913 3429 3983 pertinet;

1854 4005 2100 4062 noluisse
2126 4019 2256 4061 vero
2281 4005 2424 4060 scite
2444 4005 2512 4060 ad
2535 4011 2911 4058 contumacem
2941 4003 3275 4074 superbiam.
3319 4001 3434 4059 Vo—

1852 4099 2114 4154 luntatem
2141 4096 2340 4169 quippe
2362 4095 2634 4168 propriam
2666 4094 2833 4150 Deunt
2854 4095 2991 4149 velle
3026 4094 3257 4157 nescire,
3284 4094 3434 4166 quod

1851 4191 1997 4247 aliud
2018 4199 2105 4247 est
2129 4205 2294 4261 quam
2317 4189 2453 4246 velle
2479 4187 2651 4245 Deunt
2671 4189 3037 4262 superbiendo
3056 4189 3435 4245 contemnere?

1849 4282 2021 4340 Nemo
2071 4283 2236 4355 igitur
2261 4297 2322 4339 se
2347 4283 2417 4339 de
2449 4283 2758 4356 ignorantia
2804 4291 3063 4349 excuset,
3104 4282 3233 4353 quia
3287 4280 3437 4337 Deus

1850 4392 1961 4432 non
1995 4375 2174 4433 solum
2198 4390 2294 4432 eos
2312 4375 2523 4446 judicat
2561 4376 2657 4447 qui
2696 4392 2729 4431 a
2768 4375 3081 4447 cognitione
3106 4390 3206 4430 sua
3236 4389 3429 4430 rever-

1851 4477 2041 4524 tuntur
2062 4469 2157 4524 sed
2185 4468 2352 4524 etiam
2383 4468 2506 4525 illos
2531 4468 2626 4540 qui
2657 4469 2990 4523 nescierunt.
3032 4466 3157 4524 litec
3196 4466 3264 4523 de
3305 4481 3435 4538 pec-

172 4551 486 4618 Dominum,
515 4565 568 4610 ct
598 4570 785 4611 verum
819 4555 1132 4623 hominem,
1165 4566 1352 4611 natum
1387 4555 1579 4611 fuisse.
1609 4551 1748 4610 Vere
1779 4573 1825 4631 [ι
1851 4570 1996 4616 cato.
2034 4559 2176 4628 Quid
2204 4572 2386 4616 autem
2426 4560 2493 4616 de
2531 4559 2883 4617 confessione
2923 4560 3137 4631 peccati
3179 4559 3445 4617 doctores.

172 4644 325 4700 beata
354 4660 550 4716 parces
579 4646 803 4713 Christi,
830 4661 952 4718 quze
974 4647 1119 4703 sicut
1151 4647 1372 4718 qttidam
1402 4647 1477 4702 ait
1509 4665 1522 4702 :
1559 4665 1579 4698 ι
1618 4644 1749 4701 Etti-

171 4752 237 4792 xa
268 4753 529 4808 puerpera
578 4737 810 4810 Regem,
850 4739 947 4811 qui
990 4740 1192 4796 caelum
1239 4750 1552 4811 terramque
1601 4747 1749 4795 tenet

171 4845 268 4900 per
302 4831 521 4887 saecula.
560 4849 580 4884 ι
606 4832 778 4901 Cujus
805 4847 1001 4888 nomen
1036 4842 1092 4888 et
1130 4841 1335 4889 aeterno
1377 4831 1747 4903 complectens

171 4925 353 4980 omnia
385 4942 520 4997 gyro
548 4925 837 4996 imperium
862 4924 984 4981 sine
1015 4926 1121 4982 ﬁne
1160 4938 1361 4981 manet.
1399 4924 1532 4992 Qua:
1557 4935 1749 4981 ventre

174 5016 329 5072 beato
353 5018 548 5089 gaudia
576 5017 768 5073 matris
793 5018 1000 5074 habens
1021 5033 1145 5074 cunt
1162 5018 1486 5089 virginitatis
1517 5018 1747 5081 honore,

173 5126 273 5167 nee
295 5111 524 5182 primatu
561 5112 739 5168 simile
757 5111 873 5168 visa
903 5121 987 5168 est
1005 5153 1020 5179 ,
1055 5126 1154 5168 nec
1183 5111 1383 5167 habere
1405 5120 1744 5183 sequentem.

241 5204 310 5260 At
356 5205 445 5260 ille
495 5205 676 5260 dixit:
734 5223 754 5258 t
799 5203 1059 5272 Quininto
1118 5223 1132 5259 :
1188 5203 1328 5259 beati
1375 5204 1467 5276 qui
1518 5202 1750 5259 audiunt

175 5296 396 5353 verbum
429 5296 517 5353 Dei
545 5306 600 5352 ct
634 5295 949 5353 custodiunt
978 5296 1130 5352 illttd.
1169 5314 1186 5348 ο
1231 5295 1465 5352 Pulchre
1496 5295 1748 5351 Salvator

173 5390 502 5447 attestationi
559 5388 805 5445 mulieris
864 5389 1096 5455 annuit,
1139 5404 1248 5444 non
1302 5399 1530 5444 matrem
1587 5402 1745 5443 suam

175 5483 550 5540 tantummodo
602 5497 925 5539 asseverans
971 5496 1093 5540 esse
1142 5481 1352 5537 beatam
1380 5524 1395 5545 ,
1442 5481 1536 5537 sed
1582 5482 1745 5536 etiam

176 5591 363 5633 omnes
391 5576 484 5646 qui
526 5592 585 5633 sc
635 5574 870 5631 Verbum
905 5573 996 5631 Dei
1044 5575 1232 5631 auditu
1272 5574 1394 5630 ﬁdei
1433 5574 1750 5644 concipiunt

170 5676 227 5727 ct
284 5665 407 5721 boui
435 5665 615 5733 operis
645 5666 889 5722 custodia
920 5683 1044 5724 cum
1085 5667 1138 5721 in
1171 5665 1334 5721 eor-dc
1370 5663 1744 5735 proximorum

179 5771 392 5827 pariunt
437 5768 491 5812 et
539 5758 808 5813 nulrittnt.
852 5757 971 5826 Qua
1021 5758 1289 5815 sententia
1340 5756 1558 5813 Judams
1604 5756 1747 5811 clam

177 5850 443 5922 percutit,
503 5852 596 5923 qui
672 5849 871 5907 Filium
951 5848 1045 5908 Dei
1110 5852 1392 5908 Christum
1469 5865 1594 5908 esse
1653 5863 1748 5905 tte-

1853 4651 2113 4718 sentiant,
2150 4666 2297 4707 nunc
2339 4666 2559 4723 quoque
2582 4651 2876 4709 videndum
2912 4652 3037 4707 erit.

1923 4744 2148 4800 Multam
2210 4744 2393 4815 itaque
2441 4743 2634 4801 dicunt
2676 4759 2799 4801 esse
2852 4744 3118 4800 malitiam
3166 4741 3435 4799 hominis.

1849 4833 2023 4893 Nemo
2051 4836 2270 4908 quando
2306 4836 2445 4890 male
2470 4850 2631 4907 agere
2646 4836 2783 4903 vult,
2807 4836 3187 4891 auctoritatem
3209 4833 3430 4906 quaerit.

1851 4926 2085 4995 Quando
2111 4925 2348 4982 dicimus
2377 4928 2697 4983 hominibus
2725 4937 2783 4983 ut
2808 4928 2952 4982 bona
2995 4926 3217 4995 faciant,
3268 4933 3323 4981 et
3373 4934 3433 4981 ut

1851 5021 2213 5077 conﬁteantur
2242 5021 2382 5077 mala
2410 5037 2533 5093 quae
2555 5020 2820 5088 fecerunt,
2849 5019 3039 5076 dicunt
3066 5019 3225 5076 nobis
3249 5038 3264 5077 :
3297 5018 3434 5076 Dato

1850 5116 2258 5172 auctoritatem.
2305 5113 2439 5183 Quae
2484 5113 2763 5185 Scriptura
2815 5114 2919 5172 hoc
2962 5114 3122 5171 nobis
3164 5113 3430 5186 praecipit,

1852 5217 1913 5265 ut
1946 5207 2306 5263 conﬁteantur
2350 5216 2569 5279 peccata
2624 5207 2853 5263 nostra?
2901 5206 2959 5263 Si
2988 5223 3118 5279 ergo
3148 5205 3435 5276 Scriptura

1850 5306 2075 5368 peccata
2104 5297 2353 5355 conﬁteri
2382 5312 2495 5351 non
2526 5296 2804 5367 praecipit,
2835 5298 3159 5368 respondete
3185 5296 3348 5352 modo
3378 5295 3430 5351 si

1853 5388 2190 5459 Scriptttram
2222 5388 2440 5444 habetis
2476 5404 2597 5455 qua:
2636 5399 2854 5460 peccata
2906 5398 3086 5445 tacere
3111 5388 3319 5459 jubeat.
3369 5385 3431 5442 Si

1850 5495 1982 5552 ergo
2001 5480 2243 5536 conﬁteri
2277 5496 2385 5537 non
2408 5480 2594 5547 vultis,
2618 5496 2742 5536 eum
2769 5481 3145 5537 auctoritatem
3162 5478 3433 5535 conﬁten-

1848 5571 1903 5628 di
1925 5588 2031 5626 non
2057 5570 2473 5642 habetis,quare
2488 5582 2666 5627 tacere
2687 5571 2875 5637 vultis,
2892 5586 3018 5627 cum
3035 5571 3425 5627 auctoritatem
3502 5558 3507 5561 ’

1849 5663 2062 5719 tacendi
2088 5680 2195 5717 non
2213 5662 2662 5719 ltabctis.'l‘amen
2695 5665 2825 5734 quia
2865 5662 3241 5719 auctoritatem
3280 5679 3433 5735 qua:-

1850 5754 1991 5821 ritis,
2008 5755 2234 5826 accipite
2258 5756 2656 5812 auctoritatem.
2682 5756 2917 5826 Antiqua
2948 5755 3031 5812 lex
3058 5764 3277 5827 peccata
3299 5772 3432 5813 con-

1851 5848 1988 5903 litt-ri
2011 5847 2188 5919 jubet,
2218 5859 2269 5904 et
2296 5850 2544 5905 homines
2566 5848 2631 5903 ad
2655 5846 2965 5904 sacerdotes
2985 5848 3243 5919 miltit,ut
3262 5847 3439 5906 couﬁ‘
