4032 6396
205 419 326 476 885

1182 376 1752 467 DEFLORATIONES
1789 405 1888 463 ss.
1927 403 2237 461 PATRUM.
2277 433 2347 443 —
2382 400 2510 457 LIB.
2546 399 2589 456 ι.

3370 390 3475 448 S86

204 533 341 589 Non
370 531 468 587 tibi
498 530 675 602 placet
700 529 843 602 quod
864 530 1064 586 dicitur
1083 528 1212 600 quia
1232 526 1291 582 hi
1320 527 1414 597 qui
1440 526 1633 581 nolunt
1659 539 1794 579 con-
1823 530 1868 587 Α
1900 521 2023 577 liter
2053 535 2177 576 cum
2207 517 2410 575 dicitur
2440 512 2539 571 tibi
2573 532 2588 569 :
2641 511 2699 567 Si
2742 509 2949 566 homini
2991 504 3269 564 erubescis
3295 502 3479 559 dicere

208 625 362 683 fiteri
392 633 612 697 peccata
656 640 755 681 sua
800 623 998 680 salvari
1040 637 1148 678 non
1199 629 1449 693 possunt.
1500 617 1797 688 Propterea

211 717 479 775 fortassis
510 717 730 772 conaris
787 716 856 771 ad
890 715 1039 771 aliud
1079 715 1285 770 dictum
1337 710 1574 783 apostoli
1623 710 1799 764 intor—

212 825 412 881 quere,
455 817 517 865 ut
562 809 896 880 intelligatur
955 807 1346 864 confitentibus
1396 802 1616 875 quidem
1674 817 1801 873 pro-

212 904 444 961 misisse
466 903 847 969 salvationem,
895 910 1077 956 tamen
1122 915 1233 954 non
1277 895 1664 955 confitentibus
1691 910 1801 949 non

213 1012 455 1068 negasse
474 996 940 1067 iustificationem.
958 992 1099 1049 Audi
1116 1008 1265 1064 ergo.
1280 989 1619 1063 Augustinus
1641 987 1799 1044 dicit:

222 1087 381 1143 «Non
412 1098 590 1159 potest
619 1088 746 1158 quis
762 1085 1052 1157 iustiﬁcari
1076 1101 1106 1139 a
1130 1092 1353 1156 peccato
1383 1081 1490 1137 nisi
1515 1079 1803 1137 confessus

215 1183 392 1239 fuerit
415 1192 543 1238 ante
573 1192 877 1254 peccatum.
914 1200 932 1232 ι
977 1178 1131 1246 Item,
1178 1177 1324 1233 Beda
1360 1177 1417 1232 in
1450 1176 1639 1232 eadem
1683 1174 1804 1245 epi-

221 1275 366 1335 stola
390 1274 600 1343 Jacobi,
635 1276 702 1330 de
731 1290 840 1345 qua
861 1273 1114 1344 superius
1150 1268 1524 1326 testimonium
1558 1266 1802 1338 sumpsi-

223 1381 385 1423 mus:
405 1386 423 1419 ‹
450 1365 578 1422 Sine
591 1365 958 1431 confessione,
972 1362 1169 1434 inquit,
1187 1360 1806 1433 nequeuntdimittipec-

217 1465 372 1514 cata.
397 1477 416 1511 ›
452 1457 507 1513 Si
533 1458 587 1513 in
613 1458 720 1513 hoc
752 1457 840 1511 illa
865 1454 1124 1511 discretio
1153 1469 1274 1509 esse
1294 1451 1517 1518 dicitur,
1539 1460 1599 1507 ut
1626 1450 1808 1522 quoti-

223 1549 393 1605 diana
407 1548 655 1618 leviaque
671 1556 891 1618 peccata
914 1547 1233 1602 alterutrum
1249 1543 1620 1616 coasqualibus
1641 1540 1808 1597 confi-

225 1650 467 1708 teamur,
484 1650 543 1697 ut
558 1640 902 1696 orationibus
930 1639 1162 1695 invicem
1183 1639 1477 1694 salvemur.
1490 1634 1661 1691 Porro
1682 1650 1807 1707 gra-

226 1733 401 1790 vioris
443 1733 606 1805 lepra:
654 1731 1057 1786 immunditiam
1093 1728 1367 1786 sacerdoti
1417 1726 1725 1799 pandamus
1754 1733 1809 1781 et

227 1825 297 1881 ad
321 1826 442 1896 ejus
466 1826 750 1881 arbitrium
785 1822 1076 1895 iustiﬁcari
1098 1835 1373 1877 curemus.
1405 1839 1425 1872 ι
1465 1817 1649 1875 Videte
1669 1832 1807 1889 quo-

1898 620 2182 684 peccaturo
2215 618 2401 674 tuum,
2429 614 2493 662 ut
2518 605 2673 663 dicas
2710 602 2822 658 Deo
2855 601 2951 673 qui
2980 615 3090 656 non
3122 598 3479 668 improperat,

1900 718 2008 757 non
2048 700 2146 757 tibi
2187 699 2388 755 dicitur
2420 714 2436 752 :
2470 694 2530 752 Si
2580 692 2862 751 erubescis
2904 691 3087 746 dicere
3120 685 3356 753 homini,
3418 693 3480 740 ut

1901 794 2136 862 homini,
2166 808 2278 848 non
2299 791 2473 856 dicas,
2491 788 2587 845 sed
2617 786 2745 853 Deo,
2761 784 2855 841 sed
2878 781 3243 839 mansuetudo
3264 778 3361 834 Dei
3382 776 3475 833 tibi

1901 888 2333 950 demonstratur,
2360 883 2455 952 qui
2481 891 2589 936 tam
2619 878 2768 933 mitis
2809 885 2862 933 et
2894 876 3080 932 suavis
3103 881 3189 929 est
3224 870 3478 929 omnibus

1901 979 1969 1036 ad
1995 994 2054 1036 se
2077 972 2543 1047 confugientibus,
2592 978 2653 1024 ut
2681 965 3040 1038 imprOprium
3067 963 3137 1019 ab
3180 962 3321 1033 ipso,
3382 958 3482 1015 alia

1902 1073 2034 1145 quid
2064 1081 2118 1127 te
2148 1068 2441 1126 formidare
2488 1080 2598 1120 non
2625 1069 2895 1134 oporteat,
2927 1060 3090 1115 etiam
3127 1057 3175 1115 si
3204 1055 3337 1113 talia
3356 1051 3487 1109 faet-

1903 1166 2015 1223 rint
2042 1170 2267 1236 peccata
2288 1170 2404 1225 tua,
2428 1166 2491 1215 ut
2517 1172 2584 1212 ea
2626 1164 2679 1212 te
2728 1153 2940 1208 homini
2986 1148 3340 1205 manifestare
3364 1160 3484 1203 sine

1903 1255 2286 1315 erubescentia
2333 1265 2448 1307 non
2491 1261 2657 1319 posse
2706 1243 3011 1313 contingat.
3040 1239 3099 1295 In
3131 1255 3199 1295 eo
3227 1238 3374 1295 enim
3415 1237 3484 1292 de

1906 1362 2017 1421 quo
2042 1344 2327 1404 erubescis
2360 1358 2487 1399 cum
2509 1337 2721 1397 homini
2748 1334 2910 1402 dicis,
2933 1332 3257 1389 erubescere
3291 1340 3344 1386 te
3375 1345 3484 1384 non

1906 1447 2121 1512 oportet
2148 1452 2274 1494 eum
2299 1435 2412 1492 Deo
2452 1433 2591 1491 dicis
2613 1430 2743 1503 quia
2772 1443 2882 1484 non
2906 1427 3238 1497 improperat
3259 1422 3483 1487 dicenti,

1908 1532 2005 1589 sed
2031 1531 2307 1588 condonat
2350 1524 2653 1586 confitenti.
2687 1521 2788 1579 Die
2825 1535 2956 1592 ergo
2992 1516 3201 1574 homini
3231 1524 3294 1571 ut
3338 1515 3489 1571 salu-

1907 1625 2077 1681 briter
2105 1624 2172 1679 ad
2204 1630 2422 1692 tempus
2439 1614 2796 1676 confundaris
2822 1626 3009 1692 coram
3028 1625 3115 1678 eo,
3135 1618 3198 1665 ut
3222 1608 3328 1665 ista
3357 1621 3491 1664 con-

1910 1716 2055 1773 fusio
2085 1684 2436 1786 gloriam-tibi
2467 1707 2817 1782 postmodum
2855 1684 3112 1769 adducat,
3144 1711 3197 1757 et
3224 1698 3484 1755 ﬁduciam

1910 1820 2150 1881 praastet,
2184 1822 2251 1862 ne
2295 1796 2688 1876 improperium
2716 1799 2947 1864 timeas,
2992 1810 3120 1852 cum
3149 1790 3492 1848 manifestari

228 1882 399 1974 modo
437 1882 807 1973 concordant.
834 1914 1144 1971 testimonia
1198 1912 1465 1970 veritatis.
1517 1910 1616 1967 Est
1654 1882 1806 1983 quae-
1836 1887 1881 1945 Β
1909 1901 2140 1974 coeperis
2188 1912 2373 1956 coram
2404 1895 2535 1951 Deo.
2580 1893 2788 1950 Tamen
2818 1906 2888 1946 ne
2915 1887 3057 1945 forte
3088 1885 3296 1942 diceret
3343 1882 3494 1955 cogi-

231 2009 360 2065 dam
378 2010 815 2066 etcommunisin
839 2008 1083 2065 Ecclesia
1110 2007 1449 2080 poenitentia,
1480 2021 1646 2078 quam
1671 2019 1812 2077 quo-

232 2100 365 2156 tidie
409 2101 714 2156 adinvicem
743 2099 975 2157 facimus
994 2143 1009 2169 ,
1037 2101 1113 2167 in,
1137 2115 1245 2170 qua
1272 2098 1518 2155 oratione
1557 2096 1679 2154 fusa
1709 2106 1813 2168 pro

230 2188 467 2245 invicem
502 2206 602 2261 pro
641 2189 978 2261 quotidiauis
1026 2197 1083 2244 et
1123 2187 1420 2244 levioribus
1447 2185 1685 2258 peccatis
1722 2185 1811 2241 in-

231 2281 571 2354 dulgentiam
599 2293 655 2339 et
681 2283 1058 2339 remissionem
1085 2297 1520 2353 consequamur;
1546 2278 1813 2352 gravioris

236 2384 421 2430 autem
475 2375 649 2445 culpae
702 2385 914 2431 reatum
947 2371 1594 2447 singulariconfessione
1637 2386 1816 2427 sacer-

233 2462 349 2519 dori
394 2464 703 2534 aperimus,
758 2471 814 2519 et
840 2463 1141 2520 secundum
1174 2464 1295 2534 ejus
1327 2461 1652 2528 consilium,
1686 2477 1813 2516 mu-

236 2571 368 2612 nere
392 2555 785 2612 satisfactionis
813 2556 1017 2622 oblato,
1045 2555 1436 2627 indulgentiam
1468 2553 1678 2625 peccati
1716 2552 1814 2608 ob-

238 2648 496 2704 tinemus.
527 2648 631 2704 Sed
654 2648 818 2704 dicis:
853 2646 910 2704 Si
938 2648 1137 2704 salvari
1164 2663 1276 2704 non
1304 2655 1482 2719 potest
1511 2646 1677 2702 homo
1707 2645 1813 2701 nisi

238 2739 566 2795 confiteatur
604 2748 827 2810 peccata
873 2756 996 2808 sua,
1044 2739 1173 2811 quid
1226 2749 1309 2795 est
1352 2739 1498 2810 quod
1549 2738 1815 2809 scriptum

244 2829 554 2885 invenitur:
595 2848 613 2882 ‹
668 2829 945 2902 Lacrymaa
991 2830 1175 2885 lavant
1223 2828 1481 2885 delictum
1521 2830 1668 2900 quod
1722 2843 1817 2885 ore

240 2920 418 2991 pudor
444 2930 530 2977 est
558 2921 827 2977 confiteri.
852 2919 1210 2979 Inveniuntur
1233 2921 1380 2976 enim
1405 2921 1654 2992 qutedam
1669 2921 1818 2992 eius-

244 3015 392 3071 modi
447 3015 614 3084 dicta,
651 3023 705 3072 et
726 3017 949 3087 rapiunt
981 3030 1046 3070 ea
1069 3013 1322 3070 homines
1352 3013 1671 3084 gaudentes,
1706 3029 1818 3070 non

240 3107 370 3178 quia
392 3108 672 3163 veritatem
715 3108 934 3178 capiant
977 3106 1033 3161 in
1083 3107 1194 3173 eis,
1239 3105 1334 3162 sed
1368 3104 1499 3176 quia
1548 3105 1813 3160 malitiam

244 3215 400 3254 suam
453 3197 742 3254 defendere
800 3199 991 3254 volunt
1052 3212 1118 3253 ex
1183 3196 1284 3252 eis.
1361 3193 1560 3252 Dicunt
1619 3195 1814 3252 enim:

244 3293 385 3361 Quid
408 3307 508 3347 nos
531 3290 939 3363 constringitis;
975 3290 1105 3359 quid
1128 3304 1230 3344 nos
1258 3287 1520 3344 arctatis?
1562 3285 1818 3341 Pudenda

244 3393 371 3440 sunt
393 3384 534 3439 facta
561 3391 771 3449 nostra,
802 3398 912 3437 non
939 3397 1039 3437 nos
1067 3380 1334 3452 permittit
1358 3379 1686 3435 verecundia
1703 3378 1817 3434 elo-

245 3479 377 3548 qui,
427 3476 804 3533 erubescimus
846 3474 1093 3531 confiteri
1148 3474 1295 3545 quod
1354 3471 1605 3528 fecimus.
1648 3470 1820 3541 Quod

244 3586 542 3643 possumus
567 3576 748 3624 tamen
776 3567 1010 3623 facimus
1029 3609 1045 3633 ,
1076 3582 1175 3621 cor
1206 3565 1502 3621 contritum
1548 3574 1603 3622 et
1637 3566 1821 3620 humi-

244 3663 435 3718 liatum
449 3660 751 3725 offerimus,
776 3659 1025 3713 dolemus
1052 3673 1149 3727 pro
1164 3673 1229 3712 eo
1246 3655 1390 3728 quod
1415 3657 1555 3711 male
1583 3657 1818 3728 egimus,

242 3756 518 3827 laerymas
580 3752 892 3818 fundimus,
951 3750 1135 3828 carnis
1187 3748 1553 3813 maceratione
1609 3758 1821 3804 reatum

242 3850 528 3923 punimus.
583 3844 723 3913 Quid
771 3844 935 3899 verba
985 3842 1266 3913 quaaritis,
1316 3840 1408 3895 ubi
1467 3856 1632 3910 opera
1679 3842 1822 3896 bona

247 3941 419 3999 sunt?
491 3938 769 3995 Habemus
816 3936 1154 4008 Seripturam
1200 3933 1576 3990 consolantem
1626 3948 1727 3990 nos
1768 3942 1824 3989 et

248 4035 556 4091 dicentem:
594 4051 613 4084 ι
653 4030 932 4102 Lacrymte
980 4029 1164 4083 lavant
1192 4026 1472 4092 delictum,
1529 4026 1687 4096 quod
1728 4040 1824 4080 ore

249 4128 423 4200 pudor
442 4135 526 4182 est
553 4122 828 4181 conﬁteri.
863 4141 884 4173 ›
919 4120 1040 4175 Non
1072 4119 1280 4174 malitia
1326 4134 1686 4187 excusamus,
1729 4119 1823 4174 sed

249 4217 587 4275 verecundia:
601 4215 898 4286 parcimus.
927 4211 1082 4279 Quod
1105 4227 1235 4283 ergo
1258 4209 1440 4267 dicere
1460 4210 1667 4265 homini
1697 4226 1825 4265 eru-

252 4311 525 4368 bescimus
553 4308 790 4364 dicimus
834 4304 964 4369 Deo,
1004 4303 1097 4374 qui
1147 4318 1255 4357 non
1306 4302 1654 4374 improperat.
1708 4299 1824 4355 Hu-

249 4402 487 4475 iusmodi
509 4417 637 4471 ergo
660 4396 1045 4456 occasionibus
1060 4406 1314 4468 qumrunt
1328 4394 1575 4450 homines
1593 4408 1826 4449 excusa-

252 4497 456 4551 tionem
486 4492 706 4564 corpori
751 4506 874 4558 suo,
928 4499 983 4546 et
1008 4500 1320 4560 pervertere
1359 4496 1630 4544 conantur
1677 4484 1823 4542 Serio

252 4598 460 4659 pturas,
492 4587 620 4657 quia
644 4584 885 4655 perversi
917 4592 1044 4640 sunt
1078 4582 1182 4654 ipsi

934 4692 1153 4732 DIVISIO.

304 4774 461 4842 Quid
491 4785 594 4840 est,
626 4772 775 4844 quod
825 4769 1109 4840 Scriptura
1159 4766 1296 4823 dixit
1337 4765 1594 4838 Iacrymte
1643 4765 1827 4820 lavant

253 4869 529 4932 delictum,
580 4867 726 4937 quod
757 4880 852 4919 ore
885 4862 1064 4935 pudor
1105 4869 1192 4916 est
1238 4859 1507 4915 confiteri.
1560 4855 1822 4929 Nunquid

254 4963 375 5019 ideo
401 4959 573 5016 dixit:
607 4958 650 5013 si
700 4955 980 5011 erubescis
1032 4950 1280 5010 confiteri
1318 4960 1601 5022 peccatum
1649 4961 1832 5019 tuum,

253 5053 400 5126 quod
427 5052 522 5108 tibi
547 5049 799 5114 sufficiat,
845 5047 893 5102 si
924 5054 1141 5101 tantum
1186 5043 1534 5116 lacrymaris,
1583 5042 1748 5097 etiam
1780 5041 1829 5098 si

253 5162 361 5202 non
391 5141 735 5201 conﬁtearis?
762 5137 952 5195 Nonne
975 5138 1147 5193 multo
1169 5136 1366 5192 melius
1397 5144 1480 5190 est
1502 5145 1561 5190 ut
1583 5133 1831 5205 Scriptu-

256 5252 373 5294 ram
425 5237 529 5291 hoc
568 5233 752 5305 potius
794 5232 978 5288 dicere
1003 5229 1246 5285 voluisse
1274 5227 1543 5300 intelligas
1577 5227 1723 5297 quod
1751 5227 1833 5283 la—

253 5344 473 5404 crymte,
531 5344 599 5385 ex
626 5327 817 5382 intima
864 5323 1050 5380 cordis
1093 5323 1425 5378 contritione
1466 5322 1692 5392 prolata:
1738 5322 1831 5377 illa

252 5425 417 5481 etiam
448 5428 669 5492 peccata
708 5420 892 5473 lavare
920 5424 1191 5488 possunt,
1222 5416 1351 5487 quia
1383 5416 1502 5471 sine
1536 5416 1743 5486 pudore
1777 5423 1834 5471 et

254 5514 583 5572 verecundia
620 5528 717 5568 ore
756 5510 1003 5582 profiteri
1026 5524 1162 5590 ‘non
1193 5516 1444 5579 possunt.
1483 5507 1628 5574 Quid
1659 5508 1834 5578 ergo?

257 5609 312 5665 Si
342 5606 592 5679 pudenda
620 5612 845 5675 peccata
895 5603 1151 5676 lacrymaa
1201 5603 1414 5669 lavant,
1438 5601 1511 5656 ibi
1541 5601 1832 5656 tacendum

255 5711 357 5766 est,
389 5701 483 5755 ubi
506 5698 752 5755 divinum
771 5696 1037 5752 auxilium
1063 5696 1299 5752 maxime
1314 5694 1689 5751 necessarium
1725 5701 1836 5749 est.

254 5792 371 5851 lmo
399 5796 573 5850 multo
594 5796 770 5867 magis
801 5794 873 5850 ibi
903 5791 1273 5850 confitendum
1296 5799 1405 5859 est,
1444 5798 1505 5845 ut
1552 5788 1834 5845 humilitas

254 5889 625 5949 confessionis
656 5891 928 5960 lacrymas
959 5886 1225 5956 axlaugeat
1250 5883 1619 5939 contritionis.
1662 5880 1831 5936 Sind-

1914 1996 2050 2054 tatio
2078 2004 2212 2050 tua:
2246 1991 2304 2048 Si
2354 1998 2464 2047 tam
2491 2002 2656 2061 grave
2702 1993 2788 2041 est
2838 1982 3049 2040 homini
3096 1978 3336 2035 revelare
3360 1991 3495 2049 pee-

1909 2098 2057 2156 cata,
2105 2097 2160 2143 et
2207 2084 2256 2141 si
2295 2081 2676 2140 erubescimus
2728 2075 2804 2131 ita
2868 2088 3054 2130 coram
3086 2069 3331 2136 homine,
3358 2065 3493 2138 quid

1912 2176 2178 2235 faciemus
2211 2185 2340 2231 ante
2390 2171 2706 2236 Dominum,
2765 2166 2925 2238 cujus
2958 2163 3297 2235 maiestatem
3326 2158 3495 2215 decli-

1912 2285 2047 2327 nare
2091 2286 2201 2325 non
2231 2280 2552 2340 possumus,
2608 2276 2785 2333 neque
2808 2257 3078 2331 judicium
3104 2254 3363 2326 effugere.
3413 2248 3497 2307 Ne

1916 2363 2084 2436 igitur
2109 2364 2191 2419 sic
2230 2361 2298 2418 de
2326 2359 2437 2417 Deo
2480 2355 2773 2430 cogitando
2817 2351 3166 2424 temetipsum
3212 2348 3493 2418 desperes,

1914 2455 2222 2514 ostenditur
2250 2453 2349 2510 tibi
2396 2449 2767 2509 mansuetudo
2798 2446 2896 2503 Dei
2926 2460 3055 2517 erga
3076 2440 3410 2515 'pmnitentes
3440 2448 3498 2494 et

1916 2551 2259 2615 confitentes,
2304 2544 2453 2619 quod
2503 2550 2729 2616 peccata
2761 2537 2947 2596 omnia
3003 2545 3058 2594 et
3102 2530 3497 2606 paenitentibus

1917 2645 2211 2710 condonat,
2233 2648 2289 2697 et
2316 2636 2701 2696 confitentibus
2723 2649 2835 2690 non
2861 2632 3212 2703 improperat.
3245 2624 3338 2682 Sic
3364 2637 3498 2697 ergo

1918 2737 2106 2808 accipe
2135 2734 2280 2807 quod
2308 2734 2514 2790 dictum
2545 2738 2651 2788 est.
2680 2728 2780 2785 Dic
2807 2726 2918 2783 Deo
2951 2725 3047 2798 qui
3082 2738 3193 2780 non
3223 2723 3498 2793 imprope-

1917 2839 2022 2886 rat.
2052 2827 2222 2896 Quasi
2246 2827 2451 2883 diceret
2476 2842 2490 2880 :
2514 2822 2690 2879 Etiam
2714 2822 2761 2878 si
2791 2819 3086 2877 erubescas
3103 2831 3288 2873 coram
3315 2814 3497 2871 homi-

1918 2940 2008 2991 ne,
2032 2939 2101 2979 ne
2126 2921 2422 2978 erubescas
2443 2932 2629 2974 coram
2656 2914 2788 2982 Deo,
2812 2909 3073 2985 quoniam
3096 2908 3364 2965 Dominus
3394 2906 3500 2963 mi-

1919 3016 2028 3071 tior
2057 3015 2281 3071 homine
2330 3019 2416 3069 est
2438 3019 2491 3067 et
2522 3007 2880 3074 mansuetior,
2908 3013 2964 3061 et
2990 3012 3076 3060 est
3095 3001 3305 3074 patiens
3334 2999 3501 3054 mise-

1920 3110 2018 3175 ris,
2050 3119 2241 3164 utnon
2268 3106 2621 3176 improperet.
2649 3099 2959 3157 Secundum
2995 3098 3146 3153 hunc
3170 3093 3360 3165 itaque
3388 3105 3502 3146 mo-

1922 3203 2052 3259 dum
2084 3217 2195 3257 non
2248 3199 2346 3255 tibi
2392 3196 2594 3252 dicitur
2621 3202 2684 3248 ut
2735 3200 2955 3264 peccata
2992 3199 3085 3246 tua
3134 3186 3344 3245 homini
3388 3200 3499 3242 non

1920 3295 2091 3359 dicas,
2116 3290 2211 3347 sed
2233 3300 2293 3345 ut
2342 3289 2398 3344 in
2448 3286 2535 3341 his
2554 3284 2717 3340 etiam
2746 3299 2869 3354 qute
2895 3298 3082 3338 coram
3113 3279 3336 3336 homine
3368 3294 3497 3333 eru-

1919 3384 2190 3444 bescenda
2254 3391 2423 3450 sunt,
2482 3381 2549 3437 de
2614 3376 2710 3434 Dei
2762 3376 2960 3448 pietate
3008 3375 3253 3430 confidas
3303 3372 3503 3440 (Cunt-

1921 3478 2120 3551 8051'.).

1993 3569 2238 3642 Opponis
2284 3567 2467 3623 adhuc
2494 3565 2771 3638 lacrymas
2816 3561 2939 3616 illas
2974 3557 3122 3614 Petri
3179 3572 3319 3629 quas
3368 3555 3525 3630 legis.

1924 3663 2153 3735 (Matth.
2207 3676 2268 3727 ιι,
2311 3659 2412 3732 6),
2464 3656 2867 3715 confessionem
2910 3667 3021 3709 non
3069 3650 3205 3722 legis
3248 3650 3525 3721 lacrymae-

1922 3756 2108 3812 lavant
2128 3754 2387 3810 delictum
2414 3752 2559 3824 quod
2588 3766 2684 3806 ore
2734 3750 2912 3820 pudor
2957 3756 3041 3803 est
3069 3743 3338 3803 confiteri.
3393 3740 3529 3797 Has-

1923 3863 2053 3918 ergo
2102 3846 2373 3918 lacrymas
2426 3842 2695 3913 Opponis,
2740 3856 2850 3895 non
2883 3840 3012 3911 quia
3054 3854 3208 3893 amas
3242 3852 3509 3907 compun-

1924 3938 2181 4003 ctioncm,
2202 3936 2294 3992 sed
2317 3935 2446 4006 quia
2460 3932 2603 4005 fugis
2623 3931 3045 3988 confessionem.
3062 3927 3209 3982 Dicis
3227 3942 3357 3997 ergo
3375 3927 3517 3996 quia.

1923 4030 2197 4101 lacrymas
2222 4027 2369 4083 Petri
2398 4026 2559 4096 legis,
2585 4022 3013 4080 satisfactionem
3039 4033 3150 4073 non
3186 4017 3344 4090 legis.
3388 4016 3536 4071 Διί-μ

1925 4124 2055 4180 disti
2098 4122 2229 4194 quia
2264 4117 2496 4187 fleverit,
2553 4117 2649 4173 sed
2682 4114 2809 4186 quid
2859 4111 3062 4170 dixerit
3110 4125 3222 4166 non
3281 4106 3509 4165 audisti.-

1925 4213 2051 4271 Ideo
2070 4213 2326 4284 laerymtc
2353 4210 2538 4265 lavant
2573 4206 2857 4270 delictum,
2907 4203 3053 4274 quod
3083 4218 3180 4258 ore
3214 4201 3391 4271 pudor
3425 4208 3517 4256 est

1926 4302 2195 4361 conﬁteri.
2247 4301 2353 4371 Qui
2376 4317 2509 4373 ergo
2540 4318 2559 4357 :
2584 4296 2699 4353 Hoc
2722 4295 2820 4352 tibi
2847 4294 2957 4351 dici
2980 4304 3143 4365 putas
3171 4304 3231 4349 ut
3255 4293 3384 4364 quia
3404 4291 3511 4348 Pe-

1926 4406 2046 4452 trus
2073 4397 2402 4468 Iacrymatus
2425 4393 2643 4466 legitur,
2661 4388 2949 4447 confessus
2980 4402 3091 4442 non
3114 4387 3346 4457 legitur;
3375 4394 3431 4441 tu
3461 4384 3517 4441 si

1929 4487 2273 4560 laerymaris,
2295 4502 2404 4543 non
2432 4483 2765 4542 confitearis.
2795 4479 2986 4537 Nonne
3011 4478 3188 4534 multo
3210 4475 3404 4531 melius
3426 4484 3513 4531 est

1856 4610 1902 4665 Β
1930 4591 1992 4637 ut
2018 4579 2151 4636 illud
2174 4579 2358 4651 potius
2378 4578 2469 4633 hic
2495 4572 2864 4632 demonstrari
2889 4570 3183 4643 intelligas,
3207 4567 3337 4640 quia
3362 4565 3408 4622 si
3438 4565 3510 4621 il-

1929 4673 2001 4729 lic
2053 4680 2263 4727 tantum
2314 4671 2570 4743 lacryma:
2620 4668 2910 4721 valuerunt
2954 4663 3048 4720 ubi
3101 4660 3510 4718 confessionem

1928 4767 2042 4822 oris
2065 4782 2174 4820 non
2207 4764 2753 4833 habuerungquanto
2778 4757 2975 4829 magis,
3008 4756 3053 4811 si
3080 4769 3223 4809 vera:
3246 4750 3452 4807 fuerint
3491 4766 3505 4805 :

1928 4874 2031 4914 nec
2079 4857 2263 4912 valent
2308 4854 2400 4909 ubi
2455 4869 2581 4909 cum
2637 4851 2822 4907 cordis
2867 4847 3197 4904 contritione
3239 4854 3296 4900 et
3341 4844 3520 4900 etiam.

1928 4950 2042 5006 oris
2077 4946 2481 5004 confessionem
2536 4944 2760 4999 habent.
2829 4940 2942 4996 [Ioc
2987 4940 3133 4995 enim
3164 4937 3261 4993 tibi
3285 4937 3514 4992 demono

1930 5051 2161 5109 stratur,
2190 5056 2316 5098 cum
2347 5039 2602 5097 subditur
2632 5037 2787 5108 prius
2825 5034 3084 5101 flendum,
3118 5040 3307 5103 postea
3335 5030 3514 5086 confi-

1932 5135 2179 5191 tendum.
2230 5132 2344 5190 Iloe
2387 5132 2657 5205 siquidem
2701 5129 2770 5186 ad
2818 5129 3102 5184 veritatem
3147 5123 3515 5181 confessionis

1932 5235 2161 5298 spectat,
2217 5235 2276 5281 ut
2316 5227 2469 5297 prius
2506 5223 2916 5295 eompungaris,
2949 5228 3137 5291 postea
3175 5216 3517 5277 cenﬁtearis.

1930 5320 2068 5377 Nam
2093 5330 2223 5376 sunt
2251 5319 2471 5390 quidam
2497 5318 2641 5374 sicut
2688 5316 3028 5386 impudentes
3059 5311 3127 5368 ad
3175 5308 3515 5371 faciendum,

1933 5415 2015 5471 sic
2041 5411 2478 5469 inverecundiad
2500 5410 2812 5466 dicendum.
2847 5405 2953 5474 Qui
2980 5404 3241 5477 quoniam
3278 5399 3516 5469 turpitu-

1932 5507 2125 5561 dinem.
2144 5521 2299 5561 suam
2326 5505 2379 5559 in
2410 5502 2660 5559 faciendo
2684 5517 2794 5557 neu
2817 5500 3020 5565 vident,
3050 5491 3433 5553 Verecundiam
3458 5491 3515 5546 in

1933 5597 2169 5654 dicendo
2192 5613 2301 5650 non
2332 5594 2555 5650 habent.
2605 5592 2818 5661 Quibus
2849 5590 3036 5658 utique
3065 5602 3159 5657 per
3186 5582 3514 5656 prophetam

1935 5690 2135 5747 dicitur
2163 5706 2178 5744 :
2213 5707 2231 5739 ι
2258 5686 2434 5742 Frons
2463 5686 2709 5741 mulieris
2758 5680 3064 5738 meretricis
3096 5677 3234 5733 facta
3258 5682 3343 5731 est
3374 5672 3469 5728 tibi
3496 5688 3513 5727 :

1935 5780 2214 5840 nescivisti
2256 5779 2577 5836 erubescere
2607 5777 2739 5849 (Jer.
2780 5776 2885 5839 ιιι).
2926 5793 2946 5825 ι
2981 5772 3077 5828 Isti
3122 5783 3516 5839 nonnunquam

1937 5877 2056 5933 sine
2088 5874 2275 5946 aliquo
2305 5870 2744 5945 rompunctionis
2774 5878 2948 5938 metu,
2974 5868 3093 5925 sine
3137 5864 3321 5936 aliquo
3355 5862 3519 5919 timo-
