3964 6454
534 368 640 425 887

1632 372 1977 428 τκἘιιΝειιιι
2018 375 2102 430 ΑΒ

2204 377 2308 431 TIS
2347 377 2406 432 S.
2446 375 2669 432 BLASll
3665 382 3742 440 338

534 484 614 538 ris
645 480 730 538 vel
770 482 975 539 amoris
1022 483 1117 538 Dei
1168 492 1369 538 attactu
1413 499 1511 554 pro
1553 485 1668 541 sola
1714 490 2111 545 consuetudine
2139 495 2185 552 Α
2213 499 2267 545 et
2292 499 2473 545 tamen
2520 506 2631 545 non
2669 489 2749 545 sic
2772 488 3125 544 verecundari
3175 497 3234 543 ut
3263 497 3454 545 taceat.
3489 486 3598 545 Hoc
3638 492 3745 555 bene

531 573 798 644 explenda
824 575 891 630 ad
920 575 1147 630 dicenda
1193 586 1433 645 peccata,
1469 592 1567 631 sua
1593 593 1652 632 se
1688 579 1941 650 ingerunt
1964 583 2105 637 testi-

528 674 743 721 mantes
785 682 845 721 se
884 675 1106 736 propter
1141 669 1313 721 solam
1344 669 1633 725 verborum
1673 673 2033 741 prolationem
2073 690 2105 730 a

528 756 716 811 debito
767 766 1114 825 peccatorum
1163 775 1388 814 suorum
1437 762 1666 818 absolvi.
1724 763 1934 830 Quibus
1960 777 2105 822 recte

526 846 775 903 dicitur:
825 847 983 905 Prius
1040 851 1303 918 ﬂendum,
1346 862 1536 923 postea
1599 856 1990 913 confitendum.
2044 858 2104 913 In

526 937 876 995 confessione
902 958 1140 1014 namque
1187 954 1536 1014 peccatorum
1566 948 1843 1003 hominem
1870 959 1923 1004 et
1951 966 2107 1006 vere-

525 1030 754 1085 cundari
779 1041 1018 1105 oportet,
1055 1046 1113 1091 ut
1152 1035 1433 1093 humiliter
1481 1054 1604 1111 quae
1631 1038 1759 1096 fecit
1815 1050 2101 1113 agnoscat,

2218 580 2373 634 novit
2409 580 2682 649 peccatrix
2736 579 2827 633 illa
2851 580 3046 634 mulier
3083 596 3207 649 qua:
3239 589 3293 634 et
3343 582 3510 646 venit,
3559 590 3615 636 ut
3646 600 3745 654 pec.

2212 681 2333 727 cata
2364 688 2461 726 sua
2486 689 2545 727 se
2575 673 2906 726 abscondere
2932 673 3075 727 nolle
3107 673 3420 727 ostenderet
3454 672 3600 741 (Luc.
3627 679 3740 748 vn):

2210 775 2266 820 et
2289 774 2468 819 tamen
2503 781 2611 820 non
2639 773 2784 831 ante,
2810 766 2902 820 sed
2933 775 3080 820 retro
3110 764 3280 831 stetit,
3315 774 3375 819 ut
3402 768 3741 829 verecundiam

2213 856 2567 926 turpitudinis
2595 873 2709 912 sua:
2752 873 2810 912 se
2845 859 3121 913 attendere
3173 858 3589 913 demonstraret.
3637 858 3741 917 Pro-

2207 958 2324 1019 pter
2353 950 2458 1005 hoc
2492 958 2638 1006 recte
2663 950 2866 1005 dicitur
2898 970 2910 1005 :
2946 950 3107 1007 Prius
3142 950 3407 1017 flendum,
3443 959 3620 1021 postea
3642 967 3741 1007 coa-

2204 1041 2486 1099 ﬁtendum.

1177 1623 1684 1703 DOMINICA
1746 1622 1853 1703 IN
1918 1621 2238 1700 MEDIA
2311 1622 3159 1716 QUADBAGESIMZE.

600 1955 779 2010 «Abiit
795 1953 956 2011 Jcsus
978 1964 1127 2010 trans
1156 1972 1305 2012 mare
1318 1956 1727 2029 Galiltere.quod
1749 1967 1833 2015 est
1861 1957 2108 2015 Tiberia-
2138 1976 2180 2029 Β
2208 1958 2553 2031 evangelicus
2569 1957 2726 2013 cibus
2754 1956 2964 2028 incipit,
2988 1956 3083 2012 sed
3105 1957 3261 2028 prius
3288 1970 3391 2026 per
3412 1955 3739 2012 remissionem

524 2047 610 2104 dis
633 2046 813 2117 (Joan.
840 2049 970 2114 νη.»
993 2047 1235 2103 Audiens
1262 2046 1422 2104 Jcsus
1453 2049 1582 2119 quia
1612 2048 1849 2105 Joannes
1866 2049 2105 2121 Baptista

524 2141 825 2196 decollatus
865 2147 1031 2205 esset,
1076 2140 1306 2195 secessit
1356 2155 1387 2194 a
1414 2142 1588 2211 patria
1635 2141 1811 2196 suain
1839 2158 1946 2211 qua
1975 2152 2106 2197 tunc

523 2231 842 2289 morabatur
871 2231 926 2285 in
959 2230 1209 2285 navicula
1233 2232 1286 2285 in
1312 2231 1493 2286 locum
1518 2232 1794 2287 desertum
1826 2250 2099 2289 seorsum.

599 2340 619 2374 ι
649 2320 867 2376 Etcum
908 2323 1190 2378 audissent
1235 2324 1408 2378 turbae
1447 2334 1646 2379 secutae
1684 2334 1812 2380 sunt
1841 2341 1966 2381 eum
2013 2343 2107 2397 pe-

523 2413 736 2469 destres
760 2415 827 2469 de
851 2416 1182 2470 civitatibus.
1212 2414 1278 2469 Et
1306 2416 1495 2472 exiens
1536 2417 1670 2472 vidit
1714 2419 1931 2473 turbam
1957 2421 2103 2474 mul-

526 2514 663 2569 tam,
703 2514 758 2560 et
797 2507 1055 2564 misertus
1081 2517 1167 2564 est
1200 2510 1341 2580 ejus,
1369 2520 1421 2564 et
1451 2511 1665 2565 curavit
1694 2512 1981 2583 languidos
2009 2529 2105 2567 eo-

525 2614 717 2654 rum.»
754 2598 898 2655 Bene
928 2601 1135 2657 dictum
1196 2610 1280 2657 est
1338 2603 1586 2668 secessit,
1648 2619 1757 2658 non
1826 2604 1983 2676 fugit,
2046 2613 2106 2660 ut

526 2687 849 2743 ostendatur
892 2690 1065 2761 magis
1092 2706 1217 2745 eum
1260 2694 1668 2760 persecutiones
1722 2693 1893 2747 vitare
1937 2710 2103 2764 quam

524 2781 739 2835 timere.
764 2779 1142 2852 Opportunum
1174 2799 1409 2855 namque
1436 2792 1651 2855 tempus
1679 2800 1791 2840 suae
1833 2787 2104 2857 passionis

526 2884 870 2946 exspectans,
899 2885 954 2931 et
982 2876 1186 2931 vitabat
1216 2894 1285 2932 ne
1316 2876 1610 2932 homicidio
1652 2880 1718 2933 de
1743 2875 1951 2934 Joanne
1975 2879 2106 2950 jun-

527 2977 744 3039 geretur
765 2968 1118 3024 homicidium
1141 2970 1207 3025 de
1232 2986 1308 3024 se.
1334 2968 1430 3025 Vel
1454 2970 1577 3025 ideo
1599 2971 1844 3038 secessit,
1864 2981 1923 3027 ut
1946 2973 2104 3030 nobis

525 3064 790 3133 praeberet
811 3064 1118 3133 exemplum
1164 3065 1397 3120 vitandae
1425 3066 1764 3133 temeritatis,
1814 3068 1958 3122 ultro
1994 3076 2106 3122 tra-

525 3154 767 3210 dendum
817 3171 895 3210 se.
947 3152 1066 3208 Non
1117 3156 1261 3209 enim
1319 3171 1512 3212 omnes
1560 3157 1751 3212 eadem
1793 3158 2102 3212 constantia

527 3256 883 3317 perseverant
899 3248 952 3302 in
978 3248 1263 3303 tormentis
1279 3264 1385 3318 qua
1402 3263 1460 3303 se
1484 3250 1816 3319 torquendos
1843 3249 2098 3304 oderunt.

2207 2064 2556 2128 peccatorum
2587 2053 2907 2108 vulneribus
2934 2052 3204 2106 medicina
3232 2050 3509 2116 tribuitur,
3524 2059 3571 2104 et
3589 2062 3740 2120 postea

2208 2165 2411 2204 mensa:
2436 2148 2676 2204 caelestis
2705 2150 2963 2204 alimonia
2991 2149 3339 2219 expenditur.
3367 2146 3484 2203 Non
3508 2158 3580 2203 est
3602 2149 3741 2220 igitur

2206 2258 2431 2298 necesse
2481 2254 2540 2298 ut
2584 2259 2895 2313 quaeramus
2924 2259 3079 2298 escas
3128 2243 3183 2296 in
3235 2242 3384 2295 villis
3429 2250 3479 2295 et
3519 2244 3733 2307 castellis,

2207 2335 2311 2391 hoc
2336 2346 2421 2391 est
2445 2352 2513 2391 ne
2539 2336 2865 2391 deseramus
2889 2350 3081 2406 panem
3120 2335 3270 2398 vitae,
3308 2333 3481 2404 pretio
3519 2334 3662 2388 studii
3687 2342 3734 2389 et

2206 2427 2429 2493 laboris,
2463 2436 2708 2482 ementes
2746 2427 3193 2497 philosophorum
3224 2425 3501 2480 doctrinas
3523 2425 3622 2479 suis
3664 2440 3740 2478 ra-

2206 2521 2448 2577 tionibus
2480 2522 2742 2586 munitas,
2770 2536 3002 2590 quarunt
3042 2529 3200 2590 pastu
3251 2519 3587 2573 delectemur.
3610 2516 3743 2583 Quod

2206 2624 2386 2670 autem
2413 2614 2663 2683 discipuli
2694 2613 2972 2669 desertum
3002 2613 3192 2666 dicunt
3213 2627 3340 2666 esse
3366 2612 3557 2676 locum,
3577 2611 3747 2681 ﬁgurat

2204 2702 2421 2760 Judaeos
2449 2712 2858 2758 murmurantes
2879 2704 2944 2757 de
2975 2702 3337 2757 conversione
3361 2703 3606 2772 gentium.
3634 2699 3744 2754 llinc

2204 2796 2376 2852 Isaias
2400 2796 2454 2851 in
2480 2812 2671 2851 eorum
2700 2812 2833 2852 voce
2864 2816 2879 2851 :
2910 2816 2927 2846 ‹
2949 2794 3087 2850 Ecce
3127 2804 3317 2866 gentes
3349 2795 3502 2864 quasi
3531 2794 3661 2849 stilla
3688 2793 3747 2847 si-

2208 2890 2333 2945 tuhe
2368 2888 2504 2959 (Ira.
2534 2888 2643 2959 ιι).
2667 2908 2685 2942 ι
2732 2887 2862 2943 Item
2900 2908 2914 2943 :
2951 2909 2968 2940 ι
2995 2888 3200 2944 Omnes
3238 2899 3427 2959 gentes
3466 2887 3612 2960 quasi
3658 2901 3747 2942 non

2205 2981 2336 3049 sint,
2363 2981 2443 3038 sic
2477 2990 2607 3035 sunt
2642 2996 2827 3035 coram
2850 2996 2916 3035 eo
2944 2979 3148 3051 (ibid.).

2280 3092 2299 3124 ι
2323 3071 2622 3143 Respondit
2643 3072 2691 3126 ei
2716 3069 3029 3141 Philippus:
3048 3071 3414 3127 Ducentorum
3431 3072 3743 3127 denariorum

2204 3178 2373 3234 panes
2401 3178 2509 3217 non
2539 3162 2814 3218 sufﬁciunt
2849 3164 2928 3218 eis
2972 3172 3032 3217 ut
3074 3164 3455 3235 unusquisque
3502 3165 3747 3221 modicum

2204 3255 2333 3325 quid
2370 3255 2618 3326 accipiat.
2645 3253 2709 3310 Et
2731 3256 2864 3311 dicit
2893 3256 2993 3311 eis.
3012 3256 3159 3322 Quot
3189 3272 3359 3326 panes
3385 3257 3607 3311 habetis?
3630 3255 3749 3310 Dicit

524 3338 765 3394 Petendo
788 3341 951 3395 etiam
982 3339 1331 3394 solitudinem
1358 3342 1640 3405 turbarum
1687 3341 1790 3397 fide
1826 3357 1896 3396 an
1945 3343 2098 3412 sequi
2129 3349 2172 3406 ο
2203 3346 2251 3400 ei
2281 3362 2423 3402 unus
2446 3362 2510 3401 ex
2541 3348 2823 3418 discipulis
2867 3347 3008 3417 ejus,
3032 3349 3282 3404 Andreas
3330 3348 3491 3405 frater
3528 3349 3751 3404 Simonis

528 3441 723 3489 curent
744 3433 1014 3504 explorat,
1040 3442 1094 3487 et
1128 3434 1408 3503 probatam
1437 3434 1600 3505 digna
1642 3435 1892 3489 mercede
1922 3451 2105 3489 remu-

528 3536 707 3582 nerat.
746 3525 943 3581 Turba:
984 3537 1166 3581 autem
1214 3542 1321 3581 non
1361 3526 1646 3597 iumentis,
1677 3541 1785 3581 non
1818 3527 2104 3591 vehiculis.

527 3619 623 3675 sed
679 3618 901 3689 proprio
932 3619 1119 3673 labore
1161 3618 1359 3689 pedum
1410 3619 1511 3672 iter
1559 3619 1761 3674 deserti
1815 3617 2104 3688 arripiunt,

526 3724 582 3768 et
622 3714 815 3769 salutis
839 3712 1167 3768 desiderium
1198 3710 1511 3766 ostendunt.
1553 3710 1766 3767 Rursus
1806 3711 1921 3781 ipse
1960 3710 2108 3766 exci-

528 3804 729 3875 piendo
757 3802 1029 3874 fatigatos,
1054 3803 1299 3859 docendo
1325 3802 1552 3869 inscios,
1580 3802 1827 3857 sanando
1849 3812 2101 3873 aegrotos,

529 3897 830 3952 recreando
864 3896 1104 3966 jejunos,
1131 3904 1394 3965 quantum
1424 3895 1491 3950 de
1519 3895 1740 3949 notione
1769 3895 2104 3950 credentium

528 3988 825 4045 delectetur
872 3988 1135 4043 insinuat.
1183 3987 1355 4042 Aliter
1401 3995 1689 4057 postquam
1718 3986 1860 4057 apud
1890 3985 2106 4045 Judaaos

527 4079 811 4151 prophetia
838 4095 1026 4135 vocem
1059 4078 1312 4150 perdidit,
1345 4078 1561 4133 transiit
1590 4079 1656 4133 ad
1686 4079 1959 4134 desertum
2004 4077 2108 4133 Ec-

528 4172 726 4235 clesite,
751 4188 873 4242 qua:
898 4172 1011 4228 viro
1038 4172 1280 4228 carebat.
1321 4170 1519 4226 Turbae
1559 4171 1943 4241 relinquebant
1972 4171 2107 4227 civi-

525 4274 688 4329 tates,
719 4264 879 4318 idest
912 4265 1170 4335 pristinas
1212 4262 1659 4318 oonversationes
1688 4269 1743 4317 et
1785 4261 2102 4332 dogmatum

525 4356 835 4412 varietates.
872 4356 1028 4422 Quod
1058 4356 1189 4411 dicit
1213 4355 1403 4410 exiens
1449 4352 1721 4425 signiﬁcat
1753 4354 1898 4424 quod
1931 4355 2105 4409 turbae

525 4446 818 4503 habuerint
866 4447 1196 4503 voluntatem
1225 4443 1389 4499 eundi
1418 4444 1487 4498 ad
1530 4458 1678 4507 eum,
1728 4443 1936 4500 scilicet
1958 4445 2104 4500 vires

526 4550 635 4591 non
661 4537 992 4601 habuerunt,
1008 4544 1061 4590 et
1086 4535 1208 4589 ideo
1234 4532 1481 4588 Salvator
1507 4533 1722 4589 obviam
1748 4534 1943 4605 pergit.

601 4650 621 4682 ς
650 4630 889 4703 Vespere
918 4639 1098 4684 autem
1134 4628 1276 4683 facto
1296 4627 1614 4685 accedentes
1641 4627 1925 4682 duodecim
1957 4627 2104 4682 dixe-

523 4730 651 4777 runt
664 4721 740 4775 illi
756 4740 770 4776 :
785 4719 1005 4775 Dimitte
1019 4720 1228 4786 turbas,
1242 4728 1501 4775 uteuntes
1514 4718 1566 4773 in
1579 4719 1800 4775 castella
1813 4719 2099 4790 villasque,

522 4828 645 4883 quze
661 4814 806 4869 circa
824 4822 952 4869 sunt
975 4813 1266 4877 divertant,
1283 4823 1337 4867 et
1356 4810 1638 4866 inveniant
1661 4827 1840 4877 escas,
1864 4812 1991 4883 quia
2013 4813 2102 4868 hic

524 4905 579 4957 in
602 4904 821 4960 deserto
841 4905 963 4961 loco
984 4921 1198 4960 sumus.
1225 4904 1386 4960 Jcsus
1420 4914 1601 4960 autem
1632 4905 1770 4960 dixit
1809 4905 1916 4961 illis
1943 4924 1956 4959 :
1981 4905 2098 4960 Non

523 4995 726 5051 habent
749 5012 970 5052 necesse
997 4997 1096 5063 ire,
1132 4997 1255 5053 date
1281 4996 1387 5052 illis
1408 5012 1507 5051 vos
1537 4996 1921 5052 manducare.»
1958 4994 2098 5050 Pro—

522 5099 683 5143 vocat
710 5089 985 5159 apostolos
1014 5090 1080 5144 ad
1111 5089 1433 5145 fractionem
1468 5104 1671 5159 panum
1691 5131 1708 5155 ,
1740 5099 1798 5143 nt
1822 5132 1837 5156 ,
1870 5089 1977 5146 illis
2020 5100 2101 5144 te-

526 5181 798 5237 stantibus
823 5196 882 5238 se
917 5197 1022 5236 non
1055 5183 1276 5248 habere,
1321 5181 1638 5250 magnitudo
1692 5180 1834 5252 signi
1873 5179 2099 5235 notitior

524 5275 641 5341 fiat,
672 5275 835 5331 simul
863 5275 1171 5339 insinuans,
1196 5276 1324 5345 quia
1364 5273 1611 5343 quotidie
1636 5290 1733 5344 per
1778 5290 1875 5329 eos
1907 5289 2100 5330 sumus

522 5367 802 5439 pascendi.
851 5366 993 5434 Quid
1031 5366 1177 5421 enim
1229 5374 1399 5436 agunt
1442 5363 1638 5420 Petrus
1682 5375 1736 5420 et
1766 5364 1972 5421 Paulus
2003 5380 2101 5435 per

523 5458 805 5529 epistolas,
837 5459 945 5513 nisi
973 5466 1033 5512 ut
1068 5467 1279 5512 mentes
1307 5465 1527 5512 nostras
1562 5457 1838 5513 alimentis
1859 5456 2099 5512 cmlesti-

524 5551 632 5607 bus
658 5551 917 5622 pascant?
944 5548 1003 5603 In
1039 5564 1264 5619 vespere
1302 5550 1495 5605 turbas
1522 5551 1714 5616 reiicit,
1747 5551 1873 5621 quia
1912 5551 1963 5604 in
1992 5550 2099 5605 fine

525 5645 710 5701 saeculi
740 5643 1145 5715 propinquitate
1173 5658 1297 5696 cum
1326 5644 1407 5698 sol
1432 5644 1659 5715 justitire
1689 5660 1788 5715 pro
1822 5644 1982 5699 nobis
2008 5659 2100 5700 oe-

530 5735 737 5798 cubuit,
756 5752 785 5789 a
803 5735 1010 5789 diutina
1038 5733 1336 5804 spiritualis
1364 5733 1556 5790 inedia:
1580 5735 1721 5791 fame
1743 5751 1934 5791 sumus
1963 5735 2100 5790 libo»

532 5824 656 5879 tati.
698 5822 833 5881 Nota
874 5825 1118 5881 ordinem
1173 5827 1436 5895 mysterii.
1490 5826 1619 5883 Post
1664 5826 1931 5882 defectum
1966 5827 2098 5899 legis

2206 3433 2351 3491 Petri
2379 3456 2391 3490 :
2419 3436 2513 3493 Est
2536 3454 2671 3508 puer
2705 3455 2848 3493 unus
2891 3439 2981 3494 hic
3009 3440 3103 3509 qui
3134 3438 3301 3494 habet
3344 3441 3559 3510 quinque
3586 3454 3749 3508 panes

2207 3525 2539 3583 hordeaceos
2568 3538 2621 3583 et
2646 3529 2786 3584 duos
2806 3529 3001 3600 pisces.
3042 3528 3147 3584 Sed
3180 3530 3298 3585 haec
3328 3532 3447 3601 quid
3474 3540 3591 3585 sunt
3617 3531 3749 3583 inter

2206 3620 2429 3675 tantos?
2457 3618 2572 3676 Nisi
2600 3620 2736 3676 forte
2774 3638 2874 3677 nos
2907 3638 3098 3677 eamus
3123 3631 3177 3677 et
3209 3639 3457 3678 emamus
3477 3624 3527 3677 in
3549 3637 3753 3677 omnem

2206 3711 2350 3766 hanc
2379 3713 2597 3767 turbam
2634 3728 2810 3769 escas.
2838 3715 2942 3781 Qui
2990 3713 3066 3769 ait
3104 3714 3185 3770 eis
3212 3733 3226 3769 :
3252 3715 3454 3770 Afferte
3483 3715 3596 3770 illos
3630 3713 3756 3769 mihi

2207 3804 2334 3859 huc.
2367 3802 2433 3857 Et
2464 3804 2717 3875 praecepit
2742 3805 2850 3859 illis
2875 3814 2935 3859 ut
2968 3807 3293 3861 accumbere
3325 3807 3561 3864 lacerent
3586 3821 3756 3861 omnes

2207 3897 2507 3952 secundum
2535 3899 2891 3954 contubernia
2932 3914 3096 3967 supra
3132 3900 3308 3954 viride
3342 3900 3546 3955 fenum.
3571 3900 3633 3955 Et
3658 3900 3755 3955 dis-

2207 3991 2513 4044 cubuerant
2538 3990 2591 4044 in
2628 4000 2809 4061 partes
2833 4007 2931 4061 per
2955 4001 3218 4046 centenos
3241 4002 3295 4047 et
3319 4010 3419 4064 per
3441 3993 3757 4063 quinquage-

2206 4097 2328 4136 nos.
2351 4101 2369 4134 ›
2400 4080 2699 4148 Quaesierat
2724 4082 2988 4138 Dominus
3026 4100 3057 4138 a
3088 4082 3341 4155 Philippo
3383 4094 3595 4140 tentans
3626 4099 3758 4149 eum,

2205 4174 2351 4244 quod
2372 4172 2608 4229 Joannes
2634 4186 3046 4242 commemorat,
3080 4179 3224 4233 unde
3269 4193 3399 4233 esca
3450 4179 3566 4233 dari
3595 4184 3762 4249 posset

2205 4265 2411 4319 turbae?
2432 4264 2642 4320 Etenim
2671 4265 2799 4336 quia
2831 4266 3136 4337 ignorantia
3179 4269 3363 4337 pepuli
3396 4278 3517 4323 erat
3546 4268 3595 4322 in
3630 4268 3760 4338 lege;

2204 4356 2445 4425 quandiu
2487 4357 2630 4411 enim
2664 4357 2860 4427 legitur
2881 4356 3125 4431 Moyses:
3149 4357 3406 4414 Velamen
3438 4361 3668 4431 positum
3692 4366 3765 4413 est

2205 4465 2368 4520 super
2400 4451 2562 4505 corda
2603 4465 2815 4516 eorum,
2839 4461 3123 4522 prepterca
3168 4452 3395 4508 tentatio
3446 4453 3534 4507 illa
3563 4450 3762 4506 Domini

2204 4540 2564 4610 ignorantiam
2602 4540 2854 4610 discipuli
2883 4541 3312 4595 demonstrabat.
3346 4540 3548 4597 Eadem
3579 4543 3769 4611 quippe

2207 4632 2553 4702 simplicitate
2591 4648 2699 4703 qua
2739 4632 3046 4704 Philippus,
3110 4635 3358 4704 loquitur
3407 4643 3464 4689 et
3513 4633 3764 4688 Andreas.

2132 4699 2176 4753 D
2208 4699 2331 4778 Sed
2366 4699 2631 4779 Dominus
2679 4699 2939 4779 ostendit
2966 4699 3232 4795 gratuitas
3285 4726 3531 4781 credenti
3577 4725 3772 4796 populo

2206 4830 2265 4870 se
2293 4814 2479 4885 largiri
2504 4830 2661 4869 escas
2697 4814 2885 4869 eadem
2910 4815 3142 4885 benigna
3176 4823 3450 4883 potestate
3478 4832 3580 4886 qua
3614 4814 3773 4887 gratis

2205 4906 2524 4962 redimendo
2568 4914 2744 4961 sanat.
2792 4906 2935 4962 Puer
2965 4907 3148 4962 ferens
3174 4924 3344 4978 panes
3375 4925 3503 4964 cum
3541 4909 3778 4980 piscibus

2206 5013 2351 5053 unus
2378 4998 2444 5053 de
2470 4998 2753 5068 discipulis
2796 4997 2919 5064 fuit,
2963 4999 3045 5052 vel
3090 4998 3229 5054 forte
3270 5000 3476 5070 aliquis
3504 5002 3566 5054 de
3596 4999 3773 5053 turba.

2207 5089 2362 5159 Quod
2420 5101 2601 5147 autem
2657 5091 2941 5163 Philippus
2993 5093 3079 5148 vel
3133 5092 3381 5147 Andreas
3430 5092 3782 5163 singulariter

2204 5185 2403 5240 dicitur
2434 5184 2575 5253 apud
2616 5182 2905 5247 Joannem,
2946 5184 3048 5238 hoc
3090 5184 3180 5237 alii
3224 5184 3571 5253 evangelista
3630 5180 3785 5236 disci—

2202 5275 2360 5346 pulos
2392 5275 2673 5346 pluraliter
2701 5274 2904 5329 dixisse
2940 5273 3199 5335 referunt,
3224 5274 3589 5346 intelligentes
3614 5288 3785 5328 unum

2204 5382 2315 5437 prae
2346 5368 2556 5422 caeteris
2582 5366 2733 5435 loqui
2768 5366 2851 5420 vel
2883 5375 3149 5435 ponentes
3185 5366 3457 5435 pluralem
3489 5379 3784 5422 numerum

2203 5472 2303 5527 pro
2331 5457 2613 5527 singulari.
2647 5456 3016 5510 Contubernia
3049 5457 3289 5527 intelligo
3318 5457 3569 5511 diversas
3608 5454 3792 5509 homi-

2203 5564 2333 5602 num
2364 5549 2667 5611 societates,
2695 5548 2788 5620 qui
2812 5547 2879 5601 de
2902 5549 3131 5603 diversis
3153 5549 3295 5604 villis
3316 5557 3603 5611 venerant,
3626 5549 3789 5617 juxta

2202 5640 2349 5711 quod
2381 5642 2579 5696 milites
2621 5641 2676 5696 in
2705 5641 2897 5696 eodem
2940 5642 3288 5695 tabernaculo
3318 5643 3649 5696 societatem
3687 5640 3795 5695 ha-

2200 5732 2390 5787 bentes
2400 5730 2506 5786 dici
2530 5731 2705 5787 solent
2726 5732 3161 5786 contubernales.
3202 5731 3457 5800 Quinque
3470 5748 3648 5802 panes
3664 5737 3796 5787 sunt

2202 5824 2439 5895 quinun
2458 5824 2923 5896 libriMoysi,quia
2957 5824 3011 5880 in
3040 5824 3235 5894 opibus
3260 5825 3392 5892 legis
3418 5834 3698 5886 tanquam
3726 5838 3794 5879 ex
