3964 6454
203 408 307 469 .889

1116 402 1686 462 DEFLORATlONES
1726 401 1827 459 SS.
1865 398 2175 457 PATRUM.
2215 429 2285 440 -—-
2322 397 2451 454 UB.
2493 396 2533 451 l.

3344 395 3451 451 890

202 534 341 589 pane
373 526 497 572 erat
536 518 664 573 vita.
702 517 802 573 Per
826 518 995 589 legem
1029 519 1174 573 enim
1222 520 1419 575 divinae
1457 515 1776 572 aeternitatis
1805 522 1850 577 Α
1878 512 2195 569 doctoribus
2231 510 2457 583 mystice
2489 507 2745 563 ﬁdelibus
2780 514 3150 576 exponuntur.
3180 504 3284 559 Per
3307 506 3451 564 duos

200 614 463 685 cognitio,
490 614 681 669 niundi
727 614 949 673 creatio,
997 628 1193 668 cursus
1222 612 1450 667 labentis
1474 610 1677 675 saeculi,
1721 618 1774 663 et

201 720 328 761 vera
351 704 463 758 Deo
494 705 761 759 serviendi
795 705 983 775 religio
1028 704 1267 758 humano
1303 704 1484 774 generi
1517 702 1769 757 innotuit.

201 793 256 849 In
284 793 500 848 duobus
532 794 776 863 piscibus
819 794 1194 864 intelliguntur
1214 793 1424 873 .psalmi
1454 801 1509 845 et
1535 792 1773 861 prophe-

200 889 284 942 tiae
302 896 668 955 temperantes
695 894 969 940 austerum
999 900 1246 954 saporem
1278 882 1570 953 legis,quia
1586 884 1771 937 erudi-

198 989 310 1033 tum
341 980 393 1032 in
429 980 547 1047 lege
569 977 665 1031 Dei
698 978 958 1048 populum
989 977 1054 1031 de
1086 976 1453 1046 promissione
1478 974 1773 1029 Dominicac

197 1071 598 1126 incarnatidnis
649 1086 804 1125 novae
854 1069 1040 1141 gratiae
1102 1069 1389 1123 dulcedine
1445 1068 1768 1137 pascebant,

195 1164 354 1234 quasi
405 1164 460 1216 in
508 1164 705 1217 virtute
740 1178 893 1232 aquae
941 1177 1092 1231 spem
1128 1160 1478 1215 confoventcs
1520 1159 1772 1213 humanae

194 1254 339 1307 vitae.
381 1251 521 1308 Hinc
558 1264 642 1309 est
679 1253 824 1323 quod
854 1250 1120 1307 Dominus
1155 1260 1280 1322 post
1316 1250 1768 1306 resurrectionem

194 1346 309 1399 ait:
341 1364 360 1396 ι
398 1343 694 1414 Oportebat
736 1344 946 1414 impleri
979 1343 1161 1397 omnia
1189 1358 1310 1413 quae
1336 1343 1535 1412 scripta
1562 1351 1689 1396 sunt
1714 1342 1769 1396 in

195 1437 312 1508 lege
364 1436 556 1507 Moysi,
608 1445 662 1492 et
712 1437 990 1508 prophetis
1032 1446 1086 1490 et
1117 1435 1341 1505 psalmis
1386 1434 1453 1487 de
1499 1449 1585 1487 me
1613 1432 1765 1503 (Luc.

195 1530 369 1596 XXIV).
393 1548 411 1581 ι
448 1528 545 1583 Hic
570 1545 788 1599 quoque
824 1528 1142 1599 praecipiens
1168 1527 1272 1583 sibi
1306 1527 1487 1582 afferri
1519 1542 1688 1597 panes
1718 1535 1771 1580 et

191 1621 400 1692 pisces,
451 1622 679 1693 mystice
730 1621 987 1691 praecepit
1046 1619 1381 1675 intellectum
1435 1616 1769 1672 Testamenti

191 1711 405 1768 Veteris
427 1715 495 1767 ad
520 1729 579 1767 sc
608 1712 814 1767 referri.
845 1713 988 1767 Bene
1014 1722 1194 1767 autem
1229 1728 1324 1782 per
1347 1711 1605 1781 aquatilia
1634 1710 1769 1783 ligu-

186 1815 384 1859 rantur
420 1807 809 1876 prophetantes
846 1805 911 1859 de
940 1814 1128 1860 nostro
1149 1820 1286 1871 aevo,
1314 1804 1367 1859 in
1390 1820 1499 1873 quo
1534 1802 1768 1874 populus

1873 621 2088 676 quoque
2109 605 2282 674 pisces
2303 604 2423 658 duae
2445 616 2709 671 personae,
2726 599 3448 670 regisvidelicetetsacerdos

1873 699 1943 752 tis
1964 698 2333 769 designantur,
2363 711 2484 765 quae
2514 694 2642 748 solae
2666 694 2718 746 in
2749 692 2927 746 Veteri
2953 691 3301 749 Testamento
3323 694 3448 748 oleo

1874 800 2063 844 sancto
2102 791 2461 862 ungebantur.
2495 790 2751 844 Christus
2781 799 2961 843 autem
2998 790 3180 843 ﬁdeles
3232 790 3285 843 in
3329 789 3446 844 salo

1873 881 2056 934 saeculi
2108 891 2166 935 ut
2211 881 2387 951 pisces
2430 881 2659 935 latentes
2702 896 2799 949 per
2835 881 3135 949 piscatores
3167 881 3446 949 apostolos

1873 982 1985 1027 rete
2027 972 2148 1027 fidei
2172 975 2333 1042 cepit,
2362 984 2416 1027 et
2458 982 2686 1027 cunctos
2717 973 2838 1026 oleo
2867 973 3183 1026 chrismatis
3208 973 3261 1025 iu
3286 988 3443 1042 reges

1871 1071 1924 1116 et
1950 1062 2002 1116 in
2044 1064 2353 1117 sacerdotes
2384 1077 2584 1134 ungere
2611 1061 2754 1115 fecit.
2778 1060 2881 1115 Per
2908 1063 3085 1115 albam
3123 1078 3357 1132 namque
3387 1062 3441 1115 in

1871 1152 2197 1224 baptismate.
2213 1165 2512 1225 acceptam,
2539 1153 2934 1220 sacerdotium;
2959 1170 3053 1224 per
3076 1156 3293 1208 mitram
3316 1170 3444 1209 vero

1871 1246 2032 1315 capiti
2064 1245 2373 1316 impositam
2422 1245 2743 1315 designatur
2772 1245 3023 1300 diadema
3067 1246 3300 1316 regium.
3346 1244 3444 1301 Se-

1869 1338 2098 1408 quitur:

1948 1449 1967 1483 ‹
1999 1430 2103 1485 Sed
2122 1430 2235 1485 haec
2260 1429 2390 1500 quid
2415 1428 2555 1484 inter
2581 1426 2926 1484 tantoshAc
2954 1428 2997 1482 si
3028 1429 3241 1483 dicatur
3267 1448 3280 1485 :
3310 1428 3445 1485 Per—

1869 1521 2058 1576 multis
2106 1521 2366 1576 alimenta
2430 1520 2687 1590 petituris
2731 1535 2896 1589 supra
2947 1535 3164 1574 onmem
3218 1535 3444 1576 sensum

1868 1612 2138 1681 corporis,
2177 1627 2508 1683 omnemque
2549 1612 2812 1677 litteram,
2856 1612 2987 1682 quid
3015 1613 3235 1682 prodest
3267 1613 3446 1667 littera

1868 1705 2059 1760 vetus?
2088 1705 2226 1773 Quia
2276 1706 2569 1760 carnaliter
2599 1705 2882 1775 sapiebant
2925 1713 2979 1758 et
3023 1705 3076 1759 in
3119 1721 3213 1775 spe
3236 1705 3448 1759 carnali

1868 1797 2261 1868 quiescebant,
2317 1797 2517 1867 quibus
2568 1795 2652 1851 lex
2721 1796 3042 1865 temporalia
3096 1797 3443 1865 promiserat,

184 1895 433 1950 ﬁdelium
468 1898 586 1952 sine
611 1896 767 1967 aquis
808 1896 1060 1966 baptismi
1093 1895 1275 1950 vivere
1317 1895 1628 1949 nullatenus
1666 1909 1766 1964 po-
1802 1886 1842 1940 Β
1868 1889 2178 1960 praecipitur
2206 1905 2369 1959 super
2389 1889 2559 1943 viride
2587 1889 2769 1943 fenum
2785 1889 2967 1958 jacere
2993 1908 3005 1942 :
3038 1906 3056 1938 ι
3075 1887 3267 1943 Omnis
3296 1890 3446 1943 enim

180 1997 311 2043 test.
346 1987 527 2043 Panes
555 2005 684 2043 vero
725 1989 1008 2053 hordeacei
1038 1990 1289 2054 fuerunt,
1342 1988 1435 2059 qui
1479 1988 1633 2041 cibus
1682 1995 1764 2041 est

179 2082 548 2147 rusticorum,
581 2080 707 2151 quia
750 2082 976 2135 rudibus
1026 2081 1366 2135 auditoribus
1404 2078 1560 2149 quasi
1611 2093 1767 2149 gros-

176 2168 330 2222 t'iora
380 2167 773 2222 committenda
822 2177 950 2222 sunt
1000 2179 1286 2239 praecepta.
1319 2168 1585 2221 Animalis
1618 2167 1764 2220 enim

174 2259 352 2313 homo
385 2277 499 2314 non
526 2259 751 2330 percipit
773 2276 832 2314 ea
858 2277 978 2331 quae
1024 2273 1153 2314 sunt
1193 2261 1419 2331 spiritus
1470 2259 1582 2314 Dei.
1614 2257 1765 2313 Unde

172 2349 455 2406 Dominus
508 2352 800 2422 unicuique
836 2368 933 2422 pro
977 2352 1195 2421 juribus
1242 2352 1383 2407 dona
1427 2351 1675 2406 tribuens
1712 2362 1767 2406 et

169 2458 402 2513 semper
446 2444 513 2498 ad
553 2443 875 2513 perfectiora
922 2459 1244 2513 provocans,
1298 2444 1475 2513 primo
1522 2443 1764 2513 quinque

165 2536 421 2605 panibus
433 2536 674 2606 quinque
686 2535 850 2589 millia
867 2535 1298 2601 reﬁcit,secundo
1312 2547 1515 2604 septem
1532 2534 1765 2605 panibus

164 2637 426 2697 quatuor
448 2628 617 2682 millia
642 2628 1119 2693 hominum,tertio
1138 2626 1418 2697 discipulis
1453 2643 1566 2681 suae
1583 2626 1765 2683 carnis

161 2728 217 2773 et
246 2720 551 2790 sanguinis
601 2721 915 2792 mysterium
955 2719 1149 2784 credit,
1180 2719 1249 2774 ad
1298 2720 1547 2774 ultimum
1578 2719 1671 2774 dat
1704 2728 1766 2774 ut

160 2813 351 2866 edant
379 2821 439 2867 et
472 2814 660 2867 bibant
690 2829 853 2883 super
882 2829 1128 2867 mensam
1166 2829 1320 2868 suam
1351 2813 1403 2867 in
1435 2828 1603 2882 regno
1637 2828 1759 2868 suo.

159 2901 261 2958 Vel
292 2904 377 2957 ita
408 2922 424 2958 :
453 2888 747 2959 lionleacei
776 2914 932 2959 erant
955 2920 1145 2975 panes,
1184 2904 1314 2974 quia
1349 2905 1414 2959 ad
1446 2903 1612 2960 Vetus
1660 2905 1763 2960 Te-

156 3004 521 3049 stamentum
573 2996 930 3066 pertinebant,
952 3005 1009 3050 et
1051 2997 1193 3051 sicut
1214 2996 1303 3051 vix
1340 2998 1649 3067 pervenitur
1696 2998 1763 3052 ad

152 3088 482 3143 medullam
517 3087 725 3155 hordei,
759 3089 831 3143 ita
864 3087 1031 3144 Vetus
1072 3087 1482 3144 Testamentum
1531 3090 1762 3145 vestitur

151 3179 421 3250 tegmine
445 3180 765 3246 carnalium,
799 3179 892 3235 sed
930 3181 1163 3245 sauciat,
1192 3197 1318 3235 cum
1351 3181 1499 3236 intus
1521 3182 1763 3252 perveni-

148 3282 270 3328 tur.
317 3272 448 3327 Duo
503 3282 682 3327 autem
738 3273 914 3343 pisces
963 3274 1057 3345 qui
1101 3288 1349 3343 saporem
1378 3274 1578 3328 dabant
1632 3275 1758 3344 pani

148 3382 429 3432 suavem,
460 3377 589 3421 sum
612 3366 731 3420 duae
759 3382 1005 3437 personae
1047 3367 1350 3422 sacerdotis
1373 3376 1426 3421 et
1469 3368 1611 3436 regis
1636 3366 1760 3436 qui-

149 3458 259 3513 bus
297 3458 552 3528 pnpulus
587 3456 751 3513 Israel
795 3458 1102 3528 regebatur,
1134 3466 1193 3512 ut
1236 3474 1331 3528 per
1357 3474 1453 3513 eas
1499 3460 1759 3513 consilio-

153 3567 284 3606 rum
356 3550 715 3603 moderamen
772 3550 1059 3619 acciperct.
1107 3549 1318 3617 Quibus
1373 3550 1515 3605 inter
1571 3550 1759 3606 turbas

160 3641 504 3696 fluctuantis
552 3641 768 3705 saeculi,
815 3657 965 3698 more
1012 3643 1241 3712 piscium
1298 3643 1609 3713 quassatis,
1659 3658 1760 3698 nec

163 3732 585 3799 deﬁcientibus,
629 3735 961 3808 ﬁgurabatur
1004 3739 1257 3794 Christus
1299 3755 1463 3794 verus
1502 3739 1759 3796 sacerdos

167 3833 213 3879 et
235 3835 461 3880 rector.
502 3825 644 3883 Puer
672 3838 897 3899 portans
922 3839 1007 3884 est
1047 3832 1281 3900 populus
1302 3832 1413 3897 ille,
1446 3833 1673 3901 puerilis
1702 3832 1757 3888 in

175 3931 370 3983 sensu,
404 3933 508 3972 nec
537 3920 898 3986 manducans,
936 3920 1029 3991 qui
1059 3921 1217 3991 quasi
1253 3937 1394 3977 onus
1423 3922 1609 3976 clausa
1640 3937 1760 3991 por-

179 4007 354 4073 tabat,
390 4024 494 4063 nec
524 4010 663 4065 alios
697 4026 945 4079 pascens.
979 4010 1111 4066 Item
1159 4028 1257 4082 per
1298 4011 1539 4082 quinque
1590 4027 1759 4081 panes

185 4097 470 4171 Scriptura
501 4111 556 4155 et
581 4103 824 4173 exempla
849 4101 1099 4165 Patrum,
1130 4103 1184 4159 in
1219 4105 1464 4174 quinque
1507 4103 1759 4159 aetatibus

182 4192 521 4262 degentium,
586 4193 980 4265 intelliguntur,
1028 4196 1228 4265 quibus
1277 4193 1521 4266 quotidie
1576 4194 1758 4250 ﬁdeles

182 4282 404 4337 abunde
455 4284 791 4339 reﬁciuntur.
846 4278 908 4340 ln'
950 4286 1124 4356 prima
1167 4296 1326 4341 actate
1374 4285 1562 4342 Enoch
1619 4301 1759 4357 pane

180 4374 376 4443 scripti
402 4389 503 4430 nos
528 4374 720 4438 reﬁcit,
747 4376 873 4430 dum
897 4375 1187 4431 Dominum
1220 4392 1343 4431 cum
1368 4377 1605 4432 millibus
1633 4394 1752 4433 san-

177 4475 401 4521 ctorum
432 4468 496 4522 ad
516 4468 782 4537 judicium
810 4480 1093 4524 venturum
1122 4470 1329 4524 scribit.
1354 4468 1501 4525 Pane
1525 4469 1756 4540 exempli

1867 1997 1996 2036 caro
2026 1982 2232 2047 fenum,
2259 1991 2312 2035 et
2352 1982 2575 2036 claritas
2609 1981 2848 2036 hominis
2873 1981 3014 2036 sicut
3042 1981 3141 2036 ﬁos
3164 1980 3273 2035 feni
3301 1979 3441 2052 (Isa.

1865 2080 1979 2148 XL).
1998 2098 2016 2130 ι
2052 2077 2353 2133 Discumbit
2375 2094 2504 2147 ergo
2533 2094 2695 2148 super
2713 2077 2894 2131 fenum
2919 2083 3011 2148 qui
3035 2094 3253 2132 carnem
3285 2093 3442 2132 suam

1865 2172 2059 2233 calcat,
2091 2179 2146 2225 et
2192 2171 2355 2224 flores
2404 2171 2550 2226 illius
2579 2171 2736 2240 quasi
2783 2187 2946 2225 arens
2976 2170 3159 2225 fenum
3208 2172 3446 2225 conterit

1866 2264 2048 2318 saeculi
2069 2264 2372 2333 voluptates
2400 2264 2504 2318 sibi
2528 2264 2851 2334 subjiciens.
2881 2262 3093 2318 Diversi
3130 2264 3444 2320 discubitus

1864 2355 2269 2410 convivantium
2318 2356 2563 2411 diversos
2590 2356 2901 2425 signiﬁcant
2923 2366 3224 2411 conventus
3249 2355 3439 2411 Eccle-

1864 2448 2091 2502 siarum.
2113 2446 2492 2518 Quinquageni
2515 2457 2695 2503 autent
2721 2447 3093 2511 discumbunt,
3112 2447 3240 2516 quia
3262 2447 3443 2501 adhuc

1864 2537 1919 2593 in
1949 2538 2269 2609 pcenitentia
2305 2539 2467 2608 positi
2500 2539 2746 2593 auditum
2777 2539 2927 2593 verbi
2961 2538 3440 2608 percipiunt.Nam

1864 2633 2367 2702 quinquagenarius
2401 2647 2664 2686 numerus
2698 2631 3030 2702 paenitentiae
3069 2639 3124 2684 et
3169 2630 3445 2685 remissio—

1864 2725 1952 2779 nis
1976 2736 2076 2778 est.
2105 2724 2331 2777 Centeni
2374 2739 2505 2778 vero
2534 2722 2908 2788 discumbunt,
2954 2722 3081 2792 quia
3126 2738 3223 2791 per
3264 2720 3444 2790 paeni-

1866 2816 2087 2869 tentiam
2117 2815 2570 2886 quinquagenarii
2605 2817 2671 2871 ad
2704 2814 3003 2885 perfectum
3032 2814 3315 2869 centesimi
3340 2830 3442 2867 nu-

1865 2907 2000 2960 meri
2035 2908 2249 2961 culmen
2278 2907 2659 2976 ascendentes,
2686 2908 2741 2961 in
2785 2908 2904 2964 solo
2929 2911 3041 2979 jam
3066 2907 3190 2961 vitae
3226 2915 3442 2960 aeternae

1864 2998 2138 3053 desiderio
2166 3000 2463 3069 suspirant.

1939 3108 1958 3139 ι
1990 3091 2239 3160 Acceptis
2259 3100 2439 3145 autem
2468 3091 2715 3161 quinque
2738 3090 2974 3160 panibus
3010 3096 3065 3143 et
3087 3088 3303 3142 duobus
3326 3087 3440 3157 pis-

1864 3180 2019 3235 cibus
2047 3182 2286 3252 respexit
2316 3183 2371 3237 in
2412 3183 2634 3247 caelum,
2675 3192 2729 3237 et
2775 3180 3053 3236 benedixit
3096 3179 3224 3246 illis,
3256 3178 3435 3249 fregit,

1861 3283 1912 3327 et
1937 3273 2215 3328 distribuit
2256 3274 2580 3345 discipulis;
2634 3274 2892 3344 discipuli
2927 3282 3109 3327 autem
3147 3272 3343 3327 turbis.
3374 3270 3441 3325 Et

1862 3366 2325 3420 manducaverunt
2369 3382 2560 3421 omnes
2580 3374 2633 3420 et
2684 3366 2914 3420 saturati
2964 3374 3113 3420 sunt.
3171 3361 3441 3417 Tulerunt

1859 3455 2122 3525 reliquias
2144 3456 2431 3511 duodecim
2458 3456 2723 3542 cophiqos
2758 3455 3187 3524 fragmentorum
3221 3454 3433 3524 plenos.

1859 3546 2304 3604 Manducantium
2344 3559 2527 3604 autem
2583 3547 2686 3603 fuit
2723 3564 2991 3603 numerus
3014 3547 3172 3618 quasi
3193 3546 3440 3616 quinque

1859 3641 2026 3695 millia
2050 3640 2317 3707 virorum,
2338 3642 2582 3712 exceptis
2609 3641 2931 3697 mulieribus
2953 3650 3007 3695 et
3029 3639 3291 3710 parvulis.
3326 3655 3345 3688 ι
3378 3635 3438 3691 ln

1858 3732 2057 3786 ctelum
2107 3730 2371 3788 Dominus
2423 3733 2683 3803 respexit,
2743 3732 3007 3787 honorem
3056 3730 3233 3784 Patris
3263 3745 3292 3783 a
3324 3743 3438 3799 quo

1859 3824 1975 3895 ipse
2004 3833 2121 3878 erat
2156 3825 2465 3892 confessus,
2506 3832 2566 3879 ut
2595 3825 2689 3893 qui
2720 3825 2976 3880 adessent
3004 3823 3371 3892 intelligerent
3405 3834 3438 3875 a

1857 3931 1967 3986 quo
1997 3924 2159 3970 tantae.
2186 3915 2402 3971 virtutis
2429 3915 2726 3985 accepisset
2752 3914 3026 3979 effectum,
3055 3914 3354 3983 dirigentes
3382 3920 3440 3964 et

1858 4010 1961 4081 ipsi
1990 4010 2118 4064 illuc
2138 4009 2331 4065 oculos
2360 4010 2576 4064 mentis.
2609 4007 2664 4063 Si
2688 4024 2857 4080 panes
2890 4024 2997 4061 non
3035 4006 3435 4077 frangerentur,

1858 4117 1967 4155 non
1998 4100 2202 4155 alerent
2233 4108 2439 4155 tantam
2465 4100 2699 4154 turbam.
2735 4098 2826 4153 Sic
2851 4108 2902 4152 et
2947 4102 3051 4162 lex,
3084 4097 3129 4151 si
3167 4111 3274 4149 non
3308 4110 3438 4164 ape-

1857 4194 2079 4259 riretur,
2119 4208 2227 4247 non
2267 4199 2515 4264 pasceret
2563 4191 2788 4258 multos,
2824 4206 2966 4260 quos
3009 4198 3192 4259 aperta
3239 4187 3432 4258 pascit.

1860 4283 2247 4356 Unusquisque
2278 4285 2647 4355 apostolorum
2693 4283 2761 4338 de
2807 4281 3053 4353 reliquiis
3107 4281 3292 4351 implet
3335 4297 3431 4334 co-

1857 4377 2083 4447 phinum
2116 4393 2298 4442 suum,
2328 4386 2388 4431 ut
2419 4376 2500 4432 vel
2534 4377 2731 4431 habeat
2766 4375 2908 4429 unde
2953 4382 3139 4444 postea
3184 4372 3438 4444 gentibus

1857 4469 2009 4524 cibos
2055 4469 2308 4539 praebeat,
2341 4468 2425 4524 vel
2454 4484 2520 4523 ex
2552 4467 2800 4538 reliquiis
2845 4482 3007 4522 veros
3052 4464 3223 4519 fuisse
3267 4479 3438 4534 panes

176 4572 304 4614 nos
329 4560 485 4614 satiat
517 4561 647 4614 dum
682 4576 805 4615 eum
835 4560 1193 4630 objustitiam
1239 4560 1351 4616 Deo
1383 4561 1671 4632 placuisse,
1703 4572 1757 4617 et
1789 4580 1832 4634 ο
1859 4562 2069 4617 doceat.
2103 4560 2354 4632 Quinque
2374 4562 2541 4616 millia
2564 4561 2829 4627 virorum,
2855 4559 2909 4615 id
2935 4569 3013 4615 est
3045 4558 3431 4629 perfectorum.

176 4646 244 4703 in
294 4650 602 4719 paradisum
652 4660 865 4720 raptum
909 4650 1078 4706 fuisse
1110 4651 1394 4721 Scriptura
1426 4668 1760 4706 commemo-

172 4751 307 4797 rat.
349 4740 402 4796 In
449 4741 686 4798 secunda
739 4751 898 4798 aetate
951 4743 1109 4813 panis
1156 4744 1314 4799 nobis
1360 4759 1457 4814 per
1485 4742 1760 4797 Abraham

173 4832 553 4901 ministratur,
568 4834 910 4889 dumlitteras
926 4833 1177 4889 Hebraeus
1188 4835 1472 4904 reperisse,
1488 4843 1761 4890 transacta

171 4926 261 4980 ab
274 4925 740 4997 initioscripsisse,
761 4926 1149 4981 astronomiam
1166 4926 1217 4980 in
1235 4924 1467 4997 [Egypto
1485 4926 1760 4993 docuisse,

172 5033 260 5072 ac
290 5014 396 5072 Deo
419 5019 472 5073 in
493 5020 750 5073 omnibus
771 5019 1022 5075 obedisse
1045 5027 1320 5073 narratur.
1344 5017 1401 5072 ln
1427 5020 1580 5073 tertia
1605 5028 1763 5074 actate

172 5122 298 5177 per
327 5107 534 5180 Moysen
562 5109 781 5180 copiose
803 5110 1096 5175 reﬁcimur,
1129 5110 1257 5164 dum
1274 5109 1459 5164 decem
1480 5111 1762 5179 praeceptis

172 5213 302 5268 per
328 5200 438 5268 ejus
476 5201 681 5271 scripta
721 5201 1071 5266 instrnimur,
1112 5210 1168 5255 et
1213 5201 1329 5270 ipse
1379 5216 1544 5271 super
1571 5216 1763 5256 omnes

174 5290 443 5348 homines
474 5294 952 5348 mansuetissimus
980 5292 1147 5348 fuisse
1168 5302 1222 5347 et
1253 5292 1437 5348 multis
1457 5293 1628 5364 signis
1660 5293 1765 5349 ful-

170 5381 341 5437 sisse
358 5385 697 5440 describitur.
726 5384 781 5438 In
804 5394 994 5455 quarta
1025 5395 1180 5440 aetate
1211 5384 1402 5451 David,
1428 5384 1684 5441 Salomon
1710 5396 1765 5441 et

171 5484 388 5529 omnes
415 5491 550 5545 pene
581 5476 856 5546 prophetae
886 5489 985 5530 nos
1032 5475 1174 5529 dulci
1209 5489 1349 5544 pane
1385 5477 1607 5543 satiant,
1632 5478 1761 5531 dum

174 5577 308 5618 nos
328 5569 566 5639 mysticis
593 5569 811 5637 scriptis
852 5577 905 5622 et
937 5566 1093 5622 factis
1129 5565 1442 5622 informant.
1476 5568 1532 5622 In
1574 5570 1760 5638 quinta

172 5664 354 5713 actate
376 5659 573 5716 Esdras
596 5677 697 5716 nos
725 5677 861 5731 pane
879 5670 1107 5725 saturat,
1126 5661 1254 5715 dum
1284 5662 1455 5733 legem
1481 5663 1759 5718 incensam

171 5746 433 5818 reiterat,
453 5761 508 5807 et
533 5751 793 5821 templum
821 5753 1155 5807 destructum
1178 5752 1487 5808 reaedilicat.
1508 5753 1569 5807 lii
1595 5771 1764 5825 panes

165 5836 370 5896 turbis
407 5842 836 5908 distribuuntur,
865 5842 992 5896 dum
1021 5841 1213 5897 horum
1239 5843 1437 5913 scripta
1471 5854 1521 5899 et
1563 5845 1701 5903 facta
1731 5862 1762 5901 a

1865 4652 2039 4709 Sexus
2088 4652 2292 4725 fragilis
2314 4663 2369 4707 et
2396 4655 2576 4708 minor
2602 4663 2733 4708 aetas
2766 4652 2974 4722 indigni
3013 4660 3140 4704 sunt
3182 4664 3432 4703 numero.

1864 4743 2018 4801 Unde
2045 4755 2098 4801 et
2137 4746 2192 4800 in
2219 4743 2583 4800 Numerorum
2614 4746 2753 4799 libro
2782 4744 2996 4815 quoties
3021 4741 3352 4807 sacerdotes,
3382 4750 3455 4795 et

1863 4836 2061 4892 chitae
2088 4847 2143 4891 et
2167 4837 2337 4891 turbae
2360 4836 2717 4908 pugnantium
2757 4836 3160 4895 describuntur,
3194 4834 3359 4898 servi,
3383 4843 3440 4887 et

1863 4930 2117 4985 mulieres
2140 4939 2194 4983 et
2217 4929 2516 4999 parvuli,et
2542 4928 2777 4998 ignobile
2799 4927 2993 4996 vulgus
3017 4926 3438 4996 pr.etcrinittun—

1865 5030 1971 5075 tur.
2027 5018 2142 5074 Non
2189 5035 2322 5074 nova
2355 5028 2506 5074 creat
2533 5018 2781 5073 Salvator
2809 5019 3035 5083 cibaria,
3065 5017 3159 5071 sed
3192 5030 3435 5086 praesen-

1864 5112 2007 5166 tibus
2044 5111 2331 5177 benedicit,
2389 5112 2518 5181 quia
2561 5108 2616 5163 in
2676 5124 2839 5164 carne
2872 5108 3116 5169 veniens,
3167 5123 3277 5160 non
3329 5105 3435 5160 alia

1864 5204 2137 5273 praedicat,
2161 5204 2253 5257 sed
2286 5202 2582 5274 prophetiae
2603 5202 2747 5256 dicta
2778 5200 3054 5273 mysteriis
3091 5200 3277 5270 gratiae
3308 5214 3436 5269 gra-

1863 5293 1988 5349 vida
2023 5294 2379 5348 demonstrat.
2403 5291 2557 5347 Unde
2592 5292 2841 5362 sequitur
2869 5293 2997 5362 quia
3041 5290 3217 5361 fregit,
3253 5290 3305 5342 id
3353 5298 3438 5342 est

1864 5385 2048 5441 clausa
2078 5394 2418 5440 sacramenta
2466 5383 2599 5454 legis
2642 5392 2698 5437 et
2732 5384 3121 5452 prophetarum
3158 5378 3430 5450 patefecit.

1864 5476 2040 5531 Panes
2090 5476 2387 5546 frangendo
2435 5475 2885 5545 multiplicantur,
2932 5475 3058 5543 quia
3108 5472 3262 5526 multa
3311 5468 3432 5522 libri

1864 5570 1988 5625 facti
2048 5578 2175 5624 sunt
2218 5570 2538 5639 exponendo
2585 5570 2775 5639 legem.
2829 5567 3104 5635 Frangens
3154 5563 3433 5617 distribuit

1863 5660 2164 5730 discipulis,
2187 5670 2241 5715 et
2265 5660 2341 5714 illi
2369 5659 2713 5730 praefractnm
2741 5659 3072 5727 frangentes,
3100 5654 3434 5710 distribuunt

1867 5754 2060 5819 turbis,
2086 5753 2214 5823 quia
2261 5755 2467 5808 sanctis
2510 5753 2825 5808 doctoribus
2860 5748 3072 5819 aperuit
3118 5762 3337 5801 sensum
3373 5756 3432 5800 ut

1867 5847 2223 5916 intelligerent
2261 5844 2590 5916 Scripturas,
2641 5852 2694 5898 et
2738 5842 3038 5896 intellectas
3090 5836 3429 5894 auditoribus
