3964 6444
559 427 654 484 891

1663 419 1985 475 WEIlNERI
2025 417 2320 474 ABBATIS
2358 417 2416 473 S.
2460 413 2681 470 BLASII

3680 419 3763 481 892

556 548 674 594 toto
709 537 842 594 orbe
886 536 1114 590 ﬁdeliter
1143 533 1613 604 dispensaverunt.
1639 532 1797 602 Quod
1833 534 2006 589 turbis
2041 551 2136 589 su-
2166 539 2210 595 Α
2237 533 2334 588 dit.
2359 531 2635 586 Continuo
2675 529 2822 585 enim
2851 537 2995 585 tactu
3047 527 3288 601 parentis
3319 528 3610 584 animatum
3635 548 3764 594 ovum

547 640 731 700 pet-est
759 627 1011 696 discipuli
1039 627 1254 688 tollunt,
1287 625 1414 695 quia
1437 626 1692 696 mysteria
1718 642 1882 695 quzca
1902 626 2130 680 rudibus

551 736 662 774 non
691 718 1000 788 capiuntur,
1043 734 1073 770 a
1108 717 1363 787 perfectis
1419 717 1790 787 inquiruntur.
1823 715 1962 772 Sunt
1984 717 2128 772 enim

550 809 855 882 fragmenta
881 823 1002 877 qua:
1023 807 1256 877 populus
1282 824 1391 861 non
1416 808 1590 877 potuit
1617 808 1964 874 manducare,
1982 823 2132 877 qua!-

547 902 672 955 dam
709 900 1006 955 secretiora
1046 899 1433 970 intelligentia,
1487 900 1689 969 quibus
1741 900 1946 969 impleti
2001 907 2146 955 sunt.

547 994 781 1065 apostoli
809 993 968 1064 quasi
985 993 1206 1063 cophini
1228 993 1538 1048 duodecim.
1565 991 1668 1047 Per
1696 993 1963 1063 cophinos
1998 1008 2128 1061 apo-

545 1086 672 1141 stoli
708 1085 1034 1156 figurantur,
1077 1092 1132 1138 et
1161 1099 1254 1154 per
1289 1083 1570 1154 apostolos
1595 1083 1746 1137 chori
1777 1083 2128 1153 sequentium

545 1176 832 1232 doctorum
871 1177 1006 1232 foris
1031 1177 1250 1247 quidem
1281 1176 1598 1230 hominibus
1621 1175 1882 1246 despecti,
1913 1177 2006 1230 sed
2040 1177 2126 1229 iu-

543 1277 635 1323 tus
662 1269 728 1322 ad
754 1268 946 1322 alenda
973 1267 1261 1320 humilium
1294 1267 1458 1322 corda
1486 1267 1625 1322 cibis
1659 1249 1995 1321 salutaribus
2029 1284 2128 1322 cu-

543 1361 757 1416 mulati.
805 1359 989 1414 Solent
1033 1362 1180 1414 enim
1231 1376 1397 1430 opera
1432 1360 1649 1414 servilia
1691 1361 1804 1432 geri
1851 1360 2123 1432 cophinis.

547 1451 652 1507 Sed
685 1451 948 1508 Dominus
977 1453 1241 1522 cophinos
1269 1453 1588 1524 fragmentis
1623 1454 1884 1523 implevit,
1919 1453 2034 1524 qui,
2069 1463 2128 1508 ut

543 1545 774 1601 fortiora
801 1544 1178 1612 confunderet,
1209 1546 1424 1599 infirma
1467 1546 1656 1600 mundi
1679 1545 1846 1616 eligit.
1882 1544 2123 1614 Apostoli

541 1635 830 1693 duodecim
872 1638 1138 1708 cophinos
1189 1639 1256 1693 de
1308 1637 1628 1709 fragmentis
1673 1638 2122 1693 manducantium

542 1729 926 1800 impleverunt,
959 1731 1087 1786 dum
1121 1729 1174 1783 in
1225 1738 1378 1784 sexta
1421 1737 1580 1784 :etate
1631 1729 1832 1798 scripta
1877 1729 2121 1798 priorum

540 1838 640 1879 sua
677 1824 923 1878 doctrina
963 1822 1358 1877 disseruerunt.
1396 1820 1679 1890 Cophinus
1708 1822 1776 1876 de
1822 1823 2010 1891 gracili
2045 1823 2125 1876 vi-

539 1913 687 1967 mine
708 1913 1034 1976 contexitur,
1058 1920 1112 1966 et
1133 1914 1268 1967 ordo
1285 1913 1618 1983 apostolicus
1640 1914 1707 1968 de
1734 1914 1924 1968 humili
1955 1915 2123 1984 stirpe
2155 1891 2196 1945 Β

537 2003 774 2074 eligitur.
806 2003 904 2058 Hie
929 2003 1189 2074 reliquias
1215 2004 1493 2058 edentium
1526 2014 1840 2075 congregat,
1873 2008 2000 2076 quia
2031 2007 2122 2060 lit-

538 2104 710 2151 teram
735 2095 1088 2166 popularibus
1117 2096 1566 2167 erogat,mystica
1594 2097 1932 2166 sapientibus
1948 2112 2122 2152 reser-

536 2198 646 2243 vat.
675 2187 735 2244 Et
749 2191 874 2259 quia
904 2190 1146 2258 quinque
1176 2199 1304 2244 sunt
1327 2204 1521 2243 sensus
1553 2189 1844 2244 exterioris
1878 2189 2121 2245 hominis

535 2281 782 2350 quinque
808 2280 974 2334 millia
1003 2281 1246 2335 virorum
1284 2281 1452 2335 secuti
1487 2280 1780 2335 Dominum
1825 2281 2117 2353 designant

539 2388 632 2428 eos
659 2374 752 2442 qui
790 2373 842 2426 in
895 2373 1096 2427 saeculo
1142 2373 1278 2427 bene
1326 2382 1596 2428 noverunt
1632 2374 1707 2426 uti
1758 2374 2122 2428 exterioribus

537 2481 662 2534 qua:
688 2465 984 2534 possident.
1018 2465 1121 2532 Qui
1155 2474 1299 2520 recte
1321 2465 1566 2536 quinque
1602 2466 1837 2535 panibus
1872 2467 2116 2533 aluntur,

536 2557 666 2628 quia
690 2559 825 2612 tales
857 2573 1080 2613 necesse
1111 2565 1196 2612 est
1229 2557 1439 2613 institui
1473 2557 1740 2628 legalibus
1775 2557 1956 2613 adhuc
1981 2574 2120 2628 prae-

535 2650 730 2720 ceptis.
763 2648 898 2703 Nam
931 2649 1024 2719 qui
1063 2648 1268 2704 mundo
1293 2649 1357 2702 ad
1388 2650 1658 2718 integrum
1690 2649 2028 2714 renuntiant,
2065 2658 2120 2704 et

534 2751 773 2812 quatuor
800 2752 928 2797 sunt
949 2741 1142 2807 millia,
1174 2751 1226 2795 et
1261 2749 1465 2810 septem
1498 2741 1733 2809 panibus
1775 2740 1984 2805 refecti,
2016 2741 2120 2796 hoc

533 2845 703 2892 estet
745 2838 1056 2906 evangelica
1105 2835 1401 2890 refectione
1444 2835 1706 2888 sublimes
1747 2843 1800 2888 et
1850 2834 2118 2904 spirituali

535 2930 708 3000 gratia
735 2929 901 2985 docti.
929 2929 1100 3000 Cujus
1140 2927 1552 3000 significationis
1583 2943 1768 2991 causa,
1801 2942 1926 2980 reor
1953 2929 2006 2980 in
2035 2927 2117 2980 in-

535 3023 700 3078 troitu
734 3023 1068 3078 tabernaculi
1098 3022 1341 3092 quinque
1369 3019 1658 3074 columnas
1687 3019 1979 3073 deauratas
2001 3018 2120 3089 jus-

535 3131 626 3170 sas
653 3115 767 3170 fieri
827 3113 1024 3185 (Exod.
1051 3115 1237 3176 xxxvi)
1261 3131 1274 3179 ;
1300 3120 1426 3167 ante
1454 3111 1735 3166 oraculum
1770 3127 1920 3174 vero,
1950 3111 2002 3165 id
2036 3120 2120 3166 est

536 3199 734 3262 Sancta
775 3215 1088 3262 sanctorum
1140 3214 1395 3276 quatuor,
1427 3204 1555 3275 quia
1599 3203 1984 3272 incipientibus
2023 3219 2118 3274 per
2147 3243 2188 3300 C

533 3301 704 3370 legem
737 3300 1094 3368 castigantur,
1128 3313 1196 3352 ne
1234 3306 1479 3367 peccent,
1507 3295 1730 3366 perfecti
1761 3312 1856 3365 per
1883 3297 2114 3366 gratiam

534 3394 917 3457 admonentur,
947 3399 1006 3444 ut
1033 3388 1145 3443 Deo
1167 3389 1417 3444 devotius
1447 3387 1652 3441 vivant.

609 3504 628 3536 ι
660 3484 736 3538 Illi
768 3499 897 3553 ergo
931 3483 1202 3548 homines,
1232 3493 1356 3536 eum
1409 3480 1677 3534 vidissent
1723 3478 1870 3548 quod
1917 3477 2120 3534 fecerat

535 3577 773 3645 signum,
807 3575 1098 3629 dicebant:
1127 3572 1265 3638 Quia
1315 3571 1404 3626 hic
1435 3580 1519 3626 est
1569 3587 1692 3626 vere
1720 3570 1989 3641 Propheta
2021 3572 2115 3643 qui

532 3676 798 3722 venturus
827 3676 910 3720 est
941 3665 994 3718 in
1028 3663 1315 3718 mundum.
1359 3661 1524 3717 Jcsus
1551 3679 1702 3733 ergo,
1752 3679 1878 3716 cum
1908 3679 2116 3734 cogno-

533 3756 718 3820 visset,
747 3755 874 3824 quia
897 3753 1109 3807 venturi
1133 3762 1315 3808 essent
1340 3761 1398 3807 ut
1428 3761 1684 3822 raperent
1713 3769 1860 3819 eum,
1889 3763 1943 3808 et
1964 3753 2114 3808 face-

537 3855 660 3902 rent
710 3863 835 3902 eum
871 3862 1072 3916 regem,
1127 3844 1281 3915 fugit.
1317 3865 1335 3896 ι
1381 3845 1544 3898 ﬂecte
1573 3854 1861 3900 senserunt
1903 3855 2114 3900 tantum

532 3940 852 4010 prephetam
908 3955 1004 4009 per
1030 3938 1220 3993 salutis
1267 3938 1531 4008 praeconia
1565 3947 1856 3992 venturum
1905 3956 2026 3994 esse
2059 3940 2112 3994 in

533 4031 820 4097 mundum,
855 4029 905 4084 id
931 4039 1013 4085 est
1035 4029 1100 4084 ad
1131 4045 1480 4084 communem
1527 4029 1810 4085 hominum
1844 4032 2112 4102 cognitio-

533 4142 677 4181 nem.
710 4124 968 4196 Discipuli
997 4133 1050 4178 ct
1074 4125 1244 4178 turbae
1273 4125 1553 4179 credentes
1587 4125 1638 4178 in
1672 4125 1984 4193 Dominum,
2013 4145 2113 4198 pu-

531 4217 1041 4272 taveruntillumsic
1065 4217 1297 4282 venisse,
1331 4227 1389 4270 ut
1428 4218 1544 4286 jam
1590 4228 1859 4287 regnaret,
1906 4229 1959 4274 et
2008 4221 2112 4276 hoc

531 4318 618 4364 est
642 4310 774 4364 velle
803 4325 990 4379 rapere
1020 4317 1073 4362 et
1109 4324 1286 4379 regem
1315 4307 1513 4374 facere,
1549 4312 1846 4379 przcvcnire
1900 4321 2112 4382 tempus

529 4399 652 4472 ejus
676 4400 818 4470 quod
871 4400 985 4470 ipse
1009 4399 1149 4468 apud
1199 4415 1258 4454 se
1305 4399 1614 4454 occultabat
1641 4418 1812 4472 usque
1847 4403 1899 4456 in
1947 4405 2108 4458 finem

531 4494 733 4549 seculi.
765 4491 918 4548 Unde
965 4493 1097 4546 illud
1126 4511 1140 4547 :
1177 4511 1194 4542 ι
1227 4490 1347 4546 Non
1381 4501 1465 4546 est
1512 4502 1750 4547 vestrum
1777 4509 1937 4549 nosse
1973 4504 2110 4548 tem-

2233 622 2450 686 cecidit,
2483 631 2535 676 et
2566 621 2730 690 piscis
2768 620 2954 675 exivit.
3009 619 3185 688 Cujus
3221 619 3420 674 deinde
3470 635 3623 689 quam
3659 638 3762 693 pura

2233 723 2289 770 ct
2335 713 2594 768 inviolata
2629 714 2928 778 successio,
2960 713 3144 767 nullus
3193 711 3347 766 alteri
3380 711 3473 766 sed
3503 715 3664 780 generi
3688 733 3764 773 suo

2233 806 2498 860 miscetur
2524 803 2817 872 tlivmallus
2842 803 3122 874 thytnallo,
3158 801 3319 872 lupus
3345 802 3496 872 lupo.
3525 801 3764 874 Scorpzeua

2231 910 2451 964 quoque
2491 897 2793 949 castitatem
2832 893 3164 948 immaculati
3217 892 3474 946 connubii
3501 895 3664 962 generi
3687 913 3763 952 suo

2231 996 2431 1042 servat.
2489 986 2676 1058 Itaque
2728 987 2888 1041 habet
2941 986 3257 1056 pudicitiam
3309 984 3524 1064 generis
3560 985 3655 1051 sui,
3689 991 3761 1044 sed

2230 1093 2499 1134 venenum
2529 1079 2744 1152 generis
2776 1079 2862 1133 sui
2903 1095 3010 1133 non
3041 1078 3223 1132 habet.
3257 1074 3377 1131 Non
3403 1077 3548 1130 enim
3575 1082 3762 1147 percutit

2230 1189 2531 1243 seei-prensi,
2565 1173 2658 1228 sed
2687 1172 2880 1228 reficit.

2303 1267 2380 1321 De
2404 1283 2577 1321 scaro.
2621 1265 2824 1321 Scarus
2848 1266 2990 1320 inter
3035 1265 3212 1336 pisces
3239 1263 3518 1319 ruminare
3561 1267 3763 1335 perbibe-

2231 1368 2337 1422 tur,
2373 1367 2432 1414 ut
2473 1359 2655 1414 ferunt
2686 1356 2886 1428 quibus
2912 1366 3008 1412 aut
3033 1367 3260 1413 eventus
3287 1366 3386 1411 aut
3412 1373 3542 1412 usus
3569 1357 3674 1422 fuit,
3693 1373 3761 1417 aut

2229 1454 2468 1509 studium
2504 1453 2630 1507 talia
2671 1452 3153 1522 comprehendere.
3203 1452 3348 1507 Sane
3374 1465 3473 1506 nec
3503 1453 3600 1522 ipsi
3624 1470 3648 1508 a
3674 1457 3762 1511 suis

2226 1547 2480 1617 potentia:
2523 1562 2746 1601 evasere
2785 1545 3122 1612 violentiam,
3171 1555 3226 1600 et
3268 1545 3510 1600 avaritia:
3542 1550 3760 1616 potentio-

2227 1656 2350 1694 rum
2379 1639 2630 1709 subjecti,
2661 1639 2862 1710 ubique
2895 1638 3180 1694 inferiores
3208 1648 3358 1694 sunt.
3393 1637 3624 1708 Quisque
3647 1640 3762 1693 infir-

2227 1733 2386 1791 mior,
2419 1748 2484 1787 eo
2535 1732 2730 1802 praeda:
2786 1740 2952 1802 patet.
2987 1731 3052 1786 Et
3093 1731 3339 1801 plerique
3384 1731 3594 1802 quidem
3621 1732 3760 1788 herbis

2225 1832 2541 1892 pascuntur,
2585 1838 2650 1878 ac
2703 1823 2930 1878 minutis
2971 1823 3272 1878 vermibus.
3328 1820 3467 1875 Sunt
3509 1833 3669 1876 tamen
3691 1825 3760 1894 qui

2225 1916 2454 1970 invicem
2487 1933 2544 1971 se
2573 1917 2856 1983 devorant,
2886 1926 2939 1970 et
2961 1931 3063 1970 sua
3090 1931 3256 1970 carne
3288 1924 3604 1986 pascuntur.
3623 1915 3758 1982 Minor

2223 2007 2366 2077 apud
2403 2007 2524 2062 illos
2547 2022 2670 2062 esca
2704 2007 2926 2078 majoris
2956 2015 3057 2070 est,
3085 2021 3280 2061 rursus
3309 2005 3429 2076 ipse
3459 2007 3621 2075 major
3642 2023 3758 2061 ava-

2223 2096 2417 2153 lidiore
2490 2097 2790 2165 invaditur,
2847 2107 2902 2152 et
2971 2097 3031 2152 tit
3065 2113 3190 2152 esca
3237 2097 3481 2163 alterius,
3541 2101 3759 2168 pradator

2223 2189 2410 2243 alieni.
2443 2188 2634 2260 Itaque
2666 2206 2766 2244 usu
2799 2190 2948 2246 venit
2977 2198 3056 2258 ut,
3091 2206 3216 2245 cum
3249 2190 3369 2261 ipse
3394 2190 3550 2244 alium
3573 2191 3757 2245 devora-

2221 2279 2380 2346 verit,
2404 2280 2472 2333 ab
2499 2281 2606 2334 alio
2627 2279 2937 2347 devoretur,
2964 2281 3093 2334 etin
3119 2297 3291 2334 unum
3316 2291 3546 2336 ventrem
3569 2291 3750 2351 uterque

2221 2371 2403 2425 veniat
2429 2387 2554 2426 cum
2600 2385 2857 2427 voratore
2906 2372 3128 2442 proprio
3177 2373 3490 2437 devoratus,
3525 2371 3671 2442 fitque
3692 2371 3754 2426 si-

2223 2462 2422 2516 militer
2474 2463 2527 2516 in
2561 2479 2672 2518 uno
2717 2464 2924 2519 viscere
2961 2464 3154 2534 przeda:
3183 2465 3541 2542 vindictaeque
3575 2481 3758 2519 censor

2221 2556 2379 2610 tium.
2412 2554 2479 2610 Et
2520 2556 2653 2626 ipsis
2702 2567 2888 2626 postea
2917 2566 3106 2626 sponte
3157 2557 3277 2610 haec
3307 2557 3542 2612 accrevit.
3581 2556 3758 2626 injuria,

2223 2648 2364 2701 sicut
2389 2648 2443 2701 in
2473 2649 2631 2704 nobis
2661 2665 2768 2702 non
2802 2665 2868 2703 ex
2900 2658 3094 2703 natura
3123 2649 3311 2718 cmpit,
3339 2650 3433 2704 sed
3459 2665 3522 2703 ex
3556 2650 3758 2714 avaritia,

2221 2749 2336 2805 aut,
2365 2741 2492 2810 quia
2522 2741 2590 2795 ad
2619 2757 2779 2796 usum
2811 2741 3098 2796 hominum
3130 2743 3243 2796 dati
3302 2751 3451 2808 sunt,
3487 2742 3546 2795 in
3583 2743 3758 2813 signum

2220 2845 2440 2901 quoque
2476 2831 2602 2886 facti
2633 2841 2778 2898 sunt,
2803 2842 2865 2886 ut
2891 2833 2944 2886 in
2978 2833 3063 2887 his
3093 2842 3407 2887 nostrorum
3433 2848 3640 2888 morum
3661 2834 3760 2887 vitia

2222 2924 2557 2986 videremus,
2584 2933 2639 2980 et
2677 2939 3002 2981 caveremus
3047 2927 3319 2996 exempla,
3368 2942 3434 2982 ne
3460 2928 3587 2996 quis
3613 2935 3762 2997 poten-

2222 3014 2328 3068 tior
2368 3015 2680 3070 inferiorem
2712 3015 3008 3080 invaderet,
3040 3018 3272 3072 daturus
3319 3017 3373 3072 in
3411 3033 3467 3072 se
3510 3018 3761 3088 potentiori

2220 3108 2526 3177 exemplum
2567 3108 2803 3177 injuriae.
2839 3107 3026 3179 Itaque
3075 3110 3170 3180 qui
3215 3111 3450 3165 alterum
3505 3111 3652 3176 lzcdit,
3679 3109 3760 3164 sibi

2222 3195 2473 3266 laqueum
2508 3209 2662 3267 parat
2691 3199 2744 3252 in
2777 3214 2938 3268 quem
2971 3199 3085 3268 ipse
3114 3199 3338 3254 incidat.
3375 3199 3440 3254 Et
3477 3210 3531 3254 tu
3557 3201 3700 3270 piscis
3716 3215 3764 3254 es

2223 3289 2316 3359 qui
2355 3289 2562 3344 viscera
2599 3290 2810 3345 invadis
2838 3291 3034 3356 aliena,
3065 3291 3160 3361 qui
3189 3292 3465 3364 demergis
3495 3294 3760 3356 infirmum,

2223 3384 2317 3450 qui
2363 3383 2669 3436 credentem
2725 3385 3072 3454 persequeris
3139 3400 3316 3454 usque
3358 3386 3413 3439 in
3447 3386 3763 3456 profundum.

2221 3472 2366 3529 Cave
2396 3491 2482 3540 ne,
2511 3475 2642 3529 dum
2678 3477 2829 3530 illum
2882 3477 3150 3548 sequeris,
3183 3477 3399 3532 incidas
3441 3479 3543 3548 ipse
3570 3479 3618 3531 in
3642 3477 3765 3530 vali-

2221 3565 2427 3621 diorem
2459 3575 2512 3621 et
2537 3568 2770 3622 deducat
2814 3577 2866 3623 te
2897 3569 2951 3623 in
2997 3570 3202 3624 alienas
3251 3571 3498 3634 insidias,
3541 3572 3630 3640 qui
3658 3581 3771 3625 tuas

2220 3659 2374 3726 vitat,
2426 3660 2684 3730 priusque
2731 3671 2881 3716 tuam
2929 3670 3205 3730 exspectet
3253 3679 3578 3729 aerumnam,
3607 3663 3694 3733 qui
3726 3675 3769 3717 te

2217 3760 2574 3821 persequente
2597 3753 2872 3822 propriam
2903 3751 3315 3810 reformidabat.

2287 3848 2366 3901 De
2393 3858 2524 3904 ceto.
2569 3849 2686 3904 Ceti
2717 3860 2845 3905 sunt
2872 3852 3099 3906 marinae
3127 3851 3342 3907 bellum.
3376 3852 3510 3920 Qua:
3536 3854 3581 3909 si
3609 3866 3772 3924 super-

2217 3948 2405 3994 natant
2455 3940 2710 3996 fluctibus
2759 3941 2827 3996 ad
2876 3957 3028 3996 mare
3077 3943 3288 3998 insulas
3355 3954 3540 4015 putes,
3591 3955 3773 4000 montes

2216 4030 2510 4086 altissimos
2559 4034 2789 4088 summis
2835 4033 2902 4088 ad
2931 4034 3130 4088 omium
3185 4035 3493 4092 verticibus
3540 4036 3769 4090 eminere.

2215 4120 2347 4188 Qua:
2376 4137 2483 4176 non
2513 4124 2567 4177 in
2595 4133 2712 4179 acta
2754 4141 2855 4180 nec
2899 4125 2953 4180 in
2987 4126 3290 4189 littoribus.
3321 4129 3418 4182 sed
3465 4127 3519 4182 in
3551 4125 3772 4182 Atlantiti

2213 4213 2382 4269 maris
2411 4214 2683 4284 profundo
2707 4216 2964 4272 dicuntur
2989 4218 3180 4285 videri,
3207 4228 3266 4273 ut
3291 4236 3488 4275 eorum
3512 4227 3773 4290 conspectu

2213 4316 2391 4362 nauta:
2414 4324 2443 4361 a
2469 4309 2756 4378 navigandi
2787 4310 2842 4364 in
2885 4311 2993 4365 illis
3021 4311 3157 4366 locis
3191 4314 3625 4384 praesumptione
3647 4327 3778 4368 revo—

2212 4408 2541 4468 centur,uec
2565 4410 2774 4456 secreta
2790 4403 3182 4458 elementorum
3213 4404 3365 4460 adire
3391 4407 3518 4461 sine
3541 4418 3775 4476 supremze

2210 4501 2418 4548 terrore
2464 4494 2657 4548 mortis
2703 4505 2986 4566 usurpent.
3057 4495 3426 4568 Physiologus
3488 4508 3661 4554 autem
3721 4497 3780 4550 de

530 4599 660 4654 pora
693 4585 776 4638 vel
809 4594 1080 4638 momenta
1129 4585 1270 4652 (Act.
1305 4585 1364 4654 ι).
1397 4603 1416 4635 ›
1453 4583 1690 4654 Fugiens
1718 4595 1896 4640 autem
1947 4587 2105 4641 nobis
2140 4594 2181 4647 D
2211 4597 2328 4641 ceto
2356 4586 2518 4653 dicit;
2567 4588 2850 4658 quoniam,
2871 4589 2916 4644 si
2935 4598 3113 4644 tamen
3141 4592 3402 4659 creditur,
3427 4593 3782 4648 duasnaturas

530 4677 837 4748 exemplum
898 4676 1240 4741 monstravit,
1297 4684 1357 4730 ut
1400 4675 1455 4728 in
1530 4675 1690 4730 bonis
1733 4692 1855 4746 qua).
1897 4677 2109 4747 agimus

530 4769 755 4824 humani
807 4768 1010 4824 favoris
1060 4768 1474 4822 retributionem
1521 4767 1777 4831 vitemus,
1837 4769 2111 4840 simulque

528 4860 772 4916 insinuat
800 4861 944 4932 quod
981 4861 1216 4914 altitudo
1246 4877 1344 4916 sua
1375 4877 1482 4913 non
1511 4869 1688 4931 potest
1721 4859 1965 4932 intelligi.

936 4950 1072 5006 Item
1095 4953 1337 5016 quredam
1359 4953 1423 5004 de
1443 4951 1694 5022 piscibus.

598 5041 882 5108 Quomodo
905 5044 970 5099 de
991 5046 1233 5115 quinque
1255 5046 1488 5116 panibus
1514 5046 1840 5116 cvangelicis
1862 5048 2107 5118 quaedam

529 5133 817 5203 allegorice
846 5136 1264 5204 perstrinximus
1314 5136 1440 5190 libet
1479 5151 1698 5206 quoque
1731 5136 1911 5208 aliqua
1955 5153 2108 5192 com-

529 5244 835 5282 memorare
895 5229 962 5284 de
1021 5230 1285 5298 piscibus,
1349 5245 1476 5283 cum
1546 5230 1736 5286 beatus
1785 5231 2109 5286 Ambrosius

529 5323 604 5384 (in
625 5320 1155 5390 Ileraemeron)dicit
1177 5323 1387 5376 diversa
1407 5338 1602 5392 genera
1616 5323 1846 5392 piscium
1865 5325 2110 5380 diversos

527 5429 662 5470 usus
713 5415 929 5470 habere.
982 5415 1087 5468 Alii
1126 5415 1271 5469 enim
1338 5431 1439 5469 ova
1480 5426 1772 5483 generant,
1819 5417 1909 5471 alii
1959 5418 2109 5474 vivos

523 5511 765 5581 pariunt,
796 5519 958 5579 atque
990 5509 1274 5575 formatos,
1308 5519 1362 5564 et
1405 5511 1496 5580 qui
1543 5526 1644 5566 ova
1687 5521 1966 5582 generant,
1999 5528 2108 5567 non

525 5597 688 5654 nidos
719 5609 928 5667 texunt,
980 5610 1037 5654 ut
1065 5616 1214 5668 aves,
1245 5617 1352 5656 non
1384 5601 1630 5658 diuturni
1681 5603 1828 5658 fetus
1868 5605 2106 5660 laborem

526 5687 782 5756 induunt,
837 5707 943 5745 non
985 5707 1109 5746 cum
1156 5692 1402 5748 molestia
1451 5695 1535 5749 sui
1584 5695 1852 5749 nutriunt.
1899 5695 2109 5750 Cecidit

527 5795 695 5838 ovum
725 5783 870 5852 quod
898 5799 1036 5854 aqua
1069 5785 1275 5854 gremio
1299 5787 1534 5855 quodam
1575 5797 1782 5840 naturae
1813 5802 1925 5842 sua:
1951 5787 2107 5856 quasi

531 5876 716 5932 nutrix
746 5875 942 5931 blanda
979 5877 1237 5944 suscepit,
1263 5889 1317 5934 et
1345 5879 1546 5934 animal
1577 5879 1736 5934 celeri
1779 5880 1890 5934 fotu
1923 5879 2106 5935 reddi-

2212 4677 2390 4732 babet.
2423 4677 2606 4733 Prima
2656 4689 2759 4746 est,
2805 4681 2850 4736 si
2895 4681 3170 4748 esuricrit,
3204 4684 3384 4752 aperit
3430 4701 3499 4740 os
3526 4691 3785 4752 suum;et

2213 4769 2488 4824 maximus
2531 4771 2666 4824 odor
2689 4780 2742 4824 et
2785 4772 2968 4826 suavis
3018 4773 3130 4826 exit
3179 4788 3245 4826 ex
3282 4789 3381 4828 ore
3408 4775 3559 4844 ejus,
3619 4775 3687 4830 ita
3732 4781 3781 4826 ut

2213 4861 2455 4916 minores
2494 4853 2672 4932 pisces
2694 4863 3070 4932 jucundeutur
3102 4865 3222 4934 ejus
3253 4869 3558 4935 suavitate,
3591 4877 3646 4924 et
3673 4883 3785 4922 con-

2211 4964 2504 5024 gregentur
2548 4971 2740 5010 omnes
2795 4955 2849 5009 in
2915 4971 3011 5010 ore
3055 4956 3195 5027 ejus,
3226 4965 3301 5020 et,
3345 4975 3477 5014 cum
3524 4960 3784 5031 impletum

2211 5045 2375 5100 fuerit
2400 5063 2463 5102 os
2487 5047 2626 5116 ejus,
2660 5048 2864 5102 claudit
2892 5062 2955 5104 os
2983 5046 3172 5119 piscis,
3197 5059 3252 5104 et
3281 5051 3446 5121 glutit
3475 5068 3600 5107 eos.
3629 5048 3788 5120 “agni

2209 5151 2388 5194 autem
2421 5140 2598 5210 pisces
2623 5149 2675 5194 et
2696 5139 2918 5210 perfecti
2965 5157 3076 5196 non
3126 5145 3582 5215 apprOpinquant
3612 5145 3785 5199 saltem

2210 5231 2290 5284 ori
2322 5234 2460 5299 ejus.
2491 5231 2740 5286 Secunda
2773 5248 2900 5288 vero
2928 5243 3124 5288 natura
3153 5244 3236 5289 est
3259 5235 3403 5305 ejus,
3443 5246 3510 5291 ut
3542 5237 3784 5292 exhibeat

2210 5342 2268 5378 se
2295 5325 2346 5378 in
2377 5324 2598 5378 modum
2626 5325 2836 5380 insulae.
2870 5324 3195 5398 Navigantes
3228 5339 3410 5384 autem
3448 5333 3794 5402 suspicantur

2211 5417 2444 5470 insulam
2489 5435 2628 5473 esse.
2663 5417 2856 5489 Ligant
2906 5436 3073 5476 naves
3122 5431 3252 5477 suas
3283 5423 3372 5476 ad.
3403 5439 3568 5493 eam,
3603 5433 3657 5480 et
3679 5424 3792 5478 dum

2209 5508 2516 5565 accenderit
2557 5510 2734 5580 ignem
2783 5527 2948 5582 super
2976 5528 3096 5567 eam
3129 5513 3196 5568 ad
3225 5516 3612 5584 coquendum,
3648 5527 3794 5584 atque

2210 5603 2276 5657 ad
2339 5602 2773 5658 calefaciendum
2811 5620 2869 5659 se
2900 5606 3144 5660 sentiens
3168 5606 3348 5676 ignem
3375 5608 3648 5681 dimcrgit
3672 5623 3726 5663 se
3751 5621 3797 5659 an

2209 5695 2539 5766 profundum
2569 5705 2621 5750 et
2653 5698 2818 5752 trahit
2858 5707 2979 5768 post
3013 5715 3072 5753 se
3098 5715 3268 5755 naves
3301 5701 3534 5771 ligatas.
3589 5702 3714 5756 llaec
3741 5703 3797 5752 de

2212 5789 2438 5842 historia
2466 5788 2590 5844 ceti.
2624 5787 2779 5844 Nunc
2801 5791 3316 5862 quoque’jungcnda
3351 5802 3439 5847 est
3465 5794 3799 5866 significatio

2213 5879 2404 5949 ipsius.
2457 5877 2676 5936 Viribus
2723 5891 2808 5936 cst
2861 5880 3094 5938 Zabulus
3144 5883 3301 5953 quasi
3355 5893 3523 5940 cetus
3576 5900 3799 5957 corpore
