3964 6448
209 467 297 523 893

1063 456 1635 515 DEFLORATIONES
1676 459 1776 516 SS.
1817 459 2124 519 PATRUM.
2164 493 2230 501 —-
2270 461 2398 518 LIB.
2440 462 2478 518 1.

3298 459 3408 517 Ϋθθᾶ

202 588 420 649 magnus.
454 567 515 627 Ut
543 577 846 625 monstrant
884 572 1064 641 magni
1095 590 1234 643 quos
1261 574 1387 631 facit
1437 577 1525 633 ille
1557 579 1721 649 magi.
1755 591 1801 646 Α
1829 590 2039 644 noceat,
2072 581 2199 635 dum
2229 582 2445 652 gravior
2475 580 2543 637 sit
2580 590 2632 636 et
2664 582 2836 652 magis
2866 583 3026 637 noxia
3061 584 3402 653 improbitas,

204 673 376 727 ﬂentes
399 671 704 723 cunctorum
731 677 853 731 qua:
875 673 1001 718 sunt
1026 666 1223 736 ubique
1253 668 1516 724 virorum.
1542 669 1725 729 Esurit

205 773 339 832 atque
378 756 501 820 sitit,
541 768 782 823 quosque
839 763 1018 824 potest
1055 758 1290 827 perimit.
1346 758 1450 813 Sed
1483 762 1725 821 modicos

201 855 303 911 fidei
335 849 486 906 trahit
541 846 594 899 in
620 846 902 901 dulcedine
942 849 1113 915 verbi,
1164 866 1400 921 namque
1462 854 1566 910 fide
1632 856 1724 910 lir-

196 962 298 1002 mos
322 957 419 998 non
461 937 617 993 trahit
643 938 733 994 ille
759 940 925 995 viros.
961 941 1015 995 In
1061 958 1170 1012 quo
1196 945 1447 1014 quisquis
1468 946 1718 1015 confidit;

193 1038 264 1094 vel
285 1034 443 1106 specie
463 1040 659 1087 certam
690 1031 791 1087 sibi
814 1033 996 1088 mittit.
1027 1033 1108 1089 Ad
1142 1037 1324 1109 stygia
1363 1046 1492 1093 tunc
1515 1041 1723 1111 rapitur

193 1148 328 1206 quam
354 1129 482 1185 male
509 1127 793 1196 decipitur.

246 1222 317 1278 De
358 1235 561 1274 murena
606 1227 655 1271 et
706 1219 901 1288 vipera.
964 1217 1128 1290 Viper
1188 1228 1273 1276 est
1322 1220 1719 1291 nequissimum

189 1329 333 1388 genus
375 1310 553 1367 bestize
601 1319 652 1364 et
699 1327 862 1380 super
888 1326 1050 1365 omne
1111 1314 1259 1382 quod
1304 1315 1600 1384 serpentini
1629 1331 1721 1386 ge-

186 1406 309 1463 neris
322 1410 393 1457 est
410 1401 653 1465 astutior,
674 1401 765 1455 ubi
790 1401 1021 1457 coeundi
1045 1403 1392 1473 cupiditatem
1416 1420 1722 1476 assumpse-

186 1498 451 1552 ritmureua
468 1494 759 1561 maritima,
782 1505 963 1549 notam
991 1494 1093 1550 sibi
1112 1498 1333 1567 requirit
1357 1499 1606 1568 copulam
1635 1499 1719 1553 vel

185 1604 350 1645 novant
404 1596 659 1656 pta'parat
691 1627 707 1652 ,
780 1602 1179 1658 progressaque
1236 1589 1302 1644 ad
1363 1590 1514 1647 littus
1558 1591 1718 1647 sibilo

183 1681 432 1735 testificata
459 1677 804 1747 praesentiam
831 1679 916 1733 sui
944 1678 1011 1733 ad
1038 1679 1379 1750 conjugalem
1406 1681 1715 1751 amplexum

182 1772 304 1826 illam
332 1781 526 1823 evocat.
583 1767 808 1822 Murena
848 1781 1031 1824 autem
1068 1771 1292 1826 invitata
1320 1788 1428 1827 non
1455 1774 1626 1841 deest,
1661 1784 1716 1830 et

178 1871 418 1920 venenata:
447 1862 683 1930 serpenti
707 1862 973 1932 expetitos
1001 1879 1134 1918 usus
1159 1879 1272 1919 sua:
1301 1865 1544 1935 impartit
1581 1881 1713 1922 con-

1825 670 2175 739 benignitatis
2209 672 2532 727 obumbrata
2576 670 2861 729 velamine.
2916 672 2981 729 Et
3004 675 3125 730 ideo
3174 677 3420 757 cavendil

1825 772 1955 817 sunt
1981 780 2102 833 qua:
2132 763 2311 819 crines
2358 780 2470 819 sua:
2507 763 2714 819 fraudis
2744 774 2797 820 et
2836 766 3059 822 brachia
3092 767 3248 839 longe
3272 766 3417 845 lateﬁ

1825 870 1933 923 que
1962 854 2304 926 dispergunt,
2326 855 2411 910 vel
2456 855 2691 926 speciem
2724 855 2955 912 induunt
2984 857 3397 914 multiformem.

1824 942 1890 998 Et
1918 944 2005 999 isti
2036 946 2183 999 enim
2218 946 2401 1017 polypi
2432 957 2562 1001 sunt
2609 963 2784 1002 nexus
2832 948 3098 1017 plurimos
3137 950 3400 1006 habentes

1821 1046 1875 1091 et
1902 1036 2221 1092 callidorum
2266 1038 2608 1109 ingeniorum
2637 1038 2887 1109 vestigia,
2929 1041 3130 1110 quibus
3187 1042 3399 1096 irretire

1821 1137 2053 1198 possunt
2102 1129 2366 1201 quidquid
2426 1130 2480 1184 in
2530 1130 2785 1201 scopulos
2840 1147 2953 1186 sua:
2999 1131 3206 1187 fraudis
3255 1134 3400 1188 inci-

1821 1220 1980 1276 derit.

1892 1312 1969 1366 De
2009 1329 2221 1368 cancro.
2269 1313 2512 1369 Cancros
2546 1314 2730 1369 vocari
2758 1314 2917 1379 quasi
2962 1317 3204 1381 conchae,
3235 1332 3398 1370 crura

1820 1404 2102 1471 habentes,
2149 1405 2368 1460 inimica
2412 1405 2609 1461 ostreis
2657 1406 2949 1471 animalia;
3005 1420 3200 1460 eorum
3246 1406 3396 1461 enim

1819 1496 2077 1551 carnibus
2122 1496 2311 1551 vivunt
2375 1498 2516 1552 miro
2581 1497 2818 1568 ingenio.
2879 1497 3126 1569 Namque
3162 1500 3395 1554 validam

1819 1596 2012 1642 testam
2046 1588 2167 1657 ejus
2226 1589 2440 1659 aperire
2495 1606 2606 1645 non
2658 1599 2857 1661 potest,
2902 1592 3148 1662 explorat
3177 1594 3400 1662 quando

1817 1689 1998 1735 ostrea
2029 1681 2273 1736 claustra
2316 1690 2579 1737 testarum
2632 1684 2863 1754 aperiat,
2912 1693 3044 1741 tunc
3095 1687 3399 1741 canccrla-

1816 1779 1992 1826 tenter
2044 1771 2259 1842 lapillos
2306 1772 2504 1842 injicit,
2559 1782 2724 1844 atque
2750 1776 3005 1845 impedita
3044 1778 3401 1833 conclusione

1816 1871 2008 1917 ostreae
2031 1847 2239 1919 carnes.
2260 1865 2457 1919 erodit.
2514 1863 2759 1921 Tradunt
2796 1867 3017 1937 quidam
3063 1869 3247 1924 decem
3273 1886 3401 1924 can-

171 1953 454 2026 junctionis.
496 1951 637 2019 Quid
693 1953 797 2009 sibi
846 1953 960 2008 vult
1030 1969 1213 2009 sermo
1264 1955 1579 2026 hujusmodi
1611 1958 1716 2013 nisi
1753 1948 1926 2009 Bcris
1965 1970 2087 2009 cum
2116 1955 2280 2010 ocimi
2319 1957 2597 2027 manipulo
2650 1957 2884 2029 alligatis
2932 1975 3124 2015 omnes
3178 1961 3271 2031 qui
3319 1960 3394 2015 ibi

174 2045 392 2101 ferendos
430 2059 549 2098 esse
592 2060 773 2100 mores
810 2045 1143 2116 conjugum?
1181 2055 1234 2102 et
1270 2048 1317 2103 si
1366 2048 1567 2105 absens
1604 2058 1714 2118 est,

173 2138 272 2209 ejus
300 2135 670 2206 opperiendam
694 2137 1059 2206 praesentiam,
1088 2139 1210 2194 licet
1228 2140 1299 2196 sit
1326 2156 1507 2211 asper,
1533 2142 1714 2210 fallax,

172 2232 465 2295 inconditus,
485 2230 751 2297 lubricus,
779 2230 1126 2286 temulentus.
1144 2231 1283 2296 Quid
1309 2233 1463 2303 pejus
1486 2250 1714 2303 veneno,

171 2324 368 2395 quodin
397 2323 631 2393 conjuge
675 2339 900 2377 murena
953 2339 1060 2378 non
1094 2324 1326 2397 refugit?
1361 2323 1564 2380 Vocata
1608 2342 1717 2381 non

168 2417 310 2477 deest,
335 2424 386 2469 et
423 2415 699 2484 serpentis
726 2415 997 2471 lubricum
1031 2417 1221 2472 sedula
1269 2416 1536 2473 charitate
1561 2434 1715 2473 com-

170 2507 403 2576 plectitur.
437 2504 528 2560 llle
576 2515 673 2560 tua
706 2507 848 2561 mala
894 2515 1093 2576 portat,
1118 2517 1170 2562 et
1199 2508 1435 2564 levitatis
1464 2507 1717 2565 feminea:

166 2599 463 2665 facilitatem,
498 2606 554 2653 tu
580 2599 765 2654 virum
794 2610 946 2654 tuum
975 2615 1081 2654 non
1101 2609 1275 2670 potes,
1304 2601 1518 2665 mulier,
1550 2601 1719 2657 susti-

167 2706 293 2745 nere.
318 2689 476 2745 Adam
512 2705 611 2760 per
641 2689 807 2745 Evam
846 2690 1104 2761 deceptus
1136 2701 1220 2747 est
1260 2691 1413 2764 (Gen.
1449 2692 1554 2761 ιιι),
1604 2710 1712 2748 ιιυιι

164 2781 259 2837 Eva
295 2798 377 2853 per
422 2781 626 2837 Adam.
687 2782 859 2849 Quem
905 2783 1119 2838 vocavit
1166 2784 1233 2839 ad
1279 2784 1492 2853 culpam
1522 2783 1715 2838 mulier

160 2872 338 2942 justum
379 2884 459 2930 est
488 2884 548 2929 ut
579 2890 709 2929 eum
761 2875 1175 2945 gubernatorem
1208 2883 1478 2940 assumat,
1512 2891 1581 2931 ne
1615 2875 1714 2931 ite-

164 2983 266 3021 rum
294 2966 521 3024 feminea
562 2966 830 3022 facilitate
854 2967 1086 3022 labatur.
1130 2965 1235 3023 Sed
1264 2968 1521 3024 horridus
1547 2976 1601 3022 et
1631 2968 1715 3023 in-

162 3060 314 3115 cultus
356 3069 452 3116 est.
492 3059 602 3116 Sed
658 3061 825 3115 semel
870 3060 1073 3131 placuit
1102 3078 1116 3115 :
1144 3059 1418 3131 Numquid
1475 3061 1560 3116 vir
1605 3060 1713 3117 fre-

157 3158 355 3219 quenter
398 3159 481 3206 est
510 3151 801 3221 eligendus
825 3150 848 3204 ἲ
873 3149 1194 3220 Comparem
1224 3167 1385 3207 suum
1416 3161 1471 3207 et
1498 3151 1598 3207 bos
1626 3168 1714 3208 re-

160 3242 320 3311 quirit,
362 3253 414 3298 et
440 3259 623 3313 equus
652 3244 848 3314 diligit,
882 3254 935 3300 et
961 3246 1005 3299 si
1040 3255 1279 3300 mutetur
1307 3246 1469 3313 alius,
1496 3246 1711 3302 trahere

154 3331 319 3403 jugum
344 3333 516 3390 nescit
548 3355 562 3389 :
599 3350 829 3404 compar
851 3335 1072 3390 alterius
1094 3335 1176 3390 vel
1203 3336 1268 3390 ad
1299 3352 1356 3392 se
1386 3352 1496 3391 non
1528 3346 1702 3391 tutum

159 3433 307 3494 putat,
353 3435 407 3480 tu
452 3427 704 3497 jugalem
756 3427 1011 3496 repudias
1068 3438 1244 3495 tuum,
1278 3437 1331 3483 et
1387 3438 1548 3500 putas
1592 3446 1714 3485 esse

156 3518 468 3586 mutandum,
501 3529 559 3574 et
595 3518 647 3575 si
680 3534 791 3572 uno
819 3518 1019 3574 deserit
1048 3520 1154 3586 die,
1183 3520 1482 3590 suspicaris
1516 3522 1712 3577 ruina-

156 3609 260 3677 lem,
287 3621 337 3666 et
367 3613 555 3666 statim
605 3612 883 3680 incognita
913 3628 1079 3667 causa
1109 3613 1267 3683 quasi
1308 3614 1581 3686 cognitam
1615 3631 1714 3685 pu-

152 3698 277 3756 doris
311 3702 639 3774 exsequeris
670 3701 945 3771 injuriam.
997 3702 1189 3774 Vipera
1225 3705 1504 3760 absentem
1535 3706 1715 3775 requi-

150 3794 227 3860 rit,
250 3797 526 3852 absentem
564 3805 821 3862 vocat,et
864 3798 1064 3851 blando
1088 3797 1387 3868 proclamat
1416 3798 1595 3863 sibilo,
1633 3806 1716 3851 at-

152 3901 242 3960 que
279 3890 361 3943 ubi
418 3891 730 3946 adventare
778 3906 1088 3960 comparem
1143 3892 1399 3955 senserit,
1446 3906 1714 3944 venenum

147 3982 342 4045 evomit,
374 3982 752 4036 reverentiam
792 3981 988 4034 marito
1047 3979 1296 4037 deferens
1353 3981 1714 4034 verecundata

149 4072 418 4139 nuptialem
457 4072 727 4143 gratiam,
760 4081 817 4127 tu
853 4073 1067 4139 mulier,
1095 4072 1472 4127 advenientem
1505 4072 1571 4126 de
1592 4072 1708 4126 lon-

146 4162 324 4232 ginquo
353 4167 649 4231 maritum,
694 4165 1039 4220 contumeliis
1070 4165 1305 4235 repellis.

202 4254 273 4309 De
307 4258 528 4328 polypo.
569 4257 814 4331 Polypus
851 4258 1036 4327 piscis,
1072 4258 1124 4313 id
1153 4267 1237 4313 est
1273 4257 1564 4327 multipes:
1598 4256 1718 4326 plu-

146 4348 292 4404 rimus
340 4353 493 4405 enim
558 4367 740 4406 nexus
788 4351 965 4404 habet.
1002 4349 1104 4404 Iste
1133 4349 1445 4421 ingeniosus
1496 4348 1718 4402 hamum

145 4452 405 4509 appetens,
455 4444 750 4498 brancbiis
784 4442 1185 4512 complectitur,
1223 4457 1331 4497 non
1357 4457 1542 4496 morsu
1574 4460 1586 4494 :
1621 4456 1721 4496 nec

142 4536 275 4600 prius
303 4538 539 4592 dimittit
586 4554 754 4607 quam
798 4552 981 4592 escam
1025 4535 1455 4590 circumroserit.
1506 4532 1721 4589 \‘adoso

1816 2054 1946 2099 sunt
1976 2046 2295 2116 scorpiones
2323 2047 2391 2102 ad
2435 2064 2561 2103 eum
2591 2049 2773 2104 locum
2803 2050 3065 2107 coituros.
3097 2051 3238 2106 Sunt
3263 2067 3395 2123 ergo

1815 2134 2068 2192 homines
2096 2137 2190 2208 qui
2234 2139 2417 2193 cancri
2471 2155 2572 2193 usu
2628 2140 2683 2194 in
2725 2139 2916 2195 aliena:
2961 2157 3122 2196 usum
3158 2142 3397 2196 circum-

1816 2228 2129 2298 scriptionis
2158 2229 2417 2300 irrepant,
2438 2237 2491 2284 et
2520 2229 2886 2285 infirmitatem
2917 2232 3152 2303 prOpriae
3180 2233 3395 2290 virtutis

1815 2332 1939 2377 astu
1982 2322 2222 2392 quodam
2266 2322 2602 2389 suﬂulciant,
2654 2321 2809 2377 fratri
2856 2324 3041 2379 dolum
3083 2333 3300 2379 nectant
3341 2336 3397 2381 ct

1815 2413 2042 2468 alterius
2067 2422 2362 2483 pascantur
2402 2429 2669 2468 terumna.
2704 2413 2783 2468 Tu
2810 2425 2990 2470 autem
3018 2417 3253 2486 propriis
3276 2427 3396 2471 esto

1815 2514 2127 2572 contentus,
2166 2515 2220 2561 et
2250 2506 2427 2560 aliena
2451 2516 2503 2561 te
2528 2506 2726 2561 damna
2758 2523 2867 2562 non
2918 2516 3164 2578 pascant.
3209 2508 3397 2564 Bonus

1815 2597 1970 2654 cibus
1999 2607 2083 2653 est
2127 2598 2448 2668 simplicitas
2479 2598 2801 2653 innocentiae
2829 2614 2943 2653 suae
2992 2599 3132 2653 bona
3157 2600 3385 2665 habens,

1813 2690 2060 2746 insidiari
2106 2691 2280 2745 nescit
2323 2690 2537 2756 alienis,
2569 2706 2669 2745 nec
2711 2691 2954 2745 avaritia).
2992 2706 3106 2746 suae
3151 2689 3268 2746 face
3310 2692 3397 2746 in-

1813 2784 2067 2851 ardescit,
2091 2783 2180 2839 cui
2207 2784 2418 2838 lucrum
2450 2798 2611 2839 omne
2640 2783 2707 2838 ad
2736 2782 2998 2838 virtutum
3047 2784 3392 2854 dispendium

1813 2883 1919 2941 est,
1948 2874 2016 2930 ad
2048 2873 2404 2945 cupiditatem
2437 2873 2773 2929 incendium.
2807 2873 2874 2929 Et
2902 2874 3024 2930 ideo
3054 2876 3208 2931 beata
3239 2887 3322 2931 est
3347 2879 3395 2932 si

1812 2966 1955 3021 bona
1991 2981 2091 3021 sua
2119 2965 2329 3020 noverit
2349 2980 2475 3020 cum
2510 2966 2734 3021 veritate
2762 2977 3073 3038 paupertas,
3123 2977 3179 3022 et
3219 2970 3399 3023 enini-

1811 3057 1913 3113 bus
1938 3057 2271 3128 praeferenda
2315 3057 2609 3126 thesauris,
2649 3058 2779 3128 quia
2817 3059 3011 3114 melius
3034 3069 3118 3114 est
3136 3059 3395 3129 exiguum

1811 3166 1937 3207 cum
1972 3150 2067 3205 Dei
2099 3151 2314 3218 timore,
2351 3166 2515 3220 quam
2548 3150 2790 3205 thesauri
2836 3150 3014 3222 magni
3044 3151 3161 3206 sine
3197 3152 3394 3205 timore

1814 3243 1934 3313 ejus
1965 3242 2145 3310 (Prov.
2179 3244 2291 3313 xv).
2346 3241 2573 3297 Utamur
2601 3257 2731 3313 ergo
2783 3242 3003 3314 ingenio
3046 3242 3112 3297 ad
3147 3258 3396 3313 qua2ren-

1813 3334 1937 3387 dam
1965 3332 2190 3403 gratiam
2212 3340 2265 3386 et
2282 3331 2511 3387 salutem
2539 3330 2816 3395 tuendam,
2839 3346 2943 3384 non
2958 3331 3023 3383 ad
3038 3330 3268 3391 alicnam
3288 3332 3398 3387 cir-

1815 3424 2286 3479 cumscribendam
2315 3424 2702 3479 innocentiam.
2736 3420 2887 3475 Licet
2909 3422 3067 3476 nobis
3097 3423 3173 3476 uti
3206 3438 3396 3476 exem-

1814 3516 1917 3586 plis
1942 3514 2230 3571 maritimis
2268 3516 2333 3569 ad
2381 3515 2684 3586 profectum
2715 3522 2915 3568 nostra:
2942 3514 3155 3580 salutis,
3187 3530 3296 3569 non
3325 3515 3396 3570 ad

1815 3608 2053 3662 alienum
2085 3607 2407 3677 perieulum.

1888 3697 1963 3752 De
2003 3698 2206 3752 echino.
2262 3696 2505 3753 Echinus
2559 3697 2660 3752 iste
2707 3706 2976 3760 terrenus,
3038 3711 3198 3765 quem
3236 3695 3399 3767 vulgo

1816 3791 2045 3846 ericium
2095 3800 2314 3858 vocant,
2372 3791 2418 3845 si
2468 3790 2598 3860 quid
2650 3790 2972 3846 insidiarum
3044 3790 3396 3860 perscnscrit,

1818 3883 1991 3953 spinis
2022 3885 2139 3939 suis
2174 3885 2467 3949 clauditur,
2498 3884 2737 3952 atquein
2773 3899 2871 3937 sua
2906 3898 2963 3936 se
2990 3883 3194 3953 colligit
3221 3898 3396 3948 arma,

1817 3985 1877 4031 ut
1918 3976 2231 4045 quicunque
2274 3991 2397 4030 eum
2440 3974 2863 4043 contingendum
2912 3975 3185 4042 putaverit
3212 3975 3401 4027 vulne-

1819 4077 1985 4121 retur.
2036 4064 2289 4136 ldemque
2316 4067 2543 4121 echinus
2578 4069 2760 4119 futura
2808 4066 3126 4134 prtevidens,
3148 4066 3398 4134 geminas

1820 4159 1923 4214 sibi
1952 4159 2247 4229 respirandi
2278 4159 2393 4213 vias
2419 4161 2613 4224 munit,
2641 4169 2697 4212 ut
2725 4159 2945 4228 quando
2973 4159 3205 4227 “boream
3242 4158 3398 4212 ﬂatu-

1820 4269 1941 4306 rum
1990 4253 2265 4323 collegerit
2308 4253 2778 4322 septentrionalem
2842 4253 3121 4315 obstruat;
3179 4252 3399 4320 quando

1822 4356 1953 4400 noto
1979 4346 2293 4417 cognoverit
2324 4345 2499 4417 detegi
2525 4346 2668 4401 aeris
2698 4345 2882 4399 nubila
2913 4345 2978 4399 ad
3000 4346 3400 4413 septentriona-

1824 4441 1929 4495 lem
1977 4456 2035 4496 se
2075 4438 2345 4505 conferat,
2374 4447 2433 4493 ut
2479 4437 2638 4492 ﬂatus
2667 4437 2901 4492 declinet
2935 4436 3145 4501 obvios,
3176 4444 3280 4489 ete
3312 4450 3397 4488 rc-

1824 4534 1983 4603 gione
2014 4532 2314 4587 nocituros.
2350 4531 2477 4587 Haec
2499 4532 2565 4586 de
2606 4530 2802 4585 echino
2832 4540 3067 4583 terreno.
3101 4526 3177 4582 De
3204 4526 3401 4581 echino

142 4636 303 4681 autem
330 4628 386 4683 in
439 4630 635 4683 littore
666 4638 873 4698 petram
925 4636 1118 4682 nactus
1163 4625 1396 4696 adigitur
1443 4625 1527 4691 ei;
1559 4634 1722 4694 atque
1755 4641 1798 4694 ι)
1827 4633 2006 4677 autem
2038 4623 2252 4677 marino
2281 4622 2481 4677 dicitur
2508 4621 2651 4691 quod
2677 4622 2749 4676 sit
2778 4620 2980 4675 animal
3006 4617 3403 4690 exiguum,vile

139 4720 386 4776 nebuloso
435 4722 674 4793 ingenio
726 4721 966 4776 colorem
1018 4720 1185 4787 subit,
1230 4727 1284 4775 et
1331 4720 1497 4776 simili
1541 4721 1724 4790 specie

141 4818 269 4881 terga
300 4813 539 4869 obtutus
569 4814 841 4884 plurimos
866 4813 1096 4882 piscium
1124 4813 1242 4867 sine
1275 4811 1383 4866 ulla
1413 4812 1725 4883 suspicione

136 4902 329 4961 fraudis
357 4909 642 4978 allapsos,
675 4908 803 4960 dum
837 4922 944 4960 non
973 4913 1276 4975 prtecavenl.
1300 4915 1355 4960 et
1384 4920 1576 4960 saxum
1605 4906 1725 4976 opi-

136 5005 342 5062 nantur,
389 4999 635 5054 casibus
664 4997 877 5051 furtivae
902 4997 1035 5051 artis
1067 4996 1316 5063 includit,
1340 5006 1393 5052 et
1431 4997 1554 5053 sinu
1588 5015 1725 5068 quo-

132 5086 245 5141 dam
296 5107 414 5146 sum
475 5091 676 5147 carnis
752 5089 1048 5159 intercipit.
1083 5087 1173 5143 Sic
1227 5098 1526 5158 spontanea
1580 5090 1724 5144 venit

134 5183 329 5247 pranla,
365 5195 422 5238 et
456 5184 679 5238 talibus
722 5182 936 5251 capitur
966 5182 1304 5253 argumentis
1337 5198 1349 5233 :
1388 5182 1571 5251 qualia
1600 5191 1725 5236 sunt

129 5290 309 5331 eorum
339 5279 440 5349 qui
471 5276 767 5349 ingenium
798 5293 957 5332 suum
1002 5292 1143 5345 saepe
1178 5283 1538 5340 commutant,
1568 5284 1622 5329 et
1643 5276 1726 5329 di—

128 5378 305 5424 versas
335 5369 589 5425 nocendi
621 5378 765 5424 artes
796 5378 1034 5432 movent,
1069 5377 1129 5423 ut
1157 5366 1492 5436 singulorum
1520 5376 1725 5420 mentes

124 5472 433 5533 sensusque
489 5471 826 5533 pertentent,
896 5477 1020 5516 cum
1096 5458 1500 5515 continentibus
1555 5457 1727 5512 conti-

125 5556 364 5609 nentiam
393 5557 796 5626 praedicantes,
825 5556 879 5610 in
907 5556 1050 5610 coitu
1084 5551 1560 5622 intemperantium
1603 5562 1726 5605 tan—

122 5662 282 5713 quam
310 5651 462 5703 devii
501 5650 581 5702 ab
617 5649 795 5704 studio
840 5649 1129 5711 castitatis,
1177 5656 1228 5700 et
1261 5645 1494 5701 demersi
1534 5645 1728 5698 intem-

124 5738 385 5803 perantia:
452 5738 798 5803 volutabris,
829 5748 887 5793 ut
908 5739 1001 5807 qui
1024 5754 1119 5792 eos
1149 5738 1378 5792 audiunt
1402 5745 1498 5791 aut
1524 5736 1722 5799 vident,

120 5829 341 5886 incauta
406 5831 692 5886 facilitate
720 5848 778 5887 se
822 5833 1065 5896 credant,
1122 5845 1296 5900 eoque
1326 5830 1488 5885 citius
1536 5828 1729 5882 labun-

122 5929 226 5988 tur,
246 5922 386 5977 dum
416 5923 773 5993 distinguere
819 5940 925 5979 non
969 5939 1056 5978 nox
1075 5930 1190 5990 unt,
1216 5938 1313 5977 nec
1337 5930 1553 5976 cavetur
1581 5919 1724 5991 quod

1824 4732 1887 4770 ac
1912 4716 2275 4784 despicabilc;
2298 4716 2627 4770 maritimum
2672 4716 2991 4782 plerumque
3022 4711 3182 4765 index
3206 4709 3401 4763 futura:

1823 4809 2184 4877 tempestatis,
2226 4815 2320 4861 aut
2356 4806 2763 4877 tranquillitatis
2788 4804 3087 4858 annuntius
3115 4802 3253 4856 solet
3280 4816 3403 4857 esse

1826 4900 2229 4970 navigantibus.
2284 4898 2528 4968 Denique
2591 4914 2715 4952 cum
2772 4897 3062 4967 procellam
3114 4903 3402 4949 ventorum

1823 4993 2188 5063 prmsenserit,
2220 4991 2488 5046 calculum
2520 4990 2755 5044 validum
2807 4989 3018 5059 arripit,
3056 5002 3290 5056 eumque
3312 5001 3403 5040 ve-

1827 5086 1905 5139 lut
1934 5086 2218 5139 saburram
2250 5083 2416 5147 vehit,
2441 5092 2494 5137 et
2522 5093 2780 5151 tanquam
2806 5082 3101 5136 anehoram
3130 5079 3314 5144 trahit,
3336 5094 3404 5132 ne

1824 5178 2132 5234 excutiatur
2160 5175 2432 5229 fluctibus.
2463 5174 2647 5244 Itaque
2675 5188 2783 5226 non
2817 5174 2933 5227 suis
2960 5188 3019 5226 se
3047 5171 3245 5225 liberat
3275 5170 3405 5222 viri-

1826 5273 1929 5327 bus
1976 5270 2069 5325 sed
2114 5269 2293 5323 alieno
2319 5267 2524 5321 stabilit
2550 5276 2603 5320 et
2634 5265 2771 5335 regit
2811 5266 3068 5336 pondere.
3118 5262 3238 5329 Quo
3264 5260 3406 5315 iudi-

1826 5364 1930 5429 cio,
1969 5372 2148 5417 nauta:
2174 5362 2318 5415 velut
2363 5360 2574 5430 signum
2621 5357 2816 5412 futura:
2845 5354 3267 5427 perturbationis
3308 5366 3403 5405 ca-

1826 5465 2072 5526 pessunt,
2103 5462 2159 5510 et
2186 5454 2287 5511 sibi
2324 5461 2627 5524 pra-cavent
2662 5466 2730 5505 ne
2759 5466 2854 5505 eos
2901 5450 3196 5518 imparatos
3244 5444 3403 5498 turbo

1827 5548 2160 5619 improvisus
2209 5546 2467 5600 inveniat.
2517 5543 2672 5613 Sicpe
2720 5542 2970 5596 homines
3025 5536 3401 5592 confusionem

1827 5642 1970 5695 aeris
2003 5640 2206 5704 vident,
2231 5648 2284 5693 et
2310 5653 2452 5707 saepe
2481 5636 2741 5690 falluntur
2768 5632 2912 5703 quod
2938 5631 3256 5700 plerumque
3280 5641 3403 5680 eam

1828 5737 1944 5790 sine
1993 5740 2314 5802 tempestate
2365 5731 2686 5794 discutiant;
2729 5727 2956 5782 echinus
3006 5738 3111 5775 non
3152 5718 3399 5773 fallitur:

1827 5828 2083 5882 cebinum
2132 5841 2227 5880 sua
2278 5839 2616 5893 nequaquam
2665 5822 2815 5889 signa
2869 5823 3211 5886 pr:etereunt.
3250 5808 3404 5866 Unde

1827 5920 2023 5989 exiguo
2047 5915 2269 5972 animali
2297 5925 2443 5967 tanta
2475 5912 2716 5977 :cirutia,
2759 5919 2813 5962 ut
2844 5907 3022 5961 futura
3052 5900 3405 5975 prtenuntiet?
