3964 6460
553 417 660 473 805

1649 404 1974 463 WERNERI
2011 396 2305 457 ABBATIS
2344 399 2402 454 S.
2440 394 2665 453 BLASll
3621 396 3698 452 395

554 529 673 595 Quo
701 527 872 597 magis
902 525 956 581 in
1000 542 1065 581 eo
1093 522 1225 579 nihil
1271 529 1374 587 est,
1405 534 1514 592 quo
1562 526 1767 573 tantam
1799 518 1961 571 habet
1989 531 2125 587 pru—
2157 522 2200 576 Α
2229 529 2443 584 campo,
2476 521 2531 566 et
2553 522 2845 567 occurrens
2870 504 3086 577 regibus
3123 502 3360 569 arrideat,
3381 504 3597 561 odoretur
3618 510 3701 566 her

551 622 812 675 dentiam.
867 617 1043 671 Credo
1091 614 1236 685 quod
1296 628 1391 685 per
1452 610 1840 681 indulgentiam
1902 605 2117 660 Domini

548 727 733 765 rerum
798 709 1070 774 omnium,
1128 707 1179 760 id
1238 719 1457 775 quoque
1511 700 1860 773 praescientire
1918 713 2120 753 munus

548 803 832 873 acceperit.
865 800 1072 853 Etenim
1106 799 1151 853 si
1186 796 1367 851 fenum
1398 796 1540 851 Deus
1570 795 1651 849 sic
1677 794 1833 848 vestit
1860 801 1920 846 ut
1960 790 2124 844 mire-

547 910 689 953 mur.
718 892 765 947 si
812 892 987 961 pascit
1034 889 1296 956 volatilia,
1344 889 1389 944 si
1435 887 1647 957 paravit
1689 885 1870 940 corvis
1917 898 2120 947 escam,

547 985 677 1055 pulli
697 985 841 1038 enim
866 985 985 1053 ejus
1010 984 1073 1036 ad
1102 981 1272 1037 Deum
1292 981 1546 1036 clamant.
1567 977 1961 1034 Simulieribus
1976 972 2123 1029 dedit

545 1086 773 1131 textura:
802 1075 1150 1145 sapientiam,
1186 1073 1231 1128 si
1265 1087 1542 1133 araneam,
1573 1085 1695 1140 qua:
1718 1078 1828 1122 tam
1848 1064 2121 1123 subtiliter

544 1184 611 1222 ac
629 1169 786 1222 docte
807 1167 960 1222 laxos
989 1181 1172 1222 casses
1198 1163 1481 1233 suspendit
1503 1163 1556 1215 in
1584 1160 1797 1215 foribus
1815 1155 2116 1228 sapientiae,

541 1275 650 1315 non
680 1261 897 1331 reliquit
926 1260 1245 1322 immunem,
1282 1256 1327 1311 si
1360 1257 1474 1324 ipse
1500 1255 1753 1309 virtutem
1785 1267 1928 1322 equo
1950 1248 2115 1313 dedit,

542 1362 598 1407 et
632 1354 794 1409 solvit
823 1352 889 1406 de
929 1351 1138 1406 cervice
1181 1348 1301 1419 ejus
1327 1346 1675 1401 formidinem
1709 1353 1769 1399 ut
1796 1343 2029 1399 exsultet
2057 1339 2113 1392 in

2136 1477 2211 1492 —

2228 606 2339 661 lum
2373 604 2611 669 eminus,
2636 602 2903 657 excitetur
2932 614 3067 653 sono
3094 599 3249 664 tubae,
3275 599 3318 654 si
3341 599 3443 653 haec
3471 600 3700 658 irrationa-

2228 700 2359 755 bilia
2388 697 2648 770 pleraque
2681 702 2735 749 et
2777 694 2881 747 alia
2914 690 3242 746 inscnsibilia
3272 700 3324 744 nt
3351 689 3531 754 fenum,
3551 702 3599 746 ut
3619 694 3704 752 lilia

2230 792 2455 862 replevit
2488 806 2586 845 sua
2620 786 2977 857 dispositione
3005 783 3293 852 sapientiae,
3318 783 3433 853 quid
3457 785 3703 845 dubitamus

2231 883 2377 956 quod
2427 882 2590 936 etiam
2623 881 2678 933 in
2720 878 2977 933 echinum
3023 874 3303 928 contulerit
3349 875 3493 944 hujus
3529 881 3703 948 gratiam

2231 974 2602 1046 prmscientize.
2636 969 2942 1025 Nihilenim
2992 966 3392 1036 inexploratum,
3438 968 3554 1023 nihil
3596 974 3702 1027 enim

2230 1061 2693 1117 iudissimulatum
2729 1056 3009 1126 relinquit.
3055 1052 3243 1109 Omnia
3289 1056 3424 1110 videt
3467 1060 3546 1128 qui
3578 1062 3705 1129 pascit

2227 1155 2411 1208 omnia
2432 1171 2445 1206 :
2464 1154 2648 1209 omnia
2678 1151 2846 1221 replet
2870 1146 3145 1217 Sapientia
3161 1161 3277 1216 qua:
3299 1149 3466 1203 omnia
3486 1150 3530 1203 in
3548 1153 3705 1222 sapien-

2224 1247 2299 1302 tia
2321 1246 2466 1303 fecit.

1544 1625 2049 1705 DOMlNlCA
2131 1621 2260 1699 DE
2314 1609 2813 1698 PASSIONE

618 1827 635 1859 ι
665 1805 798 1872 Quis
815 1822 879 1861 ex
894 1805 1048 1862 vobis
1072 1815 1261 1878 arguet
1284 1822 1370 1863 me
1387 1808 1454 1863 de
1468 1814 1692 1878 peccato
1717 1803 1898 1876 (Joan.
1924 1806 2063 1871 vui).
2098 1818 2116 1851 ι
2157 1802 2198 1859 Β
2227 1797 2469 1849 humana
2494 1790 2774 1846 inﬂatione
2797 1788 3057 1842 discreta.
3092 1781 3397 1838 Secundum
3439 1782 3614 1852 poenale
3644 1784 3708 1855 ju-

539 1897 656 1954 Non
689 1899 1012 1968 dedignatur
1038 1915 1099 1953 ex
1136 1899 1345 1954 ratione
1377 1900 1663 1955 ostendere
1693 1915 1751 1954 se
1774 1905 2114 1968 peccatorem

540 2007 647 2045 non
673 2006 813 2043 esse.
852 2008 869 2039 ι
909 1987 967 2042 Si
1003 1991 1285 2044 veritatem
1327 1992 1487 2059 dico,
1529 2005 1698 2060 quare
1743 2004 1851 2043 non
1898 1986 2117 2041 creditis

542 2081 720 2135 mihi?
753 2080 854 2145 Qui
891 2089 1067 2133 estex
1115 2080 1243 2145 Deo,
1275 2083 1440 2136 verba
1488 2082 1580 2135 Dei
1624 2079 1795 2134 audit.
1822 2078 2115 2147 Propterea

537 2187 637 2225 vos
666 2188 772 2224 non
807 2171 1026 2235 auditis,
1056 2172 1182 2240 quia
1213 2188 1273 2225 ex
1302 2171 1413 2226 Deo
1434 2187 1542 2225 non
1574 2171 1724 2226 estis.
1762 2189 1780 2220 ι
1812 2167 1952 2222 Sunt
1978 2182 2117 2220 non-

538 2262 673 2315 nulli
707 2262 797 2331 qui
840 2272 1103 2330 praacepta
1150 2260 1243 2315 Dei
1273 2277 1373 2315 nec
1402 2277 1534 2315 aure
1563 2258 1810 2329 corporis
1840 2258 2116 2328 percipere

537 2352 850 2422 dignantur,
867 2361 921 2406 et
944 2362 1071 2407 sunt
1093 2353 1338 2407 nonnulli
1376 2354 1467 2424 qui
1493 2353 1821 2423 percipiunt,
1848 2349 1941 2404 sed
1968 2348 2116 2402 nullo

537 2446 737 2501 mentis
781 2446 1052 2500 desiderio
1095 2447 1552 2515 complectuntur,
1594 2454 1646 2499 et
1693 2455 1821 2499 sunt
1868 2440 2113 2497 nonnulli

536 2538 629 2609 qui
653 2538 879 2592 libenter
909 2538 1180 2592 audiendo
1211 2546 1652 2609 compunguntur
1678 2537 1768 2591 sed
1798 2545 1917 2605 post
1938 2536 2116 2604 lacry-

536 2643 656 2682 mas
685 2627 749 2681 ad
784 2628 1120 2697 iniquitatem
1157 2630 1402 2682 redeunt.
1454 2628 1517 2682 lli
1559 2627 1802 2698 profecto
1826 2627 1986 2679 ve.ba
2018 2623 2113 2678 Dei

534 2734 643 2771 non
669 2719 915 2784 audiunt,
944 2720 1069 2788 quia
1097 2736 1159 2773 ea
1182 2736 1434 2775 exercere
1459 2721 1512 2773 in
1543 2734 1706 2788 opere
1736 2725 2109 2772 contemnunt.

536 2808 691 2865 Licet
718 2812 882 2881 igitur
903 2826 1094 2866 omnes
1119 2822 1248 2867 sunt
1279 2812 1373 2865 ﬁlii
1406 2811 1498 2865 Dei
1530 2827 1624 2880 per
1658 2821 1931 2873 naturam,
1968 2806 2114 2876 quod

535 2906 829 2959 ostendunt
868 2907 1139 2976 parabolae
1188 2906 1254 2959 de
1303 2906 1414 2959 tilio
1462 2904 1605 2974 frugi
1651 2911 1704 2957 et
1753 2901 2011 2972 prodigo;
2048 2901 2114 2953 de

533 2996 747 3051 duobus
776 2999 901 3052 iiliis
925 2998 1163 3052 invitatis
1191 2997 1257 3051 ad
1288 2998 1523 3061 vineam,
1552 2997 1626 3050 illi
1662 3005 1843 3050 tamen
1878 3002 2006 3049 sunt
2047 3008 2112 3046 ex

535 3087 751 3141 diabolo
776 3104 869 3158 per
885 3089 1102 3156 vitium,
1135 3090 1260 3158 quia
1292 3089 1454 3142 verba
1480 3087 1574 3142 Dei
1600 3103 1707 3141 non
1737 3087 1986 3156 diligunt.
2007 3084 2111 3150 Qui

2220 1890 2426 1944 dicium
2457 1887 2620 1941 Pater
2646 1902 2752 1939 non
2774 1883 2989 1954 judicat
3017 1895 3367 1951 quemquam,
3396 1879 3476 1934 sed
3501 1895 3629 1935 omne
3644 1881 3708 1951 ju-

2219 1982 2422 2036 dieium
2451 1979 2600 2034 dedit
2625 1976 2799 2042 Filio;
2834 1974 3137 2030 secundum
3163 1971 3419 2040 judicium
3443 1972 3709 2030 discretionis

2214 2073 2423 2143 judicat
2484 2078 2544 2124 ut
2598 2069 2651 2123 in
2715 2068 2926 2137 psalmo
2962 2083 2976 2121 :
3016 2083 3034 2117 ε
3065 2062 3258 2117 Judica
3300 2078 3381 2117 me
3423 2062 3541 2118 Deus
3582 2063 3705 2133 (Psal.

2218 2164 2372 2233 ml).
2412 2182 2430 2215 ›
2466 2160 2851 2231 Hujusjudicii
2877 2156 3147 2227 expositio
3201 2156 3466 2226 sequitur:
3496 2175 3509 2205 ε
3552 2155 3599 2210 Et
3627 2157 3708 2213 dis-

2219 2272 2409 2321 cerne,
2441 2254 2644 2324 inquit,
2674 2266 2893 2306 causam
2928 2265 3102 2304 meam
3146 2251 3219 2303 de
3253 2258 3404 2319 gente
3442 2264 3526 2302 non
3566 2259 3702 2303 sancta

2220 2343 2422 2415 (ibid.).
2464 2363 2482 2397 ι
2521 2342 2786 2396 Similiter
2841 2340 2979 2393 duas
3039 2339 3370 2393 tentationes
3422 2337 3701 2406 intelligimus,

2217 2452 2448 2507 quarum
2495 2451 2601 2489 una
2634 2434 2857 2503 decipit,
2885 2433 3053 2486 altera
3089 2432 3304 2501 probat.
3353 2429 3473 2484 Nam
3512 2431 3707 2498 scriptum

2216 2541 2338 2585 est:
2386 2549 2403 2579 ι
2444 2529 2584 2584 Deus
2612 2529 2882 2582 neminem
2920 2523 3261 2594 tentatch.
3291 2525 3349 2594 ι).
3399 2542 3415 2574 ι
3469 2522 3523 2578 Et
3567 2524 3711 2577 iterum

2218 2624 2479 2692 scriptum
2513 2631 2595 2675 est
2627 2639 2640 2675 :
2679 2642 2694 2670 ι
2735 2619 2930 2674 Tentat
2982 2634 3079 2672 vos
3112 2617 3381 2671 Dominus
3417 2616 3536 2669 Deus
3567 2624 3712 2673 vester.

2218 2725 2275 2769 ttt
2304 2716 2440 2770 sciat
2469 2713 2514 2768 si
2547 2713 2783 2782 diligatis
2806 2727 2929 2766 eum
2962 2710 3143 2780 (Deut.
3172 2710 3321 2779 xm).
3360 2727 3376 2758 ι
3411 2705 3469 2761 Ut
3514 2709 3621 2760 sciat
3655 2706 3714 2759 di-

2216 2818 2362 2862 ctum
2385 2816 2468 2861 est
2491 2820 2590 2876 pro
2619 2806 2754 2857 scire
2781 2805 2966 2873 faciat.
2993 2803 3095 2856 Job
3123 2802 3331 2856 latebat
3379 2816 3451 2863 se,
3483 2801 3561 2853 sed
3593 2798 3712 2851 Deum

2216 2918 2346 2956 non.
2372 2899 2605 2953 Admisit
2628 2896 2771 2952 Deus
2806 2905 3156 2960 tentatorem,
3192 2904 3246 2949 et
3273 2894 3392 2948 fecit
3420 2908 3528 2948 eum
3563 2891 3629 2945 sui
3650 2905 3716 2943 co-

2217 2993 2502 3063 gnitorem.
2539 2989 2629 3045 Sic
2653 2999 2706 3044 et
2741 2989 2850 3043 duo
2896 2988 3122 3041 timores
3183 2995 3350 3039 sunt:
3386 2983 3586 3047 servilis,
3627 2995 3717 3035 cum

2217 3085 2377 3137 times
2414 3098 2480 3135 ne
2509 3081 2739 3150 patiaris
2776 3094 3036 3149 poenam;
3080 3086 3299 3142 castus,
3350 3090 3463 3129 cum
3509 3072 3633 3125 times
3666 3084 3716 3123 ne

535 3197 667 3236 vero
711 3190 1077 3236 renascuntur
1126 3197 1190 3236 ex
1247 3181 1355 3234 Deo
1390 3180 1756 3252 generationis
1801 3178 2109 3249 adeptione,
2138 3160 2180 3216 (ἶ
2214 3177 2431 3230 amittas
2458 3174 2747 3246 justitiam.
2775 3173 3018 3227 Alterum
3053 3170 3301 3241 perfecta
3354 3169 3562 3223 charitas
3610 3165 3718 3219 foras

536 3275 772 3329 audiunt
800 3274 1027 3329 verbum
1057 3274 1151 3328 Dei
1179 3283 1230 3328 et
1261 3273 1595 3328 custodiunt.

613 3387 630 3417 ι
662 3364 1078 3435 Responderunt
1128 3368 1293 3439 igitur
1348 3367 1540 3431 Judaei,
1587 3374 1641 3420 et
1688 3365 1946 3420 dixerunt
1997 3363 2045 3419 ei
2094 3381 2108 3421 :

533 3456 725 3512 Nonne
754 3457 888 3511 bene
915 3457 1149 3513 dicimus
1181 3475 1281 3514 nos
1304 3459 1433 3528 quia
1458 3455 1837 3512 Samaritanus
1868 3472 1928 3510 es
1975 3464 2029 3510 tu
2060 3464 2113 3511 et

534 3548 859 3604 diemonium
894 3548 1103 3604 habes?
1138 3569 1157 3601 ›
1194 3549 1530 3619 Receperunt
1575 3546 1904 3602 Samaritani
1929 3545 2113 3601 Domi-

534 3656 690 3706 num,
716 3645 940 3710 quando
964 3640 1180 3695 loeutus
1206 3650 1289 3695 est
1314 3640 1527 3695 mulieri
1555 3639 1622 3694 ad
1650 3638 1878 3705 fontem,
1904 3646 1957 3693 et
1986 3652 2112 3692 cum

533 3733 615 3788 eis
648 3747 1001 3788 conversatus
1025 3742 1159 3786 erat.
1192 3732 1402 3787 Vocant
1445 3733 1609 3803 igitur
1637 3746 1762 3785 eum
1803 3729 1973 3785 Judaei
2014 3730 2113 3784 Sa-

533 3825 860 3879 maritanum
889 3825 1045 3895 quasi
1090 3835 1453 3895 peccatorem,
1487 3825 1615 3895 quia
1647 3832 1958 3895 peccatores
1990 3822 2112 3879 illos

533 3915 874 3984 reputabant,
903 3931 1005 3970 nec
1037 3916 1117 3970 eis
1144 3916 1531 3971 coutebantur.

609 4024 629 4057 ι
668 4003 965 4076 Respondit
997 4004 1195 4062 Jesus:
1230 4006 1340 4079 Ego
1378 4007 1710 4062 da:mouium
1759 4021 1869 4060 non
1914 4006 2110 4076 habeo,

534 4099 957 4155 sedhonorilico
1003 4099 1217 4155 Patrem
1251 4117 1458 4168 meum,
1488 4110 1542 4156 et
1589 4116 1688 4154 vos
1737 4099 2113 4155 inhonorastis

532 4207 641 4247 me.
684 4212 703 4243 ι
731 4193 974 4247 Alterum
1004 4194 1071 4249 de
1092 4194 1307 4249 duobus
1336 4194 1564 4263 objectis
1593 4194 1829 4264 negavit.
1866 4191 2109 4247 Samari-

534 4290 693 4337 tanus
726 4285 870 4337 enim
918 4284 1306 4354 interpretatur
1359 4293 1534 4336 custos
1565 4299 1583 4336 :
1613 4292 1667 4337 et
1711 4282 1993 4338 custodem
2053 4296 2113 4337 se

533 4389 652 4429 esse
674 4391 779 4428 non
813 4376 1046 4446 negavit.
1088 4374 1203 4429 Non
1231 4375 1379 4430 enim
1416 4375 1679 4430 dormitat
1728 4374 1823 4444 qui
1870 4374 2111 4430 custodit

2212 3268 2377 3323 mittit
2404 3269 2650 3322 timorem
2682 3264 2865 3335 (Joan.
2902 3265 3014 3334 Iv);
3048 3265 3288 3318 alterum
3315 3269 3495 3324 servat,
3520 3274 3601 3313 nos
3626 3266 3719 3310 ante

2214 3358 2383 3413 Deum
2417 3373 2748 3428 permanens
2797 3356 2851 3411 in
2904 3355 3171 3410 saaculum
3210 3351 3542 3410 saeculi.Nam
3560 3359 3599 3404 et
3622 3363 3720 3402 mus

2213 3450 2314 3504 lier
2342 3450 2586 3504 adultera
2617 3448 2769 3503 timet
2789 3464 2856 3503 ne
2878 3448 2962 3503 vir
2985 3448 3106 3519 ejus
3134 3448 3346 3514 veniat,
3374 3453 3513 3510 casta,
3550 3456 3605 3495 ne
3649 3437 3719 3494 vir

2212 3540 2332 3611 ejus
2358 3541 2633 3595 abscedat.

2289 3652 2309 3687 ι
2337 3634 2530 3700 Amen,
2549 3649 2705 3689 amen
2728 3633 2851 3688 dico
2875 3632 3050 3694 vobis,
3066 3633 3108 3687 si
3136 3633 3272 3702 quis
3292 3643 3563 3687 sermonem
3581 3638 3724 3679 meum

2214 3728 2511 3782 servaverit
2542 3735 2772 3780 mortem
2800 3741 2908 3779 non
2934 3725 3135 3779 vidcnit
3159 3726 3218 3779 in
3249 3736 3521 3779 aeternum.
3544 3719 3730 3773 iExcm-

2213 3818 2302 3889 plo
2335 3833 2439 3874 suo
2461 3833 2563 3873 nos
2591 3817 2845 3871 admonet
2867 3833 2956 3883 ne,
2982 3833 3108 3872 cum
3151 3820 3425 3871 malorum
3466 3811 3726 3885 perversitas

2212 3912 2428 3979 crescit,
2454 3912 2749 3982 praedicare
2775 3927 3079 3975 cessemus,
3107 3914 3245 3981 quia
3292 3923 3349 3968 et
3395 3911 3512 3967 boni
3534 3909 3731 3963 meliores

2213 4021 2309 4075 per
2335 4004 2694 4060 contumelias
2723 4003 2863 4058 ﬁunt
2902 4015 2958 4059 et
3008 4005 3234 4075 reprobi
3284 4006 3352 4059 de
3391 4000 3622 4059 beneticio
3664 4010 3730 4068 pe

2208 4098 2377 4168 jores.

2289 4208 2308 4241 ι
2342 4187 2605 4243 Dixerunt
2623 4203 2753 4259 ergo
2783 4185 2955 4243 Judaei
2984 4208 2996 4243 :
3024 4186 3185 4243 Nunc
3236 4186 3606 4259 cognoscimus
3641 4180 3732 4251 quia

2212 4280 2538 4337 dtemonium
2590 4280 2775 4336 habes.
2827 4281 3103 4336 Abraham
3162 4290 3419 4335 mortuus
3465 4288 3616 4334 estet
3645 4289 3736 4345 pro-

2212 4375 2406 4444 phetae,
2442 4383 2494 4429 et
2525 4381 2580 4427 tu
2609 4373 2748 4429 dicis
2789 4392 2802 4428 :
2846 4373 2902 4427 Si
2933 4374 3058 4443 quis
3087 4389 3406 4429 sermonem
3450 4386 3612 4426 meum
3652 4382 3733 4421 ser-

532 4466 693 4523 lsrael
724 4467 896 4537 (Psal.
935 4468 1083 4537 cxx).
1118 4467 1186 4521 Et
1213 4468 1317 4523 nisi
1358 4467 1625 4542 Dominus
1680 4467 2003 4522 custodierit
2032 4466 2111 4521 ci-
2141 4504 2185 4559 Β
2212 4466 2439 4533 vaverit,
2471 4474 2699 4521 mortem
2726 4482 2833 4520 non
2850 4466 3152 4537 gustabitin
3170 4478 3495 4522 aeternum.»
3522 4464 3589 4517 De
3608 4468 3741 4516 mone

530 4557 750 4613 vitalem
799 4558 1000 4614 frustra
1067 4559 1255 4629 vigilat
1305 4560 1411 4630 qui,
1451 4561 1689 4614 custodit
1744 4575 1864 4613 eam
1922 4558 2101 4628 (Psal.

531 4651 737 4720 cxxvt).
764 4649 885 4704 Non
910 4650 1306 4704 contumeliosa
1347 4650 1512 4705 verba
1556 4650 1833 4720 respondit
1872 4650 2112 4719 quivere

531 4741 865 4811 respondere
917 4749 1152 4811 posset:
1187 4739 1298 4796 Vos
1339 4741 1670 4796 daemonium
1716 4740 1949 4795 habetis.
2005 4737 2111 4794 Sed

532 4834 784 4904 superbia
812 4843 1002 4888 nostra
1029 4834 1116 4888 hic
1141 4833 1516 4888 confunditur.
1540 4831 1661 4887 Jam
1692 4832 1823 4903 quid
1855 4832 2012 4887 nobis
2042 4847 2110 4887 ex

534 4927 642 4981 hoc
666 4927 936 4993 innuitur,
965 4926 1069 4982 nisi
1112 4939 1174 4981 ut
1218 4942 1284 4981 eo
1310 4935 1557 4997 tempore
1598 4940 1709 4995 quo
1763 4940 1794 4978 a
1845 4924 2110 4994 proximis

533 5018 699 5073 falsas
757 5018 1118 5074 contumelias
1165 5020 1481 5089 accepimus
1521 5032 1713 5072 eorum
1742 5016 1905 5071 etiam
1945 5016 2109 5071 verba

532 5112 674 5165 mala
699 5120 998 5176 taceamus,
1044 5128 1112 5166 ne
1144 5113 1466 5184 mysterium
1515 5119 1719 5165 nostra:
1747 5108 2109 5180 correptionis

530 5220 682 5258 arma
705 5214 983 5258 vertamus
1015 5204 1240 5259 furoris.

605 5314 626 5347 ‹
657 5294 768 5366 Ego
798 5296 1021 5366 gloriam
1054 5313 1228 5351 meam
1261 5312 1369 5350 non
1399 5310 1606 5365 quaero,
1642 5302 1726 5349 est
1761 5294 1852 5364 qui
1901 5307 2110 5365 quaerat

530 5397 582 5441 et
624 5388 848 5458 judicat.
889 5410 904 5439 ι
974 5387 1089 5442 Non
1147 5405 1335 5458 (IULBI‘O
1406 5388 1639 5458 gloriam
1694 5388 1838 5442 sicut
1873 5389 2102 5443 simula-

531 5488 676 5536 tores
698 5466 803 5550 tqui
842 5490 1090 5550 quaerunt
1116 5481 1287 5534 videri
1327 5481 1468 5549 quod
1494 5495 1603 5533 non
1637 5488 1784 5534 sunt.
1832 5479 1927 5535 Est
1949 5481 2109 5537 Pater

530 5571 625 5641 qui
650 5573 849 5642 quaerit
876 5573 1104 5642 gloriam
1134 5587 1332 5637 meam,
1360 5580 1415 5625 et
1453 5570 1682 5640 judicet,
1717 5572 1769 5626 id
1791 5581 1876 5627 est
1900 5572 2107 5627 discer-

532 5674 672 5717 nata
705 5664 878 5735 gloria
926 5673 1126 5731 vestra,
1177 5665 1303 5735 quia
1345 5680 1442 5719 vos
1496 5666 1792 5719 secundum
1844 5665 2102 5719 szeculum

528 5756 861 5825 gloriamini,
904 5772 1010 5809 non
1064 5771 1193 5826 ego;
1228 5757 1323 5811 sed
1389 5772 1451 5810 ea
1501 5755 1671 5826 gloria
1732 5771 1894 5826 quam
1938 5756 2102 5811 habui

526 5847 669 5917 apud
699 5846 913 5901 Patrem
971 5857 1260 5919 antequam
1296 5848 1534 5904 mundus
1585 5858 1748 5915 esset,
1777 5863 1899 5918 qux
1923 5856 2003 5903 est
2034 5849 2102 5906 ab

2213 4556 2469 4622 secunda,
2501 4564 2674 4610 morte
2703 4557 2963 4626 gehennae
2985 4600 2999 4622 ,
3032 4567 3209 4612 morte
3245 4555 3603 4612 damnationis
3647 4564 3740 4604 cum

2211 4650 2427 4704 diabolo
2462 4649 2617 4715 dicit,
2645 4650 2773 4719 quia
2822 4665 2925 4703 nec
2944 4648 3222 4704 Abraham
3265 4660 3520 4705 mortuus
3559 4656 3647 4711 est,
3671 4656 3745 4696 nec

2211 4742 2506 4812 prophetat.
2553 4740 2633 4794 llli
2677 4741 2826 4794 enim
2875 4742 3077 4796 mortui
3132 4751 3287 4809 sunt,
3345 4752 3400 4797 et
3433 4742 3639 4804 vivunt;
3678 4733 3743 4787 isti

2212 4836 2462 4889 vivebant
2489 4842 2544 4889 et
2563 4832 2765 4887 mortui
2796 4840 2971 4888 erant.
3000 4832 3225 4888 Mortem
3260 4834 3453 4889 videre
3474 4831 3553 4886 vel
3574 4837 3749 4901 gustare

2211 4936 2293 4983 est
2315 4943 2433 4982 eam
2465 4925 2722 4996 experiri.

2287 5039 2305 5071 ‹
2339 5019 2591 5090 Nunquid
2622 5031 2677 5075 tu
2709 5020 2885 5088 major
2927 5035 2985 5075 es
3038 5028 3187 5090 patre
3243 5028 3441 5073 nostro
3495 5013 3746 5071 Abraham.

2210 5112 2302 5182 qui
2337 5121 2584 5166 mortuus
2613 5121 2716 5168 est.
2746 5112 2812 5167 Et
2848 5113 3122 5182 prOphetae
3166 5114 3382 5164 mortui
3440 5118 3583 5164 sunt.
3616 5105 3747 5171 Quem

2210 5207 2443 5275 tcipsnm
2499 5204 2673 5260 facis?
2722 5205 3021 5275 Respondit
3057 5203 3217 5259 Jesus
3254 5204 3359 5257 :Si
3417 5219 3517 5274 ego
3558 5196 3755 5271 gloriﬁco

2210 5298 2476 5365 meipsum
2508 5297 2678 5366 gloria
2716 5313 2837 5351 mea
2888 5297 3023 5350 nihil
3058 5304 3160 5350 est.
3190 5294 3294 5349 Est
3325 5294 3490 5348 Pater
3519 5307 3657 5348 meus
3682 5286 3754 5357 qni

2210 5389 2475 5456 gloritieat
2500 5405 2604 5455 me,
2634 5405 2795 5459 quem
2824 5404 2920 5444 vos
2941 5389 3120 5444 dicitis
3135 5389 3265 5456 quia
3300 5387 3451 5443 Deus
3493 5394 3657 5442 vester
3676 5387 3757 5444 est,

2208 5492 2262 5536 ct
2300 5499 2405 5537 non
2440 5484 2775 5553 cognovistis
2816 5482 2963 5538 enm.
2997 5482 3111 5553 Ego
3142 5493 3331 5536 autem
3364 5482 3493 5535 novi
3545 5492 3677 5533 eum.
3708 5470 3758 5523 Ει

2208 5574 2253 5629 si
2304 5575 2494 5629 dixero
2540 5576 2667 5646 quia
2716 5591 2822 5631 non
2871 5575 2985 5631 scio
3036 5592 3182 5639 eum,
3212 5590 3316 5629 ero
3369 5572 3569 5630 similis
3613 5566 3760 5629 vobis.

2207 5668 2458 5721 mendax.
2489 5666 2594 5721 Sed
2628 5668 2742 5722 scio
2771 5684 2917 5733 eum,
2953 5676 3007 5721 et
3040 5683 3355 5723 sermonem
3384 5667 3508 5736 ejus
3544 5674 3704 5719 servo.
3740 5674 3757 5705 ›

2213 5757 2530 5813 Sermonem
2564 5759 2741 5814 Patris
2769 5768 2825 5813 ut
2864 5757 3035 5813 Filius
3056 5758 3395 5829 loquebatur
3420 5777 3434 5813 :
3460 5767 3515 5812 et
3543 5756 3650 5826 ipse
3669 5756 3763 5805 erat

2206 5847 2444 5905 Verbum
2483 5848 2682 5917 Patris,
2705 5850 2798 5920 qui
2837 5849 3149 5906 hominibus
3178 5850 3538 5919 loquebatur.
3575 5846 3626 5899 Si
3653 5857 3762 5911 ergo
