4032 6396
202 363 339 419 397

1160 368 1734 427 DEFLOMTIONBS
1774 370 1874 427 SS.
1916 367 2227 427 PATBUM.
2263 401 2334 412 —
2367 370 2496 427 LIB.
2536 369 2558 425 l

3402 372 3508 430 898

204 476 622 550 cognovissent
649 476 1096 543 Patrem.Filium
1114 480 1233 553 ejus
1257 485 1592 557 recepissent
1622 528 1635 542 .
1657 502 1820 558 quem
1851 490 1893 546 Α
1926 483 2135 539 habuit.
2163 482 2353 555 Itaque
2375 491 2642 554 quantum
2673 497 2727 536 tn
2751 481 2869 552 ipsa
2901 482 3024 550 fuit,
3058 499 3168 538 non
3199 479 3385 536 debuit
3408 498 3507 539 su-

202 586 335 625 vox
368 567 548 625 Patris
576 571 916 643 glorificabat
952 575 1007 629 in
1036 574 1390 646 baptismate,
1426 578 1481 633 in
1530 589 1737 646 monte,
1762 589 1817 636 et

205 667 275 722 in
324 667 452 723 aliis
497 666 834 738 hujusmodi.
886 666 1012 723 ldeo
1053 676 1242 725 contra
1270 669 1375 729 hoc
1407 672 1552 743 quod
1584 671 1811 728 dicunt:

204 756 410 826 Quem
441 759 674 832 teipsum
700 759 856 828 facis,
881 760 1047 817 refert
1075 763 1302 835 gloriam
1326 779 1482 818 suam
1506 764 1572 819 ad
1598 763 1813 820 Patrem

206 854 427 910 dicens
462 873 475 910 ε
512 854 570 909 Si
602 870 705 926 ego
736 856 888 911 solus
912 856 1032 912 sine
1064 856 1224 914 Patre
1250 858 1496 929 glorifico
1519 859 1813 930 meipsum,

211 944 380 999 sicut
409 945 778 1011 simulatores,
806 947 975 1020 gloria
993 963 1112 1004 mea
1144 949 1282 1005 nihil
1307 958 1412 1006 est.

303 1056 325 1088 ‹
390 1038 665 1094 Abraham
719 1048 875 1110 pater
937 1052 1118 1097 vester
1156 1042 1450 1099 exsultavit
1495 1052 1555 1099 ut
1608 1044 1817 1100 videret

213 1128 382 1184 diem
405 1146 585 1185 meum
618 1141 709 1187 :et
736 1132 890 1199 vidit,
918 1140 973 1187 et
994 1134 1214 1204 gavisus
1237 1144 1339 1190 est.
1395 1154 1415 1188 ι
1451 1134 1690 1191 Credens
1720 1152 1816 1191 ex-

214 1221 463 1277 sultavit
497 1224 789 1293 Sperando,
822 1232 883 1279 ut
913 1223 1121 1280 videret
1145 1225 1513 1298 intelligendo.
1548 1226 1703 1294 Quod
1739 1229 1816 1283 ait

219 1313 382 1369 diem
427 1331 633 1382 meum,
678 1317 949 1375 incertum
1004 1327 1185 1392 potest
1238 1335 1359 1376 esse
1402 1320 1546 1376 unde
1594 1321 1811 1387 dixerit,

218 1413 422 1461 utrum
446 1406 589 1461 diem
620 1407 835 1464 Domini
861 1411 1211 1482 temporalem
1241 1411 1295 1465 in
1351 1426 1535 1477 carne,
1564 1427 1633 1466 an
1668 1411 1813 1467 diem

217 1498 327 1568 qui
379 1498 556 1554 nescit
599 1509 781 1555 ortum
830 1518 932 1558 nec
984 1517 1242 1558 occasum
1299 1521 1313 1558 :
1368 1501 1474 1559 Sed
1522 1512 1815 1573 utrumque

216 1588 512 1646 Abraham
543 1591 695 1647 vidit.
725 1592 956 1661 Quando
983 1595 1129 1651 enim
1173 1595 1326 1651 misit
1376 1611 1593 1652 servum
1650 1612 1811 1653 suum

218 1692 415 1751 petere
451 1700 675 1741 uxorem
704 1687 814 1742 tilio
860 1702 962 1743 suo
988 1686 1159 1751 Isaac.
1208 1689 1286 1743 ait
1318 1709 1333 1744 :
1362 1709 1380 1742 ‹
1401 1688 1550 1745 Pone
1588 1706 1811 1745 manum

218 1783 386 1832 tuam
418 1778 520 1835 sub
546 1778 751 1836 femore
777 1797 921 1848 meo,
944 1791 995 1836 et
1016 1783 1139 1852 jura
1166 1799 1263 1855 per
1291 1782 1460 1839 Deum
1485 1784 1609 1839 C(Bli
1655 1782 1808 1852 (Gen.

224 1870 413 1937 xxrv).
449 1889 467 1923 ›
488 1869 628 1937 Quid
655 1871 758 1927 hoc
788 1874 891 1927 sibi
907 1874 1019 1929 vult
1040 1875 1145 1930 nisi
1165 1876 1293 1946 quia
1317 1875 1724 1947 significabatur
1744 1876 1812 1932 de

222 1975 435 2031 genere
463 1961 697 2018 Abrahae
722 1962 892 2019 Deum
921 1966 1043 2022 coeli
1070 1976 1359 2023 venturum
1390 1968 1443 2022 in
1485 1983 1673 2023 carne.
1703 1966 1810 2035 Qui

222 2051 638 2121 reprehendunt
660 2069 878 2111 carnem
914 2055 1137 2125 Christi,
1176 2059 1580 2129 reprehendunt
1608 2058 1810 2115 factum

220 2142 486 2201 Abrahze.
515 2146 791 2203 Abraham
820 2150 962 2205 diem
996 2150 1211 2207 Domini
1242 2150 1397 2220 vidit,
1434 2169 1559 2210 cum
1586 2153 1639 2208 in
1672 2153 1810 2225 tign-

225 2253 287 2293 ra
323 2254 556 2296 summa:
580 2240 861 2300 Trinitatis
883 2254 992 2301 tres
1025 2247 1247 2317 angelos
1279 2247 1516 2319 hospitio
1544 2248 1805 2318 suscepit.

304 2349 324 2383 ς
364 2330 629 2388 Dixerunt
655 2332 826 2391 Judaei
876 2336 944 2391 ad
976 2354 1103 2393 eum
1136 2358 1147 2393 :
1180 2338 1608 2410 Quittquaginlai
1635 2355 1809 2396 annos

223 2425 472 2481 nondum
502 2426 691 2494 habes,
720 2438 771 2483 et
793 2430 1067 2485 Abraham
1102 2432 1321 2487 vidisti?
1347 2432 1493 2488 Dixit
1517 2435 1595 2488 eis
1610 2432 1805 2488 Jesus:

223 2516 425 2582 Amen,
455 2534 617 2573 amen
650 2519 773 2575 dico
802 2521 979 2587 vobis,
1003 2531 1294 2594 antequam
1344 2523 1617 2579 Abraham
1658 2524 1809 2579 tieret

222 2623 328 2680 ego
350 2626 494 2666 sum.
535 2630 554 2663 ι
591 2610 709 2668 Non
739 2613 815 2668 ait
844 2613 958 2682 fui;
1015 2616 1110 2670 sed
1170 2632 1315 2682 sum,
1362 2617 1491 2688 quia
1536 2616 1804 2672 Divinitas

234 2707 454 2771 tempus
484 2718 591 2757 non
620 2703 802 2759 habet.
836 2704 920 2759 Ah
964 2704 1162 2761 intuitu
1199 2708 1402 2775 carnis,
1444 2709 1510 2764 ad
1553 2709 1809 2764 divinita-

223 2799 336 2846 tem
360 2794 556 2862 trahit;
577 2796 827 2864 sed,duri
845 2814 905 2854 ut
924 2799 1151 2871 lapides,
1165 2810 1357 2871 putant
1381 2800 1484 2857 hoc
1508 2816 1631 2857 esse
1656 2802 1808 2858 blas-

224 2883 523 2954 phemiam.

303 2994 324 3029 ‹
363 2974 629 3034 Tulerunt
657 2994 787 3052 ergo
812 2981 1022 3053 lapides
1063 2992 1123 3038 ut
1163 2982 1409 3053 jacerent
1444 2984 1496 3039 in
1536 3001 1684 3040 eum.
1716 2983 1807 3041 Je-

226 3083 324 3125 sus
347 3078 528 3126 autem
556 3061 838 3128 abscondit
863 3090 942 3142 se,
968 3083 1023 3130 et
1055 3076 1223 3131 exivit
1247 3077 1314 3132 de
1340 3079 1560 3149 templo.
1586 3097 1604 3130 ι
1623 3078 1799 3146 Quem

1918 576 2122 631 stinere
2154 592 2394 646 pinnam,
2436 574 2695 646 quoniam
2723 574 2837 645 jam
2865 591 2974 630 non
3026 576 3215 632 habuit
3261 577 3502 648 culpam.

1916 666 2137 724 Poterat
2160 684 2290 740 ergo
2312 669 2459 740 juste
2491 666 2741 723 Salvator
2764 668 2817 722 in
2840 684 3005 724 carne
3028 684 3153 734 sua,
3186 686 3352 741 quam
3383 671 3506 728 sine

1917 761 2074 831 culpa
2102 760 2421 830 assumpsit,
2450 775 2665 830 poenam
2692 759 3063 826 mortalitatis,
3092 761 3502 831 passibilitatis-

1916 871 2024 924 que
2055 853 2453 919 infirmitatem,
2497 867 2605 907 non
2650 852 3042 922 assumpsisse;
3089 853 3184 908 sed
3215 869 3335 908 eam
3389 868 3502 908 non

1916 950 2092 1005 solum
2123 966 2287 1020 super
2314 949 2367 1005 id
2399 949 2543 1020 quod
2570 963 2670 1004 nos
2701 964 2894 1004 sumus
2916 948 3194 1016 mortales,
3220 949 3347 1015 quia
3374 964 3505 1019 pec-

1917 1051 2075 1095 cator
2097 1056 2205 1094 non
2232 1049 2369 1107 erat,
2423 1039 2517 1095 sed
2563 1055 2729 1110 super
2774 1038 2826 1092 id
2878 1038 3041 1093 etiam
3090 1039 3236 1109 quod
3286 1039 3504 1110 primus

1918 1131 2085 1186 homo
2109 1140 2236 1185 ante
2259 1142 2542 1201 peccatum
2576 1128 2700 1195 fuit,
2728 1128 2854 1198 quia
2883 1129 3197 1198 probandus
3228 1143 3336 1183 non
3377 1137 3499 1184 erat

1915 1237 1946 1276 a
1996 1222 2172 1292 prima
2222 1221 2578 1291 conceptione
2636 1218 2864 1290 gloriam
2917 1219 3342 1275 immortalitatis
3411 1218 3500 1274 in-

1915 1314 2124 1369 duisse.
2153 1311 2372 1367 Primus
2396 1312 2599 1382 quippe
2628 1311 2796 1366 homo
2819 1311 2947 1381 quia
2992 1309 3308 1379 probandus
3355 1316 3495 1377 erat,

1917 1404 2041 1460 talis
2076 1419 2199 1460 esse
2222 1403 2433 1468 debuit,
2456 1404 2550 1473 qui
2577 1410 2632 1458 et
2659 1414 2882 1472 peccare
2913 1409 2967 1455 et
3006 1416 3112 1455 non
3144 1414 3370 1470 peccare
3398 1416 3499 1471 po-

1918 1498 2131 1559 tuisset,
2159 1505 2220 1551 ut
2240 1495 2539 1551 voluntatis
2566 1510 2675 1548 non
2705 1492 3046 1549 necessitatis
3076 1502 3222 1547 esset
3276 1502 3497 1547 utrum-

1915 1605 2040 1660 que.
2066 1587 2256 1658 Neque
2285 1588 2430 1642 enim
2464 1587 2548 1642 vel
2588 1585 2858 1641 obedienti
2908 1586 3183 1650 meritum,
3237 1585 3320 1639 vel
3384 1600 3497 1640 non

1915 1679 2190 1736 obedienti
2227 1680 2383 1750 culpa
2432 1693 2558 1734 esse
2599 1678 2892 1749 potuisset,
2922 1677 3026 1733 nisi
3057 1688 3109 1731 et
3146 1676 3496 1745 obedientia,

1914 1771 2369 1842 etpraavaricatio
2394 1770 2698 1825 voluntaria
2756 1769 2811 1823 fu
2838 1778 2970 1824 sset.
3022 1767 3208 1839 Itaque
3246 1769 3374 1839 quia
3425 1767 3498 1827 ad

1844 1840 1886 1896 Β
1914 1840 2287 1934 probationem
2312 1871 2395 1918 est
2414 1874 2707 1934 utrumque
2722 1862 2976 1917 voluntas
2998 1861 3117 1932 ejus
3144 1862 3498 1932 exspectaba-

1914 1963 2022 2018 tur,
2048 1952 2115 2007 ad
2139 1965 2433 2024 utrumque
2475 1953 2527 2007 ei
2556 1952 2892 2023 possibilitas
2927 1953 3307 2023 praestabatur.
3353 1950 3498 2020 Quia

1911 2058 2043 2113 ergo
2070 2044 2330 2115 peccandi
2377 2052 2429 2099 et
2477 2059 2585 2098 non
2636 2043 2893 2114 peccandi
2934 2043 3348 2114 possibilitatem
3396 2042 3500 2099 ha-

1912 2134 2049 2197 buit,
2081 2136 2365 2205 oportebat
2399 2144 2459 2191 ut
2484 2146 2539 2191 et
2567 2135 2835 2190 moriendi
2862 2144 2915 2189 et
2938 2151 3046 2189 non
3068 2135 3336 2190 moriendi
3363 2150 3496 2205 pos-

1912 2226 2226 2282 sibilitatem
2259 2227 2502 2283 haberet.
2539 2225 2599 2282 Si
2621 2226 2766 2281 enim
2793 2242 2857 2281 ex
2898 2227 3224 2282 necessitate
3265 2225 3500 2281 immor-

1911 2318 2038 2370 talis
2063 2316 2278 2380 fuisset,
2302 2317 2467 2372 etiam
2514 2317 2899 2387 praevaricator
2941 2324 2995 2370 et
3050 2323 3304 2385 peccator
3350 2312 3495 2372 mori

1911 2425 2020 2463 non
2049 2410 2335 2479 potuisset,
2362 2418 2527 2479 atque
2564 2410 2637 2463 ita
2685 2407 3051 2462 inobedientia
3090 2421 3309 2489 poenam
3333 2406 3492 2462 dehi-

1911 2510 2020 2556 tam
2050 2517 2157 2556 non
2183 2502 2426 2555 haberet.
2458 2499 2568 2556 Nec
2626 2516 2685 2556 se
2735 2507 3150 2571 recognosceret
3197 2498 3494 2570 aliquando

1910 2604 2182 2664 peccator,
2210 2594 2253 2647 si
2283 2604 2536 2649 mortuus
2569 2593 2717 2649 intus
2746 2608 2965 2663 semper
2992 2591 3126 2646 foris
3154 2593 3379 2647 viveret.

1982 2686 2111 2740 Item
2150 2687 2235 2740 :si
2271 2702 2337 2740 ex
2390 2685 2718 2741 necessitate
2767 2685 3014 2739 mortalis
3074 2684 3291 2752 fuisset,
3321 2683 3489 2740 etiam

1910 2776 2278 2831 inobedientia
2316 2775 2618 2845 persistens
2670 2775 2810 2830 mori
2846 2776 3145 2841 debuisset,
3183 2784 3239 2830 et
3290 2774 3492 2846 injuste

1908 2868 2028 2922 sine
2077 2869 2235 2938 culpa
2286 2869 2592 2939 puniretur,
2623 2869 2669 2924 si
2715 2885 2823 2924 non
2882 2885 3114 2940 peccans
3163 2880 3486 2926 moreretur.

1907 2961 2252 3031 Quapropter
2275 2964 2400 3032 quia
2438 2960 2754 3033 probandus
2799 2970 2917 3016 erat
2963 2970 3017 3016 et
3070 2970 3253 3016 utrum
3296 2959 3490 3014 inobe—

1919 3054 2123 3108 dientia
2151 3055 2465 3124 persisterct
2485 3055 2926 3125 exspectabatur,
2943 3069 3073 3109 caro
3100 3068 3316 3124 quoque
3340 3052 3488 3109 illius

230 3161 529 3235 intelligere
581 3180 689 3220 non
736 3176 987 3238 poterant
1038 3168 1271 3224 obruere
1315 3146 1630 3240 quaerebant
1662 3190 1675 3226 :
1707 3172 1800 3229 sed
1830 3182 1872 3240 ο
1915 3148 2217 3202 summum
2261 3148 2467 3218 aliquid
2517 3148 2762 3203 mortalis
2789 3155 2927 3213 erat,
2961 3146 3088 3217 Ἷ¹¹ί³
3138 3152 3350 3216 pom.“
3377 3159 3487 3240 nm!

226 3254 488 3314 Dominus
517 3274 577 3315 se
612 3259 891 3317 vindicare
935 3262 1125 3328 noluit,
1154 3262 1281 3334 quia
1322 3265 1432 3334 pati
1463 3273 1704 3320 venerat.
1734 3264 1801 3322 Et

226 3345 349 3402 ideo
369 3363 429 3403 se
457 3348 743 3405 abscondit
759 3360 817 3406 ut
839 3352 995 3408 daret
1036 3353 1193 3409 nobis
1221 3355 1527 3425 exemplum
1558 3356 1690 3411 dare
1718 3356 1800 3412 lo-

222 3451 347 3493 cum
386 3438 502 3505 irze,
535 3440 616 3496 vel
647 3442 768 3497 ideo
800 3451 859 3497 ut
903 3444 1210 3499 ostenderet
1244 3445 1371 3515 quia
1426 3447 1540 3517 ipsa
1593 3449 1798 3504 veritas

223 3529 304 3585 eis
327 3531 700 3598 absconditur,
728 3533 821 3604 qui
863 3534 982 3605 ejus
1011 3535 1174 3590 verba
1216 3536 1371 3606 sequi
1416 3548 1794 3608 contemnunt,

223 3631 281 3674 et
313 3618 447 3690 fugit
474 3632 733 3685 mentem,
764 3625 893 3695 quia
933 3641 1041 3681 non
1088 3626 1295 3681 invenit
1325 3628 1608 3684 humilem.
1658 3629 1795 3688 Nota

222 3712 352 3782 quia
383 3713 786 3770 inconsiderate
824 3715 997 3772 Judaei
1053 3718 1310 3773 dixerunt
1344 3720 1411 3774 ad
1456 3720 1745 3778 Dominum
1776 3742 1792 3780 :

222 3801 622 3877 Quinquaginta
646 3822 820 3862 annos
848 3807 1089 3862 nondum
1120 3808 1328 3864 habes?
1365 3808 1504 3866 Sunt
1550 3814 1643 3882 qui
1694 3815 1796 3867 fin-

223 3903 356 3964 gunt
393 3895 464 3951 ab
514 3896 889 3954 incarnatione
932 3914 1108 3970 usque
1145 3900 1211 3955 ad
1267 3906 1573 3970 passionem
1623 3906 1794 3961 multo

223 3985 402 4056 plures
420 4002 594 4043 annos
617 4003 782 4059 quam
804 4004 870 4043 ex
895 3988 1139 4044 historiis
1164 3989 1507 4060 colligamus.

890 4118 1122 4178 SERMO

293 4249 355 4288 DE
377 4249 544 4290 CARNl-Z
566 4250 706 4297 QUAM
722 4232 945 4291 νειιιιωι
967 4252 1255 4292 Αδευιιιτειτ
1272 4256 1284 4291 2
1303 4252 1492 4301 QUALIS
1521 4254 1720 4297 FUEBIT

425 4320 697 4360 SECUNDUM
730 4321 1166 4363 ΡΑεδιιιιιιτιιτειι
1192 4323 1260 4362 ΕΤ
1286 4324 1576 4372 ΛῐιἹἙοτυδο

293 4416 363 4473 De
379 4434 541 4474 carne
566 4417 729 4474 Verbi
762 4435 1192 4477 commemorare
1229 4431 1467 4491 oportet,
1485 4424 1615 4495 quia
1639 4424 1787 4480 illam

1906 3241 2070 3306 mori,
2089 3249 2359 3310 quatenus
2374 3256 2439 3295 ex
2458 3255 2524 3295 eo
2545 3240 2690 3311 quod
2717 3240 2855 3293 mori
2884 3248 3092 3310 poterat
3116 3245 3418 3292 moreretur
3438 3234 3487 3291 si

1900 3341 2171 3403 peccaret,
2206 3339 2260 3386 et
2289 3347 2354 3386 ex
2394 3346 2461 3385 eo
2490 3331 2762 3395 similiter,
2792 3331 2921 3401 quia
2972 3344 3079 3383 non
3129 3327 3268 3382 mori
3334 3333 3487 3408 poto-

1899 3432 2006 3492 rat,
2034 3439 2142 3478 non
2168 3432 2494 3490 moreretur,
2548 3423 2592 3478 si
2643 3423 2698 3477 in
2740 3420 3045 3477 obedientia
3086 3425 3482 3490 perseveraret.

1897 3516 2150 3571 Christus
2172 3526 2378 3582 autem,
2414 3516 2542 3586 quia
2576 3515 2740 3570 homo
2766 3512 3039 3585 perfectus
3066 3529 3096 3568 a
3132 3511 3401 3584 principio
3429 3517 3486 3566 et

1897 3608 2159 3678 probatus
2215 3608 2466 3663 inventus
2518 3616 2598 3662 est
2628 3606 2694 3661 ad
2733 3604 3117 3676 perfectionem
3151 3603 3237 3657 vel
3265 3603 3331 3657 ad
3356 3616 3485 3671 pro-

1897 3700 2197 3764 bationem,
2226 3707 2543 3770 expectatus
2569 3714 2677 3753 non
2709 3706 2813 3763 est,
2849 3705 2904 3751 et
2933 3697 3135 3751 idcirco
3169 3693 3312 3749 sicut
3340 3691 3482 3747 libe-

1895 3808 2018 3846 rum
2058 3793 2345 3846 arbitrium
2388 3790 2599 3855 habuit,
2650 3806 2750 3844 nec
2802 3799 2981 3844 tamen
3019 3789 3091 3843 ita
3149 3799 3207 3842 nt
3254 3797 3484 3856 peccare

1894 3892 2080 3953 posset
2113 3884 2185 3937 ita
2211 3897 2429 3953 quoque
2451 3892 2505 3937 et
2538 3882 3019 3946 immortalitatem,
3047 3889 3312 3951 quantum
3334 3878 3387 3932 in
3418 3892 3482 3935 se

1892 3984 2028 4039 erat,
2058 3974 2258 4029 habere
2285 3974 2487 4040 debuit,
2518 3982 2574 4028 et
2596 3974 2666 4027 ita
2693 3981 2751 4027 ut
2782 3974 2920 4027 mori
2952 3973 3179 4026 omnino
3209 3987 3316 4025 non
3346 3986 3477 4041 pos-

1896 4076 2000 4122 set.
2035 4064 2190 4122 Unde
2216 4074 2431 4122 constat
2459 4065 2605 4135 quod
2647 4065 2866 4119 Christo
2897 4064 3104 4118 homini
3139 4079 3171 4117 a
3210 4062 3479 4133 principio

1893 4174 2000 4215 non
2023 4160 2198 4215 solum
2226 4158 2314 4213 illa
2337 4157 2718 4213 immortalitas
2737 4157 3055 4222 debebatur,
3078 4171 3241 4226 quam
3266 4154 3476 4225 primus

1892 4249 2060 4305 homo
2093 4250 2284 4305 habuit
2313 4258 2439 4305 ante
2467 4248 2990 4319 praevaricationem,
3017 4247 3110 4301 sed
3134 4246 3224 4300 illa
3255 4258 3475 4316 quoque

1891 4358 2056 4409 quam
2095 4358 2241 4398 nunc
2278 4342 2554 4399 secundus
2583 4341 2747 4396 habet
2769 4349 2891 4410 post
2912 4339 3389 4403 resurrectionem,
3415 4346 3474 4393 ut

1889 4435 2139 4491 videlicet
2179 4436 2322 4491 sicut
2362 4451 2426 4490 ex
2475 4434 2755 4490 consortio
2794 4432 3013 4488 Deitatis
3048 4431 3242 4501 spiritu
3274 4429 3475 4486 contir-

225 4509 291 4565 ab
309 4509 420 4580 ipsa
459 4511 816 4581 conceptione
860 4511 1096 4583 Spiritus
1142 4518 1314 4573 sancti
1355 4518 1670 4586 operatione
1711 4518 1786 4574 ita
1820 4541 1862 4595 ι)
1891 4537 2071 4582 matus
2095 4538 2213 4583 erat
2239 4529 2307 4583 ad
2333 4530 2638 4594 veritatem,
2671 4537 2730 4583 ut
2759 4542 2982 4598 peccare
3023 4542 3131 4581 non
3158 4534 3362 4595 posset,
3397 4524 3471 4578 ita

226 4603 528 4659 mundatam
552 4604 846 4672 credimus,
877 4615 936 4661 ut
953 4622 1072 4663 eam
1093 4607 1327 4665 Verbum
1352 4611 1529 4681 ipsum
1554 4611 1787 4668 liberum

226 4709 443 4764 prorsus
468 4704 523 4749 et
548 4695 847 4751 immunem
895 4699 966 4752 ab
1008 4700 1161 4754 omni
1208 4710 1429 4770 peccato
1458 4709 1784 4771 assumeret,

224 4801 374 4856 pinna
397 4795 605 4842 tantum
636 4790 1185 4861 peccatojvoluntate,
1213 4808 1318 4846 non
1345 4794 1668 4850 necessitate
1697 4811 1789 4850 as-

227 4880 502 4946 sumentis,
539 4892 874 4949 remanente,
906 4892 967 4938 ut
989 4885 1120 4939 dum
1151 4884 1252 4939 ista
1272 4885 1327 4940 in
1360 4883 1638 4942 Salvatore
1667 4888 1789 4944 sine

227 4971 371 5042 culpa
392 4981 687 5042 pateretur,
707 4974 796 5031 illa
821 4990 927 5044 qua
954 4975 1007 5028 in
1026 4976 1307 5032 salvandis
1329 4991 1429 5046 pro
1443 4977 1600 5048 culpa
1623 4994 1786 5049 paena

228 5063 454 5120 obnoxia
481 5062 698 5120 fuerant
733 5065 1073 5122 liberaretur.
1104 5065 1311 5124 De'hac
1343 5084 1505 5138 pinna
1548 5072 1786 5140 passibi-

226 5154 381 5210 litatis
395 5156 508 5212 sive
538 5157 886 5214 mortalitatis
916 5160 1403 5230 quaaruntquidam
1428 5163 1704 5232 quomodo
1728 5164 1783 5219 in

228 5262 376 5304 carne
387 5247 456 5304 Sa
463 5250 685 5305 lvatoris
694 5259 829 5305 erat.
845 5248 948 5306 Sed
962 5250 1121 5308 facile
1128 5261 1211 5309 est
1222 5254 1361 5310 scire
1371 5258 1646 5327 quomodo
1655 5274 1717 5313 ca
1724 5272 1785 5313 ro

230 5338 310 5393 illa
336 5340 575 5410 quandiu
620 5341 677 5395 in
711 5357 893 5398 massa
941 5345 1157 5415 generis
1187 5345 1412 5402 lmmani
1462 5348 1564 5405 sub
1613 5350 1784 5421 origi-

226 5431 325 5486 nali
373 5431 556 5488 debito
606 5432 729 5501 fuit,
780 5450 994 5506 pinnam
1047 5453 1268 5509 quoque
1321 5442 1785 5511 praevaricationis

228 5539 339 5595 qua
358 5532 527 5581 totum
555 5527 839 5582 tenebatur
864 5527 918 5582 in
951 5537 1064 5583 toto
1095 5531 1215 5601 ipso
1239 5548 1304 5588 ex
1332 5534 1659 5589 necessitate
1689 5551 1785 5591 su-

230 5615 421 5673 stinuit.
451 5616 746 5689 Postquam
771 5634 901 5674 vero
948 5637 978 5675 a
1012 5629 1125 5677 toto
1166 5623 1286 5694 ipso
1325 5625 1675 5696 singulariter
1700 5626 1785 5681 di-

228 5709 332 5765 visa
359 5719 461 5775 est,
488 5718 669 5767 utnec
703 5711 757 5767 in
782 5714 903 5783 ipso
922 5724 1085 5783 esset,
1115 5731 1216 5772 nec
1242 5731 1366 5772 cum
1390 5717 1510 5790 ipso
1535 5718 1590 5774 in
1614 5733 1781 5777 causa

231 5800 574 5873 Wrticiparet,
602 5801 714 5874 jam
741 5803 874 5857 nihil
897 5819 1046 5875 penze
1062 5806 1267 5877 debuit,
1299 5808 1426 5880 quia
1451 5808 1625 5882 culpa:
1646 5809 1781 5867 nihil

1888 4634 2110 4691 quoque
2136 4635 2203 4676 ex
2231 4622 2429 4676 merito
2472 4621 2691 4676 virtutis
2736 4636 2902 4676 carne
2940 4619 3294 4675 confirmatus
3327 4623 3473 4671 esset

1888 4710 1958 4766 ad
1996 4711 2487 4782 incorruptionem,
2530 4718 2590 4767 ut
2637 4711 2776 4766 mori
2805 4726 2912 4765 non
2944 4719 3147 4781 posset.
3187 4708 3291 4763 Sed
3338 4708 3471 4778 quia

1887 4816 2019 4858 caro
2042 4802 2311 4873 peccatrix
2347 4818 2377 4857 a
2408 4818 2566 4873 ptena
2608 4803 2813 4872 peccati
2848 4801 3064 4855 liberari
3118 4816 3225 4854 non
3272 4798 3469 4869 potuit,

1890 4893 1992 4949 nisi
2024 4895 2145 4963 ejus
2169 4908 2299 4950 caro
2332 4909 2456 4964 quae
2484 4893 2603 4949 sine
2648 4902 2870 4963 peccato
2903 4891 3024 4957 fuit,
3065 4900 3341 4962 pateretur
3384 4891 3471 4946 in-

1888 4986 2198 5040 tirmitatem
2234 4985 2607 5056 passibilitatis
2631 4994 2685 5040 et
2720 4984 3066 5039 mortalitatis
3092 4985 3145 5038 in
3183 4998 3348 5039 carne
3377 4998 3471 5037 as-

1888 5089 2124 5147 sumpta,
2150 5079 2372 5133 retinuit
2400 5086 2688 5148 potestate,
2718 5078 2977 5133 sustinuit
3011 5079 3310 5142 voluntate,
3356 5090 3467 5131 non

1886 5183 2085 5238 passus
2116 5177 2200 5223 est
2242 5169 2586 5224 necessitate.
2628 5166 2703 5223 De
2734 5182 2898 5223 sensu
2953 5177 3133 5223 autem
3190 5165 3466 5238 passionis

1887 5259 1941 5313 in
1969 5274 2135 5314 carne
2158 5258 2361 5314 Christi
2391 5260 2613 5331 quidam
2642 5261 2783 5316 male
2803 5261 3040 5316 sensisse
3090 5260 3461 5323 inveniuntur,

1886 5359 2196 5407 asserentes
2223 5367 2441 5406 carnem
2472 5352 2640 5417 illam,
2674 5353 2729 5407 in
2762 5353 3020 5407 onmihus
3057 5352 3141 5407 his
3168 5367 3291 5421 quae
3320 5350 3374 5404 in
3397 5364 3459 5404 ea

1884 5450 1939 5515 et
1960 5442 2108 5497 circa
2146 5457 2265 5497 eam
2287 5442 2529 5498 exhibita
2565 5452 2693 5500 sunt
2725 5444 2996 5515 passionis
3018 5459 3236 5514 genera,
3269 5441 3463 5496 simili-

1885 5535 2127 5590 tudinem
2162 5534 2379 5605 quidem
2410 5536 2682 5607 passionis
2701 5547 2755 5592 et
2782 5537 2988 5593 doloris
3010 5535 3339 5604 suscepisse,
3364 5532 3462 5590 sed

1886 5627 2093 5683 nullmn
2127 5628 2354 5682 omnino
2379 5628 2620 5685 dolorem
2654 5637 2749 5684 aut
2771 5629 3074 5699 passionem
3105 5626 3459 5683 sustinuisse.

1887 5718 1992 5776 Sed
2020 5736 2128 5776 non
2160 5721 2446 5776 attendunt
2472 5732 2676 5793 quanta
2724 5723 3035 5779 absurditas
3061 5718 3332 5794 ejusmodi
3378 5732 3466 5775 as-

1885 5814 2175 5871 sertionem
2213 5823 2596 5885 consequatur.
2636 5813 2923 5882 Quomodo
2944 5815 3089 5872 enim
3139 5814 3195 5871 in
3240 5811 3463 5869 Christo
