3964 6448
521 360 627 415 999

1623 348 1949 407 WERNEIH
1985 344 2280 404 ABBATIS
2317 343 2374 400 8.
2416 337 2636 398 BLASll
3638 323 3713 380 90!

519 487 649 528 vera
676 470 984 540 compassio
1003 468 1127 533 fuit,
1152 468 1195 523 si
1230 482 1351 521 vera
1386 467 1565 536 passio
1606 483 1714 521 non
1757 467 1895 521 fuit?
1949 465 2099 532 Quo-
2128 474 2174 529 Α
2206 463 2379 517 victor
2407 457 2684 520 existeret,
2724 459 2991 523 quatenus
3019 455 3076 540 et
3101 441 3573 540 sibi-tentataouem
3595 444 3721 540 vitio-

521 563 689 618 modo
717 562 882 617 stabit
908 560 1050 629 quod
1092 559 1222 611 dicit
1250 558 1509 627 propheta
1539 577 1550 611 :
1589 580 1606 609 ι
1632 557 1767 613 Vere
1812 560 2102 630 languores

524 665 743 710 nostros
775 654 887 721 ipse
928 652 1068 715 tulit,
1102 659 1156 703 et
1210 651 1426 704 dolores
1461 661 1678 705 nostros
1730 652 1844 721 ipse
1871 651 2105 721 portavit

526 744 663 811 (Isa.
704 750 842 813 LIII).
868 762 885 793 ι
921 743 975 795 Si
1016 743 1269 796 Christus
1308 744 1362 796 in
1411 758 1572 797 cruce
1614 744 1853 798 dolorem
1910 760 2106 814 passus

525 852 633 890 non
665 834 805 901 fuit,
841 850 1008 904 quare
1064 845 1342 905 tantopere
1372 837 1591 891 calicem
1626 837 1899 907 passionis
1921 846 2106 891 trans-

524 927 651 980 ferri
683 943 712 979 a
758 943 815 980 se
866 927 1189 996 postulavit?
1239 928 1455 997 (Matth.
1492 929 1665 997 xxvi.)
1711 929 1851 996 Quid
1880 929 1980 984 sibi
2007 944 2103 983 vo-

523 1020 624 1072 luit
677 1020 900 1091 sanguis
940 1021 1028 1075 ille
1062 1020 1358 1091 desudans,
1410 1024 1716 1094 angustiam
1772 1023 2107 1078 imminentis

523 1113 718 1167 mortis
745 1114 1114 1168 contestatus?
1141 1112 1281 1180 Quid
1314 1114 1415 1169 sibi
1448 1115 1617 1171 voluit
1640 1116 1784 1186 quod
1810 1117 1923 1185 ipse
1948 1116 2107 1170 Chri-

524 1214 643 1259 stus
668 1205 720 1258 in
753 1203 1085 1271 inﬁrmitate,
1117 1206 1416 1260 secundum
1448 1222 1614 1277 quam
1645 1222 1773 1262 caro
1795 1208 2103 1277 passionem

524 1296 727 1362 timuit,
751 1304 805 1350 et
834 1296 1128 1362 voluntate,
1151 1297 1449 1351 secundum
1480 1313 1644 1368 quam
1675 1299 1898 1367 spiritus
1924 1313 2107 1367 prom-

523 1395 652 1456 ptus
674 1385 795 1453 fuit,
822 1401 1100 1456 exponens
1120 1386 1232 1440 ait:
1272 1406 1289 1437 ι
1318 1385 1797 1458 δρίτὶιιιεςίιιιὶιιειιι
1827 1396 2107 1457 promptus

505 1487 632 1545 est,
661 1493 790 1532 caro
812 1485 993 1532 autem
1019 1477 1231 1531 inﬁrma
1257 1478 1276 1531 .7
1307 1497 1325 1529 ι
1365 1477 1555 1549 (Ibid)
1590 1479 1681 1533 Isti
1729 1494 1857 1549 ergo
1884 1478 1979 1548 qui
2013 1492 2110 1532 ne-

527 1581 659 1639 gant
689 1571 742 1624 in
772 1568 1048 1623 Salvatore
1070 1570 1370 1625 secundum
1404 1571 1772 1625 infirmitatem
1807 1570 1989 1625 Carnis
2011 1586 2106 1624 νει

526 1678 644 1717 ram
678 1661 846 1717 fuisse
876 1662 1208 1732 passionem,
1236 1673 1499 1733 quantum
1532 1664 1584 1717 in
1614 1679 1672 1718 se
1709 1672 1811 1730 est,
1835 1679 1955 1718 eam
1985 1678 2107 1733 qua:

526 1770 624 1824 per
672 1754 980 1823 passionem
1029 1753 1235 1809 Christi
1270 1753 1410 1809 facta
1449 1764 1552 1820 est,
1585 1754 1983 1810 convincuntur
2010 1771 2107 1809 ne-

529 1861 657 1917 gare
695 1845 1139 1915 redemptionem.

602 1936 742 1992 Sunt
775 1938 865 1991 alii
895 1938 988 2008 qui
1031 1954 1139 1992 non
1175 1939 1374 1994 minori
1406 1939 1680 1995 dementia
1722 1941 1789 1997 de
1825 1941 2109 1997 aﬂectibus

528 2027 787 2083 humanis
820 2028 872 2082 in
905 2028 1152 2095 Christo,
1182 2032 1484 2086 secundum
1529 2047 1668 2102 quos
1693 2034 1976 2089 veritatem
2008 2051 2110 2088 na-

529 2131 666 2176 tura:
699 2137 822 2176 cum
857 2123 1196 2178 humanitate
1228 2124 1502 2194 suscepit;
1535 2125 1757 2195 quidam
1788 2142 1896 2181 non
1933 2126 2111 2181 solum

528 2212 688 2279 falsa,
720 2213 813 2267 sed
846 2213 1118 2268 horrenda
1148 2216 1311 2269 etiam
1353 2215 1734 2286 blasphemare
1761 2232 1867 2273 non
1912 2218 2114 2275 timue-

528 2312 679 2358 runt.
708 2302 847 2370 Quia
869 2305 1013 2359 enim
1038 2305 1331 2376 Apostolus
1357 2308 1433 2361 ait
1458 2327 1471 2362 :
1507 2327 1525 2359 ι
1551 2306 1669 2363 Νοιι
1699 2309 1963 2366 habemus
1986 2326 2114 2382 pon-

531 2396 756 2461 tiﬁcem,
802 2397 894 2467 qui
929 2413 1037 2451 non
1081 2398 1256 2468 possit
1291 2401 1527 2470 compati
1565 2401 1975 2457 inﬁrmitatibus
2012 2418 2114 2458 no-

531 2483 977 2556 stris,'tentatum
1021 2500 1201 2545 autem
1235 2507 1331 2562 per
1359 2494 1544 2548 omnia
1577 2493 1764 2564 (Hebr.
1809 2497 1904 2566 iv).
1946 2514 1965 2547 ι
2010 2496 2115 2551 As-

532 2592 722 2635 serunt
750 2581 1050 2636 humanum
1080 2581 1332 2637 eﬁ'ectum
1377 2583 1431 2638 in
1473 2583 1697 2639 Christo
1725 2594 1909 2640 motus
1952 2584 2108 2639 vitio-

533 2689 657 2727 rum
699 2674 937 2730 sensisse
980 2674 1190 2744 absque
1219 2690 1491 2730 consensu
1532 2684 1713 2731 tamen
1748 2677 1997 2741 rationis,
2029 2692 2116 2732 se-

533 2768 772 2821 cundum
817 2766 1240 2837 concupiscendi
1281 2766 1651 2823 inﬁrmitatem
1675 2783 1839 2838 quam
1867 2783 1990 2834 nos,
2021 2768 2115 2838 qui

533 2868 851 2929 peccatores
878 2875 1092 2926 sumus,
1130 2875 1198 2914 ex
1245 2859 1336 2913 illa
1377 2858 1630 2930 originali
1679 2860 2030 2930 corruptione
2060 2860 2115 2913 in

533 2968 718 3019 carne,
750 2969 915 3023 quam
946 2961 1259 3023 portamus,
1298 2952 1519 3007 illicitos
1549 2954 1821 3022 appetitus
1849 2962 1903 3007 et
1934 2960 2116 3007 motus

534 3044 989 3113 concupiscentia:
1017 3044 1292 3113 surgentis
1321 3056 1374 3097 et
1416 3043 1530 3096 vitii
1571 3043 1833 3098 tentantis
1877 3042 2116 3098 delecta-

534 3138 759 3203 tionem,
811 3136 975 3191 etiam
1022 3135 1197 3200 inviti,
1238 3135 1479 3189 solemus
1516 3134 1739 3189 sentire.
1783 3132 1894 3188 Nos
1935 3143 2115 3188 autem

534 3238 718 3283 motus
763 3228 967 3282 idcirco
1015 3225 1295 3280 Christum
1348 3226 1402 3279 in
1456 3241 1619 3281 carne
1663 3240 1763 3280 sua
1809 3225 2118 3280 voluntarie

536 3320 886 3387 sustinuisse,
933 3327 995 3374 ut
1047 3320 1209 3389 quasi
1260 3318 1366 3373 illis
1419 3318 1759 3374 tentantibus
1812 3316 2114 3374 resistendo

2204 568 2326 608 ruin
2379 546 2686 619 superando
2734 544 3013 613 praemium
3058 534 3285 606 justitiaa
3337 528 3644 619 acquireret,
3680 541 3722 586 et

2205 644 2365 698 nobis
2397 618 2457 694 in
2495 638 2788 693 tentatione
2818 632 3008 702 positis
3038 622 3326 682 resistendi
3357 630 3411 673 et
3440 618 3657 672 vincendi
3679 621 3723 675 ia

2204 733 2496 801 semetipso
2536 727 2841 796 exemplum
2893 722 3166 776 formaret.
3214 715 3319 769 Sed
3370 711 3505 765 absit
3539 727 3565 764 a
3596 727 3726 768 sensu

2206 826 2521 881 Christiano
2576 830 2637 876 ut
2693 820 2859 872 ullam
2917 815 2973 868 in
3028 826 3191 867 carne
3239 814 3575 863 sacrosancta
3621 804 3726 876 Agni

2206 913 2485 969 vernaculi
2512 910 2832 965 inordinata:
2853 901 3226 959 delectationis
3254 908 3306 952 et
3331 894 3728 962 concupiscentia:

2208 1005 2408 1059 illicita:
2436 1003 2733 1057 illationem
2760 999 2945 1067 aliquo
2974 994 3138 1049 modo
3160 990 3350 1052 fuisse,
3380 995 3472 1041 aut
3496 986 3635 1051 dicat,
3656 998 3727 1042 aut

2206 1280 2544 1343 diceremus,
2573 1276 2816 1347 profecto
2847 1271 2915 1326 ab
2938 1268 3088 1324 omni
3120 1265 3276 1320 initio
3307 1261 3531 1315 liberant
3562 1274 3735 1331 negare»

2208 1388 2352 1426 mus.
2381 1370 2669 1436 Quomodo
2712 1375 2894 1421 autem
2926 1362 3117 1416 vitium
3164 1354 3475 1414 mundaret,
3504 1350 3545 1405 si
3583 1350 3733 1404 vitium

2208 1464 2483 1535 portaret?
2547 1461 2726 1517 Motus
2781 1457 3003 1529 quidem
3062 1452 3412 1508 inordinatus
3441 1462 3503 1500 ex
3548 1444 3732 1498 inﬁrmi-

2209 1567 2318 1612 tate
2366 1552 2787 1625 eoncupiscendi
2820 1565 3051 1620 surgens
3093 1561 3218 1601 cum
3263 1544 3383 1613 ipsa
3414 1541 3732 1609 corruptione,

2208 1649 2275 1704 de
2295 1665 2403 1720 qua
2432 1650 2606 1704 oritur
2634 1663 2742 1701 non
2771 1645 2948 1701 solum
2976 1656 3136 1712 paena
3162 1648 3266 1705 est,
3297 1635 3394 1692 sed
3424 1633 3572 1702 culpa
3598 1652 3609 1686 :
3636 1633 3735 1702 quia

2210 1752 2391 1797 tamen
2416 1742 2468 1796 in
2498 1739 2786 1811 baptizatis
2809 1737 2875 1792 ad
2900 1733 3308 1791 damnationem
3337 1744 3450 1784 non
3475 1728 3734 1795 imputatur,

2211 1839 2341 1910 quia
2385 1853 2479 1907 per
2521 1835 2750 1907 gratiam
2802 1847 2957 1888 nova:
3004 1823 3440 1901 regenerationis
3478 1831 3737 1885 excusatur,

2211 1931 2355 1987 sicut
2380 1930 2513 1984 dicit
2549 1926 2845 1998 Apostolus
2879 1944 2893 1979 :
2930 1943 2947 1976 ι
2978 1922 3100 1977 Jam
3139 1919 3279 1975 nihil
3314 1915 3739 1972 damuationisest

2212 2023 2299 2077 his
2329 2021 2423 2091 qui
2454 2030 2582 2075 sunt
2626 2019 2680 2072 in
2721 2016 2942 2072 Christo
2968 2015 3097 2070 Jesu
3127 2013 3305 2083 (Rom.
3337 2008 3481 2078 vni).
3513 2028 3530 2060 ι
3560 2005 3662 2062 llaec
3684 2018 3742 2060 ta-

2212 2130 2338 2169 men
2365 2112 2646 2183 corruptio
2684 2127 2781 2182 per
2817 2110 3045 2182 gratiam
3076 2104 3410 2162 sacramenti
3435 2117 3537 2156 non
3564 2101 3737 2171 quidem

2212 2206 2410 2277 accipit
2439 2213 2501 2260 ut
2525 2205 2684 2275 culpa
2708 2218 2817 2257 non
2856 2203 2947 2269 sit,
2979 2201 3073 2256 sed
3106 2207 3165 2255 ut
3185 2195 3517 2254 damnabilis
3543 2210 3628 2249 non
3648 2193 3736 2259 sit;

2213 2300 2342 2370 quia
2368 2298 2413 2353 si
2443 2297 2602 2368 culpa
2631 2296 2860 2351 omnino
2888 2309 2996 2349 non
3027 2300 3192 2357 esset,
3225 2305 3339 2344 non
3374 2290 3574 2343 haberet
3596 2301 3734 2341 excu-

2214 2392 2346 2458 sari,
2369 2392 2497 2462 quia
2539 2405 2649 2444 non
2691 2388 2891 2444 debent
2932 2384 3210 2456 imputari.
3257 2381 3584 2452 Quapropter
3617 2379 3743 2432 illam

2214 2483 2583 2538 inﬁrmitatem
2612 2483 2865 2536 humanae
2894 2488 3123 2542 naturae,
3152 2491 3275 2547 qua:
3301 2489 3466 2545 pmua
3491 2482 3581 2537 est,
3600 2471 3746 2527 solum

2215 2592 2339 2631 cum
2384 2577 2732 2645 susceptione
2769 2572 2953 2628 carnis
2993 2570 3276 2626 Christum
3311 2568 3657 2639 assumpsisse
3678 2581 3751 2620 ve-

2216 2669 2415 2724 raciter
2446 2668 2680 2723 dicimus
2707 2686 2719 2721 :
2761 2666 2907 2720 illam
2938 2680 3091 2732 vero,
3122 2679 3247 2734 quae
3278 2663 3359 2718 sic
3401 2677 3557 2732 poena
3584 2670 3671 2726 est,
3704 2666 3750 2714 ut

2216 2762 2380 2817 etiam
2417 2761 2573 2831 culpa
2604 2761 2695 2827 sit,
2745 2759 3062 2813 nullatenus
3099 2756 3393 2810 admisisse
3430 2753 3752 2808 indubitanter

2217 2856 2572 2909 allii-mantus.
2604 2853 2789 2923 Neque
2826 2853 2971 2907 enim
3018 2851 3102 2905 sic
3131 2851 3390 2904 victorem
3427 2848 3666 2901 vitiorum
3689 2845 3754 2900 di-

2217 2963 2339 3002 cere
2367 2947 2639 3014 volumus,
2669 2958 2728 3000 ut
2750 2961 2873 3000 eum
2901 2946 3017 3014 ipsa
3061 2959 3185 3014 qua:
3225 2942 3471 2997 vinceret
3509 2941 3627 2994 vitia
3652 2954 3755 3009 por-

2217 3049 2364 3095 tasse
2420 3040 2717 3110 aliquando
2764 3054 2829 3093 ac
2887 3037 3129 3092 sensisse
3187 3036 3460 3090 dicamus.
3512 3034 3757 3103 Propterea

2218 3135 2362 3189 enim
2394 3150 2489 3204 per
2520 3134 2690 3188 solam
2722 3146 2940 3202 poenam
2983 3130 3253 3184 inﬁrmari
3285 3130 3582 3190 consensit,
3609 3136 3661 3181 ut
3685 3139 3762 3180 eos

2224 3229 2316 3297 qui
2340 3227 2392 3280 in
2418 3227 2576 3297 culpa
2604 3235 2658 3280 et
2682 3226 2734 3278 in
2761 3240 2918 3295 poena
2947 3224 3307 3295 aegrotahaut,
3333 3223 3564 3293 primum
3584 3238 3612 3276 a
3631 3220 3761 3289 culpa

2219 3319 2562 3392 justiﬁcaret,
2592 3327 2646 3374 et
2672 3327 2860 3390 postea
2891 3333 2922 3371 a
2945 3332 3105 3387 pmna
3133 3317 3412 3372 liberaret.

1609 3607 2120 3687 DOMINICA
2184 3607 2294 3688 ΙΝ
2358 3604 2738 3685 PALMIS

618 3802 637 3834 ‹
692 3780 831 3837 Cum
874 3781 1404 3853 apprOpiuquasscnt
1446 3781 1877 3857 Hierosolymis,
1924 3793 1979 3841 et
2022 3800 2118 3840 ve-

541 3874 755 3930 nissent
793 3873 1104 3947 Bethphage
1147 3877 1212 3931 ad
1259 3887 1498 3932 montem
1543 3877 1760 3947 Oliveti,
1795 3889 1925 3935 tunc
1962 3877 2122 3935 Jesus

541 3969 691 4024 misit
719 3970 858 4025 duos
887 3970 1207 4041 discipulos,
1236 3972 1425 4028 dicens
1456 3974 1536 4029 eis
1564 3994 1576 4029 :
1620 3974 1696 4031 lle
1741 3977 1794 4029 in
1834 3976 2118 4031 castellum

541 4060 686 4130 quod
730 4070 923 4116 contra
968 4077 1067 4117 vos
1095 4072 1199 4130 cst,
1241 4073 1296 4118 et
1341 4065 1527 4119 statim
1576 4065 1864 4120 invenietis
1906 4066 2119 4119 asinam

542 4153 841 4224 alligatam,
870 4162 924 4209 et
953 4154 1159 4223 pullum
1187 4155 1308 4224 ejus
1332 4172 1459 4210 eum
1492 4172 1555 4211 ea
1584 4157 1883 4226 alligatum,
1910 4158 1998 4213 cui
2027 4174 2122 4213 ne-

543 4261 635 4301 mo
662 4262 900 4317 unquam
935 4247 1214 4301 hominem
1253 4248 1412 4314 sedit,
1444 4249 1637 4303 solvite
1679 4250 1829 4303 illum
1860 4259 1914 4304 et
1943 4249 2119 4304 addu-

543 4339 649 4393 cite
680 4339 837 4393 mihi.
871 4337 937 4392 Et
978 4339 1023 4394 si
1053 4338 1179 4409 quis
1207 4340 1361 4394 vobis
1391 4341 1598 4410 aliquid
1630 4341 1849 4408 dixerit,
1878 4342 2042 4397 dicite
2070 4343 2119 4397 ei

544 4431 673 4501 quia
704 4429 967 4485 Dominus
1006 4445 1227 4500 Operam
1261 4432 1380 4502 ejus
1421 4433 1694 4488 desiderat
1739 4446 1792 4489 et
1828 4434 2116 4490 confestim

2225 3800 2328 3841 nec
2359 3801 2457 3842 sua
2490 3785 2686 3840 virtute
2720 3783 2948 3840 evadere
2976 3792 3249 3854 poterant.
3297 3782 3436 3837 Nam
3469 3783 3606 3839 sicut
3624 3781 3771 3844 naris,

2222 3876 2396 3934 fracto
2437 3878 2825 3949 gubernaculo,
2859 3878 2987 3933 illuc
3009 3877 3229 3931 ducitur
3250 3893 3363 3947 quo
3386 3884 3675 3947 tempestas
3694 3876 3777 3929 im-

2222 3970 2391 4040 pellit,
2428 3970 2509 4024 sic
2538 3970 2703 4024 homo
2743 3969 2939 4024 divina:
2975 3968 3162 4039 gratia:
3210 3969 3422 4023 auxilio
3477 3967 3680 4038 perdito
3702 3979 3781 4036 per

2220 4069 2504 4130 peccatum
2534 4077 2642 4114 non
2665 4061 2811 4130 quod
2835 4060 2948 4113 vult
2970 4060 3098 4131 agit,
3132 4060 3223 4114 sed
3255 4061 3400 4131 quod
3431 4060 3698 4114 diabolus.
3730 4054 3786 4110 Et

2223 4154 2365 4209 sicut
2390 4154 2626 4224 primum
2657 4154 2712 4207 in
2737 4162 3004 4223 potestate
3025 4162 3107 4209 est
3142 4154 3327 4223 populi
3356 4153 3547 4209 facere
3589 4152 3685 4208 sibi
3718 4163 3789 4205 re-

2226 4263 2343 4318 gem
2372 4263 2533 4317 quem
2574 4247 2710 4315 vult,
2762 4246 2963 4302 factum
2997 4257 3179 4302 autem
3228 4248 3295 4301 de
3339 4264 3516 4318 regno
3552 4245 3791 4316 expellere

2220 4341 2334 4411 jam
2362 4357 2469 4395 non
2499 4351 2581 4396 est
2603 4340 2655 4393 in
2695 4349 2962 4411 potestate
2985 4341 3123 4410 ejus,
3157 4349 3211 4394 et
3240 4341 3313 4394 ita
3345 4341 3612 4395 voluntas
3636 4335 3792 4409 populi

2226 4432 2281 4486 in
2312 4432 2688 4486 necessitatem
2730 4431 3085 4486 convertitur.
3129 4428 3221 4485 Sic
3265 4431 3454 4496 homo,
3495 4431 3792 4500 priusquam

545 4522 781 4577 dimittet
825 4537 921 4577 eos
947 4521 1164 4592 (Matth.
1196 4524 1333 4594 xxi).
1367 4544 1386 4576 ι
1433 4523 1745 4597 Bethphage
1777 4528 2119 4582 sacerdotum
2152 4545 2199 4602 ι)
2225 4530 2429 4595 peccet,
2460 4522 2687 4578 liberum
2718 4523 2879 4577 habet
2925 4522 3230 4589 arbitrium,
3282 4532 3470 4575 utrum
3531 4521 3661 4575 velit
3700 4532 3799 4573 esse

547 4614 763 4668 viculus
789 4621 909 4667 erat
945 4612 1408 4670 etconfessionis
1445 4618 1696 4685 portabat
1738 4626 1947 4688 typum,
1996 4618 2125 4688 quia

552 4705 739 4757 donius
781 4703 955 4757 buccae
999 4705 1406 4775 interpretatur.
1440 4707 1672 4764 Pulchre
1717 4725 1844 4780 ergo
1895 4708 2128 4764 refertur

550 4797 690 4851 situs
719 4796 773 4850 in
804 4808 988 4851 monte
1016 4795 1231 4863 Oliveti,
1260 4814 1384 4853 cum
1406 4802 1477 4854 sit
1505 4800 1610 4854 olei
1640 4810 1830 4854 natura
1859 4800 1998 4855 lucis
2018 4800 2128 4853 mi-

553 4889 791 4943 nistrare
818 4897 872 4942 et
899 4888 1147 4943 laborum
1178 4889 1536 4961 dolorumque
1561 4892 1824 4958 solamen,
1851 4892 1980 4961 quia
2005 4907 2131 4947 con—

554 4979 770 5033 ﬁtentes
793 4991 1011 5049 peccata
1055 4997 1153 5036 sua
1183 4982 1401 5038 Christo
1432 4984 1729 5047 adhaerent,
1759 4983 1853 5054 qui
1894 5000 1995 5040 nos
2029 5001 2133 5039 un-

556 5070 737 5125 ctione
783 5072 1013 5141 spiritali
1059 5083 1113 5129 et
1144 5076 1385 5129 scientitc
1416 5075 1536 5129 luce
1571 5074 1796 5130 refovet.
1843 5075 1920 5132 Ne
1948 5087 2129 5133 autem

559 5164 987 5219 absconderetur
1020 5166 1211 5221 civitas
1256 5183 1422 5236 supra
1462 5175 1700 5222 montem
1744 5169 1893 5224 hunc
1932 5173 2131 5240 posita,

561 5256 725 5311 ntittit
751 5256 1048 5327 discipulos
1092 5259 1147 5312 in
1180 5260 1487 5321 castellum,
1513 5261 1658 5329 quod
1685 5270 1873 5317 contra
1903 5279 1998 5320 eos
2029 5277 2131 5330 est,

560 5358 619 5402 ut
662 5366 759 5419 per
800 5351 922 5408 illos
970 5352 1138 5407 totius
1182 5362 1374 5407 contra
1418 5354 1580 5423 positi
1622 5356 1769 5410 orbis
1801 5359 2136 5414 munitiones

560 5447 824 5509 penetret.
850 5444 1019 5500 Asina
1051 5453 1106 5499 et
1132 5445 1314 5513 pullus
1337 5443 1508 5499 Judaei
1539 5456 1685 5513 sunt,
1710 5456 1763 5501 et
1793 5457 1979 5518 gentes
2006 5466 2137 5520 pro:

561 5540 679 5601 pter
716 5534 982 5603 quasdam
1026 5535 1431 5590 similitudines.
1472 5535 1569 5591 Est
1610 5539 1757 5592 enim
1792 5540 1895 5594 hoc
1935 5541 2137 5595 animal

564 5624 928 5691 immundum,
952 5635 1007 5679 et
1030 5636 1142 5695 prae
1175 5629 1386 5682 caeteris
1415 5628 1677 5697 juuaentis
1703 5631 1948 5698 stultum,
1975 5642 2029 5687 et
2056 5633 2140 5687 in-

564 5714 804 5783 ﬁrmum,
834 5727 890 5773 ct
923 5719 1178 5788 ignobile,
1210 5728 1264 5774 et
1291 5719 1643 5775 oneril'erum.
1672 5720 1762 5777 Sic
1787 5723 2006 5779 fuerunt
2041 5725 2140 5780 ho-

568 5807 744 5864 mines
774 5820 898 5891 ante
920 5808 1220 5868 Christum.
1259 5811 1430 5884 Ligati
1458 5814 1621 5869 etiam
1658 5831 1688 5869 a
1721 5815 1939 5871 dial‘olo
1961 5828 2135 5889 erant,

2229 4619 2330 4674 sub
2357 4633 2523 4688 regno
2544 4617 2763 4671 diaboli.
2794 4616 2931 4670 Cum
2954 4625 3133 4669 autem
3164 4616 3446 4684 peccando
3484 4616 3537 4669 ei
3570 4613 3801 4681 subjuga-

2228 4719 2318 4763 tur
2342 4725 2449 4763 non
2471 4716 2648 4778 potest
2665 4709 2731 4762 de
2759 4715 3026 4777 potestate
3057 4706 3176 4774 ejus
3202 4709 3373 4769 exire,
3406 4706 3548 4775 quia
3578 4704 3804 4757 voluntas

2228 4811 2314 4858 est
2336 4817 2597 4857 conversa
2628 4801 2682 4854 in
2712 4800 3113 4855 necessitatem.
3162 4797 3277 4854 lloc
3314 4809 3398 4853 est
3436 4799 3595 4868 quod
3636 4810 3805 4867 pecca-

2232 4904 2377 4950 tores
2398 4893 2775 4950 solentdicere
2803 4913 2817 4947 :
2846 4892 3118 4947 Vellemus
3165 4908 3287 4947 esse
3330 4894 3538 4957 sancti,
3587 4892 3683 4947 sed
3720 4904 3809 4943 ncn

2230 5000 2547 5056 possumus.
2591 4984 2792 5041 Verum
2834 4986 3045 5050 dicunt,
3081 4985 3174 5039 sed
3211 4999 3322 5039 non
3357 4984 3575 5039 habent
3598 4997 3810 5039 excusa-

2232 5080 2457 5146 tionem,
2488 5080 2615 5150 quia
2642 5060 2879 5150 primuin
2913 5087 3210 5149 potuerunt
3238 5094 3346 5132 non
3374 5094 3509 5134 esse
3541 5079 3651 5134 sub
3679 5088 3816 5148 pete-

2235 5178 2373 5225 state
2402 5170 2623 5237 diaboli,
2648 5171 2716 5225 de
2748 5186 2854 5241 qua
2886 5171 2989 5225 nisi
3035 5173 3186 5226 solus
3223 5170 3369 5227 Deus
3423 5187 3606 5227 nemo
3662 5175 3821 5242 potest

2235 5263 2462 5333 eripere.
2502 5262 2709 5333 Populo
2748 5263 2965 5333 quidem
2998 5264 3282 5318 nationum
3318 5264 3576 5333 perﬁdia:
3608 5261 3826 5317 vinculis

2238 5356 2445 5411 irretito
2472 5373 2633 5412 nemo
2661 5373 2902 5428 unquam
2929 5357 3211 5412 hominum
3243 5359 3404 5425 sedit,
3443 5358 3505 5412 id
3533 5368 3625 5413 est
3658 5356 3827 5411 nullus

2237 5449 2429 5503 doctor
2476 5447 2692 5502 frenum
2729 5449 3085 5503 correctionis
3126 5449 3376 5515 contulit,
3438 5465 3571 5519 quo
3606 5450 3695 5504 vel
3734 5448 3830 5501 lin-

2239 5557 2400 5611 guam
2422 5558 2451 5595 a
2478 5542 2621 5595 malo
2642 5541 2896 5596 cohibere
2920 5542 2999 5595 vel
3021 5542 3075 5595 in
3101 5542 3241 5595 viam
3266 5542 3390 5596 vita!
3410 5550 3724 5611 cogeretur
3743 5540 3828 5592 ire.

2243 5632 2465 5688 Sederet
2491 5649 2727 5704 namque
2758 5635 2848 5688 ille
2880 5634 3042 5688 homo
3074 5634 3126 5688 id
3157 5644 3238 5688 est
3271 5634 3338 5688 ad
3372 5634 3687 5691 utilitatem
3729 5635 3836 5703 ejus

2242 5729 2607 5798 requiesceret
2637 5728 2902 5795 docendo,
2930 5729 2976 5785 si
3007 5729 3129 5799 quis
3144 5730 3538 5785 rationabilius
3560 5733 3693 5801 ejus
3716 5729 3838 5784 stul-

2243 5821 2417 5877 titiam
2445 5820 2789 5892 reprimendo
2842 5823 3155 5894 corrigeret.
3199 5822 3355 5881 Unde
3394 5840 3513 5881 non
3562 5826 3843 5882 innuerim
