3964 6446
207 347 302 406 θοι

1120 353 1695 412 DEFLORATIONES
1734 357 1835 413 SS.
1875 353 2184 412 PATRUM.
2238 386 2295 396 —-—
2337 355 2466 412 LIB.
2501 355 2522 410 1

3374 361 3481 420 982

207 465 311 518 duo
337 463 624 536 discipuli,
655 466 763 522 duo
786 466 1000 522 ordines
1032 468 1448 538 prtedieatorum
1479 470 1790 542 intelligun-
1817 476 1864 534 Α
1890 471 1978 537 lis,
2003 471 2202 542 quibus
2225 471 2504 542 turpitudo
2525 479 2727 528 nostra:
2755 473 2933 530 carnis
2962 475 3186 548 tegitur;
3211 473 3298 530 his
3317 473 3479 546 prius

211 567 312 623 tur,
339 557 550 614 Iudaeis
578 561 828 617 videlicet
847 570 899 615 et
920 561 1170 631 gentibus
1195 563 1511 618 missorum.
1553 563 1786 630 Quidam

213 666 332 706 vero
377 651 518 706 istos
563 652 704 707 duos
751 654 1055 723 intelligunt
1104 653 1324 708 Petrum
1360 663 1415 709 et
1455 653 1786 726 Philippum,

215 743 465 814 quoniam
507 743 610 812 ipsi
642 746 875 814 primum
921 754 1108 815 gentes
1133 745 1478 802 adduxerunt
1524 747 1589 801 ad
1625 747 1787 802 Chri—

215 845 376 900 stum,
423 835 714 906 Philippus
759 836 1064 892 Samariam
1096 837 1253 908 quasi
1301 838 1546 905 asinam;
1594 838 1788 894 Petrus

209 927 516 984 Cornelium
571 931 726 1000 quasi
778 930 1039 986 Samaria:
1087 933 1315 1001 pullum.
1360 932 1476 986 Bini
1524 943 1788 988 vocantur

207 1023 454 1092 apostoli,
485 1023 596 1077 bini
640 1025 946 1088 mittuntur,
993 1025 1119 1094 quia
1165 1025 1406 1080 Charitas
1445 1042 1552 1079 non
1603 1035 1690 1081 est
1731 1027 1786 1080 in

205 1132 330 1170 uim.
376 1114 530 1172 Unde
558 1119 820 1188 scriptum
859 1128 984 1173 est:
1021 1137 1039 1169 ‹
1078 1117 1170 1172 Va:
1215 1118 1318 1173 soli
1369 1117 1595 1190 (Eccles.
1627 1120 1721 1189 Iv).
1759 1138 1778 1170 ι

205 1209 320 1266 Duo
349 1209 586 1266 educunt
612 1210 868 1267 llebrteos
892 1211 958 1266 de
982 1210 1236 1282 Aﬂgypto.
1285 1211 1404 1267 Duo
1443 1221 1662 1282 portant
1686 1213 1785 1268 bo-

201 1312 344 1356 trum
369 1302 436 1357 de
463 1314 652 1358 saneta
684 1311 846 1370 terra,
887 1314 948 1358 ut
991 1319 1206 1373 semper
1243 1305 1518 1374 praepositi
1554 1305 1785 1376 jungant

201 1393 351 1462 operi
377 1393 684 1449 scientiam.
727 1393 842 1447 Duo
875 1394 1130 1448 mandata
1153 1395 1218 1449 de
1247 1394 1461 1450 duobus
1507 1395 1785 1464 proferant

198 1485 422 1540 tabulis.
480 1483 706 1541 Duobus
755 1483 996 1540 fontibus
1027 1485 1326 1540 abluantur
1363 1495 1417 1541 et
1457 1487 1698 1550 ahluaut,
1730 1494 1784 1542 et

199 1573 416 1630 duobus
437 1576 686 1632 vectibus
710 1591 898 1631 aream
931 1575 1147 1632 Domini
1175 1585 1407 1648 portent,
1435 1588 1488 1633 et
1514 1577 1654 1633 inter
1674 1578 1784 1632 duo

197 1667 484 1722 cherubim
533 1667 825 1724 Dominum
875 1679 1209 1740 agnoscant;
1258 1671 1450 1741 spiritu
1500 1679 1554 1726 et
1603 1682 1783 1724 mente

193 1757 492 1826 psallentes
522 1776 536 1812 :
567 1777 587 1809 ι
608 1755 838 1821 Solvite,
871 1757 1070 1829 inquit,
1111 1775 1207 1828 per
1235 1757 1549 1828 ldoctrinam
1598 1766 1652 1812 et
1686 1773 1780 1827 per

1887 565 2020 619 nudi
2048 564 2250 634 populi,
2294 565 2387 620 sed
2415 565 2579 620 modo
2612 581 2707 636 per
2747 569 3019 636 apostolos
3060 567 3260 635 ornati,
3309 567 3473 623 Chri-

1889 664 2032 710 stum
2083 671 2351 711 sessorem
2396 657 2615 721 habent,
2649 665 2710 711 ut
2740 674 2846 712 non
2877 669 3064 730 regnet
3102 669 3381 730 peccatum
3413 659 3474 716 in

1887 745 2088 801 lasciva
2114 763 2298 813 carne,
2331 747 2422 802 sed
2441 747 2654 818 justitia
2683 757 2736 804 et
2755 765 2862 820 pax
2896 760 2950 806 et
2977 752 3233 822 gaudium
3261 752 3317 806 in
3348 752 3463 823 Spit

1887 837 1994 890 ritu
2025 847 2234 892 saneto.

1963 947 1981 979 ‹
2019 927 2133 984 Hoc
2179 938 2360 984 autem
2394 939 2568 986 totum
2617 930 2820 986 factum
2854 941 2956 998 est,
2990 941 3046 988 ut
3081 934 3470 1004 adimplerctur

1886 1021 2031 1090 quod
2059 1021 2262 1076 dictum
2306 1032 2391 1078 est
2429 1039 2524 1092 per
2573 1025 2890 1094 prephetam
2949 1025 3214 1080 dicentem
3250 1045 3264 1080 :
3295 1024 3468 1081 Dicite

1885 1113 2010 1166 ﬁliae
2045 1111 2176 1166 Sion
2204 1131 2218 1169 :
2249 1112 2390 1169 Ecce
2425 1131 2522 1169 rex
2554 1124 2680 1170 tuus
2708 1118 2857 1170 venit
2887 1117 2981 1171 tibi
3007 1127 3346 1185 mansuetus,
3379 1135 3466 1174 se-

1884 1205 2020 1258 dens
2041 1221 2206 1276 super
2234 1207 2441 1276 pullum
2483 1207 2652 1264 asina:
2685 1209 3002 1280 subjugalis.
3030 1229 3048 1262 ι
3105 1210 3218 1268 Hoc
3253 1213 3306 1266 in
3339 1227 3469 1282 pro-

1887 1297 2046 1366 pheta
2077 1296 2338 1352 Zacharia
2369 1299 2630 1368 scriptum
2665 1309 2770 1366 est,
2805 1317 2834 1354 a
2865 1301 3022 1371 cujus
3043 1306 3309 1358 sententTa
3331 1303 3468 1360 Mat-

1883 1391 2058 1445 tharus
2084 1399 2139 1445 et
2179 1389 2414 1447 Joannes
2442 1391 2668 1447 minime
2712 1394 2992 1461 recedunt,
3050 1396 3154 1450 etsi
3182 1397 3344 1452 verba
3371 1413 3469 1467 po-

1883 1493 2016 1539 nant
2041 1483 2276 1539 diversa.
2307 1483 2372 1538 Et
2394 1484 2521 1555 quia
2551 1483 2668 1554 ipsa
2693 1494 2777 1540 est
2807 1484 3160 1552 Hierusalem,
3186 1503 3308 1558 qua:
3334 1486 3469 1544 Sion

1882 1577 2048 1632 ﬁliam
2075 1576 2204 1631 Sion
2228 1577 2358 1632 dicit
2385 1577 2560 1632 bonos
2581 1577 2635 1631 in
2663 1577 2756 1632 illo
2785 1593 2928 1634 caeco
2946 1579 3166 1649 populo.
3199 1578 3370 1636 Dicite
3392 1581 3466 1648 ei,

1817 1673 1831 1692 '
1882 1669 2284 1740 pratdieatores,
2317 1685 2384 1725 ne
2413 1669 2622 1737 timeat,
2647 1671 2741 1726 sed
2769 1672 3049 1728 exsultans
3084 1683 3348 1744 agnoscat
3372 1689 3466 1730 re-

1882 1777 2000 1832 gem
2025 1778 2208 1827 suum,
2240 1775 2446 1818 mentes
2489 1773 2785 1835 regentem,
2815 1773 2870 1819 et
2917 1767 2985 1819 ad
3025 1781 3252 1836 regnum
3297 1767 3468 1822 coelo-

191 1849 484 1904 miracula.
517 1869 535 1901 ι
565 1849 644 1905 Ac
661 1851 708 1906 si
735 1850 940 1906 diceret
961 1869 979 1904 :
1011 1870 1029 1902 ι
1059 1849 1410 1921 Quzecunque
1433 1850 1703 1905 solveritis
1726 1851 1780 1905 in
1813 1833 1855 1892 Β
1883 1869 2004 1907 rum
2051 1854 2458 1924 perdueentem,
2504 1833 2572 1910 ne
2611 1871 2738 1910 cum
2791 1857 3036 1926 reprobis
3078 1833 3260 1913 dicat:
3299 1877 3317 1909 ι
3343 1855 3464 1914 Non

189 1952 336 1998 terra
359 1953 528 1999 erunt
557 1945 733 2000 soluta
755 1954 809 2000 et
839 1946 892 2000 in
915 1945 1066 2000 caelis
1097 1943 1313 2016 (Matth.
1341 1946 1518 2014 xvui).
1544 1963 1563 1995 ι
1603 1943 1778 1998 Alieni

183 2035 418 2108 alligant
468 2045 529 2092 ut
572 2038 912 2107 poss'deant;
961 2036 1217 2092 Christus
1262 2036 1426 2092 solvit
1473 2045 1532 2091 ut
1574 2045 1774 2092 teneat.

186 2154 208 2178 ς
245 2127 557 2184 Confestim
597 2129 832 2183 dimittet
869 2143 972 2184 eos
1003 2125 1288 2194 Dominus,
1321 2147 1340 2178 ι
1392 2127 1641 2183 videlicet
1683 2127 1777 2198 qui

177 2216 306 2286 jure
333 2218 634 2272 ereationis
663 2217 938 2272 desiderat
962 2229 1023 2272 ut
1045 2219 1226 2272 omnis
1253 2225 1504 2273 creatura
1541 2235 1642 2273 suo
1665 2235 1779 2274 ser-

180 2310 321 2362 vitio
348 2311 716 2380 mancipetur.
749 2308 932 2364 Primo
965 2310 1216 2365 homines
1261 2319 1528 2365 vocantur
1557 2327 1652 2380 per
1679 2310 1778 2365 do.-

173 2401 424 2457 ctrinam
456 2410 512 2456 et
548 2401 812 2457 miracula
865 2403 1261 2472 apostolorum,
1315 2403 1512 2458 deinde
1553 2403 1778 2458 dimittit

175 2509 278 2548 eos
312 2493 587 2549 Dominus
615 2494 669 2548 in
706 2495 932 2549 arbitrio
959 2510 1080 2561 suo,
1115 2503 1175 2549 ut
1211 2495 1293 2549 vel
1318 2495 1371 2548 in
1402 2494 1506 2549 ﬁde
1541 2511 1646 2566 qua
1675 2511 1776 2550 vo-

168 2585 288 2639 cati
318 2593 452 2640 sunt
487 2593 827 2651 remaneant,
857 2585 941 2640 vel
973 2586 1032 2640 in
1059 2585 1314 2658 antiquas
1351 2587 1774 2642 consuetudines

171 2686 436 2742 redeant,
469 2675 640 2732 Judaei
665 2678 912 2732 videlicet
933 2677 988 2732 iu
1015 2694 1146 2733 suas
1171 2678 1585 2750 superstitiones
1613 2696 1776 2750 gene-

170 2769 354 2834 rales,
385 2771 620 2840 gentiles
665 2786 794 2825 vero
825 2771 876 2824 in
925 2770 1214 2840 spurcitias
1271 2787 1428 2837 suas;
1460 2787 1585 2825 nam
1629 2772 1774 2842 quod

167 2861 365 2916 voeati
425 2877 619 2918 sumus
651 2861 742 2917 Dei
773 2873 874 2920 est.
928 2861 1083 2930 Quod
1119 2871 1299 2918 autem
1354 2863 1514 2934 digne
1558 2863 1776 2918 invoca-

167 2953 332 3008 tione
361 2953 621 3020 vivimus,
655 2953 915 3009 nimirum
957 2955 1166 3025 pariter
1192 2963 1245 3008 et
1278 2951 1371 3009 Dei
1414 2963 1516 3009 est.
1557 2953 1624 3008 Et
1670 2955 1774 3011 hoc

163 3054 256 3105 est
299 3045 457 3114 quod
493 3045 610 3098 ait:
646 3043 890 3100 Dimittct
915 3061 1028 3112 eos,
1061 3062 1170 3100 non
1216 3045 1284 3100 ad
1325 3045 1623 3112 diabolum,
1675 3045 1768 3101 sed

167 3154 224 3192 in
250 3138 496 3191 arbitrio
527 3151 648 3192 suo.

251 3249 272 3279 ι
304 3227 520 3283 Euntes
551 3241 727 3284 autem
771 3229 1022 3300 discipuli
1054 3227 1301 3284 fecerunt
1341 3229 1484 3284 sicut
1523 3228 1774 3298 prrecepit

168 3320 290 3374 iiiis
325 3319 513 3375 Jesus.
553 3319 901 3376 Solventibus
927 3331 1106 3376 autem
1138 3321 1244 3376 illis
1273 3321 1526 3375 dixerunt
1566 3319 1772 3374 domini

163 3417 300 3486 eius
343 3415 418 3471 ad
467 3432 600 3472 eos:
633 3415 774 3484 Quid
823 3417 1029 3472 solvitis
1069 3416 1317 3487 pullum?
1353 3414 1432 3470 Illi
1471 3415 1724 3470 dixerunt
1757 3431 1769 3466 :

168 3509 325 3576 Quia
358 3507 599 3563 Domino
618 3510 959 3565 necessarius
992 3518 1092 3563 est.
1136 3508 1201 3562 Et
1225 3507 1552 3563 dimiserunt
1577 3505 1676 3560 eis.
1709 3503 1775 3560 Et

171 3603 466 3656 duxerunt
485 3601 690 3671 pullum
715 3601 783 3657 ad
807 3601 1017 3667 Jesum,
1049 3609 1104 3656 et
1137 3599 1406 3669 jactantes
1451 3598 1771 3652 vestimenta

178 3710 278 3748 sua
302 3711 475 3766 supra
514 3696 740 3766 pullum,
761 3703 813 3749 et
835 3711 956 3749 eum
981 3694 1214 3764 desuper
1239 3693 1427 3748 sedere
1460 3689 1724 3746 fecerunt.
1747 3709 1764 3741 ι

179 3787 407 3843 Marcus
449 3789 639 3843 scribit
665 3789 869 3859 pullum
907 3795 1032 3841 ante
1056 3785 1282 3856 januam
1339 3783 1474 3839 foris
1527 3784 1582 3838 in
1625 3783 1770 3837 bivio

183 3879 414 3950 ligatum
452 3890 508 3935 et
547 3880 824 3935 inventum
857 3878 1052 3950 (Marc.
1088 3878 1184 3949 χι).
1221 3874 1396 3931 Ianua
1425 3884 1508 3930 est
1538 3876 1651 3944 ipse
1676 3875 1769 3945 qui

185 3975 260 4026 ait
293 3991 308 4025 :
350 3993 368 4024 ‹
393 3971 507 4043 Ego
532 3987 652 4026 sum
682 3971 882 4026 ostium
917 3971 1101 4025 ovium
1132 3988 1144 4024 :
1198 3985 1293 4039 per
1338 3984 1426 4023 me
1455 3967 1500 4022 si
1523 3968 1646 4038 quis
1688 3967 1772 4022 in-

189 4065 400 4118 troierit
439 4063 758 4129 salvabitur,
803 4072 854 4118 et
886 4079 1087 4134 pascua
1122 4061 1358 4117 inveniet
1407 4059 1588 4131 (J‘oan.
1639 4059 1717 4131 χ).
1745 4079 1763 4112 ι

193 4155 289 4212 llis
337 4158 554 4228 pascuis
599 4157 832 4226 papulas
897 4155 1138 4226 gentium
1169 4155 1410 4220 carebat,
1447 4153 1574 4208 dum
1616 4163 1770 4208 extra

179 4249 433 4318 januam,
468 4250 520 4304 iu
549 4249 690 4304 bivio
713 4249 913 4318 ligatus
943 4247 1140 4303 stabat.
1175 4245 1338 4301 Recte
1362 4246 1417 4299 iu
1438 4245 1606 4310 bivio,
1641 4246 1770 4316 quia

193 4358 306 4397 non
331 4360 488 4398 unam
519 4343 643 4398 ﬁdei
668 4342 809 4396 viam
841 4341 1077 4406 tenebat,
1123 4339 1218 4394 sed
1262 4338 1458 4392 dubios
1487 4337 1651 4392 calles
1683 4353 1770 4392 er-

187 4451 395 4491 roneus
422 4435 770 4506 sequebatur.
813 4432 866 4486 lu
911 4432 1057 4487 bivio
1095 4430 1272 4486 stabat
1296 4431 1390 4502 qui
1422 4430 1476 4485 in
1521 4430 1769 4486 libertate

1881 1943 2146 2001 habemus
2180 1961 2359 2017 regem
2395 1946 2500 2001 nisi
2543 1945 2814 2004 Caesarem
2853 1947 3036 2019 (Joan.
3079 1949 3256 2020 xm)»
3309 1949 3466 2005 Man-

1879 2043 2068 2090 suetus
2094 2035 2241 2090 venit
2272 2051 2378 2090 non
2407 2035 2600 2092 sedens
2623 2037 2675 2091 in
2701 2053 2866 2093 curru
2888 2054 3056 2094 aureo
3087 2055 3326 2110 purpura
3349 2039 3464 2095 ful-

1878 2143 2030 2200 gens,
2063 2144 2162 2183 nec
2203 2143 2366 2199 super
2402 2143 2606 2198 equum
2658 2129 2942 2185 discordiae.
2987 2141 3310 2199 amatorem,
3363 2132 3463 2187 sed

1877 2236 2041 2291 super
2075 2220 2303 2276 bestiam
2336 2221 2486 2291 pacis
2516 2221 2771 2276 amicam.
2803 2221 3110 2278 Secundum
3143 2223 3377 2278 litteram
3403 2225 3462 2279 in

1875 2329 2044 2384 parvo
2076 2313 2268 2368 itinere
2304 2322 2596 2384 utrumque
2636 2315 2834 2369 animal
2867 2330 2974 2370 non
3003 2315 3217 2372 videtur
3251 2315 3463 2372 sedisse

1875 2405 2161 2472 Dominus,
2187 2407 2278 2462 sed
2319 2408 2494 2478 magis
2521 2407 2781 2477 competit
2822 2416 2882 2462 ut
2923 2407 3070 2477 pullo
3121 2423 3256 2462 usus
3292 2407 3366 2462 sit
3391 2407 3462 2462 ad

1876 2499 2196 2566 sedendum,
2222 2499 2376 2554 asina
2413 2501 2574 2558 ducta
2607 2499 2797 2554 libera.
2837 2497 3263 2570 Mystieegautem
3295 2513 3463 2569 super

1874 2593 2134 2663 populum
2183 2604 2475 2664 utrumque
2515 2595 2618 2651 sub
2646 2594 2910 2677 .domiuio
2948 2595 3068 2663 ejus
3104 2593 3456 2650 humiliatum

1875 2689 2033 2755 sedit,
2069 2687 2231 2744 Petro
2262 2699 2316 2744 et
2338 2689 2509 2744 Paulo
2533 2689 2718 2744 missis
2737 2689 2804 2743 ad
2821 2704 2935 2743 eos.
2970 2687 3108 2754 Quia
3135 2703 3265 2758 ergo
3293 2686 3462 2742 lasci-

1873 2797 1976 2837 vus
1996 2781 2368 2837 etindomitus
2406 2782 2620 2853 gentilis
2655 2782 2889 2852 populus
2931 2780 3161 2836 credidit
3207 2779 3460 2850 exemplo

1864 2875 2111 2930 ﬁdelium
2149 2876 2216 2930 de
2247 2875 2555 2946 Synagoga,
2607 2889 2728 2944 quae
2769 2874 2964 2944 jugum
3010 2873 3144 2944 legis
3193 2880 3458 2941 traxerat,

1873 2967 2012 3022 bene
2036 2967 2268 3022 refertur
2299 2967 2481 3038 pullus
2535 2965 2704 3022 fuisse
2740 2966 2885 3021 ﬁlius
2917 2965 3086 3021 asinae
3130 2965 3454 3035 subjugaiis.

1872 3059 2170 3116 Considera
2223 3061 2351 3129 quia
2395 3060 2537 3115 sicut
2572 3060 2675 3115 hoc
2721 3073 2892 3129 genus
2936 3058 3188 3126 jumeuti,
3234 3057 3280 3112 si
3324 3057 3460 3128 quid

1873 3163 2038 3218 errat,
2070 3154 2122 3206 in
2159 3153 2502 3223 simplicitate
2536 3161 2702 3217 errat,
2727 3161 2780 3206 et
2807 3167 2916 3206 non
2950 3150 3003 3204 in
3033 3151 3343 3220 asperitate,
3379 3150 3458 3205 ita

1877 3243 2128 3298 homines
2153 3244 2244 3314 qui
2275 3243 2626 3298 crediderunt
2673 3243 2726 3297 in
2779 3241 3059 3296 Christum
3103 3256 3169 3295 ex
3221 3249 3458 3310 utroque

1873 3335 2072 3404 populo
2102 3346 2227 3390 ante
2255 3333 2558 3402 Christum,
2586 3351 2696 3389 non
2724 3334 2778 3390 in
2809 3334 3036 3400 malitia,
3073 3333 3167 3388 sed
3203 3331 3256 3387 in
3298 3333 3456 3404 igno-

1873 3427 2047 3481 rantia
2085 3434 2464 3495 peccaverunt.

1949 3536 1968 3568 ι
2008 3515 2187 3572 Eunte
2237 3525 2419 3571 autem
2464 3516 2579 3582 illo,
2645 3515 2801 3570 multi
2845 3513 3459 3572 substernebantvesti—

1873 3619 2056 3664 menta
2109 3627 2206 3665 sua
2257 3610 2312 3664 in
2349 3610 2436 3665 via
2464 3629 2478 3664 :
2527 3609 2620 3664 alii
2651 3619 2830 3664 autem
2863 3609 3142 3666 exedebant
3174 3625 3359 3665 ramos
3387 3609 3457 3665 de

1875 3703 2186 3767 arboribus,
2205 3711 2259 3756 et
2289 3703 2604 3758 sternebant
2622 3702 2676 3756 in
2699 3701 2806 3755 via.
2823 3699 2985 3756 iVide
3002 3703 3262 3771 quoniam
3285 3717 3456 3772 super

1868 3794 2177 3864 jumentum
2228 3794 2457 3864 apostoli
2501 3803 2804 3864 posuerunt
2837 3795 3162 3850 vestimenta
3194 3811 3314 3861 sua,
3350 3794 3456 3850 sub

1871 3885 2100 3954 pedibus
2149 3901 2280 3940 vero
2333 3886 2796 3958 eaeterijumqnti.
2844 3885 3115 3942 Mandatis
3141 3887 3284 3941 enim
3316 3903 3453 3957 apo-

1873 3975 2140 4030 stolorum
2172 3983 2495 4029 sternuntur
2518 3974 2816 4029 Christiani
2848 3983 2904 4028 et
2931 3976 3289 4040 adornantur,
3317 3977 3453 4046 legis

1870 4077 2051 4122 autem
2067 4067 2321 4123 mandata
2345 4067 2694 4130 coneuleant,
2715 4067 2766 4121 id
2785 4076 2868 4124 est
2897 4068 3366 4122 circumeisiouem
3398 4076 3456 4122 ct

1871 4170 2097 4217 caeteras
2143 4160 2570 4216 consuetudines
2611 4158 2888 4214 Judaieas.
2923 4157 3258 4213 Vestimenta
3291 4173 3452 4212 nam-

1871 4270 1978 4324 que
2025 4253 2199 4307 turbaa
2242 4261 2371 4307 sunt
2407 4252 2539 4322 legis
2585 4251 2878 4316 mandata,
2917 4251 2970 4305 in
3015 4250 3126 4317 via,
3175 4250 3227 4304 id
3278 4259 3361 4305 est
3393 4251 3452 4306 in

1869 4347 2086 4403 Christo
2113 4363 2144 4402 a
2199 4347 2530 4402 Christianis
2555 4345 2894 4402 conculcata.
2926 4343 3107 4397 Turba
3157 4343 3304 4398 enim
3341 4359 3452 4412 qua

1869 4440 2190 4496 vestimenta
2219 4455 2318 4496 sua
2363 4439 2638 4496 sternebat
2682 4438 2735 4492 in
2768 4437 2854 4491 via
2894 4436 3177 4490 credentes
3219 4443 3348 4490 sunt
3383 4450 3453 4491 ex

185 4526 400 4580 arbitrii
437 4527 576 4580 inter
603 4533 832 4580 mm‘lcm
885 4531 939 4577 el
986 4522 1149 4576 Vitam
1205 4521 1506 4576 dUbilahal-
1567 4519 1766 4575 Μυιῑοε
1797 4553 1841 4608 ι)
1869 4532 2311 4599 circumcisione,
2334 4531 2692 4602 quividentes
2709 4526 3450 4600 etaguoscentcsChristum,

181 4619 389 4688 quippe
417 4619 680 4674 Dominus
717 4616 970 4682 habebat,
1005 4614 1132 4684 quia
1175 4629 1268 4684 per
1306 4614 1476 4668 multa
1512 4613 1767 4685 dogmata

185 4712 359 4767 variis
391 4710 669 4766 erroribus
707 4716 974 4778 raptatus,
1027 4715 1160 4777 quot
1204 4705 1350 4761 vitiis
1407 4705 1764 4771 deserviebat,

185 4805 568 4859 totdtemones
588 4819 712 4858 cum
751 4799 1113 4871 possidebant.
1147 4797 1252 4854 Sed
1293 4800 1628 4855 dominatum
1661 4799 1765 4855 sibi

185 4897 464 4952 vindicare
497 4913 603 4952 non
635 4902 885 4966 poterant
933 4907 1070 4961 quos
1109 4891 1360 4946 dominos
1404 4892 1604 4947 fecerat
1658 4906 1764 4945 non

185 4998 404 5054 natura,
429 4990 524 5045 sed
553 4990 737 5059 cuipa;
783 4999 837 5045 et
885 4984 1008 5038 ideo
1050 4997 1175 5037 cum
1230 4983 1496 5038 Dominus
1543 4983 1764 5049 dicitur,

187 5095 336 5136 unus
368 5083 718 5152 agnoscitur:
766 5099 889 5137 nam
917 5093 970 5139 et
999 5085 1045 5140 si
1083 5077 1234 5135 multi
1265 5077 1338 5131 dii
1381 5087 1434 5131 et
1475 5076 1628 5130 multi
1671 5075 1768 5129 do-

190 5173 347 5232 mini.
375 5175 694 5244 generaliter
721 5183 898 5229 tameu
931 5191 1074 5231 unus
1116 5172 1261 5226 Deus
1304 5177 1357 5224 et
1405 5184 1546 5222 unus
1581 5165 1768 5221 Domi-

191 5279 318 5322 nus.
365 5267 466 5334 Qui
507 5282 638 5338 ergo
684 5269 738 5320 in
781 5268 1040 5322 solvendo
1089 5266 1237 5337 pullo
1298 5261 1764 5326 contradixerunt,

181 5359 375 5414 audito
400 5359 616 5416 Domini
645 5358 888 5426 nomine,
913 5359 1223 5430 quiescunt,
1249 5357 1377 5426 quia
1403 5353 1647 5424 magistri
1675 5367 1765 5406 er-

181 5463 396 5517 rorum,
431 5452 860 5523 quidoctoribus
886 5450 1091 5506 Christi
1141 5447 1496 5511 obsistebant,
1541 5454 1765 5499 eatenus

177 5554 323 5598 suas
343 5547 591 5599 tenebras
617 5543 994 5608 defenderunt,
1018 5544 1191 5598 donec
1213 5539 1488 5595 miraculis
1505 5547 1767 5591 attestan-

174 5629 338 5686 tibus
362 5633 452 5688 Dei
486 5635 660 5688 virtus
691 5634 933 5688 emicuit.
977 5632 1067 5687 Sic
1097 5649 1224 5702 ergo
1263 5631 1400 5685 liber
1429 5629 1762 5684 credentium

165 5725 420 5790 populus
455 5729 549 5798 qui
577 5726 748 5782 Deum
788 5727 953 5782 corde
995 5735 1172 5796 portet
1212 5725 1518 5780 adducitur.
1575 5720 1766 5777 Vestes

158 5819 553 5882 apostolorum
583 5829 711 5876 sunt
733 5828 999 5892 prtecepla
1037 5819 1215 5874 divina
1255 5829 1306 5874 et
1347 5819 1517 5892 gratia
1560 5817 1766 5889 specia-

1868 4623 2094 4694 gloriam
2120 4638 2284 4694 quam
2334 4623 2606 4678 habebant
2633 4638 2700 4677 ex
2731 4622 2866 4692 lege,
2893 4619 3211 4687 dejecerunt
3237 4617 3292 4672 in
3337 4627 3450 4672 ter—

1869 4734 2008 4785 ram,
2042 4718 2248 4788 seipsos
2282 4717 2652 4782 humiliantes,
2685 4727 2740 4772 et
2785 4731 2909 4772 cum
2951 4713 3211 4784 Apostolo
3257 4711 3450 4766 dicen-

1869 4821 1988 4867 tes:
2020 4809 2152 4878 Qua:
2195 4811 2328 4864 mihi
2360 4809 2582 4865 fuerunt
2613 4811 2785 4874 lucra,
2828 4809 2942 4863 haec
2990 4803 3299 4862 existimavi
3322 4819 3454 4874 pro-

1867 4900 2276 4972 pterChristum
2291 4901 2638 4966 detrimenta,
2653 4914 2705 4956 et
2718 4901 2955 4956 arbitror
2970 4909 3210 4954 stercora
3231 4913 3376 4962 esse,
3392 4905 3452 4952 ut

1867 4995 2148 5050 Christum
2171 4993 2506 5050 luerifaciam
2523 4993 2781 5065 (Philipp.
2803 4993 2908 5063 Ill).
2929 4992 3032 5058 Qui
3057 5001 3239 5046 autem
3269 5007 3451 5046 ramos

1866 5084 2146 5141 caedebant
2175 5085 2241 5139 de
2293 5085 2609 5149 arboribus,
2655 5092 2784 5139 sunt
2831 5083 3116 5137 credentes
3155 5091 3212 5136 ct
3250 5081 3451 5136 eruditi

1866 5175 2142 5244 doctores,
2186 5175 2282 5246 qui
2339 5189 2408 5230 ex
2465 5175 2748 5245 prophetis
2822 5175 3152 5243 accipientes
3201 5171 3448 5233 exempla

1866 5269 2027 5340 quasi
2073 5269 2139 5322 de
2189 5268 2480 5323 arboribus
2520 5281 2704 5322 ramos
2729 5275 2855 5321 ante
2881 5266 3136 5337 gentilem
3188 5263 3449 5334 populum

1867 5369 2173 5416 straverunt
2210 5360 2265 5415 in
2293 5361 2402 5428 via,
2431 5360 2484 5416 id
2514 5370 2598 5417 est
2619 5361 2674 5414 in
2703 5358 2944 5424 Christo,
2983 5369 3039 5414 ut
3078 5359 3195 5413 sine
3226 5354 3452 5410 offendi-

1867 5453 1992 5508 culo
2035 5452 2259 5508 intraret
2290 5453 2345 5508 in
2373 5453 2744 5508 sanctuarium
2777 5451 2894 5506 Dei.
2917 5450 3008 5505 Vel
3048 5451 3122 5504 ita
3155 5467 3168 5502 :
3200 5447 3450 5502 Salvator

1861 5541 2111 5611 jumento
2135 5542 2378 5598 insidens
2413 5540 2843 5615 Hierosolymam
2875 5541 3074 5605 tendit,
3111 5553 3219 5592 non
3269 5536 3448 5592 solum

1867 5635 2087 5705 quando
2135 5635 2401 5706 cujusque
2459 5635 2633 5692 ﬁdelis
2663 5636 2845 5690 anima
2903 5647 3097 5701 regens
3147 5631 3214 5685 ad
3255 5647 3446 5699 pacem

1869 5727 2074 5781 intima:
2097 5726 2320 5782 visionis
2349 5727 2517 5786 ducit.
2549 5727 2643 5783 sed
2673 5727 2834 5782 etiam
2859 5741 2983 5779 cum
3028 5731 3230 5778 sanctae
3257 5721 3448 5775 Eccle-

1869 5819 1961 5876 sia:
1985 5819 2367 5877 universaliter
2414 5821 2660 5892 providet
2691 5827 2744 5872 et
2783 5833 2902 5874 eam
2937 5819 2989 5874 in
3017 5831 3269 5888 superna:
3296 5815 3458 5886 pacil‘
