3964 6454
584 368 692 420 905

1692 369 2019 425 WERNElll
2055 368 2351 425 ABBATIS
2391 370 2450 426 S.
2490 369 2713 427 BLASII

3694 386 3771 445 θοι

585 485 918 542 ὐοεὶιῖὑΐῖωη
970 493 1234 551 accendit.
1282 491 1453 546 Pedes
1500 489 1731 560 jmnenti
1776 499 1905 546 sunt
1929 490 2160 545 extremi
2189 494 2234 549 Α
2265 487 2438 554 Quem
2463 499 2589 546 ante
2624 491 2808 546 fideles
2838 492 3185 549 crediderunt
3211 504 3520 557 venturum,
3541 493 3664 555 hunc
3693 520 3773 563 nos

585 605 724 659 quos
761 588 827 643 ad
856 588 1208 659 judicandum
1237 584 1519 641 constituit
1546 584 1842 654 Apostolus
1865 626 1878 649 ,
1912 584 2005 653 qui
2033 591 2085 637 et
2116 584 2162 637 si

583 696 692 735 non
724 681 831 736 sint
845 680 1068 734 dorsum
1093 679 1145 732 in
1165 694 1276 748 quo
1291 677 1428 731 sedit
1446 675 1605 741 Deus,
1623 685 1799 731 tamen
1817 676 2165 730 instruuntur

580 790 706 829 cum
735 774 997 827 militibus
1028 789 1057 827 a
1087 771 1314 826 Joanne.
1363 769 1515 824 Multi
1540 772 1740 840 quippe
1765 779 2014 824 sternunt
2043 784 2164 823 vcs-

578 867 805 922 timenta
836 866 890 920 in
921 866 1088 930 viam,
1114 865 1241 935 quia
1270 865 1542 919 exercitus
1594 871 1900 934 martyrum
1931 876 2161 931 corpora

578 975 681 1016 sua
708 960 1038 1023 animarum,
1068 959 1248 1014 vicum
1273 965 1584 1028 tegumenta
1614 972 1713 1026 pro
1748 954 1984 1009 Domino
2008 954 2158 1018 dant,

576 1069 688 1123 quo
712 1052 1069 1123 sequentibus
1091 1051 1275 1106 electis
1299 1051 1488 1106 callem
1518 1048 1722 1103 faciant
1747 1055 1893 1102 recte
1920 1045 2156 1102 vivendi.

574 1145 635 1200 In
666 1147 756 1200 via
809 1145 1046 1215 denique
1094 1152 1346 1200 sternunt
1397 1144 1742 1207 vestimenta,
1788 1140 1882 1211 qui
1928 1153 2158 1208 corpora

574 1252 675 1294 sua
732 1238 991 1291 edomant
1040 1245 1101 1290 ut
1150 1234 1384 1289 Domino
1417 1235 1520 1289 iter
1559 1233 1626 1288 ad
1678 1244 1914 1287 mentem
1944 1239 2154 1301 parcnt,

571 1331 661 1385 vel
688 1329 934 1399 exempla
987 1329 1127 1383 bona
1191 1327 1547 1397 sequentibus
1578 1326 1876 1395 prmbcant.
1912 1322 2158 1377 Frondes

573 1436 705 1476 vero
730 1422 816 1476 vel
863 1436 1051 1475 ramos
1098 1419 1166 1475 de
1201 1418 1490 1474 arboribus
1523 1417 1759 1482 credunt,
1802 1415 1895 1486 qui
1929 1415 2154 1469 Patrum

576 1514 873 1569 sententias
895 1514 978 1568 vel
1004 1513 1249 1583 exempla
1271 1520 1524 1583 carpunt,
1558 1520 1612 1565 et
1637 1511 1690 1564 in
1715 1510 1801 1563 via
1836 1507 1930 1562 Dei
1960 1508 2025 1562 ad
2057 1523 2156 1561 au-

572 1607 768 1663 ditoris
810 1607 1054 1662 animum
1086 1607 1353 1662 venientis
1383 1605 1575 1659 humili
1607 1602 1996 1673 pra-dicatione
2025 1600 2155 1655 sub-

572 1697 816 1751 mittunt.
844 1695 989 1751 Justi
1015 1712 1252 1766 namque
1288 1705 1347 1750 ut
1379 1696 1558 1764 palma
1606 1693 1900 1755 ﬂorebunt,
1935 1691 2151 1763 angusti

570 1787 627 1842 in
659 1789 955 1851 radicibus,
988 1790 1081 1843 lati
1111 1790 1164 1842 in
1217 1788 1444 1842 ﬂoribus
1473 1796 1526 1841 et
1556 1785 1850 1850 fructibus,
1886 1783 2147 1855 quoniam

571 1879 747 1933 bonus
775 1880 916 1932 odor
943 1877 1145 1933 Christi
1176 1886 1324 1944 sunt,
1353 1885 1407 1933 et
1453 1886 1705 1931 sternunt
1748 1875 1888 1929 viam
1925 1874 2152 1929 manda-

568 1979 746 2025 torum
774 1968 867 2025 Dei
898 1971 1037 2025 bona
1061 1970 1226 2025 fama.

644 2082 665 2114 ‹
695 2062 761 2116 Ει
789 2079 913 2118 eum
932 2064 1047 2133 jam
1067 2062 1530 2133 appropinquaret
1554 2060 1621 2116 ad
1645 2060 1972 2116 descensum
2002 2074 2155 2113 mon-

563 2154 638 2209 tis
674 2154 869 2209 Oliveti
917 2164 1202 2225 cmperunt
1245 2170 1438 2210 omnes
1484 2155 1658 2209 turba:
1704 2152 2148 2208 descendentium

565 2247 860 2317 gaudentes
896 2246 1119 2301 laudare
1156 2246 1443 2300 Dominum
1467 2260 1598 2299 voce
1616 2260 1832 2315 magna.
1871 2264 1890 2295 ι
1924 2242 2153 2298 Descen-

564 2339 726 2391 dente
773 2336 1003 2390 Domino
1043 2337 1109 2391 de
1140 2347 1324 2391 monte
1362 2334 1578 2398 Oliveti,
1610 2335 1660 2388 id
1704 2344 1788 2390 est
1824 2333 2149 2388 humiliante

562 2445 623 2484 se
646 2429 712 2482 ad
753 2429 1123 2484 infirmitatem
1147 2441 1347 2484 nostra:
1375 2428 1581 2494 carnis,
1611 2444 1735 2482 cum
1767 2429 1838 2483 sit
1883 2428 1936 2481 in
1972 2425 2146 2481 forma

561 2521 677 2576 Dei.
704 2520 841 2575 Cum
875 2522 967 2576 illo
988 2522 1327 2576 descendunt
1376 2521 1568 2585 turbze,
1594 2520 1646 2574 id
1678 2529 1758 2574 est
1787 2520 2148 2573 humiliantur

560 2615 664 2670 sub
695 2630 859 2668 manu
895 2615 1017 2684 ejus
1042 2614 1135 2684 qui
1169 2613 1549 2668 misericordia
1588 2613 1852 2683 indigent,
1882 2622 1940 2667 ut
1984 2612 2053 2667 ab
2078 2628 2145 2667 eo

559 2703 891 2759 exallentur.

634 2815 656 2849 ε
698 2793 896 2851 Turba:
918 2806 1097 2850 autem
1130 2812 1251 2866 qua:
1272 2795 1666 2867 pratcedcbant,
1708 2803 1761 2850 et
1799 2810 1921 2864 quae
1949 2810 2145 2865 seque-

556 2886 780 2953 bantur,
797 2886 1109 2941 (laniabant
1129 2886 1371 2941 dicentes
1388 2906 1401 2941 :
1418 2885 1676 2940 Hosanna
1701 2886 1813 2940 filio
1830 2884 2020 2952 David,
2038 2878 2141 2940 Be-

554 2982 803 3037 nedictus
842 2982 937 3051 qui
978 2982 1242 3035 venitrex
1280 2982 1335 3034 in
1384 2980 1607 3035 nomine
1640 2979 1877 3055 Domini.
1927 2978 2041 3033 Pax
2084 2978 2139 3032 in

551 3075 692 3130 (mlo
742 3085 794 3129 et
840 3075 1011 3144 gloria
1050 3075 1103 3129 in
1140 3075 1393 3130 excelsis.
1443 3093 1464 3127 ι
1510 3072 1835 3128 Benedictus
1861 3074 1953 3142 qui
1990 3072 2138 3127 venit

2267 582 2481 637 venisse
2521 584 2817 639 credimus.
2845 585 2898 639 ln
2935 586 3052 655 ejus
3075 587 3275 656 quippe
3316 588 3476 640 laude
3501 590 3703 649 coelestia
3733 609 3775 656 et

2267 683 2481 730 terrena
2513 678 2831 744 concinunt,
2862 679 2989 749 quia
3025 696 3134 749 quo
3162 689 3420 734 nascente
3452 682 3671 739 etelcstes
3691 690 3776 745 viu-

2265 774 2409 823 tutes
2438 768 2729 825 decantant
2757 771 2924 843 gloria
2971 766 3023 825 in
3074 772 3309 827 excelsis
3357 771 3494 837 Deo,
3518 782 3567 828 et
3596 775 3641 829 in
3664 789 3773 842 terra

2262 874 2365 928 pax
2392 859 2731 928 hominibus,
2761 862 2950 916 eodem
2976 863 3163 917 mundi
3199 863 3449 933 principe
3475 865 3775 937 triumphator

2264 950 2519 1006 mortales
2550 952 2719 1006 vicem
2748 952 2924 1008 laudis
2959 953 3296 1022 rependunt,
3328 953 3597 1008 dicentes:
3620 955 3707 1014 Pax
3733 964 3772 1018 in

2261 1043 2400 1097 caelo
2444 1051 2497 1097 et
2538 1044 2713 1114 gloria
2755 1045 2810 1098 in
2842 1046 3093 1100 excelsis.
3126 1043 3325 1099 Turbze
3356 1045 3551 1114 quippe
3590 1048 3773 1121 refecta,

2260 1133 2326 1188 de
2348 1135 2593 1205 quinque
2643 1136 2877 1205 panibus
2917 1146 2971 1190 et
3017 1137 3234 1191 duobus
3263 1135 3507 1207 piscibus
3545 1139 3773 1199 voluerunt

2260 1241 2451 1295 rapere
2474 1225 2658 1282 Jesum
2698 1236 2752 1282 et
2776 1229 3109 1283 constituere
3137 1245 3341 1300 regem,
3374 1231 3467 1285 sed
3487 1230 3591 1299 ipse
3611 1231 3719 1305 fugit
3732 1237 3771 1291 in

2258 1328 2521 1374 montem.
2567 1318 2723 1375 Nunc
2779 1329 2960 1375 autem
2999 1337 3109 1375 non
3154 1322 3406 1391 reprimit
3436 1337 3589 1378 voces
3626 1340 3769 1383 eorum

2255 1410 2351 1481 qui
2382 1427 2607 1482 regnum
2639 1411 2808 1467 David
2860 1413 3281 1468 reslaurandum
3328 1415 3381 1468 in
3420 1430 3487 1469 eo
3514 1418 3770 1478 concinnat.

2255 1501 2313 1558 In
2348 1520 2457 1574 quo
2480 1514 2604 1574 apte
2646 1505 2805 1560 docet
2857 1507 3004 1576 quod
3063 1507 3252 1561 aeterni
3296 1507 3510 1577 imperii
3554 1524 3635 1564 rex
3667 1524 3774 1570 esset

2254 1595 2307 1649 in
2334 1597 2508 1659 caelis,
2555 1612 2662 1651 non
2714 1607 2922 1652 tantum
2975 1600 3029 1653 in
3062 1599 3243 1655 terris.
3274 1601 3355 1655 Ad
3386 1601 3533 1671 quod
3567 1618 3647 1672 per
3676 1621 3774 1661 con-

2252 1698 2515 1759 temptum
2540 1690 2753 1755 mortis,
2777 1700 2830 1745 et
2845 1692 3076 1763 gloriam
3102 1694 3546 1759 resurrectionis,
3571 1705 3616 1750 et
3634 1698 3775 1753 trium-

2254 1783 2421 1852 phum
2460 1783 2804 1839 ascensionis
2859 1786 3183 1854 perveniret.
3219 1784 3356 1840 llinc
3409 1794 3533 1856 post
3559 1803 3773 1847 resurrec-

2255 1874 2458 1930 tionem
2485 1878 2562 1931 ait
2585 1876 2868 1947 discipulis
2889 1892 2934 1927 τι
2961 1875 3095 1931 Data
3125 1886 3209 1932 est
3234 1877 3370 1931 mihi
3399 1878 3574 1933 omnis
3588 1889 3774 1949 potestas

2255 1968 2309 2022 in
2337 1969 2477 2023 coalo
2504 1979 2560 2024 et
2590 1970 2645 2024 in
2673 1980 2815 2025 terra
2847 1970 3066 2041 (Matth.
3096 1972 3314 2040 xxviii).
3357 1992 3377 2023 ι
3411 1970 3662 2028 Consonat
3684 1975 3772 2030 laus

2254 2061 2427 2116 turbae
2468 2061 2589 2117 voci
2615 2061 2902 2125 Gabrielis,
2933 2063 3026 2132 qui
3052 2063 3128 2117 ait
3173 2063 3337 2118 matri
3384 2061 3624 2121 Domini.
3651 2085 3666 2117 ‹
3698 2062 3773 2121 Hic

2252 2154 2353 2208 erit
2392 2152 2621 2224 Magnus
2666 2163 2721 2207 et
2751 2152 2921 2209 Filius
2946 2153 3233 2208 'Altissimi
3269 2153 3568 2220 vocabitur,
3593 2164 3635 2210 et
3656 2157 3770 2211 dabit

2252 2245 2330 2299 illi
2376 2244 2643 2301 Dominus
2685 2243 2829 2301 Deus
2860 2246 3042 2301 sedem
3079 2246 3255 2316 patris
3294 2244 3469 2300 David
3495 2247 3608 2315 ejus,
3632 2256 3767 2303 etre-

2251 2338 2435 2408 guabit
2460 2338 2513 2391 in
2546 2338 2710 2392 domo
2730 2335 2899 2392 Jacob
2939 2338 2993 2391 in
3021 2345 3285 2392 aeternum
3317 2336 3476 2405 (Luc.
3506 2338 3555 2405 ι).
3585 2356 3601 2388 ι
3630 2336 3765 2393 Recte

2253 2446 2384 2501 ergo
2413 2431 2651 2485 clamant
2687 2448 2700 2484 :
2745 2449 2763 2482 ‹
2802 2428 3056 2484 “osanna
3094 2430 3147 2483 in
3179 2429 3453 2493 excelsis,
3484 2430 3530 2484 id
3567 2439 3634 2484 est
3653 2430 3771 2486 salva

2250 2539 2353 2578 nos
2391 2523 2443 2575 in
2476 2522 2810 2588 cmlestibus,
2838 2522 2928 2576 ubi
2958 2522 3346 2577 seilieetomne
3364 2538 3508 2592 genu
3531 2522 3618 2576 sibi
3639 2523 3773 2577 ﬂecte

2248 2626 2357 2683 tur,
2408 2616 2735 2680 cmlcstium,
2794 2616 3136 2671 terrestrium
3185 2625 3239 2671 et
3294 2615 3772 2687 infernorum(Phi-

2245 2709 2375 2780 (ipp.
2415 2711 2495 2780 tt).
2536 2728 2555 2761 ι

2316 2801 2626 2856 Notandum
2677 2800 2826 2872 quod
2882 2799 3131 2855 hosanna
3218 2796 3550 2854 Hebraicum
3599 2797 3771 2854 verbum

2243 2897 2609 2966 compositum
2638 2906 2721 2951 est
2755 2912 2822 2950 ex
2854 2906 3112 2965 corrupto
3133 2903 3187 2948 et
3214 2894 3449 2965 integro.
3484 2891 3633 2948 Salva
3651 2907 3772 2947 nam-

2242 3002 2349 3057 que
2371 2987 2485 3041 sive
2523 2985 2762 3040 salviliea
2791 2984 2933 3055 apud
2965 3000 3062 3039 eos
3086 2983 3288 3037 dicitur
3317 2983 3441 3038 hosi
3468 2990 3525 3036 et
3553 2997 3675 3036 anna
3714 2987 3779 3034 est

2244 3079 2551 3150 interjectio
2589 3076 2951 3147 deprecantis.
3006 3075 3250 3145 Denique
3290 3076 3345 3129 in
3389 3074 3597 3145 psalmo
3630 3088 3777 3137 cxvn,

550 3183 778 3237 regnum
807 3168 980 3236 patris
1022 3167 1195 3221 nostri
1245 3166 1411 3221 David
1441 3185 1454 3221 :
1492 3164 1749 3221 llosanna
1796 3165 1849 3218 in
1880 3166 2129 3220 excelsis.
2162 3183 2207 3243 ο
2242 3173 2333 3229 ubi
2373 3190 2478 3227 Lxx
2506 3171 2828 3242 Interpretes
2871 3169 3309 3224 transtulerunt:
3357 3167 3402 3224 Ο
3437 3169 3664 3233 Domine,
3691 3166 3779 3220 sal-

547 3260 872 3317 Praccedunt
900 3264 1197 3333 propheta),
1240 3272 1546 3333 sequuntur
1589 3262 1843 3333 apostoli.
1891 3262 2138 3332 Abyssus

547 3354 806 3424 abyssum
866 3357 1082 3409 invocat
1106 3354 1282 3425 (Psal.
1310 3358 1443 3426 xu),
1476 3357 1528 3411 id
1560 3367 1643 3412 cst
1672 3356 1759 3411 lex
1807 3356 1979 3426 legem
2003 3356 2138 3410 alte-

544 3460 685 3499 ram.
722 3444 1005 3500 Pl‘:BCBSSil
1034 3445 1296 3501 Iudaicus
1328 3448 1591 3517 populus,
1624 3455 1846 3502 secutus
1873 3455 1958 3500 est
2006 3461 2137 3517 gen-

545 3537 688 3591 tiles.
727 3535 986 3593 Homines
1019 3538 1207 3593 fideles
1240 3540 1481 3593 clamant
1518 3540 1629 3593 lilio
1665 3538 1838 3593 David
1872 3557 1885 3593 :
1921 3537 2136 3593 llosan-

544 3644 615 3684 na
648 3648 661 3682 :
695 3631 839 3699 quod
880 3629 1071 3684 Latine
1096 3631 1297 3685 dicitur
1326 3632 1494 3695 salus,
1525 3637 1653 3702 quia
1682 3631 1911 3685 credunt
1957 3630 2128 3687 David

543 3718 718 3772 filium
759 3719 854 3773 Dei
907 3721 1102 3785 filium,
1156 3736 1323 3774 unum
1381 3722 1551 3776 lilium
1606 3721 1820 3776 salvare
1853 3731 2123 3785 terrenos,

544 3819 606 3865 ut
657 3811 793 3879 justi
845 3812 897 3865 in
935 3812 1252 3881 angelorum
1287 3814 1500 3866 ruinam
1547 3813 1902 3868 :edilicentnr.
1940 3812 2127 3866 Conli-

542 3908 728 3958 tentur
756 3903 921 3958 etiam
979 3905 1321 3960 benedictum
1358 3907 1451 3975 qui
1483 3905 1630 3959 venit
1676 3906 1727 3958 in
1770 3905 1990 3958 nomine
2021 3902 2129 3955 Do-

542 3996 700 4062 mini,
755 3997 807 4052 id
856 4005 941 4053 est
982 3996 1160 4053 Patris
1191 4000 1298 4063 sui,
1330 3999 1589 4069 quoniam
1631 3996 1804 4051 Filius
1859 3997 1925 4051 de
1966 3996 2126 4051 Patre

541 4089 771 4160 suscipit
793 4105 1012 4157 nomen,
1037 4099 1091 4145 et
1120 4089 1276 4145 Pater
1301 4091 1367 4146 de
1390 4090 1547 4145 Filio.
1580 4090 1892 4145 Benedictio
1920 4104 2042 4158 qua:
2066 4088 2127 4142 lit

540 4181 597 4236 in
632 4181 739 4237 Deo
773 4183 1047 4238 confessio
1084 4184 1200 4238 sola
1230 4194 1312 4239 est
1348 4193 1401 4238 ct
1425 4184 1665 4238 laudatio
1710 4184 1977 4239 bonorum
2002 4196 2125 4251 quae

539 4273 779 4344 praastita
821 4284 905 4329 est
950 4275 1017 4328 ab
1046 4290 1131 4329 eo.
1181 4274 1496 4329 Benedictio
1530 4292 1657 4331 vero
1685 4290 1806 4345 quze
1848 4275 1908 4328 lit
1941 4289 1970 4327 a
2010 4272 2123 4327 Deo

539 4368 593 4424 in
630 4369 787 4423 nobis
842 4370 1118 4439 impletur,
1146 4368 1277 4423 dum
1319 4368 1439 4439 ejus
1486 4369 1768 4424 beneficiis
1796 4368 2114 4440 implemur.

2139 4489 2209 4502 ἣ

2247 3280 2375 3319 vum
2439 3279 2525 3317 me
2573 3262 2679 3324 fac,
2713 3262 2766 3315 in
2803 3261 3026 3316 llebrzeo
3050 3261 3315 3330 scriptum
3344 3271 3432 3315 est
3468 3261 3646 3315 :Anna
3671 3257 3778 3312 ado—

2246 3355 2357 3420 nai,
2389 3355 2507 3410 hosi
2538 3371 2702 3408 anna.
2735 3353 2889 3420 Quod
2944 3354 3212 3422 interpres
3247 3364 3439 3407 noster
3460 3352 3782 3422 Hieronymus

2240 3447 2553 3519 diligentius
2583 3448 2865 3502 elueidans
2894 3447 2964 3500 ita
3008 3445 3290 3500 translulit
3321 3465 3335 3499 :
3370 3466 3387 3496 σ
3417 3444 3645 3505 Obsecro,
3675 3440 3775 3494 Do-

2239 3541 2407 3603 mine,
2444 3540 2620 3604 salva,
2657 3541 2906 3593 obsecro.
2949 3558 2966 3590 ι
3005 3537 3149 3593 Idem
3186 3552 3421 3608 namque
3457 3536 3717 3607 signiﬁcat,
3742 3548 3777 3586 o

2238 3631 2485 3695 Domine,
2514 3646 2610 3700 per
2640 3630 3068 3698 interjectionem
3108 3630 3476 3691 obsecrantis,
3525 3626 3653 3697 quod
3692 3623 3783 3677 ob-

2237 3738 2394 3777 secro
2442 3720 2668 3775 Domine
2721 3738 2817 3792 per
2872 3721 3050 3791 ipsum
3095 3723 3322 3775 verbum
3396 3716 3780 3775 obsecrationis.

2235 3811 2490 3867 Hosanna
2518 3813 2699 3883 itaque
2726 3812 2898 3878 salva,
2927 3814 3154 3867 obsecro
3181 3813 3478 3883 signiﬁcat,
3499 3817 3782 3878 consumpta

2231 3906 2436 3968 vocali,
2471 3922 2594 3975 qua:
2636 3905 2859 3959 verbum
2894 3905 3222 3959 antecedens
3246 3906 3509 3959 terminat
3536 3918 3651 3958 eum
3682 3915 3784 3970 per.

2232 3991 2373 4048 fecte
2394 3993 2594 4065 dicitur
2622 3995 2761 4050 hosi.
2786 3994 2941 4060 Quod
2977 3994 3184 4049 metrici
3218 3996 3552 4050 scandendis
3574 3992 3785 4048 versibus

2232 4084 2610 4157 synalinpham
2667 4094 2897 4151 vocant,
2952 4088 3206 4156 quamvis
3274 4087 3543 4157 scriptam
3584 4087 3784 4140 litterata

2229 4178 2556 4233 scandentes
2580 4178 2905 4233 transiliunt.
2932 4178 2989 4233 In
3020 4179 3122 4234 hoc
3146 4186 3329 4245 autem
3350 4181 3522 4234 verbo
3542 4177 3784 4237 Hosanna.

2227 4271 2406 4326 littera
2450 4286 2559 4324 non
2593 4271 2884 4337 scribitur,
2938 4268 3034 4327 sed
3087 4288 3255 4328 sensu
3285 4274 3633 4344 loquentium
3664 4270 3786 4324 salvo

2227 4364 2474 4419 funditus
2502 4364 2897 4419 intermittitur.

1580 4634 1706 4724 IN
1783 4635 1984 4725 DIE
2056 4631 2751 4726 PALMARUM.

612 4845 630 4877 ι
664 4825 836 4880 Dicite
866 4823 987 4880 tilia:
1018 4823 1147 4879 Sion
1178 4844 1190 4879 :
1217 4823 1353 4881 Ecce
1378 4826 1491 4882 Rex
1515 4836 1643 4882 tuus
1671 4828 1818 4881 venit
1841 4827 1936 4883 tibi
1963 4844 2117 4883 man-
2151 4828 2194 4883 D
2221 4825 2370 4881 dicat
2397 4821 2718 4895 subjungit:
2760 4840 2780 4874 α
2814 4818 2956 4875 Ecce
3006 4835 3099 4874 rex
3151 4826 3284 4875 tuus
3325 4821 3506 4877 venit.
3542 4839 3563 4872 ι
3621 4816 3793 4873 Reces-

536 4927 745 4979 suctus,
775 4917 970 4971 sedens
1003 4932 1167 4985 super
1193 4918 1405 4972 asinam
1449 4928 1502 4973 et
1531 4919 1735 4988 pullum
1780 4919 2119 4991 subjugalem

536 5007 785 5077 (Zachar.
812 5011 910 5077 ix).
936 5009 1154 5063 Mandat
1180 5011 1335 5065 vobis
1365 5027 1456 5064 rex
1488 5012 1746 5076 cmlestis,
1775 5009 1970 5066 fratres
1994 5013 2123 5067 cha-

534 5097 760 5162 rissimi,
793 5114 888 5167 per
937 5100 1253 5167 prophetam
1311 5098 1658 5164 Zachariam,
1713 5100 1973 5171 gaudium
2034 5102 2121 5157 sui

533 5189 822 5244 adventus.
872 5188 1029 5243 Venit
1056 5191 1122 5243 ad
1148 5191 1645 5246 reconciliationem
1700 5190 1986 5257 Dominus,
2026 5193 2119 5262 qui

532 5298 598 5335 ex
650 5291 872 5351 peccato
933 5282 1094 5351 primi
1151 5284 1391 5352 parentis
1444 5284 1599 5338 vobis
1659 5283 1835 5337 fuerat
1880 5285 2111 5340 alienus.

532 5372 599 5426 Et
629 5384 919 5442 antequam
951 5374 1176 5438 veniret,
1228 5374 1488 5445 praemisit
1522 5376 1749 5445 legatos,
1790 5377 2106 5446 prophetas,

530 5466 891 5535 patriarchas,
925 5466 1112 5521 dicens
1133 5468 1213 5523 eis
1243 5487 1255 5522 :
1288 5487 1306 5519 ι
1343 5467 1514 5523 Dicite
1568 5469 1690 5521 filim
1730 5469 1916 5533 Sion,»
1948 5469 2002 5524 id
2028 5478 2113 5524 est

531 5560 853 5614 annuntiate
906 5559 1161 5615 Ecclesia:
1210 5576 1360 5615 meae.
1390 5560 1565 5627 Quam
1596 5561 1768 5615 tiliam
1822 5560 1956 5616 Sion
1992 5561 2113 5617 ideo

530 5662 711 5719 vocat,
737 5654 864 5722 quia
897 5655 1005 5708 lilia
1033 5654 1424 5724 speculationis
1456 5664 1510 5709 et
1538 5653 1915 5710 delectationis
1953 5655 2114 5710 debet

532 5758 671 5801 esse.
706 5746 835 5801 Sion
861 5749 1004 5802 enim
1035 5747 1320 5819 speculatio
1353 5748 1777 5818 interpretatur:
1807 5764 1975 5820 quaea
2002 5748 2116 5818 spi-

534 5835 821 5896 ritualibus
867 5839 1120 5897 hostibus
1148 5841 1306 5899 debet
1345 5840 1448 5899 sibi
1503 5839 1810 5912 providere.
1849 5839 1953 5896 Sed
1980 5841 2110 5909 quid

2224 4928 2371 4975 serat
2418 4919 2682 4974 Dominus
2729 4934 2824 4988 per
2857 4926 3138 4988 peccatum
3177 4918 3248 4971 ab
3301 4918 3555 4973 humano
3605 4931 3795 4989 genere,

2224 5014 2318 5083 qui
2364 5013 2647 5082 proximus
2687 5012 2736 5066 ei
2778 5010 2957 5066 fuerat
3003 5012 3404 5066 rationabiliter
3428 5013 3662 5067 viventi.
3709 5008 3793 5064 Sed

2223 5106 2317 5176 qui
2372 5115 2671 5161 recesserat
2714 5121 2809 5174 per
2854 5105 3179 5172 injustitiam
3229 5114 3518 5173 nostram,
3548 5107 3698 5161 venit
3721 5118 3800 5174 per

2223 5198 2656 5253 misericordiam
2685 5212 2863 5251 suam.
2892 5196 2995 5250 Per
3023 5199 3235 5252 viscera
3249 5199 3397 5253 enim
3417 5198 3797 5254 misericordia

2224 5290 2341 5357 Dei,
2373 5289 2615 5344 visitavit
2645 5304 2746 5343 nos
2778 5288 2965 5343 oriens
2987 5303 3053 5343 ex
3089 5289 3201 5344 alto
3223 5289 3377 5359 (Luc.
3413 5291 3479 5361 ι).
3535 5288 3803 5346 lnclinavit

2216 5382 2385 5437 castos
2401 5390 2456 5434 et
2480 5379 2780 5444 descendit,
2810 5389 2864 5433 et
2892 5379 3068 5450 caligo
3092 5380 3196 5436 sub
3228 5382 3460 5450 pedibus
3483 5383 3615 5452 ejus
3645 5378 3797 5451 (ρωι.

2218 5478 2381 5546 xvii).
2420 5474 2707 5529 lnclinavit
2753 5473 2941 5538 eteius,
2990 5474 3042 5529 id
3066 5484 3149 5529 est
3202 5474 3521 5529 humiliavit
3551 5474 3802 5533 caelestia,

2218 5569 2423 5623 scilicet
2443 5567 2731 5630 Deitatem,
2752 5576 2805 5620 et
2830 5567 2977 5636 ipsos
3003 5567 3225 5637 angelos
3250 5582 3348 5636 per
3370 5565 3805 5621 commiseratio.

2219 5675 2364 5725 nem,
2396 5673 2561 5728 quam
2590 5656 2781 5710 habuit
2810 5656 2877 5710 de
2905 5657 3251 5726 reparatione
3284 5658 3519 5711 humani
3552 5656 3806 5728 generis:

2219 5761 2274 5806 et
2307 5751 2423 5821 ipse
2469 5749 2750 5805 descendit
2777 5747 3016 5802 unicndo
3061 5749 3162 5804 sibi
3191 5749 3494 5804 humanam
3529 5760 3805 5804 naturam.

2219 5841 2465 5900 lnclinati
2508 5851 2639 5898 sunt
2681 5838 2880 5910 angeli,
2921 5855 3045 5896 cum
3100 5842 3423 5899 accedentes
3465 5841 3545 5896 ad
3608 5839 3811 5903 Deum,
