3964 6466
211 372 311 437 905

1123 379 1697 441 DEFLOBATlONES
1736 381 1837 440 SS.
1876 382 2187 440 PATRUM.
2221 414 2292 424 ——
2329 383 2458 440 LIB.
2502 384 2542 440 ι.

3363 402 3472 459 903

210 495 596 554 ministrabant
619 496 688 554 ei.
721 494 824 552 Sed
846 494 1099 566 quamvis
1122 493 1367 562 humilis,
1389 497 1640 568 quamvis
1666 514 1783 568 par-
1812 502 1859 560 Α
1885 497 2045 573 quasi
2074 497 2196 553 vilis
2217 507 2272 552 et
2309 497 2738 569 contemptibilis
2778 511 2931 559 extra
2957 504 3230 565 civitatem
3263 509 3477 583 ejectus

211 587 376 658 tieeps
403 599 611 644 nostra:
639 586 964 659 fragilitatis,
990 594 1170 642 tamen
1196 587 1393 659 caligo,
1416 588 1469 643 id
1496 597 1580 644 est
1607 589 1788 645 obeat-

209 681 341 737 eatio
392 681 802 736 mundanorum
852 678 956 734 fuit
1007 680 1111 735 sub
1163 680 1393 751 pedibus
1447 680 1589 751 ejus,
1621 681 1672 736 id
1702 690 1786 737 cst

209 773 441 846 plenarie
489 773 770 843 subjecta;
798 781 853 828 et
892 788 1018 828 cum
1070 771 1228 829 fortis
1258 773 1415 829 miles
1446 773 1513 828 ad
1547 790 1782 844 pugnam

210 866 462 931 venisset,
495 865 550 920 in
580 866 696 922 sole
724 866 905 935 posuit
937 865 1348 921 tabernaculum
1393 882 1557 922 suum
1606 864 1779 936 (Paul.

207 959 395 1028 mu).
447 956 888 1013 Tabernaculum
928 956 1133 1013 Christi
1182 957 1313 1013 illud
1355 957 1672 1029 intelligitur
1725 960 1780 1015 in

205 1063 306 1117 quo
335 1048 591 1103 militavit
620 1048 731 1103 Deo
762 1047 930 1116 Patri,
977 1049 1106 1104 illud
1137 1050 1341 1120 posuit,
1388 1050 1439 1104 id
1473 1052 1782 1108 estcousti-

203 1139 303 1196 tuit
349 1139 408 1195 in
449 1140 589 1207 sole,
617 1140 723 1196 hoc
765 1150 845 1197 est
896 1144 952 1196 in
986 1140 1233 1213 Virgine,
1277 1158 1400 1213 qum
1422 1142 1527 1197 fuit
1554 1144 1780 1213 pulchra

202 1241 258 1288 ut
285 1233 449 1301 luna,
479 1232 651 1288 electa
683 1241 743 1287 ut
770 1232 872 1288 sol.
918 1231 1094 1299 Luna,
1124 1234 1254 1303 quia
1285 1222 1603 1291 illuminans
1633 1245 1784 1291 tene-

201 1325 325 1381 bras
351 1326 560 1392 noctis;
587 1325 669 1380 sol
693 1323 820 1395 quia
846 1325 960 1381 sola
983 1340 1094 1396 pra:
1114 1326 1325 1382 eaateris
1347 1325 1526 1382 calore
1543 1327 1782 1397 Spiritus

198 1416 372 1473 sancti
395 1417 611 1472 inarsit.

261 1529 464 1586 Parato
492 1531 677 1603 itaque
709 1530 1059 1587 tabernaculo
1088 1547 1209 1598 suo,
1246 1532 1544 1602 procedens
1564 1534 1632 1589 de
1662 1536 1781 1590 tha-

196 1619 340 1676 lamo
387 1636 511 1687 suo,
545 1631 807 1693 tanquam
841 1637 1078 1692 sponsus
1104 1622 1284 1694 (ibid.)
1316 1622 1572 1680 Ecclesia:
1604 1624 1781 1682 factus

190 1723 396 1784 est.per
410 1716 592 1771 carnis
608 1716 1072 1786 conjunctionem.
1098 1714 1428 1784 Procedens,
1452 1717 1696 1788 inquam,
1712 1721 1781 1777 de

190 1806 432 1862 thalamo
458 1823 583 1875 suo,
607 1808 661 1863 id
691 1816 775 1863 est
804 1807 871 1862 de
906 1815 1061 1861 utero
1084 1807 1359 1878 virginali,
1400 1810 1691 1866 exsultavit
1717 1822 1777 1868 ut

1884 598 1998 657 est,
2022 600 2076 647 ct
2103 606 2322 647 crucem
2356 607 2513 648 suam
2559 594 2795 665 portavit
2818 605 2871 653 et
2898 598 3041 655 inter
3067 601 3309 662 latrones
3342 622 3473 663 cru-

1885 684 2080 738 eilisus
2101 684 2260 740 estin
2283 684 2403 741 loco
2427 684 2711 753 Calvariaa,
2737 699 2792 744 et
2814 688 2905 746 ubi
2932 692 3010 748 rei
3034 682 3484 765 decollahantur,1

1885 774 2203 832 interfectus
2228 785 2329 832 est.
2366 774 2472 833 Sed
2500 794 2626 835 cum
2650 796 2816 851 prava
2840 782 3143 843 intentione
3165 787 3283 845 haec
3305 787 3471 847 fecis-

1884 873 2007 923 sent
2034 865 2229 931 Judaei.
2259 872 2382 942 pius
2404 871 2672 928 Dominus
2696 890 2890 945 magna
2913 875 3324 947 dispensatione
3350 882 3472 939 haec

1882 961 1987 1016 tria
2036 961 2151 1017 fieri
2185 964 2358 1020 voluit
2401 983 2415 1020 :
2468 979 2578 1021 non
2627 964 2805 1020 solum
2832 965 2978 1022 enim
3019 967 3076 1025 in
3114 969 3220 1026 hoc
3268 988 3469 1043 genere

1882 1054 2076 1111 mortis
2108 1057 2281 1113 voluit
2318 1058 2450 1114 dare
2495 1058 2925 1129 redemptionem
2970 1061 3311 1133 hominibus,
3365 1067 3468 1123 sed

1880 1149 2046 1203 etiam
2089 1151 2256 1205 vitam
2311 1160 2555 1207 nostram
2604 1151 2922 1208 informare.
2978 1152 3097 1209 Non
3146 1157 3293 1212 enim
3342 1157 3468 1214 sine

1882 1254 2049 1295 causa
2071 1241 2242 1298 voluit
2276 1243 2458 1314 potius
2498 1243 2743 1315 crucifigi
2767 1259 2932 1314 quam
2960 1244 3212 1315 lapidari,
3242 1248 3325 1303 vel
3355 1250 3465 1306 alio

1882 1344 2080 1401 genere
2139 1332 2394 1401 supplicii
2445 1333 2653 1402 puniri,
2695 1335 2789 1389 sed
2832 1342 2894 1388 ut
2937 1334 3146 1405 aliquid
3182 1338 3378 1394 debeat
3405 1342 3466 1397 in

1881 1421 2146 1490 ejectione
2173 1432 2227 1478 et
2247 1423 2602 1479 crucifixionc
2620 1440 2651 1479 a
2676 1424 2836 1480 nobis
2863 1425 3109 1498 intelligi,
3136 1427 3296 1486 docet
3321 1431 3467 1502 Apo—

1882 1513 2057 1570 stolus
2082 1529 2208 1570 cum
2230 1514 2363 1571 dicit
2387 1535 2402 1571 :
2442 1534 2457 1566 ι
2490 1515 2764 1573 Exeamus
2786 1519 2854 1575 ad
2878 1533 3005 1574 eum
3034 1529 3188 1575 extra
3216 1534 3417 1593 castra,
3437 1506 3483 1597 »ξ

1885 1614 1991 1662 etc.
2053 1605 2352 1664 Videamus
2394 1607 2560 1681 igitur
2613 1611 2889 1679 quomodo
2934 1611 3233 1670 debeamus
3276 1617 3463 1685 exire,

1882 1706 1934 1752 et
1958 1713 1989 1753 a
2026 1699 2228 1769 quibus
2254 1699 2472 1765 castris,
2501 1709 2555 1755 et
2596 1700 2744 1772 quod
2793 1702 3187 1774 improperium
3213 1715 3458 1776 portare.

1882 1790 2137 1857 Quandiu
2167 1792 2220 1846 in
2269 1792 2485 1846 mortali
2517 1793 2622 1848 b'oc
2647 1809 2876 1864 corpore
2928 1810 3140 1864 sumus,
3166 1813 3197 1852 a
3228 1797 3465 1857 Domino

185 1899 360 1969 gigas,
394 1898 447 1953 id
474 1908 559 1954 est
583 1908 644 1954 ut
669 1897 852 1965 fortis,
887 1897 1313 1954 ιιι-ίηνίηοίωιίε
1341 1899 1408 1954 ad
1443 1902 1773 1958 curmndam
1806 1882 1849 1906 υ
1877 1882 2310 1953 peregrinamur.
2343 1882 2547 1940 Sumus
2572 1885 2718 1940 enim
2749 1886 2803 1940 in
2832 1886 2920 1943 his
2948 1889 3273 1959 corporibus
3301 1891 3464 1962 quasi

182 1990 328 2045 viam
362 1991 575 2047 militiae
620 2006 770 2057 suae;
826 1998 880 2046 et
932 1991 1083 2045 venit
1130 1990 1199 2046 ad
1250 1990 1560 2047 bellandum
1582 2004 1773 2051 contra

180 2082 488 2154 principem
533 2083 699 2153 hujus
726 2082 938 2150 mundi,
967 2082 1200 2138 dicens:
1240 2101 1260 2134 ι
1313 2081 1469 2139 Nunc
1520 2086 1773 2158 princeps

178 2174 348 2244 hujus
397 2174 585 2229 mundi
616 2175 868 2244 ejicietur
897 2173 1047 2230 foras
1075 2172 1258 2245 (Joan.
1289 2178 1414 2245 xu),
1450 2195 1468 2227 ι
1496 2177 1701 2233 scilicet
1740 2195 1770 2235 a

173 2265 463 2321 mentibus
503 2265 810 2328 hominum,
845 2264 900 2318 in
932 2263 1135 2334 quibus
1160 2264 1423 2335 regnabat
1447 2265 1618 2335 prius.
1651 2266 1773 2322 Ele-

170 2356 249 2427 git
270 2365 466 2412 autem
500 2372 706 2428 paucos
733 2371 920 2412 secum
950 2365 1004 2411 et
1030 2370 1319 2426 pauperes,
1352 2364 1411 2411 ut
1432 2356 1507 2413 ait
1537 2358 1773 2429 Aposto-

169 2447 256 2503 lus
293 2466 309 2501 :
344 2466 367 2499 ι
402 2446 586 2520 Elegit
630 2464 753 2519 qua:
782 2448 948 2503 stulta
979 2457 1109 2503 sunt
1135 2448 1326 2503 mundi
1382 2457 1443 2504 ut
1470 2449 1772 2507 confundat

165 2541 480 2610 sapientes,
531 2551 585 2597 et
630 2542 844 2597 infirma
893 2541 1082 2596 mundi
1140 2550 1206 2595 ut-
1252 2541 1552 2599 confundat
1604 2542 1770 2601 fortia

165 2629 220 2698 (ι
258 2629 397 2685 Cor.
443 2633 507 2701 ι).
541 2651 560 2683 ι
593 2631 734 2698 Quid
757 2632 904 2687 enim
936 2630 1161 2700 Petrus,
1190 2633 1322 2703 quid
1351 2633 1632 2705 Andreas,
1661 2637 1767 2693 nisi

161 2722 603 2793 insipientes‘et
633 2723 940 2794 ignobiles?
988 2722 1055 2777 Et
1104 2733 1286 2779 tamen
1328 2724 1397 2780 de
1423 2726 1527 2783 illis
1551 2729 1762 2797 paucis,

163 2829 319 2870 unus
350 2815 668 2877 succubuit,
702 2815 757 2869 id
786 2825 871 2871 est
895 2814 1089 2883 Iudas,
1121 2817 1217 2887 qui
1243 2832 1368 2872 eum
1400 2820 1640 2876 tradidit.
1670 2821 1766 2877 Ju-

158 2908 263 2963 das
291 2910 453 2964 enim
485 2909 717 2980 cupidus
745 2918 863 2964 erat
905 2918 960 2965 et
990 2911 1078 2963 fur
1102 2918 1158 2965 et
1200 2911 1410 2968 loculos
1448 2913 1676 2982 habens,
1701 2931 1765 2972 ea

156 3015 286 3070 quae
320 3001 685 3056 mittebantur
715 3002 968 3072 portabat
1011 3001 1193 3071 (Joan.
1228 3004 1350 3074 xu).
1410 3003 1516 3061 Iste
1570 3006 1761 3063 videns

154 3092 404 3149 Mariam
449 3104 788 3165 unguentum
830 3095 1132 3165 pretiosum
1167 3112 1332 3166 super
1356 3110 1520 3168 caput
1545 3099 1760 3155 Domini

1877 1971 1932 2027 in
1984 1974 2204 2041 castris,
2252 1975 2517 2031 bellantes
2546 1985 2738 2032 contra
2769 1978 3110 2048 spiritualem
3149 1982 3459 2040 inimicum.

1877 2063 1983 2120 Sed
2010 2066 2065 2121 in
2099 2067 2184 2123 his
2212 2068 2431 2132 castris,
2456 2067 2511 2122 id
2539 2079 2624 2124 est
2651 2068 2706 2123 in
2740 2085 2906 2125 carne
2936 2070 3316 2130 delectandum
3348 2090 3463 2133 non

1874 2167 1977 2226 est,
2006 2158 2135 2229 quia
2168 2169 2226 2215 ut
2250 2161 2326 2215 ait
2346 2160 2644 2231 Apostolus
2678 2180 2690 2216 :
2738 2181 2757 2213 ι
2800 2161 3083 2220 Debitorcs
3114 2181 3308 2223 sumus
3347 2184 3461 2223 non

1873 2248 2026 2303 carui
2065 2258 2124 2304 ut
2168 2250 2469 2306 secundum
2518 2266 2738 2306 carnem
2768 2253 3038 2310 vivamus.
3075 2252 3132 2309 Si
3176 2258 3322 2312 enim
3367 2274 3459 2314 se-

1873 2342 2112 2397 cundum
2144 2358 2364 2398 carnem
2395 2343 2661 2410 viseritis,
2707 2345 3018 2402 moriemini
3050 2346 3226 2418 (Rom.
3252 2352 3396 2421 vui).
3432 2373 3452 2405 ι

1873 2433 2194 2490 Exeundum
2224 2451 2355 2506 ergo
2382 2444 2465 2491 est
2493 2436 2564 2491 ab
2604 2436 2691 2493 bis
2716 2438 2935 2505 castris,
2964 2448 3158 2508 utnon
3190 2444 3461 2515 subjicia-

1873 2539 1998 2579 mur
2027 2524 2271 2580 dominio
2311 2524 2528 2591 carnis;
2558 2526 2720 2581 debet
2751 2529 2897 2582 enim
2940 2531 3167 2596 servire,
3214 2550 3323 2589 non
3353 2537 3460 2591 im-

1871 2630 2083 2685 perare.
2102 2614 2256 2671 Unde
2277 2617 2574 2688 Apostolus
2605 2637 2618 2673 :
2644 2638 2663 2671 ι
2693 2618 2914 2691 Castigo
2944 2637 3146 2691 corpus
3180 2641 3385 2694 meum,
3404 2639 3460 2685 et

1870 2708 1926 2763 in
1965 2710 2282 2764 servitutem
2332 2710 2519 2781 redigo
2545 2710 2597 2783 (I
2627 2710 2751 2767 Cor.
2786 2717 2888 2784 lx),
2921 2733 2939 2766 ι
2997 2716 3079 2771 vel
3109 2718 3366 2789 subjieio,
3400 2722 3457 2779 id

1869 2810 1955 2857 est
1984 2811 2043 2856 ut
2073 2802 2273 2858 serviat
2315 2803 2531 2859 animae.
2559 2802 2674 2860 Iloc
2697 2806 2847 2862 exire
2876 2817 2961 2863 est
2989 2809 3144 2878 illud,
3174 2815 3320 2883 quod
3344 2814 3456 2870 Do-

1869 2895 2052 2950 minus
2083 2896 2136 2950 in
2174 2894 2469 2968 Evangelio
2501 2899 2577 2954 ait
2604 2918 2615 2953 :
2652 2918 2670 2950 ι
2704 2898 2808 2966 Qui
2836 2901 2950 2956 vult
2973 2904 3161 2960 venire
3197 2916 3321 2976 post
3343 2924 3454 2976 me,

1867 2988 2097 3058 abneget
2125 2990 2478 3060 semetipsum
2533 3000 2639 3048 etc.
2671 2992 2891 3063 (Matth.
2919 2995 3055 3065 xvi).
3092 3016 3112 3048 ι»
3166 2998 3456 3071 Abnegare

1866 3077 2127 3134 debemus
2175 3079 2230 3133 in
2281 3081 2439 3136 nobis
2470 3081 2623 3151 ipsis,
2669 3099 2777 3139 non
2816 3085 2962 3155 quod
2992 3086 3067 3141 ibi
3104 3086 3234 3145 fecit
3284 3089 3451 3158 Deus,

154 3168 406 3252 fudisse,
435 3186 513 3240 ait
539 3205 551 3240 :
575 3185 645 3241 Ut
665 3187 796 3257 quid
820 3187 1053 3256 perditio
1074 3187 1419 3244 lucc?Potuit
1440 3191 1588 3245 enim
1620 3191 1762 3248 istud

1871 3170 1964 3225 sed
1996 3185 2098 3225 nos
2150 3169 2403 3228 facimus.
2441 3172 2817 3246 Quodcunque
2844 3189 3048 3233 nonum
3101 3179 3372 3239 habemus
3416 3201 3450 3239 a

151 3280 479 3335 venundati
526 3280 699 3335 multo
727 3288 782 3335 et
814 3279 933 3334 dari
969 3280 1301 3350 pauperibus
1330 3280 1549 3352 (Matth.
1585 3289 1757 3355 xxvt).

153 3370 355 3443 Itaque
386 3372 528 3426 abiit
578 3372 646 3427 ad
708 3387 955 3428 summos
1006 3373 1338 3437 sacerdotes,
1397 3382 1455 3429 ut
1509 3374 1764 3445 proderet

153 3480 309 3522 eum.
328 3463 529 3519 Infelix
557 3462 763 3519 Iudas!
792 3463 1064 3519 Damnum
1101 3463 1354 3520 credebat
1384 3481 1446 3520 se
1476 3464 1675 3521 habere
1706 3466 1761 3521 in

154 3558 440 3615 eﬂ'usione
490 3557 756 3628 unguenti
782 3575 796 3612 :
829 3556 1109 3627 voluitque
1138 3571 1555 3628 reeompensare
1585 3559 1762 3628 pretio

157 3649 440 3723 magistri.
491 3647 599 3704 Sed
626 3663 749 3703 cum
782 3664 997 3705 summa
1025 3648 1398 3704 misericordia
1430 3649 1759 3719 discipulum

160 3753 448 3800 errantem
501 3742 664 3799 vellet
701 3742 1000 3811 corripere,
1050 3740 1265 3795 dicebat
1297 3760 1309 3794 :
1344 3760 1363 3792 ι
1396 3740 1501 3808 Qui
1542 3742 1762 3813 intiugit

162 3852 382 3891 mecum
416 3851 640 3890 manum
673 3835 727 3888 in
752 3833 1064 3904 par0pside,
1093 3832 1183 3888 hic
1230 3848 1316 3887 me
1348 3833 1650 3888 traditurus
1675 3844 1758 3889 est

165 3929 409 3998 (ibid.),i
440 3937 501 3982 nt
530 3943 654 3983 eum
680 3927 864 3993 sciret,
884 3941 1008 3980 cum
1041 3940 1374 3995 cognoscere
1400 3925 1757 3996 cogitationes

163 4036 315 4086 suas,
335 4019 645 4092 preniteret.
663 4018 800 4076 Aliis
815 4026 997 4073 autem
1018 4031 1217 4072 manus
1240 4015 1642 4072 rctrabentibus
1660 4014 1759 4071 Ju—

163 4110 265 4166 das
296 4111 662 4179 impudentia,
685 4126 792 4182 qua
826 4108 1147 4181 proditurus
1168 4116 1287 4163 erat
1302 4093 1758 4174 'Dominum,mao

162 4219 301 4258 num
345 4220 472 4259 cum
516 4202 781 4275 Magistro
820 4202 875 4258 in
917 4202 1160 4257 catinum
1212 4199 1381 4265 misit,
1426 4207 1488 4254 ut
1527 4199 1755 4256 audacia

158 4310 271 4350 sua
326 4296 527 4352 bonam
576 4295 976 4353 conscientiam
1046 4292 1321 4349 mentirct.
1367 4291 1436 4346 Et
1482 4306 1608 4347 cum
1654 4290 1758 4348 Do—

156 4388 351 4443 minus
376 4389 581 4445 diceret
610 4408 655 4444 :c
690 4386 847 4445 Unus
869 4403 937 4443 ex
968 4386 1126 4442 vobis
1156 4384 1333 4440 tradet
1359 4398 1446 4439 me
1471 4382 1652 4454 (ibid)
1681 4400 1696 4451 ;
1729 4402 1750 4435 ι

151 4490 215 4535 et
240 4479 333 4535 alii
355 4481 631 4536 dicerent:
658 4478 942 4550 «Nunquid
969 4491 1071 4548 ego
1093 4491 1214 4532 sum
1240 4473 1505 4530 Domine?
1522 4493 1542 4526 ι
1570 4472 1755 4544 (ἱὺὶά.)

1867 3258 1979 3316 Deo
2007 3270 2110 3328 est,
2144 3263 2510 3336 quodcunque
2541 3266 2743 3321 malum
2775 3268 2844 3323 ab
2879 3269 3120 3327 homine.
3173 3270 3317 3345 Ergo
3355 3277 3455 3346 qui

1863 3349 2171 3420 furabatur,
2202 3354 2316 3424 jam
2344 3372 2451 3411 non
2485 3355 2717 3414 foretur.

1930 3444 2177 3503 Audistis
2204 3448 2333 3517 quid
2362 3459 2444 3503 est
2464 3448 2614 3504 exire
2649 3460 2800 3507 extra
2827 3464 3030 3522 rastra,
3068 3458 3232 3513 modo
3266 3460 3453 3517 vidca-

1861 3553 1989 3593 mus
2042 3539 2174 3608 quid
2225 3540 2297 3596 sit
2338 3552 2556 3611 portare
2600 3543 2988 3615 improperium
3040 3548 3265 3606 Christi.
3332 3551 3455 3611 Hoc

1864 3628 2006 3685 idem
2036 3638 2142 3698 est,
2171 3631 2315 3702 quod
2349 3633 2402 3687 in
2436 3634 2529 3689 illo
2555 3633 2839 3693 Dominico
2861 3637 3061 3694 dicitur
3092 3658 3106 3694 :
3150 3659 3170 3694 ι
3204 3641 3272 3699 Ει
3300 3646 3456 3703 tollat

1862 3734 2077 3775 erucem
2108 3738 2263 3777 suam
2297 3724 2501 3794 (ibid).
2533 3744 2551 3777 ι
2584 3726 2727 3793 Quid
2753 3737 2839 3785 est
2870 3729 3056 3786 tollere
3097 3747 3315 3790 crucem
3343 3734 3452 3792 Do-

1861 3814 2036 3869 mini?
2069 3814 2335 3873 Dominus
2359 3818 2482 3872 ideo
2505 3819 2676 3874 voluit
2723 3820 2827 3878 hoc
2857 3838 3030 3893 genus
3057 3828 3315 3881 tormenti
3348 3829 3449 3885 eli-

1860 3919 2008 3976 gere,
2034 3914 2094 3959 ut
2122 3906 2250 3962 inde
2272 3921 2559 3963 sumamus
2582 3911 2895 3978 exemplum
2921 3912 3004 3966 vcl
3034 3912 3266 3970 ferinam
3300 3916 3445 3975 vita.

1862 3995 2018 4053 Sicut
2043 3997 2188 4052 enim
2215 3997 2514 4054 cruciﬁxus
2540 4012 2651 4052 non
2699 4008 2877 4070 potest
2920 4004 3167 4059 membra
3215 4021 3316 4062 sua
3374 4010 3446 4064 ad

1858 4089 2074 4161 aliquas
2106 4089 2354 4145 actiones
2387 4088 2644 4159 dirigere,
2666 4092 2860 4147 eodem
2890 4092 3056 4148 modo
3079 4103 3314 4151 veterem
3347 4099 3447 4153 ho-

1858 4182 2061 4239 minem
2083 4196 2209 4239 eum
2249 4179 2400 4236 vitiis
2425 4188 2481 4234 et
2507 4183 2970 4253 concupiscentiis
3022 4188 3228 4244 nostris
3276 4188 3446 4244 debe.

1858 4289 1985 4331 mus
2010 4275 2354 4345 cruciﬁgere,
2386 4284 2446 4334 ut
2475 4292 2652 4347 neque
2677 4290 2794 4345 pes,
2823 4290 3001 4347 neque
3024 4292 3244 4347 manus,
3266 4295 3445 4351 neque

1857 4368 2006 4424 aliud
2039 4369 2370 4435 membrum,
2403 4368 2579 4440 possit
2603 4368 2844 4438 aliquam
2874 4366 3146 4424 fallaciam
3178 4385 3444 4442 peragere

1857 4475 1960 4516 nec
1987 4460 2247 4529 cogitare.
2276 4458 2560 4517 Tollamus
2586 4474 2717 4531 ergo
2742 4473 2962 4515 crucem
2992 4459 3157 4527 banc,
3184 4471 3238 4517 et
3262 4462 3317 4516 in
3340 4476 3443 4517 no-

146 4570 338 4628 Judas
379 4574 501 4629 an:
546 4592 564 4622 ι
593 4548 847 4644 Nunquid
889 4585 990 4642 ego
1042 4583 1167 4624 sum
1213 4566 1430 4622 nam,”
1488 4585 1508 4618 ,
1566 4565 1748 4638 (un-4.)
1782 4558 1826 4614 [ι
1856 4548 2347 4621 hiscruciligamus
2368 4550 2520 4605 vitia.
2549 4548 2706 4605 Nunc
2728 4550 2894 4621 igitur
2912 4565 3193 4619 exeamus,
3220 4550 3439 4619 fratres,

145 4663 229 4720 Hi
264 4667 530 4722 vocabant
559 4665 850 4721 Dominum
872 4706 887 4732 ,
912 4663 1001 4719 ille
1034 4661 1391 4733 magistrum,
1424 4660 1553 4730 quia
1596 4660 1751 4716 vole~

144 4758 264 4814 bat
287 4768 584 4828 peccatum.
613 4758 759 4830 quod
790 4763 1137 4826 conceperat,
1173 4752 1227 4807 in
1265 4753 1371 4809 hoc
1396 4752 1568 4808 verbo
1594 4753 1743 4822 quod

138 4849 395 4916 dixerat,
445 4849 723 4920 Magister,
756 4847 1083 4904 diminuere.
1132 4844 1311 4899 Minus
1339 4844 1485 4899 enim
1529 4843 1751 4899 videba-

135 4950 258 4997 tur
288 4943 491 4998 tradere
520 4942 840 5013 Magistrum
871 4954 1037 5010 quam
1078 4937 1395 4992 Dominum.
1448 4934 1555 4991 Sed
1601 4936 1749 4991 hunc

134 5033 429 5092 Dominus
454 5036 718 5108 patientia
744 5033 1042 5104 superavit,
1083 5032 1212 5102 quia
1235 5045 1359 5086 eum
1387 5028 1610 5099 pertulit
1642 5046 1655 5083 :
1693 5037 1749 5082 et

131 5131 411 5199 quamvis
458 5129 671 5186 noverit
699 5143 824 5182 eum
863 5126 1219 5195 proditorem,
1248 5132 1432 5178 tamen
1483 5122 1666 5176 lavare
1693 5119 1745 5176 ei

132 5224 328 5293 pedes
353 5238 458 5278 non
495 5221 708 5277 abnuit.
741 5220 999 5275 Traditus
1034 5227 1119 5274 est
1139 5218 1322 5287 itaque
1355 5213 1618 5269 Dominus
1642 5212 1743 5268 Ju-

123 5314 297 5369 dmis
319 5323 370 5369 et
408 5323 563 5370 extra
602 5322 814 5384 portam
842 5326 1039 5376 passus
1061 5317 1145 5364 est
1168 5309 1238 5361 ab
1265 5306 1368 5373 cis,
1397 5315 1459 5361 ut
1499 5303 1741 5360 sanctifi-

122 5414 309 5458 caret
351 5422 446 5476 per
489 5419 652 5460 suum
695 5403 1016 5474 sanguinem
1048 5399 1335 5470 populum.
1382 5414 1402 5449 ι
1466 5394 1741 5450 Exeamus

120 5492 323 5568 igititr
345 5500 410 5553 ad
434 5514 563 5553 eum
598 5504 752 5552 extra
777 5502 979 5560 castra,
1027 5489 1418 5563 improperium
1469 5486 1587 5559 ejus
1616 5501 1743 5557 por.

116 5597 331 5644 tantes
364 5588 556 5660 (Hebr.
588 5588 735 5656 xm).
773 5604 793 5637 ι

222 5676 513 5736 Recordari
543 5680 709 5752 igitur
750 5676 1014 5733 debemus
1042 5680 1307 5746 quantum
1346 5668 1734 5739 improperium

104 5785 254 5843 pro
280 5774 437 5830 nobis
467 5786 665 5845 passus
715 5779 801 5825 est
849 5767 1135 5829 Dominus,
1173 5764 1326 5834 quia,
1369 5776 1497 5816 cum
1527 5760 1596 5815 ad
1620 5767 1737 5813 tur-

98 5882 271 5941 pem
303 5869 600 5924 duceretur
616 5868 875 5925 mortem,
902 5869 1055 5915 extra
1085 5857 1358 5913 civitatem
1388 5853 1598 5924 ejectus
1627 5860 1731 5923 est,

423 5960 703 6021 Pauor.
749 5948 984 6014 CLVII.

1852 4643 2076 4699 Christo
2106 4643 2323 4699 obviam
2352 4660 2477 4699 cum
2505 4643 2723 4715 palmis,
2748 4644 2800 4698 id
2830 4651 2917 4700 est
2960 4645 3207 4702 victoriis
3237 4646 3440 4703 habitis

1852 4750 2019 4805 super
2042 4734 2261 4790 diabolo
2286 4744 2340 4790 et
2362 4736 2559 4805 opibus
2586 4735 2729 4806 ejus,
2758 4743 2811 4791 et
2845 4751 2971 4792 cum
3003 4735 3230 4794 floribus
3262 4739 3439 4794 virtu-

1851 4835 1988 4885 tum.
2015 4826 2219 4883 Olfcrat
2241 4828 2383 4885 alius
2403 4828 2590 4884 liorem
2618 4828 2946 4895 dilectionis,
2970 4845 3092 4899 qua:
3119 4830 3439 4901 principalis

1849 4931 1933 4977 est
1955 4921 2111 4976 radix
2132 4922 2378 4976 omnium
2418 4921 2706 4975 virtutum.
2742 4920 2816 4976 De
2839 4936 2944 4991 qua
2977 4921 3053 4977 ait
3082 4919 3379 4992 Gregorius
3419 4943 3437 4981 :

1854 5030 1874 5064 ι
1914 5012 2066 5067 Sicut
2100 5012 2256 5067 multi
2288 5012 2504 5067 arboris
2535 5011 2774 5077 rami,e.x
2800 5026 2907 5066 una
2932 5012 3116 5067 radice
3142 5016 3433 5083 prodeunt,

1848 5105 1931 5160 sic
1983 5105 2170 5160 multa:
2202 5106 2428 5161 virtutes
2466 5121 2534 5160 ex
2575 5119 2682 5159 una
2723 5104 2987 5160 ebaritate
3024 5119 3372 5176 generantur.
3410 5131 3429 5162 ι

1844 5196 2001 5253 Alius
2024 5197 2216 5259 oll‘erat
2268 5196 2454 5252 florem
2487 5197 2816 5265 virginitatis
2845 5207 2899 5253 et
2944 5198 3119 5254 lilium
3141 5203 3430 5260 castitatis.

1845 5288 1972 5346 Haec
2020 5299 2105 5346 est
2160 5289 2252 5344 illa
2300 5290 2478 5345 virtus
2517 5304 2640 5360 qua:
2687 5290 3093 5347 commendavit
3141 5291 3430 5361 Joannem.

1841 5397 2005 5452 quem
2037 5381 2294 5451 diligebat
2336 5379 2518 5448 Jesus,
2543 5380 2672 5451 quia
2715 5381 2867 5453 virgo
2897 5383 3104 5439 electus
3134 5394 3219 5439 est
3244 5401 3275 5441 a
3321 5385 3431 5440 Ι)οκ

1841 5475 2012 5541 mino,
2036 5488 2200 5544 quem
2251 5473 2366 5543 ipse
2393 5474 2579 5529 laudat
2620 5473 2677 5528 in
2727 5476 3051 5546 Apocalypsi
3086 5493 3100 5529 :
3139 5494 3158 5527 ι
3203 5474 3267 5528 lli
3302 5486 3435 5531 sunt

1840 5566 2078 5639 quicum
2099 5564 2419 5619 mulieribus
2430 5580 2538 5620 non
2554 5564 3055 5635 suutjcoinquinati,
3075 5584 3094 5617 ι
3113 5572 3218 5620 etc.
3239 5565 3424 5635 (Apoc.

1838 5658 1974 5729 xiv).
2039 5655 2195 5710 Alius
2243 5655 2318 5711 sit
2344 5655 2604 5727 praeditus
2642 5655 2775 5710 flore
2803 5654 3147 5721 bumilitat's,
3181 5654 3427 5711 imitatus

1836 5765 1964 5807 eum
1995 5748 2089 5820 qui
2131 5748 2207 5803 ait
2245 5766 2260 5802 :
2295 5766 2314 5801 ι
2378 5746 2581 5809 Discite
2640 5762 2672 5813 a
2715 5760 2803 5799 me
2834 5744 2960 5816 quia
2993 5744 3142 5800 mitis
3197 5760 3319 5799 sum
3371 5755 3427 5803 et

1837 5842 2063 5902 humilis
2086 5840 2250 5897 corde
2274 5838 2491 5917 (Matth.
2512 5838 2612 5911 xi).
2637 5857 2655 5895 ι
2683 5837 2863 5892 Alium
2895 5834 3231 5891 decorctlloa
3256 5836 3422 5893 miseo

3041 5928 3121 5992 29
