3964 6476
414 800 449 851 Ι

522 367 649 467 et

541 484 813 545 ricordiaz.
861 485 990 555 quia
1023 501 1043 535 ι
1079 483 1222 540 beati
1264 481 1679 548 misericordes,
1725 481 1986 552 quoniam
2018 482 2122 553 ipsi

540 576 970 634 misericordiam
996 583 1418 643 c-rmseqnentur.
1452 592 1473 625 ι
1511 572 1663 627 Alius
1690 581 1870 628 teneat
1903 591 2117 629 ramum

538 665 1031 742 paenitentiae,quia
1062 684 1080 717 ς
1116 666 1257 719 beati
1289 665 1381 735 qni
1402 664 1649 720 fecerunt
1678 666 2110 735 paenitentiam,»

534 775 640 820 etc.
693 763 848 817 Alius
884 768 1195 815 concremet
1250 758 1413 812 thura
1456 757 1788 823 orationum,
1839 758 2117 814 dicendo:

540 872 563 906 ε
593 853 868 923 Dirigatur
917 851 1093 904 oratio
1143 865 1287 915 mea,
1341 859 1445 905 etc.
1507 849 1681 920 (Psal.
1725 849 1870 918 cxt).
1913 870 1932 901 ι
1964 850 2119 906 Alius

530 951 721 1012 pascat
740 943 793 995 in
815 940 1037 996 Christo
1061 955 1377 1011 pauperem,
1409 940 1767 995 reminiscens
1793 939 1921 993 illud
1943 937 2120 993 Evan-

531 1037 762 1107 gelicum
802 1055 815 1090 :
852 1054 872 1086 ι
906 1034 1058 1101 Quod
1087 1035 1178 1089 uni
1205 1050 1267 1088 ex
1296 1035 1539 1089 minimis
1566 1035 1702 1089 meis
1744 1033 1969 1097 fecistis,
2010 1042 2114 1088 etc.

534 1128 754 1199 (Matth.
789 1133 942 1197 xxv).
979 1149 997 1178 ι
1025 1125 1093 1180 Et
1132 1127 1315 1181 nullus
1368 1126 1440 1182 ita
1495 1126 1720 1182 accedat
1752 1142 1959 1182 vacuus
1986 1136 2115 1197 ante

533 1219 848 1284 Dominum,
885 1227 944 1274 ut
992 1227 1309 1273 mereantur
1335 1234 1526 1275 omnes
1570 1218 1799 1287 mquari,
1833 1229 1888 1273 et
1918 1226 1976 1273 ut
2019 1232 2117 1273 eos

530 1311 895 1381 supersedens
930 1311 1132 1365 ducere
1178 1318 1232 1364 et
1261 1323 1449 1379 regere
1482 1308 1549 1362 ad
1599 1308 1807 1378 palmas
1854 1307 2114 1363 Ilierusa-

531 1402 636 1457 lem
669 1402 942 1472 dignetur.
976 1399 1143 1471 Igitur
1173 1399 1508 1471 ingrediente
1531 1397 1764 1454 Domino
1786 1414 1909 1454 cum
1939 1399 2113 1454 turbis

530 1480 830 1557 civitatem,
879 1494 1038 1549 turba
1091 1508 1386 1563 puerorum
1434 1507 1499 1565 ac
1545 1499 1719 1545 totum
1765 1490 1956 1562 vulgus
1987 1506 2111 1546 cum

531 1585 727 1656 palmis
748 1586 965 1642 obviam
997 1586 1228 1657 proruit,
1253 1593 1308 1640 et
1328 1599 1508 1657 regem
1539 1583 1724 1656 gloriae
1746 1598 1869 1638 cum
1892 1584 2112 1654 hymnis

1644 363 1969 421 WERNERI
2006 366 2302 426 ABBATIS
2342 370 2399 425 S.
2440 368 2668 427 BLASII

3612 401 3691 456 908

2150 495 2199 554 Α
2226 486 2446 556 excipit.
2478 484 2690 551 Quibus
2724 483 2957 555 stipatus
2988 489 3237 558 templum
3259 494 3528 566 ingrediens
3550 522 3694 571 emen.

2228 588 2310 671 tes
2333 588 2388 634 et
2415 578 2713 671 vendentes
2736 578 3020 671 columbas
3045 579 3108 633 de
3147 581 3234 637 illo
3262 601 3373 642 cum
3408 590 3594 664 ﬂagellis
3616 606 3698 671 cie.

2228 668 2320 731 cit,
2374 678 2429 722 ct
2486 668 2746 737 templum
2798 670 2880 722 sui
2932 672 3174 740 corporis
3217 675 3589 751 dissolvendum,

2226 767 2352 852 post
2402 759 2642 812 triduum
2671 761 3135 852 _re.*edilicandum
3184 770 3429 834 praedixit.
3457 773 3505 828 lu
3550 788 3700 852 templo

2227 846 2410 916 itaque
2437 851 2606 902 multa
2637 848 2793 918 signa
2824 847 3077 913 faciebat,
3109 861 3161 906 et
3190 858 3364 912 turbas
3399 867 3600 931 quntilie
3618 846 3698 930 em.

2224 938 2377 993 testia
2411 940 2657 994 docebat.
2692 937 2889 994 Verum
2946 942 3073 1010 quia
3122 943 3207 1000 hic
3232 948 3340 1004 dies
3361 958 3571 1024 exetnplo
3595 961 3697 1021 illius

2225 1028 2408 1098 populi
2438 1028 2507 1083 al)
2540 1030 2794 1085 universa
2825 1029 3061 1086 Ecclesia
3089 1050 3207 1089 cum
3236 1040 3418 1106 palmis
3461 1057 3504 1100 et
3533 1049 3701 1112 nuribus

2226 1119 2554 1187 celebratur,
2588 1120 2707 1175 dies
2759 1122 3062 1192 palmarum
3115 1140 3456 1199 nuncupatur.
3483 1135 3608 1196 Fet-ia
3631 1161 3700 1201 au.

2224 1221 2331 1266 tem
2381 1224 2576 1282 quarta
2609 1229 2639 1267 a
2682 1211 2820 1268 Juda
2859 1217 3115 1283 traditur;
3150 1217 3279 1274 feria
3324 1225 3493 1293 quinta
3526 1235 3648 1299 panis
3664 1248 3702 1293 et

2224 1303 2411 1359 vinum
2444 1306 2498 1359 in
2521 1321 2721 1376 corpus
2741 1315 2795 1362 et
2818 1308 3140 1377 sanguinem
3169 1311 3283 1380 ejus
3303 1316 3447 1371 nobis
3465 1324 3698 1395 coniicitur;

2222 1396 2356 1453 feria
2388 1408 2540 1453 sexta
2570 1414 2666 1469 pro
2696 1399 2870 1455 salute
2901 1401 3144 1456 omnium
3181 1407 3507 1479 crucifigitur;
3536 1417 3702 1475 sabbato

2220 1491 2275 1545 in
2304 1492 2555 1562 sepulcro
2584 1492 2873 1563 requievit;
2912 1492 3190 1551 Dominica
3238 1512 3268 1552 a
3308 1511 3464 1556 morte
3482 1520 3699 1578 resurgens

2219 1582 2387 1641 vitam
2415 1592 2468 1639 et
2494 1583 2750 1654 gaudium
2776 1586 3034 1643 omnibus
3080 1587 3137 1643 iu
3166 1595 3558 1661 sesperautibus
3579 1601 3699 1657 dedit.

1606 1881 1729 1971 IN
1805 1879 2141 1972 C(ENA
2212 1876 2703 1973 DOMINI.

1798 2070 2168 2135 Secundum
2203 2072 2537 2138 Joannem.

574 2226 579 2233 ’
617 2256 637 2290 ι
664 2242 803 2298 Ante
842 2239 985 2297 diem
1031 2239 1230 2296 festum
1264 2235 1487 2295 Paschaa
1534 2237 1717 2294 sciens
1753 2234 1935 2302 Iesus,
1976 2236 2106 2305 quia

523 2335 673 2389 venit
696 2334 828 2389 hora
879 2334 998 2403 ejus
1026 2341 1085 2387 ut
1122 2339 1366 2386 transeat
1410 2346 1477 2385 ex
1522 2330 1627 2384 hoc
1658 2328 1864 2384 mundo
1911 2328 1974 2383 ad
2003 2326 2106 2381 Pa-

522 2436 684 2489 trem,
709 2441 833 2480 cum
852 2424 1131 2479 dilexisset
1152 2438 1283 2478 suos
1309 2422 1364 2476 in
1397 2423 1558 2476 linem
1587 2421 1775 2476 dilexit
1798 2435 1895 2474 eos
1921 2418 2102 2490 (Joan.

526 2520 650 2589 xu).
687 2538 705 2570 ι
741 2517 952 2574 Pascha
983 2516 1240 2570 transitus
1289 2514 1513 2580 dicitur,
1550 2513 1678 2584 quia
1716 2512 1980 2568 Dominus
2012 2527 2106 2583 per

525 2611 819 2683 Egyplum
868 2610 1103 2674 transiit,
1130 2609 1441 2678 percutiens
1475 2605 1836 2677 primogenita
1879 2604 2022 2673 ejus,
2054 2613 2107 2658 et

522 2702 691 2758 Filio’s
732 2701 894 2755 Israel
953 2700 1211 2765 liberans,
1247 2708 1299 2753 et
1328 2698 1454 2769 quia
1511 2697 1607 2750 lilii
1656 2695 1820 2750 Israel
1871 2695 2106 2750 transie-

523 2805 651 2850 runt
677 2795 765 2849 illa
799 2801 956 2847 nocte
981 2793 1047 2847 de
1083 2791 1334 2862 Egyptia
1376 2788 1661 2845 servitute.
1706 2786 1860 2854 Quod
1899 2776 2108 2858 signiti-

521 2897 609 2942 cat
627 2886 916 2942 Dominum
936 2885 1297 2940 transiturum
1324 2882 1389 2936 de
1417 2882 1520 2936 hoc
1546 2880 1751 2935 mundo
1774 2879 1839 2933 ad
1864 2878 2101 2943 Patrem,

522 2990 575 3034 et
610 2980 793 3035 fideles
832 2979 953 3048 ejus
1004 2976 1073 3031 de
1129 2973 1520 3044 temporalibus
1555 2971 1622 3025 ad
1667 2971 1932 3027 ctelestia.
1969 2990 1987 3022 ι
2044 2968 2104 3024 In

518 3074 682 3129 tinem
713 3073 903 3127 dilexit
930 3084 1080 3134 suos,
1114 3088 1131 3121 ι
1160 3067 1211 3122 id
1242 3076 1326 3122 est
1354 3067 1406 3119 in
1436 3065 1694 3135 seipsum.
1725 3081 1744 3113 σ
1776 3062 1927 3118 Finis
1957 3062 2101 3116 enim

518 3167 676 3238 legis,
702 3166 779 3219 ait
825 3163 1138 3233 Apostolus,
1171 3169 1253 3216 est
1298 3160 1551 3214 Christus
1577 3158 1750 3226 (Rom.
1784 3158 1861 3223 x).
1899 3176 1917 3209 ι
1952 3155 2104 3211 Finis

520 3274 807 3331 quousque
835 3255 1064 3311 feliciter
1088 3268 1300 3319 eamus,
1331 3266 1438 3305 non
1473 3251 1563 3304 ubi
1596 3249 1887 3305 infeliciter
1916 3265 2104 3319 perea-

519 3367 664 3406 mus.
713 3347 808 3402 Vel
853 3347 906 3400 in
955 3346 1140 3407 liuent,
1176 3343 1227 3398 id
1259 3352 1342 3398 est
1377 3343 1431 3396 iu
1486 3351 1740 3407 mortem,
1789 3356 1897 3396 non
1951 3340 2102 3411 quod

521 3446 696 3498 morte
757 3439 1078 3495 tet-minetur
1116 3436 1320 3492 Christi
1365 3434 1603 3499 dilectio,
1650 3435 1741 3490 sed
1781 3435 1834 3490 iu
1890 3444 2099 3489 tantum

518 3533 708 3589 dilexit
763 3522 911 3601 quad
961 3544 1133 3600 usque
1175 3527 1241 3582 ad
1289 3536 1519 3581 mortem
1552 3527 1770 3582 dilectio
1812 3542 1937 3581 eum
1979 3542 2102 3596 per-

518 3625 756 3681 duxerit.
793 3623 849 3678 In
880 3638 990 3694 quo
1030 3621 1339 3690 exemplum
1386 3620 1553 3687 dedit,
1586 3628 1645 3675 ut
1695 3635 1887 3674 omnes
1916 3620 1971 3675 in
2004 3617 2098 3674 Dei

516 3719 745 3775 scritate
780 3723 1135 3787 permaneant
1164 3730 1336 3784 usque
1364 3713 1417 3768 in
1456 3713 1639 3768 finetn.

595 3831 616 3864 ι
652 3809 838 3880 Surgit
864 3824 894 3863 a
924 3822 1078 3863 creua
1100 3813 1153 3861 ct
1174 3806 1329 3876 ponit
1352 3805 1673 3860 vestimenta
1711 3819 1830 3860 sua.
1871 3802 1938 3859 Et
1972 3820 2099 3859 cum

517 3902 820 3974 accepisset
880 3900 1128 3965 linteum,
1202 3896 1484 3969 prmeinxit
1544 3909 1622 3950 se.
1688 3894 1891 3950 Deinde
1950 3895 2100 3951 misit

515 4012 715 4069 aquam
749 3993 801 4048 in
833 3992 1028 4064 pelvim
1059 3999 1113 4045 et
1155 3991 1320 4060 cwpit
1371 3988 1555 4044 lavare
1593 3988 1756 4059 pedes
1797 3988 2125 4058 discipulo;

514 4106 662 4156 rum,
686 4096 740 4144 et
766 4096 1044 4158 extergere
1071 4084 1238 4139 linteo
1280 4097 1390 4154 quo
1431 4092 1547 4137 erat
1574 4082 1918 4153 praecinctus.
1954 4102 1972 4134 ι
2017 4079 2097 4136 Ex

514 4197 712 4252 magna
740 4178 1045 4233 humilitate
1067 4191 1175 4230 non
1210 4173 1535 4243 dedignatus
1568 4181 1654 4227 est
1703 4173 1884 4227 lavare
1931 4172 2097 4242 pedes

512 4274 591 4330 illi
626 4272 790 4326 etiam
814 4269 972 4343 cujus
1001 4282 1197 4322 manus
1235 4264 1346 4336 jam
1392 4264 1725 4335 praevidebat
1760 4265 1815 4318 in
1867 4264 2093 4323 scelere.

509 4364 654 4434 Quid
680 4358 981 4429 mirum,‘si
1014 4358 1195 4431 posuit
1227 4363 1568 4423 vestimenta,
1593 4354 1686 4426 qui
1736 4372 1860 4411 cum
1893 4357 1945 4411 in
1979 4355 2093 4410 for-

511 4450 600 4511 ma
629 4453 716 4508 llei
764 4460 907 4508 esset
941 4450 1292 4520 semetipsum
1344 4446 1680 4503 exinauivit?
1717 4448 1973 4519 (Philipp.
2009 4447 2094 4517 ιι.)

511 4548 654 4617 Quid
710 4545 932 4611 mirum,
958 4543 1004 4599 si
1062 4541 1348 4614 praecinxit
1401 4558 1461 4598 se
1508 4543 1694 4609 linteo,
1729 4542 1823 4612 qui
1861 4542 2091 4597 formam

513 4642 655 4699 servi
681 4637 957 4709 accipiens
979 4635 1165 4690 habitu
1193 4634 1445 4690 inventus
1470 4643 1554 4690 est
1581 4643 1641 4689 ut
1668 4634 1870 4688 homo?
1908 4633 2089 4704 (ibid.)

509 4734 650 4803 Quid
684 4733 910 4796 mirum,
937 4728 984 4784 si
1014 4727 1164 4782 misit
1190 4742 1387 4798 aquam
1418 4728 1472 4782 in
1512 4726 1729 4798 pelvim,
1764 4725 1905 4780 unde
1940 4724 2091 4780 lava-

510 4834 593 4881 ret
633 4824 795 4894 pedes
830 4819 1246 4891 discipulorum,
1288 4819 1383 4888 qui
1431 4819 1485 4873 in
1517 4827 1718 4874 terram
1768 4818 2088 4887 sanguinem

508 4915 667 4981 fudit,
699 4930 807 4986 quo
836 4911 1237 4966 immunditiam
1266 4911 1495 4965 dilueret
1529 4909 1916 4981 peccatorum?
1947 4908 2085 4976 Quid

470 5062 482 5070 ,
508 5006 808 5072 ιιιὶιύιιι,’ςῑ
842 5006 1008 5059 linteo
1038 5016 1149 5074 quo
1190 5011 1308 5057 erat
1363 5003 1688 5072 praecinctus
1736 5003 1897 5071 pedes
1947 5020 2086 5073 quos

506 5094 713 5157 laverat
748 5098 921 5160 tersit,
948 5096 1040 5169 qui
1072 5111 1236 5150 carne
1266 5111 1373 5166 qua
1429 5104 1547 5150 erat
1593 5095 1818 5149 indutus
1847 5110 2084 5165 evange-

506 5194 767 5248 lista‘rum'
785 5188 1011 5258 vestigia
1044 5185 1422 5241 confirmavit?

577 5282 738 5339 Venit
781 5297 910 5353 ergo
957 5280 1024 5335 ad
1056 5278 1334 5335 Simonem
1382 5278 1625 5342 Petrum,
1657 5288 1712 5334 et
1739 5279 1941 5335 dieitei
1984 5279 2086 5335 Pe-

501 5390 623 5434 trus
663 5394 677 5429 :
718 5392 735 5425 ι
770 5373 1019 5437 Domine,
1044 5380 1099 5425 tu
1131 5371 1264 5424 mihi
1291 5371 1440 5427 lavas
1466 5372 1657 5442 pedes!
1689 5391 1706 5424 ι
1739 5370 1858 5427 Νοιι
1889 5383 1972 5429 est
2004 5375 2083 5427 in.

502 5467 852 5540 telligeudum
884 5464 1037 5536 quod
1061 5471 1183 5534 post
1230 5462 1442 5532 aliquos
1481 5464 1724 5519 venisset
1748 5466 1813 5519 ad
1837 5463 2082 5533 Petrum,

507 5561 605 5618 sed
629 5561 700 5615 ab
732 5559 826 5614 illo
853 5557 1055 5626 incepit
1105 5555 1323 5608 lavatio.
1361 5554 1687 5624 Expavescit
1709 5573 1838 5625 ergo
1874 5559 2083 5628 primus

503 5653 877 5725 apostolorum
908 5649 1055 5719 quod
1088 5647 1230 5703 Deus
1260 5648 1403 5701 lavet
1432 5646 1637 5701 homini
1665 5652 1846 5718 pedes.

577 5760 599 5795 ι
642 5741 941 5812 Respondit
974 5737 1151 5804 Jesus,
1202 5748 1256 5791 et
1298 5736 1429 5792 dicit
1472 5737 1524 5791 ei
1555 5752 1568 5789 ε
1604 5736 1759 5803 Quod
1789 5754 1888 5809 ego
1918 5737 2077 5803 facio,

504 5836 684 5891 nescis
716 5832 900 5899 modo,
935 5831 1075 5885 scies
1108 5839 1286 5885 autem
1328 5838 1537 5908 postea.
1569 5827 1711 5884 Dicit
1746 5829 1792 5883 ei
1832 5828 2023 5885 Petrus
2061 5849 2074 5885 :

2139 2242 2180 2298 Β
2209 2232 2327 2291 Non
2351 2236 2559 2292 lavabis
2583 2237 2714 2292 mihi
2737 2238 2903 2308 pedes
2926 2240 2982 2294 in
3026 2250 3320 2309 aeternum,
3352 2264 3371 2298 ι
3401 2245 3489 2303 hoc
3508 2259 3568 2303 est
3587 2266 3691 2305 nun-

2212 2342 2376 2396 quam
2410 2326 2636 2383 lavabis.
2670 2328 2825 2385 Sicut
2850 2340 2935 2386 est
2985 2332 3156 2388 homo
3206 2336 3421 2395 humilis
3444 2338 3498 2394 ad
3526 2343 3694 2396 unicu-

2212 2417 2360 2484 dum,
2404 2419 2474 2473 ita
2501 2435 2693 2476 servus
2720 2436 2829 2476 non
2865 2424 3223 2493 suscipiendo
3248 2429 3519 2485 servitium.

2287 2528 2306 2560 ι
2349 2509 2649 2581 Respondit
2684 2513 2732 2567 ei
2762 2511 2925 2570 Jesus
2955 2535 2967 2570 :
3000 2515 3057 2571 Si
3091 2533 3205 2572 non
3236 2520 3411 2576 lavero
3446 2530 3489 2576 te
3529 2523 3703 2581 nonhac

2211 2600 2364 2657 behis
2396 2611 2601 2672 partem
2631 2620 2866 2660 mecmn.
2904 2626 2923 2658 ι
2964 2606 3032 2662 Te
3072 2609 3211 2665 dicit
3241 2627 3339 2680 pro
3380 2613 3496 2668 solis
3517 2616 3700 2684 pedibus.

2210 2691 2314 2760 Qui
2360 2710 2468 2748 non
2517 2695 2732 2751 lavatur
2781 2714 2877 2767 per
2908 2699 3250 2770 baptismum
3300 2713 3353 2758 et
3388 2704 3703 2763 ecufessionen

2209 2786 2562 2857 poenitentiae,
2597 2804 2712 2847 non
2736 2790 2899 2844 habet
2929 2804 3145 2861 partem
3176 2810 3301 2849 cum
3332 2793 3468 2851 Iesu.

2287 2897 2304 2929 ι
2339 2876 2486 2933 Dixit
2516 2880 2562 2935 ei
2598 2879 2788 2936 Simon
2830 2882 3066 2939 Petrus;
3117 2884 3368 2953 Domine,
3413 2903 3507 2940 non
3550 2895 3705 2942 tantum

2206 2970 2373 3039 pedes
2410 2986 2583 3038 meos,
2606 2972 2698 3026 sed
2748 2982 2802 3028 et
2842 2990 3038 3029 manus
3096 2985 3158 3030 et
3197 2986 3375 3046 caput.
3403 2996 3419 3028 ι
3447 2976 3644 3032 Territus
3662 2993 3709 3032 ex

2209 3058 2426 3115 Domini
2476 3064 2836 3132 responsione
2888 3065 2956 3120 de
2988 3067 3254 3136 periculo
3306 3069 3484 3124 salutis
3518 3078 3715 3124 totumse

2207 3151 2368 3207 oil‘ert
2390 3155 2455 3208 ad
2481 3155 2812 3211 abluendum
2846 3158 3099 3214 turbatus
3142 3177 3332 3216 amore
3352 3172 3401 3216 et
3429 3163 3608 3216 timore.

2284 3264 2302 3296 ε
2338 3244 2481 3302 Dicit
2508 3247 2557 3303 ei
2589 3245 2751 3304 Iesus
2791 3267 2805 3304 :
2839 3248 2944 3317 Qui
2995 3251 3156 3309 lotus
3182 3262 3268 3308 est
3299 3269 3405 3308 non
3447 3253 3613 3324 indiget
3635 3251 3715 3305 nisi

2207 3346 2267 3392 ut
2289 3338 2452 3410 pedes
2481 3338 2645 3408 lavet,
2678 3342 2887 3397 scilicet
2915 3352 3001 3398 est
3029 3346 3288 3401 mundus
3327 3355 3474 3401 totus.
3516 3365 3530 3396 ι
3562 3344 3718 3398 Ιιιιθυὶ·

2206 3432 2444 3502 gendum
2480 3444 2564 3489 est
2604 3444 2798 3505 praeter
2840 3436 3022 3507 pedes.
3051 3436 3238 3493 Totus
3284 3439 3436 3493 homo
3457 3436 3645 3490 abluitur
3669 3433 3715 3486 in

2207 3526 2497 3596 baptismo,
2525 3529 2617 3582 sed
2657 3540 2839 3583 tamen
2869 3546 2993 3584 cum
3029 3530 3083 3585 in
3136 3532 3313 3586 rebus
3346 3530 3555 3585 humanis
3570 3536 3719 3597 postea

2204 3618 2426 3686 vivitur,
2466 3620 2689 3674 humani
2741 3621 2987 3688 allectus,
3020 3623 3150 3680 sine
3199 3624 3402 3695 quibus
3436 3636 3525 3675 non
3546 3620 3720 3684 vivitur,

2203 3711 2361 3780 quasi
2390 3711 2554 3781 pedes
2596 3722 2746 3778 sunt,
2778 3714 2905 3783 quia
2928 3715 2974 3768 si
3008 3715 3328 3772 dixerimus
3368 3723 3609 3785 peccatum
3642 3725 3724 3764 non

2203 3803 2493 3869 habemus,
2526 3806 2821 3861 mentimur
2843 3804 2897 3876 (I
2926 3805 3088 3860 Joan.
3125 3811 3194 3879 ι).
3238 3806 3482 3875 Quotidie
3511 3805 3645 3875 igitur
3663 3803 3723 3855 la-

2201 3905 2294 3952 vat
2329 3896 2488 3952 nobis
2520 3897 2684 3966 pedes
2710 3898 2804 3968 qui
2833 3898 3078 3969 quotidie
3104 3901 3429 3971 interpellat
3469 3914 3556 3972 pro
3592 3896 3723 3950 nobis.

2202 3984 2357 4043 Unde
2385 3988 2547 4043 etiam
2576 3990 2820 4060 quotidie
2849 3990 3085 4047 dicimus
3114 4011 3130 4047 :
3184 4012 3203 4043 ι
3242 3992 3460 4048 Dimitte
3494 3989 3626 4046 nobis
3663 3986 3727 4040 de-

2200 4080 2310 4135 bita
2338 4091 2525 4138 nostra
2549 4082 2767 4152 (Matth.
2800 4083 2897 4155 vi).
2924 4104 2941 4136 ι
2968 4083 3034 4138 Ει
3059 4085 3113 4139 in
3142 4084 3385 4142 Cautieo
3409 4084 3728 4140 canticorum:

2206 4193 2224 4225 ι
2253 4172 2384 4229 Lavi
2415 4176 2576 4244 pedes
2599 4190 2771 4243 meos,
2793 4178 3072 4248 quomodo
3098 4174 3568 4249 inquinaboillos?
3591 4171 3725 4244 (Cum.

2198 4267 2274 4333 v).
2313 4283 2331 4318 ›
2358 4264 2610 4322 'I‘imeant
2639 4267 2929 4336 inquinare
2957 4269 3316 4338 pedcs'suos,
3347 4268 3441 4339 qui
3469 4262 3734 4334 surripiento

2197 4372 2384 4414 amore
2409 4359 2662 4414 humana:
2689 4360 2888 4427 laudis,
2922 4362 3137 4430 placere
3164 4361 3491 4416 hominibus
3516 4356 3729 4412 all'ectant.

2196 4446 2504 4503 Notandum
2541 4450 2667 4520 quia
2695 4451 2898 4506 erravit
2928 4450 3146 4518 Petrus,
3203 4467 3279 4507 ne
3335 4467 3436 4506 nos
3465 4456 3736 4503 erraremus.

2195 4555 2319 4593 cum
2364 4554 2423 4595 se
2471 4550 2643 4595 totum
2691 4536 2982 4596 lavandum
3022 4541 3134 4597 Deo
3179 4541 3409 4597 obtulit.
3448 4540 3605 4606 Quem
3634 4534 3737 4589 Deus

2195 4631 2433 4686 correxit
2468 4632 2762 4688 ostendens
2805 4634 2972 4688 semel
3005 4632 3360 4704 baptizatum
3408 4647 3517 4687 non
3559 4640 3662 4684 esse
3685 4638 3743 4676 te.

2194 4720 2599 4793 haptizandum.

2271 4834 2289 4866 ι
2322 4813 2389 4871 Ει
2435 4831 2533 4873 vos
2571 4817 2759 4872 mundi
2804 4818 2960 4884 estis,
2993 4818 3087 4873 sed
3140 4834 3260 4873 non
3316 4831 3536 4872 omnes.
3576 4807 3749 4867 Sciebat

2193 4910 2338 4965 enim
2369 4911 2623 4981 quisnam
2654 4920 2801 4967 esset
2851 4912 2944 4982 qui
2998 4913 3245 4967 traderet
3286 4927 3446 4967 eum.
3502 4908 3746 4976 Propter“

2192 5004 2367 5058 dixit:
2398 5001 2516 5059 Non
2542 5006 2675 5059 estis
2705 5005 2894 5059 mundi
2921 5020 3130 5060 onmes.
3160 5004 3486 5075 Postquam
3512 5015 3633 5073 ergo
3655 4994 3751 5053 lavit

2191 5093 2356 5162 pedes
2380 5111 2592 5161 eorum,
2631 5096 2839 5166 accepit
2870 5098 3193 5153 vestimenta
3229 5114 3361 5152 sua.
3390 5097 3462 5153 Et
3488 5111 3607 5150 cum
3630 5104 3751 5145 recu-

2191 5185 2421 5254 buisset,
2442 5188 2635 5243 iterum
2663 5189 2797 5243 dixit
2819 5190 2900 5246 eis
2921 5209 2933 5244 :
2959 5189 3121 5247 Scitis
3139 5190 3288 5261 quid
3314 5189 3548 5246 fecerim
3568 5181 3751 5242 vobis?»

2191 5278 2305 5333 Iloe
2358 5280 2475 5335 vult
2520 5281 2732 5351 aperire
2796 5284 2943 5352 quod
3000 5282 3163 5339 Petro
3223 5285 3460 5341 dixerat
3508 5301 3522 5338 :
3579 5301 3597 5332 ι
3639 5277 3757 5333 Scies

2188 5381 2367 5425 autem
2394 5380 2601 5442 postea.
2630 5394 2647 5423 ι
2668 5373 2890 5446 Mystice
2915 5390 3091 5442 etena,
3118 5375 3172 5430 in
3204 5393 3329 5447 qua
3362 5392 3497 5434 eum
3520 5368 3762 5442 discipulis

2190 5462 2453 5518 Dominus
2513 5466 2780 5532 recubuit,
2833 5466 3101 5537 significat
3156 5475 3399 5538 tempus
3482 5468 3761 5521 universum

2188 5571 2299 5626 quo
2335 5555 2448 5625 ipse
2471 5557 2828 5624 corporaliter
2853 5558 2905 5611 in
2938 5556 3177 5613 Ecclesia
3218 5559 3592 5622 demoratus,
3619 5562 3669 5611 et
3691 5550 3764 5606 dir

2186 5647 2348 5718 pibus
2363 5647 2513 5702 verbi
2535 5648 2791 5703 salutaris
2816 5664 2879 5703 ac
2906 5650 3315 5707 miraculorum
3340 5651 3640 5708 dulcedine
3660 5660 3766 5700 cun-

2185 5750 2304 5795 ctos
2334 5740 2519 5795 ﬁdeles
2567 5742 2732 5810 pavit,
2756 5749 2811 5795 et
2839 5741 2944 5795 lide
2992 5757 3056 5797 ac
3099 5742 3421 5800 dilectione
3454 5737 3769 5798 audientium

2186 5835 2299 5904 ipsv
2321 5842 2631 5906 pastus_cst.
2652 5833 3042 5906 Surrexitergo
3066 5852 3094 5890 a
3116 5851 3315 5909 castra,
3338 5849 3399 5895 et
3422 5837 3615 5910 posuit
3636 5829 3769 5888 vesti.

2129 3591 2170 3648 C

2122 4950 2164 5005 D
