3964 6438
187 405 293 462 909

1119 407 1230 464 [ιω
1254 406 1691 465 LORATIONES
1733 408 1834 464 SS.
1877 405 2186 463 PATliL‘M.
2219 435 2281 445 οι-
2323 403 2448 458 l.ll:.
2492 403 2508 457 ἓ

3359 405 3468 460 si.

188 528 373 578 menta
419 535 524 576 sua
566 519 785 591 quando
829 518 1071 574 membra
1119 521 1368 591 corporis
1425 520 1676 591 deposuit
1721 522 1772 575 in

1891 540 2096 595 medere
2126 549 2180 594 et
2213 538 2516 602 immolare,
2548 547 2602 591 et
2636 535 2886 592 umbram
2921 535 2996 591 rei
3049 533 3244 590 futura:
3272 538 3463 594 tandiu

190 629 374 670 cruce.
411 611 610 667 Linteo
660 612 940 683 prmcinxit
985 627 1065 676 se,
1119 614 1341 683 quando
1392 630 1490 668 sua
1533 613 1774 668 membra

188 705 559 762 circumdedit
579 704 852 775 passionis
893 705 1174 761 exercitio.
1207 705 1393 760 Solum
1419 722 1655 776 namque
1681 723 1778 777 per

191 800 418 853 linteum
463 799 612 868 quod
663 796 959 853 multifario
1013 798 1200 854 labore
1228 799 1778 867 conticitur,atilictio

190 891 467 963 passionis
493 891 777 960 figuratur.

263 1001 282 1032 ι
327 981 479 1037 .\lisit
536 999 735 1054 aquam
796 984 850 1038 in
898 983 1118 1054 pelvim,
1157 1003 1175 1037 ι
1232 993 1336 1040 etc.
1371 983 1670 1040 Defunctus
1720 985 1773 1040 in

191 1092 355 1131 ernce
385 1093 587 1148 aquam
637 1093 762 1131 eum
808 1078 1073 1148 sanguine
1111 1078 1178 1132 de
1213 1078 1378 1132 latere
1428 1092 1531 1133 suo
1579 1077 1776 1140 fundit,

191 1171 394 1242 quibus
429 1171 717 1225 credentes
749 1169 1013 1224 mundare
1039 1183 1093 1225 et
1123 1171 1465 1226 sanetiiicare
1499 1171 1774 1241 dignatur.

195 1291 200 1295 ~
262 1262 566 1333 Postquam
595 1264 725 1318 lavit
762 1263 947 1333 pedes,
972 1264 1182 1332 accepit
1211 1263 1533 1318 vestimenta
1567 1280 1688 1328 sua,
1726 1274 1782 1319 et

194 1355 524 1411 recumbens
563 1355 777 1424 aperuit
820 1353 902 1408 eis
951 1353 1269 1424 mysterium
1314 1355 1626 1422 lavationis,
1651 1357 1778 1427 quia

197 1456 488 1519 postquam
539 1447 796 1518 patiendo
823 1448 875 1501 in
909 1463 1073 1502 cruce
1123 1447 1401 1502 lavacrum
1437 1449 1781 1505 remissionis

197 1540 358 1594 nobis
380 1539 748 1603 consecravit,
775 1539 985 1608 accepit
1015 1537 1258 1593 membra
1285 1539 1397 1609 jam
1427 1539 1778 1607 immortalia,

195 1643 245 1686 et
275 1643 398 1702 post
435 1633 896 1688 resurrectionem
946 1633 1200 1703 exposuit
1229 1633 1310 1689 cis
1336 1633 1622 1690 utilitatem
1669 1651 1782 1691 sute

198 1727 496 1796 passionis.

267 1818 412 1874 «Vos
435 1819 645 1875 vocatis
668 1835 776 1885 me,
808 1818 1062 1890 Magister
1086 1830 1140 1877 et
1164 1820 1413 1885 Domine,
1451 1831 1505 1876 et
1539 1821 1672 1876 bene
1697 1822 1778 1875 di-

201 1905 360 1969 citis,
397 1921 521 1960 sum
567 1905 792 1960 ctenim.
827 1905 882 1961 Si
932 1921 1064 1978 ergo
1103 1922 1205 1978 ego
1242 1908 1343 1962 lavi
1378 1908 1540 1979 pedes
1569 1921 1779 1964 vestros

198 1992 471 2050 Dominus
497 2003 551 2049 et
588 1994 862 2066 Magister,
901 2007 955 2051 et
988 2013 1084 2053 vos
1109 1998 1320 2054 debetis
1365 1998 1504 2054 alter
1552 1999 1782 2056 alterius

196 2087 384 2141 lavare
407 2087 592 2156 pedes.
627 2107 646 2140 ι
676 2088 737 2143 Et
767 2089 1100 2145 aiLlitteram
1143 2103 1197 2146 ct
1236 2091 1302 2145 ad
1331 2093 1618 2164 mysticum
1651 2109 1779 2149 sen-

193 2192 317 2231 suin
346 2177 452 2232 hoc
483 2178 746 2234 debemus
776 2179 984 2249 impleri
1014 2199 1027 2234 :
1058 2181 1124 2235 ad
1153 2182 1412 2246 litteram,
1445 2195 1501 2238 ut
1533 2201 1627 2254 per
1657 2187 1781 2240 cha-

195 2273 418 2325 ritateiu
441 2273 747 2327 serviamus
784 2273 1041 2338 invicem,
1076 2290 1183 2328 non
1233 2276 1409 2331 solum
1453 2275 1504 2330 in
1555 2278 1784 2332 lavando

193 2361 362 2430 pedes
397 2361 649 2424 fratrum,
679 2363 770 2416 sed
800 2373 852 2417 et
883 2363 934 2416 in
961 2363 1218 2419 omnibus
1247 2366 1664 2422 neci-Ssitatibus
1688 2369 1783 2421 ad-

185 2452 476 2522 jnvanilo;
512 2455 579 2508 ad
615 2455 902 2526 mysticum
928 2455 1282 2522 intellectura,
1315 2461 1537 2514 utsicut
1569 2460 1656 2514 ille
1688 2476 1784 2512 ιιιι-

192 2543 278 2599 bis
310 2545 706 2614 pii-nitentibus
749 2557 966 2614 peccata
1004 2547 1249 2607 dimittit,
1283 2549 1353 2601 ita
1387 2559 1440 2601 et
1473 2565 1571 2604 nos
1600 2550 1783 2603 dimit-

190 2645 382 2688 tamus
417 2633 698 2690 fratribus.
743 2634 805 2690 lit
833 2636 975 2690 sicut
1008 2635 1095 2690 ille
1151 2636 1279 2691 lavit
1331 2652 1432 2692 nos
1464 2655 1493 2691 a
1548 2640 1785 2708 peccatis

193 2723 606 2794 interpellando
639 2737 845 2796 patrem
885 2743 982 2796 pro
1019 2727 1198 2793 nobis,
1230 2729 1300 2782 ita
1331 2738 1386 2783 et
1436 2744 1536 2784 nos
1564 2746 1786 2787 oremus

188 2833 294 2888 pro
332 2819 620 2873 fratribus.

265 2930 287 2993 ε
324 2910 651 2980 Exemplum
691 2911 836 2966 enim
875 2912 997 2968 dedi
1031 2913 1205 2978 vobis,
1237 2924 1298 2969 ut
1323 2915 1782 2984 quemadmodum

185 3018 292 3072 ego
319 3002 428 3056 feci
461 3005 634 3066 vobis,
665 3005 736 3058 ita
779 3015 833 3060 et
883 3022 979 3061 vos
1017 3005 1252 3060 fueratis.
1291 3026 1309 3059 ι
1342 3006 1455 3064 lluc
1490 3019 1574 3064 est
1603 3021 1788 3078 petere

185 3101 345 3163 quml
394 3097 679 3151 nesciebas
707 3099 930 3168 quando
959 3099 1126 3153 lavari
1178 3101 1340 3169 pedes
1385 3118 1490 3154 non
1544 3101 1783 3167 sinelias,

1879 633 2315 699 servare,donee
2366 631 2672 688 immolatio
2708 629 2824 687 veri
2876 629 3014 702 Λειιὶ
3056 632 3226 684 fieret.
3275 627 3467 700 Itaque

1877 734 2003 780 ante
2057 735 2270 794 tempus
2327 723 2597 794 passionis
2649 738 2785 789 sum,
2840 723 3010 776 voluit
3051 719 3261 776 Pascha
3307 729 3468 776 vetus

1879 833 2004 870 cmn
2052 815 2336 885 discipulis
2389 815 2696 879 celebrare,
2743 824 2798 868 et
2863 829 3063 884 agnqu
3138 812 3462 879 comedere;

1877 902 2072 959 deinde
2101 904 2375 960 veteribus
2429 904 2616 971 figuris
2664 905 2822 958 linem
2870 904 3021 958 dare.
3074 901 3205 959 Post
3247 918 3464 958 ctenam

1880 995 2045 1065 igitur
2074 993 2220 1064 agni,
2247 1009 2446 1047 novum
2475 992 2680 1048 Pascha
2711 995 2864 1048 linito
2892 994 3055 1050 veteri
3084 994 3386 1062 constituit,
3405 1005 3461 1050 et

1878 1083 2162 1155 discipulis
2198 1099 2398 1153 corpus
2426 1100 2586 1138 suum
2620 1095 2671 1138 et
2701 1087 3022 1153 sanguinein
3062 1086 3363 1140 distribuit.
3402 1083 3465 1138 Si

1879 1177 2026 1232 enim
2080 1177 2234 1248 prius
2280 1177 2429 1231 daret
2469 1189 2672 1246 corpus
2702 1193 2885 1239 suum,
2916 1188 2968 1232 et
2998 1179 3191 1234 deinde
3235 1195 3461 1250 agnum,

1882 1284 1988 1324 non
2017 1270 2293 1324 videretur
2317 1279 2470 1324 vetus
2506 1267 2712 1322 l'ascba
2745 1269 2950 1327 linisse.
2992 1281 3207 1340 ιιιοιιιρι·
3237 1288 3464 1329 novum.

1880 1357 2102 1427 Accepit
2151 1357 2332 1427 itaque
2370 1373 2586 1427 panem.
2628 1369 2680 1412 rt
2732 1358 3026 1417 benedixit.
3059 1370 3108 1414 et
3146 1361 3292 1414 dedit
3326 1361 3462 1424 illis;

1880 1458 2070 1519 postea
2096 1445 2344 1504 calicem.
2375 1445 2668 1502 Sciendum
2694 1465 2820 1518 quia
2863 1458 2971 1502 tota
3007 1461 3198 1505 natura
3229 1451 3465 1506 humana

1885 1541 1938 1595 in
1970 1540 2152 1595 anima
2183 1551 2234 1594 et
2264 1555 2492 1610 corpore
2533 1552 2649 1596 erat
2701 1551 2979 1610 corrupta.
3033 1541 3283 1610 (ipintuit
3337 1557 3469 1616 ergo

1883 1645 1942 1689 ιιι
1987 1632 2116 1700 lico,
2145 1633 2236 1704 qui
2287 1637 2534 1690 veniebat
2587 1646 2880 1704 utrunn‘pte
2939 1635 3188 1699 liberare,
3219 1638 3470 1691 unii'etur

1884 1737 2136 1796 uterque,
2167 1737 2222 1780 ut
2256 1726 2436 1780 anima
2489 1743 2583 1797 per
2614 1726 2878 1795 animam,
2910 1741 3112 1798 c0rpus
3145 1745 3240 1799 per
3270 1747 3472 1802 corpus

1884 1826 2252 1885 competenter
2280 1816 2622 1871 liberaretur.

1955 1906 2078 1962 Ideo
2097 1907 2260 1962 etiam
2285 1907 2336 1962 in
2363 1908 2543 1975 altari,
2561 1909 2626 1963 ad
2659 1919 2951 1979 utrumque
2969 1910 3470 1979 repratsentamhnu

1885 2015 2077 2071 panem
2115 2011 2162 2055 et
2191 2000 2377 2056 vinum
2407 2003 2756 2072 apponiinus,
2798 2013 2852 2055 ut
2888 2017 2982 2071 per
3031 2018 3225 2072 panem
3271 2019 3473 2074 corpus

1886 2097 2087 2149 fartum
2135 2104 2190 2149 et
2239 2111 2268 2148 a
2318 2095 2474 2149 nobis
2506 2095 2666 2165 digne
2704 2105 2986 2164 acceptum
3046 2107 3292 2151 nostrtnn
3349 2113 3474 2152 eor-

1886 2202 1987 2258 pus
2010 2186 2225 2256 ειη-ιιι)ιοί
2257 2186 2460 2242 Christi
2504 2187 2555 2240 in
2587 2187 2994 2242 immortalitate
3019 2197 3071 2242 et
3110 2188 3469 2258 impassibili-

1889 2289 1997 2333 tate
2050 2277 2382 2347 quandoque
2427 2276 2882 2331 conformatulum
2932 2277 3255 2345 credamus;
3303 2288 3357 2334 ct
3398 2280 3475 2334 si-

1887 2371 2086 2425 Iniliter
2115 2385 2206 2440 per
2231 2371 2413 2423 vinum
2449 2369 2501 2424 in
2556 2370 2876 2439 sanguinein
2930 2385 3278 2438 conversmn,
3315 2381 3370 2426 et
3399 2373 3477 2428 si-

1888 2461 2086 2516 militer
2117 2478 2147 2516 a
2186 2461 2342 2516 nobis
2371 2472 2709 2530 susceptum,
2765 2460 2978 2514 animas
3028 2471 3246 2518 nostras
3276 2463 3475 2518 animai

1885 2553 2089 2608 Christi
2120 2554 2407 2610 credamus
2441 2553 2752 2609 conformcs
2797 2553 2911 2606 fieri
2947 2553 2999 2607 in
3053 2555 3296 2630 mundo,
3339 2554 3472 2610 tlum

1887 2645 2144 2710 vivimus,
2169 2657 2221 2700 et
2244 2646 2296 2700 in
2327 2645 2521 2717 gloria,
2551 2645 2680 2699 dum
2716 2659 3095 2716 rcsurgemus;
3127 2655 3180 2702 et
3211 2664 3335 2702 cum
3360 2649 3476 2702 ani-

1887 2755 1975 2792 ma
2001 2737 2206 2794 Christi
2235 2738 2302 2792 ad
2339 2739 2544 2808 aliquid
2569 2753 2916 2808 corporeum,
2967 2738 3112 2792 sicut
3148 2755 3348 2810 corpus
3378 2757 3476 2810 per

1886 2848 2082 2903 panem
2113 2831 2544 2903 repriesentamla
2587 2841 2732 2886 esset
2771 2831 2870 2901 (7),
2918 2831 3051 2885 nihil
3102 2832 3378 2888 invcntmn
3420 2835 3477 2890 in

1888 2924 2146 2978 omuilms
2177 2923 2444 2978 creaturis
2502 2923 2617 2978 suis
2661 2932 2764 2988 est,
2801 2940 2896 2992 per
2927 2924 3056 2993 quid
3108 2924 3342 2980 vicinius
3389 2942 3478 2980 re-

1888 3024 2313 3085 pra‘sentaretur
2376 3030 2542 3086 quam
2601 3030 2697 3084 per
2754 3015 3107 3084 sanguinein,
3173 3016 3267 3086 qui
3317 3019 3478 3072 sedes

1889 3109 2064 3180 ipsius
2100 3109 2296 3163 anima:
2344 3108 2565 3163 dicitur.
2621 3105 2726 3162 Sed
2767 3108 2895 3177 quia
2934 3108 3256 3178 sanguinem
3316 3112 3476 3180 quasi

185 3193 296 3243 huc
351 3189 452 3242 tibi
500 3200 684 3258 postea
731 3189 1012 3244 scicmlmn
1063 3192 1310 3260 permisit
1353 3190 1636 3248 Dominus.
1691 3191 1783 3246 list
1813 3223 1857 3284 ρ
1892 3198 2153 3284 Ιιοξιοὶιιηο
2197 3208 2403 3252 natura:
2456 3197 2709 3252 humanm
2739 3212 2956 3251 sumere
3001 3198 3303 3264 videbatur,
3354 3199 3477 3254 ideo

183 3283 554 3336 euiiSui-tudo
600 3283 743 3352 apud
794 3282 1102 3353 plerosque,
1146 3294 1205 3338 ut
1259 3299 1382 3339 cum
1434 3300 1493 3340 se
1553 3284 1782 3340 invicem

185 3374 450 3445 hospitio
504 3375 834 3444 suscipiunt,
892 3374 1056 3444 pedes
1095 3375 1198 3430 sibi
1253 3374 1593 3432 lavent.'Ubi
1643 3377 1786 3447 apud

183 3479 429 3522 sanctos
465 3468 578 3521 lucc
604 3468 948 3522 consuetudo
972 3483 1077 3521 non
1103 3479 1206 3534 est,
1237 3469 1400 3524 corde
1430 3467 1664 3535 faciunt;
1692 3469 1786 3525 sed

185 3561 404 3615 melius
443 3569 526 3614 est
551 3570 610 3614 ut
639 3561 893 3616 manibus
939 3561 1030 3615 tiat
1076 3561 1220 3632 quod
1251 3561 1506 3616 Christus
1543 3561 1689 3618 fecit.
1730 3561 1786 3616 In

187 3669 306 3723 quo
342 3651 715 3706 admonemur
743 3662 800 3707 ut
825 3653 1063 3708 confessi
1091 3653 1322 3708 invicem
1355 3653 1552 3708 delicta
1576 3664 1787 3719 nostra,

191 3760 431 3800 oremus
473 3758 574 3815 pro
621 3744 801 3813 nobis,
837 3745 982 3801 sicut
1033 3744 1289 3802 Christus
1331 3745 1638 3817 interpellat
1690 3759 1791 3816 pro

190 3839 382 3894 nobis.

544 3933 779 3992 SERIIO
817 3934 884 3991 IN
932 3933 1146 3992 COI'INA
1193 3933 1446 3990 DOMINI.

278 4051 298 4081 ι
344 4029 616 4085 Dominus
651 4040 836 4086 noster
881 4029 1043 4086 Jesus
1082 4030 1338 4084 Christus
1393 4038 1549 4084 nocte
1602 4026 1654 4082 in
1683 4044 1792 4098 qua

195 4123 527 4178 tradebatur
557 4122 764 4192 accepit
788 4137 1006 4192 panem,
1033 4131 1086 4176 ct
1114 4121 1318 4192 gratias
1347 4135 1515 4191 agens
1557 4117 1718 4190 fregit
1740 4127 1795 4174 et

192 4217 380 4271 dixit:
405 4217 652 4287 Accipite
672 4225 726 4270 et
749 4213 1108 4278 manducate;
1136 4215 1238 4268 hoc
1259 4223 1340 4268 est
1363 4228 1562 4283 corpus
1587 4226 1791 4277 meum,

194 4309 358 4379 quod
388 4324 487 4379 pro
506 4307 663 4363 vobis
687 4308 951 4370 tradetur,
983 4305 1084 4360 hoc
1116 4305 1276 4359 facite
1324 4304 1377 4359 in
1426 4319 1604 4359 meam
1645 4319 1796 4359 com—

196 4402 694 4457 memorationem.
728 4399 993 4456 Similiter
1019 4408 1074 4453 et
1101 4398 1349 4462 calicem,
1379 4407 1667 4468 postquam
1691 4412 1798 4453 ca:-

191 4494 367 4548 navit
388 4495 578 4550 dicens
605 4511 619 4549 :
651 4492 748 4548 llic
771 4503 853 4548 est
881 4492 1047 4558 calix,
1082 4507 1284 4549 novum
1313 4498 1696 4546 testamentum
1739 4491 1792 4545 in

1889 3289 2075 3345 vinum
2099 3305 2194 3361 per
2216 3290 2538 3360 sanguinem
2569 3287 2808 3358 positum
2835 3297 2918 3343 (st
2945 3289 3010 3342 ad
3044 3289 3475 3359 designationem

1889 3382 2107 3438 anitnte.
2152 3380 2261 3436 Nec
2287 3391 2468 3436 tatnen
2498 3381 2904 3452 intelligendum
2940 3391 3042 3447 est,
3080 3383 3223 3452 quod
3262 3383 3316 3438 in
3353 3399 3479 3439 san-

1889 3477 2054 3548 guine
2103 3476 2276 3531 solam
2329 3476 2592 3541 animam,
2645 3484 2700 3530 et
2749 3491 2854 3528 non
2903 3491 3124 3545 corpus,
3174 3475 3350 3532 vel'in
3379 3493 3474 3533 ac-

1889 3570 2140 3642 ceptione
2163 3569 2448 3639 sanguinis
2481 3577 2646 3622 lotam
2669 3567 2908 3621 animam
2930 3576 2977 3621 et
3007 3583 3114 3622 non
3154 3577 3325 3623 totum
3354 3587 3477 3626 cor-

1892 3680 2016 3736 pus,
2085 3663 2335 3736 quamvis
2415 3661 2706 3732 separatim
2760 3677 2997 3732 corpus,
3076 3669 3132 3716 et
3187 3663 3478 3732 separatim

1893 3759 2238 3828 sanguinem,
2270 3773 2375 3812 non
2411 3767 2589 3811 tamen
2614 3756 2719 3820 bis,
2753 3755 2845 3810 sed
2873 3755 3040 3810 semel
3063 3755 3342 3811 Christum
3390 3773 3479 3813 ac-

1893 3850 2147 3920 cipimus.
2191 3847 2295 3903 Sed
2357 3850 2458 3904 iste
2513 3863 2653 3913 mos,
2681 3847 2753 3902 ita
2809 3848 3098 3916 separatim
3150 3847 3478 3918 accipiendi,

1894 3940 2022 3996 inde
2061 3941 2113 3994 in
2149 3938 2391 3994 Ecclesia
2448 3939 2689 4001 inolevit,
2745 3937 2890 4007 quod
2925 3937 3178 3992 Christus
3223 3939 3274 3991 in
3319 3955 3479 3996 cmna

1895 4030 2182 4102 discipulis
2208 4030 2498 4100 separatim
2527 4029 2694 4094 dedit,
2732 4038 2790 4082 ut
2817 4044 2913 4098 per
2939 4028 3044 4082 hoc
3091 4027 3480 4099 intelligerent,

1896 4125 2094 4180 anima:
2116 4133 2170 4178 et
2191 4123 2405 4192 corpori
2429 4123 2631 4177 Christi
2681 4122 2866 4176 deberi
2910 4120 3266 4178 conformari.
3311 4123 3482 4181 Tritia

1897 4217 2082 4287 itaque
2139 4215 2433 4271 refectione
2499 4214 2641 4270 Deus
2695 4215 2930 4271 animam
3004 4214 3215 4272 fidilein
3261 4218 3480 4287 pascit:

1897 4325 1996 4380 per
2046 4307 2295 4374 verbum,
2367 4322 2464 4378 per
2533 4315 2957 4374 sacramentum,
3031 4323 3126 4378 per
3200 4308 3478 4381 spiritum.

1897 4399 2128 4468 Quando
2158 4415 2261 4456 nos
2301 4415 2397 4471 per
2441 4399 2606 4454 verba
2648 4415 2747 4454 sua
2776 4409 2832 4454 et
2890 4415 3233 4456 sacramenta
3281 4401 3481 4469 reiicit,

1897 4492 2083 4550 favum
2122 4492 2279 4547 nobis
2303 4491 2573 4546 edemlum
2606 4491 2888 4562 proponit;
2933 4492 3153 4564 quando
3181 4509 3309 4547 vero
3333 4493 3483 4550 intus

192 4600 345 4640 meo
377 4587 664 4656 sanguine,
702 4586 806 4640 hoc
851 4584 1033 4651 facile,
1064 4584 1498 4655 quotiescunque
1529 4583 1712 4638 bibitis
1739 4583 1792 4637 in
1825 4609 1872 4664 ι)
1900 4603 1998 4658 per
2020 4586 2269 4658 spiritum
2294 4599 2454 4640 suum
2488 4601 2587 4640 nos
2613 4584 2804 4650 reiicit,
2830 4585 2934 4638 mel
2961 4584 3119 4640 nobis
3148 4585 3480 4656 gustandum

190 4692 397 4733 meam
458 4679 1063 4732 commemorationem.
1134 4675 1580 4746 Quotiescunque
1648 4676 1793 4730 enim

190 4771 620 4827 manducabitis
645 4787 839 4842 panem
864 4770 1031 4835 hunc,
1061 4776 1116 4823 et
1141 4768 1367 4824 calicem
1397 4767 1614 4834 bibetis,
1649 4783 1799 4822 mor-

189 4876 336 4918 rem
360 4862 571 4918 Domini
603 4861 999 4918 annuntiabitis
1018 4861 1192 4916 donec
1219 4860 1401 4915 veniat
1423 4858 1520 4928 (lC
1537 4876 1616 4914 or.
1652 4860 1749 4929 si).
1773 4879 1792 4910 ι

185 4958 566 5024 lmminente,
593 4956 791 5012 fratres
821 4954 1156 5020 charissimi,
1181 4952 1396 5008 Domini
1425 4952 1695 5022 passionis
1718 4967 1801 5006 ar-

181 5050 413 5118 ticulo,
435 5050 656 5124 quando
669 5049 784 5121 jam
808 5065 946 5121 pene
973 5059 1090 5105 erat
1122 5049 1176 5103 in
1203 5047 1319 5118 ipsa
1355 5045 1667 5107 traditione,
1693 5043 1801 5098 Do-

181 5143 408 5202 minus
435 5143 527 5214 qui
571 5143 726 5214 prius
749 5141 950 5212 legales
996 5137 1375 5196 obscrvantias
1421 5146 1476 5192 et
1534 5135 1802 5192 sacrificia

183 5243 494 5300 tenuerat,
517 5250 640 5304 quae
661 5235 849 5289 omnia
881 5233 1053 5305 figura
1081 5232 1296 5288 fuerant
1326 5229 1722 5287 incarnationis
1751 5240 1804 5284 et

181 5326 498 5398 passionis
520 5325 748 5391 Christi,
774 5325 1022 5378 veniente
1069 5324 1313 5388 veritate,
1353 5321 1521 5376 voluit
1553 5320 1800 5374 umbram

179 5419 522 5473 destruere.
552 5418 740 5487 Agnus
769 5417 1084 5471 immolatus
1111 5417 1162 5469 in
1190 5418 1412 5485 antiqua
1447 5413 1581 5484 lege,
1613 5422 1666 5468 et
1685 5412 1804 5467 alia:

186 5512 417 5568 hostia“.
477 5511 875 5566 immolandum
920 5526 1109 5565 verum
1149 5525 1347 5582 agnum
1389 5509 1440 5563 in
1469 5522 1632 5562 cruce
1668 5523 1805 5577 prae-

179 5605 552 5674 ﬁguralant.
612 5602 794 5658 Voluit
843 5603 1011 5674 igitur
1057 5617 1258 5674 agnum
1313 5600 1660 5671 tiguralivum
1707 5612 1803 5651 co-

289 5742 367 5808 (7)
431 5740 507 5796 De
551 5757 794 5807 eonsec.,
851 5739 978 5795 dist.
1033 5756 1090 5804 ιι,
1129 5738 1318 5792 Panis.
1353 5733 1416 5790 lV'
1469 5735 1620 5790 Sent.
1672 5734 1802 5790 dist.

163 5833 256 5880 ιι.
307 5830 432 5883 cap.
466 5811 576 5869 Sub
601 5812 746 5878 Alia,
777 5811 960 5883 ct_Sed
981 5828 1162 5881 quare.

286 5875 480 5958 t8)'De
542 5875 761 5939 corisee.
820 5881 956 5938 Dist.
993 5875 1067 5951 ἰι,
1130 5883 1184 5934 in
1232 5877 1413 5947 calice,
1465 5886 1518 5933 et
1571 5891 1620 5932 ιν
1675 5875 1800 5932 Sen.

1567 6039 1651 6052 σοι
1714 6041 1726 6049 ο

1901 4679 2129 4734 cifundit
2155 4677 2254 4745 (8).
2286 4677 2391 4732 Sed
2419 4675 2599 4732 ethoc
2631 4676 2930 4730 notandum
2964 4675 3094 4747 quia
3134 4690 3276 4747 aqua
3311 4677 3366 4732 in
3392 4692 3480 4731 sa-

1900 4779 2182 4825 cramento
2223 4768 2345 4824 ideo
2374 4769 2597 4839 ponitur
2619 4784 2743 4822 eum
2779 4768 2928 4834 vino,
2955 4779 3014 4823 ut
3039 4784 3182 4839 aqua
3204 4783 3328 4824 cum
3352 4785 3484 4824 san-

1902 4861 2066 4932 guine
2103 4875 2227 4932 quae
2276 4859 2344 4914 de
2379 4859 2546 4914 latere
2593 4858 2797 4914 Christi
2850 4858 3007 4914 ﬂuxit
3046 4870 3482 4931 repraesentetur.

1901 4953 2035 5023 Qua:
2056 4969 2195 5023 aqua
2244 4951 2514 5024 significat
2563 4951 2848 5023 populum,
2903 4953 2988 5010 vel
3018 4953 3374 5026 baptismum,
3429 4955 3484 5010 iu

1902 5059 2014 5116 quo
2072 5043 2307 5115 populus
2365 5059 2460 5116 per
2516 5042 2838 5100 effusionem
2911 5046 3195 5117 sanguinis
3275 5046 3481 5105 Christi

1905 5136 2220 5193 inundatur.
2271 5134 2382 5192 Nec
2433 5136 2815 5204 dubitandum,
2845 5138 2978 5210 quin
3009 5138 3168 5210 panis
3194 5154 3292 5214 per
3330 5155 3485 5197 sacra

1903 5228 2068 5283 verba
2103 5227 2499 5285 benedictionis
2541 5229 2861 5296 sacerdotis,
2912 5245 3131 5286 versum
3183 5229 3239 5283 in
3285 5243 3487 5301 corpus

1903 5317 2120 5372 Domini
2139 5327 2509 5384 convertatur,
2543 5319 2616 5373 ita
2651 5328 2709 5373 ut
2739 5320 3043 5374 substantia
3085 5319 3238 5391 panis
3263 5335 3370 5372 non
3399 5335 3482 5370 ιρι

1907 5420 2152 5478 maneat;
2177 5411 2272 5466 sed
2298 5411 2534 5466 colorem
2556 5421 2612 5466 et
2636 5428 2885 5484 saporem
2918 5412 3073 5484 panis
3105 5426 3402 5473 remanere,
3433 5420 3487 5464 rt

1907 5503 2010 5560 sub
2038 5520 2146 5559 una
2175 5503 2251 5574 (9)
2279 5504 2459 5576 specie
2488 5520 2670 5558 veram
2702 5503 2904 5559 Christi
2947 5503 3193 5574 corporis
3227 5503 3486 5555 substan-

1908 5598 2037 5654 tiam
2063 5596 2252 5651 latere.
2287 5593 2422 5649 Nam
2451 5596 2498 5651 si
2548 5597 2601 5651 in
2653 5612 2714 5651 ea
2742 5597 3004 5667 qualitate
3058 5597 3112 5650 in
3144 5610 3253 5668 qua
3297 5607 3486 5648 revera

1906 5733 2034 5790 dist.
2072 5747 2133 5802 ιι,
2175 5746 2297 5802 cap.
2326 5748 2429 5802 qua
2469 5731 2534 5788 de
2580 5748 2810 5788 consecr.

1980 5804 2058 5876 (9)
2093 5801 2164 5858 De
2187 5799 2433 5872 coitsécr,
2462 5803 2590 5860 dist.
2638 5819 2720 5869 in,
2742 5818 2862 5874 cap.
2899 5799 3010 5856 Nos

2277 6043 2303 6048 -.
2362 6031 2594 6052 ~—‘.--Q
