3964 6456
514 390 621 481 βυ

1650 377 1976 437 WERNEM
2015 374 2309 431 ABBATIS
2351 374 2410 430 S.
2449 373 2674 430 BLASII
3643 390 3724 449 ω

517 511 603 557 est
652 509 975 572 appareret,
1035 496 1216 551 vivum
1262 491 1540 546 hominem
1590 491 1808 545 animus
1860 488 2096 544 hominis

2204 483 2376 542 llodie
2393 486 2632 542 etenavit
2661 483 2927 544 Dominus
2950 504 3076 545 cum
3104 488 3384 555 discipulis
3418 491 3524 548 suis
3548 494 3723 563 (illaut,

517 591 835 648 abhorreret
871 600 1168 644 assumere.
1210 580 1365 638 Unde
1394 596 1519 636 cum
1552 578 1819 635 Dominus
1863 580 2097 636 diceret:

522 702 543 737 ι
564 681 679 739 Nisi
708 678 1166 737 manducaveritis
1183 690 1402 731 carnem
1431 673 1553 728 Filii
1597 672 1859 739 hominis,
1884 673 2103 729 ethibe-

514 776 636 832 ritis
657 776 776 846 ejus
817 772 1158 844 sanguinem,
1191 788 1211 821 ι
1242 777 1370 835 etc.,
1399 766 1579 840 (Joan.
1606 770 1706 839 vt),
1731 768 1844 824 haec
1873 768 2103 823 audien-

514 877 595 925 tes
636 868 857 939 quidam
891 866 1142 922 abierunt
1180 871 1504 929 retrorsum,
1536 863 1895 918 abhorrentes
1924 872 1979 917 et
2003 878 2103 933 pu-

513 968 693 1013 tantes
714 973 839 1013 eum
873 955 977 1012 sub
1009 958 1112 1012 hac
1142 958 1321 1026 specie
1350 972 1474 1028 quae
1489 956 1569 1011 eis
1590 955 1889 1027 apparebat
1908 954 2103 1024 jubere

512 1050 744 1106 comedi.

584 1142 753 1196 Debet
779 1157 909 1214 ergo
945 1142 1263 1197 necessario
1295 1140 1642 1199 Christianus
1680 1140 1923 1206 credere,
1986 1154 2103 1194 ma-

514 1234 678 1290 nibus
700 1234 1001 1290 sacerdotis
1033 1235 1324 1304 cujuslibet
1351 1243 1405 1289 et
1443 1233 1824 1289 tantummodo
1853 1231 2101 1287 ordinem

514 1330 807 1388 sacerdotii
848 1329 1098 1384 habentis
1148 1329 1262 1384 sive
1302 1329 1429 1383 boni
1463 1344 1558 1383 seu
1617 1328 1768 1393 mali,
1820 1327 2102 1398 aequaliter

510 1435 610 1495 per
633 1422 799 1478 verba
826 1421 1150 1491 potestativa
1189 1421 1605 1487 benedictionis,
1657 1436 1859 1490 corpus
1885 1419 2103 1475 Domini

513 1531 679 1588 posse
707 1514 1044 1581 consecrari,
1075 1522 1128 1569 et
1161 1512 1426 1584 Spiritum
1456 1523 1708 1570 sanctum
1735 1515 1787 1568 in
1807 1529 2102 1569 consecra-

517 1596 666 1666 tione
711 1609 802 1663 illa
836 1609 1048 1663 adesse.
1080 1605 1205 1662 Haec
1236 1607 1439 1662 oblatio
1491 1607 1740 1676 corporis
1773 1606 2000 1671 Christi,
2043 1612 2103 1660 nt

514 1701 857 1775 Augustinus
912 1708 1167 1766 testatur,
1220 1700 1340 1755 ideo
1385 1699 1627 1769 quotidie
1682 1698 1929 1764 iteratur,
1986 1697 2099 1769 (10)

514 1796 641 1850 licet
669 1791 922 1849 Christus
952 1792 1118 1848 semel
1147 1806 1342 1861 passus
1373 1792 1474 1856 sit,
1503 1791 1630 1860 quia
1663 1789 1904 1860 quotidie
1948 1789 2101 1843 cadi-

2206 580 2377 649 χχι-ι).
2400 578 2567 635 llodie
2589 581 2806 636 tradidit
2834 580 3150 652 illiscorpus
3177 591 3231 636 et
3260 583 3559 652 sanguinem
3580 604 3725 651 suum.

2206 670 2379 729 Hodie
2400 673 2570 744 gloria
2597 672 2743 729 Patri
2771 683 2826 730 et
2848 674 2984 729 Filio
3015 691 3123 729 non
3179 677 3408 730 canitur.
3441 674 3591 736 Hodie
3626 699 3729 743 cett-

2206 775 2452 820 seeratur
2502 766 2679 821 tribus
2754 766 2933 821 modis
3001 766 3181 822 oleum
3238 767 3400 821 triunt
3457 768 3725 835 ciliciorum.

2206 853 2374 912 Hodie
2427 870 2738 914 reservatur
2791 874 2992 929 corpus
3036 857 3246 913 Domini
3273 873 3445 929 usque
3489 862 3538 917 in
3575 869 3729 924 orasti.

2206 966 2359 1018 num,
2384 953 2626 1008 reficitur
2662 967 2883 1022 quoque
2912 952 2963 1005 in
2998 953 3511 1009 commemoratione
3531 956 3729 1015 refectio.

2206 1045 2293 1101 nis
2321 1044 2545 1100 Christi.
2583 1043 2757 1100 Hodie
2795 1045 3045 1100 lavantur
3080 1045 3245 1115 pedes
3271 1043 3495 1100 fratrum
3530 1059 3579 1106 et
3612 1053 3728 1120 pavi.

2206 1145 2389 1191 menta
2431 1137 2694 1193 ecclesiae.
2748 1134 2922 1191 llodie
2966 1136 3243 1190 nudantur
3295 1136 3486 1191 altaria
3522 1154 3667 1211 usque
3687 1143 3729 1201 in

2207 1226 2446 1283 Sabbato
2477 1238 2688 1284 sancto.
2722 1226 2894 1283 Hodie
2915 1228 3242 1298 patuiteutes
3270 1228 3492 1285 veniunt
3528 1232 3585 1285 ad
3607 1233 3731 1292 abso-

2206 1320 2499 1385 lutionem;
2542 1330 2596 1375 et
2636 1322 2765 1376 illud
2812 1323 3132 1392 mysterium
3173 1322 3321 1392 quod
3379 1322 3531 1379 hodie
3555 1326 3620 1390 lit,
3658 1342 3729 1395 per

2206 1423 2378 1468 totmn
2430 1414 2754 1470 observatur
2786 1431 2991 1470 annum
3033 1432 3045 1469 :
3102 1415 3197 1470 sed
3248 1414 3411 1469 hodie
3447 1414 3728 1486 aditupletur,

2204 1514 2258 1560 ct
2281 1506 2441 1561 hodie
2472 1505 2780 1561 inchoatur.
2815 1505 2985 1562 Hodie
3015 1506 3103 1560 illa
3134 1521 3225 1561 res
3255 1505 3484 1561 edicitur
3520 1522 3623 1576 qutc
3659 1524 3729 1577 per

2206 1606 2378 1654 totum
2432 1613 2636 1652 annum
2685 1616 2793 1654 non
2848 1584 3231 1669 recuperatur,
3283 1598 3330 1655 si
3373 1597 3649 1655 dimittitur.
3681 1599 3730 1656 Et

2207 1689 2327 1747 ideo
2354 1690 2471 1745 dies
2499 1689 2600 1745 ista
2629 1706 2822 1761 magna
2851 1703 2905 1746 et
2927 1691 3318 1747 consecrabilis
3344 1700 3429 1746 est
3461 1690 3669 1756 Domino,
3689 1702 3728 1749 et

2205 1785 2361 1856 plena
2405 1783 2588 1839 laetitia
2636 1795 2689 1839 et
2734 1785 3123 1843 exsultatione.
3165 1784 3274 1840 Per
3307 1795 3419 1839 tres
3464 1785 3565 1840 dies
3597 1786 3729 1842 conti-

512 1901 638 1943 mus
659 1885 714 1940 in
744 1884 999 1956 peccatis,
1040 1884 1159 1939 sine
1192 1883 1393 1954 quibus
1425 1882 1671 1936 mortalis
1700 1880 1990 1936 inlirmitas
2018 1879 2101 1935 vi-
2132 1855 2174 1910 Β
2206 1893 2367 1943 unos,
2399 1878 2449 1933 id
2475 1889 2559 1933 est
2598 1878 2870 1947 quintam,
2916 1890 3128 1934 sextam
3166 1878 3559 1949 septimamque
3581 1879 3726 1934 feriam

512 1994 639 2036 vere
666 1994 775 2032 non
825 1985 1022 2050 potest.
1059 1975 1116 2030 ln
1150 1976 1332 2046 specie
1367 1990 1496 2029 vero
1526 1975 1685 2045 panis
1717 1974 1989 2030 invisibile
2031 1973 2099 2027 de

510 2070 652 2125 ctelo
688 2066 990 2133 descendit,
1026 2075 1080 2121 et
1124 2067 1380 2120 unionem
1427 2066 1674 2135 corporis
1704 2065 1758 2120 in
1814 2066 2011 2135 capite,
2042 2065 2098 2120 in

510 2161 690 2235 specie
727 2160 885 2232 panis
927 2160 1099 2215 voluit
1128 2159 1424 2230 designari,
1475 2158 1617 2215 sicut
1660 2159 1737 2213 ait
1765 2159 2096 2229 Apostolus:

515 2273 536 2306 ι
572 2253 727 2311 Unus
755 2254 934 2325 panis,
967 2268 1138 2307 unum
1171 2267 1370 2321 corpus
1401 2266 1595 2308 sumus
1648 2266 1868 2317 omnes,
1908 2251 2000 2321 qui
2031 2251 2099 2306 de

510 2362 623 2402 uno
643 2362 784 2418 pane
807 2345 1196 2417 participamur
1245 2342 1300 2415 (1
1335 2342 1457 2399 Cor.
1490 2342 1567 2412 χ).
1604 2362 1623 2394 ι
1654 2341 1804 2398 Sicut
1859 2342 2003 2397 enim
2030 2357 2095 2396 ex

508 2440 743 2496 diversis
771 2439 955 2511 granis
980 2454 1123 2493 unus
1149 2437 1308 2509 panis
1336 2437 1413 2502 fit,
1441 2435 1524 2492 sic
1545 2452 1612 2491 ex
1636 2434 1871 2490 diversis
1920 2449 2098 2489 mem-

507 2530 645 2599 bris,
671 2547 775 2587 nos
821 2546 990 2587 unum
1021 2545 1223 2601 corpus
1270 2527 1500 2597 Christi,
1534 2528 1738 2583 mtionc
1767 2525 1904 2597 spei,
1950 2525 2095 2590 fidei,

507 2623 865 2681 etcbaritatis
895 2622 1180 2677 etlicimur.
1238 2619 1425 2697 Itaque
1478 2620 1573 2691 qui
1627 2618 1843 2691 corpori
1889 2616 2096 2672 Christi

506 2732 669 2775 suum
694 2717 775 2773 sic
806 2715 1112 2771 membrum
1161 2714 1306 2768 uniri
1358 2713 1474 2767 vult
1526 2727 1665 2782 pane
1692 2710 1923 2776 cmlcsti,
1970 2724 2094 2763 cum

505 2810 633 2867 aliis
663 2811 972 2882 participet.
1011 2807 1192 2879 Fregit
1214 2808 1358 2862 enim
1392 2805 1537 2861 Dens
1590 2820 1787 2876 panem
1846 2813 1901 2861 et
1948 2804 2097 2859 dedit

505 2902 607 2968 eis,
644 2904 772 2975 quia
795 2903 941 2972 quod
969 2917 1137 2956 unum
1164 2908 1268 2966 est,
1301 2899 1369 2954 ab
1391 2898 1647 2954 omnibus
1670 2897 1842 2951 voluit
1875 2896 2096 2967 particio

505 2994 645 3065 pari,
677 2995 894 3051 dicens:
919 2992 1163 3063 Accipite
1186 3007 1282 3062 per
1319 2988 1783 3055 conformilatem,
1821 2998 1875 3043 et
1906 3002 2093 3044 come-

503 3086 614 3141 dite
634 3086 812 3157 ipsum
831 3094 1258 3141 sacramentum.
1275 3082 1388 3138 Hoc
1407 3082 1564 3138 facite
1586 3097 1639 3135 ιιι
1658 3096 1833 3136 meam
1849 3096 2093 3135 comme-

2204 1968 2512 2022 triduanam
2544 1967 2880 2037 sepulturam
2930 1968 3143 2026 Domini
3172 1970 3512 2025 Celebramus
3534 1987 3547 2025 :
3571 1985 3624 2026 ac
3661 1986 3729 2040 per

2206 2066 2311 2122 hoc
2342 2076 2399 2122 nt
2421 2066 2873 2137 compaginemur
2895 2067 3189 2123 humilitati
3218 2067 3515 2137 sepultura
3553 2068 3650 2136 ejus
3667 2068 3729 2123 di-

2201 2159 2470 2215 mittimus
2490 2158 2701 2214 cxcelsa
2726 2167 2931 2222 nostra,
2960 2159 3010 2213 id
3056 2168 3140 2214 est
3171 2159 3346 2229 gloria
3388 2159 3526 2215 (atri
3549 2158 3727 2226 etFilio,

2200 2262 2665 2321 etcampanarum
2694 2253 2870 2324 signa,
2924 2261 2976 2311 et
2998 2251 3104 2306 alia
3155 2252 3496 2323 hujusmodi.
3529 2253 3726 2320 Quintam

2200 2354 2295 2399 aut
2323 2343 2512 2400 feriant
2544 2355 2710 2400 sexta:
2748 2346 3102 2415 septimaeque
3150 2345 3272 2400 ideo
3307 2345 3632 2417 adjungitnus
3657 2361 3727 2416 pro

2202 2436 2383 2492 triduo
2416 2437 2782 2508 adimplenda,
2814 2438 2942 2508 quia
2976 2437 3263 2493 Dominica
3288 2454 3422 2504 nox,
3468 2454 3609 2509 quam
3649 2437 3728 2492 llo-

2201 2529 2384 2584 minns
2398 2544 2497 2583 sua
2515 2530 2911 2592 resurrectione
2930 2531 3294 2593 consecravit,
3312 2546 3439 2601 qua:
3468 2531 3659 2601 pt‘rtinet
3680 2528 3730 2584 ad

2202 2618 2416 2672 initium
2436 2618 2716 2688 sequentis
2749 2617 3016 2674 Dominiei
3042 2620 3171 2683 diei,
3201 2635 3329 2676 cmn
3376 2636 3563 2691 magna
3601 2620 3731 2690 gloria

2198 2709 2523 2765 celebratur.
2554 2708 2611 2764 In
2642 2694 2830 2766 eadem
2863 2726 3082 2781 quoque
3108 2712 3195 2767 die
3223 2724 3574 2768 consecratur
3595 2712 3732 2768 oleum

2198 2802 2264 2857 ad
2313 2802 2416 2856 tria
2466 2802 2665 2869 ollicia,
2721 2802 2902 2857 oleum
2931 2802 2998 2857 ad
3048 2802 3319 2871 infirmos,
3356 2804 3421 2858 ad
3459 2803 3732 2873 ncophytos,

2198 2894 2436 2951 chrisma
2474 2909 2694 2965 quoque
2741 2895 2885 2950 unde
2933 2898 3339 2950 confirmantur
3388 2896 3620 2951 homines
3641 2900 3734 2965 post

2198 2987 2553 3057 baptismum,
2614 2998 2667 3043 et
2696 2989 2841 3043 unde
2878 2987 3058 3058 ipsum
3123 2988 3449 3058 baptismum
3504 3001 3736 3044 consecra-

2198 3087 2308 3141 tur,
2338 3094 2431 3147 per
2478 3078 2623 3147 quod
2649 3079 2898 3133 homines
2924 3080 3209 3134 salvantur
3228 3087 3244 3151 (
3262 3081 3367 3147 li).
3391 3079 3570 3136 Potest
3591 3091 3733 3134 tamen

504 3177 867 3232 morationem
920 3174 1137 3245 (illattlt.
1187 3174 1363 3245 xxvi).
1409 3174 1743 3250 Accipiendo
1791 3189 1991 3244 corpus
2039 3185 2092 3229 et
2121 3211 2162 3268 C
2201 3171 2340 3228 Deus
2366 3173 2483 3228 sine
2509 3174 2630 3228 oleo
2653 3175 2900 3230 infirmos
2932 3191 3148 3243 sanare,
3176 3178 3521 3233 sanetilicarc
3563 3190 3736 3247 quoque

504 3268 828 3339 sanguinem
858 3266 1157 3321 habeamus
1186 3265 1460 3335 passionis
1489 3264 1833 3330 memoriam,
1868 3273 1927 3319 ut
1951 3264 2093 3319 sicut

502 3376 605 3431 pro
631 3362 789 3417 nobis
826 3369 1077 3415 mortuus
1116 3368 1220 3427 est,
1268 3360 1341 3415 ita
1370 3374 1470 3430 pro
1492 3374 1579 3426 eo,
1621 3360 1668 3414 si
1724 3376 1951 3416 necesse
1999 3360 2091 3426 sit,

502 3455 825 3510 moriamur.
859 3452 926 3507 Et
953 3457 1019 3509 de
1048 3453 1214 3509 calice
1238 3453 1513 3518 similiter,
1550 3467 1710 3523 quem
1750 3453 1963 3507 vocavit
1985 3449 2093 3506 No-

500 3563 633 3603 vum
686 3547 1125 3612 Testamentum,
1154 3545 1208 3599 id
1257 3553 1341 3600 est
1387 3560 1585 3599 novam
1648 3542 2090 3611 promissionem,

502 3640 635 3712 qaia
675 3655 770 3709 per
815 3640 967 3693 illum
1013 3639 1337 3710 sanguinem
1395 3654 1505 3695 non
1544 3637 1723 3694 solum
1773 3636 2092 3706 temporalia

503 3732 876 3803 promittebat,
904 3732 999 3786 sed
1033 3730 1197 3785 etiam
1226 3741 1449 3785 aeterna.
1488 3729 1555 3785 Et
1593 3731 1708 3786 haec
1753 3744 2091 3784 commemo-

503 3823 647 3881 ratio
698 3824 858 3879 debet
908 3822 1046 3889 ficri,
1111 3822 1285 3876 donec
1328 3823 1528 3888 veniat,
1586 3822 1638 3876 id
1674 3829 1757 3876 est
1816 3836 1993 3892 usque
2024 3820 2091 3876 ad

504 3913 669 3971 tinent
693 3914 898 3978 smculi,
947 3915 1167 3984 quando
1207 3914 1415 3969 scilicet
1462 3914 1641 3968 veniet
1683 3914 1749 3969 ad
1796 3913 2087 3982 judicium.

505 4006 611 4065 Sed
645 4007 822 4062 videte
872 4008 1003 4078 quid
1062 4008 1343 4078 sequitur:
1377 4027 1395 4058 ι
1434 4006 1758 4078 Quicunque
1788 4007 2091 4063 manduca-

503 4100 643 4158 verit
672 4116 866 4171 panem
906 4100 989 4154 vel
1040 4099 1239 4154 biberit
1296 4100 1521 4155 calicem
1583 4098 1800 4154 Domini
1848 4099 2088 4171 indigne,

502 4211 633 4252 reus
660 4195 767 4251 erit
809 4194 1053 4264 carperis
1082 4192 1316 4249 Domini.
1369 4192 1570 4248 Probet
1621 4202 1803 4248 autem
1848 4192 2089 4262 seipsum

508 4288 696 4352 homo,
737 4287 894 4341 ctsic
919 4288 986 4341 de
1016 4300 1156 4355 pane
1197 4284 1289 4338 illo
1311 4283 1456 4346 edat,
1507 4291 1562 4338 et
1605 4284 1672 4339 de
1721 4283 1892 4338 calice
1941 4284 2092 4339 bibat

507 4376 565 4448 (l
591 4377 715 4434 Cor.
748 4388 845 4448 st).
880 4398 900 4429 ι
938 4377 1196 4447 Indignus
1220 4385 1303 4430 est
1332 4376 1605 4432 criminali
1641 4385 1865 4447 peccato
1909 4375 2091 4430 irreti-

505 4478 617 4539 tus,
641 4469 724 4527 vel
750 4470 803 4525 in
828 4470 1107 4524 voluntate
1128 4468 1491 4523 criminalium
1515 4467 1886 4522 faciendorum
1913 4482 2090 4522 rema-

500 4579 663 4620 nens.
693 4562 894 4618 Probet
917 4569 1099 4616 autem
1130 4560 1367 4631 seipsum
1396 4574 1503 4614 non
1530 4559 1938 4629 comparatione
1960 4559 2094 4613 alio—
2126 4568 2171 4623 ι)
2198 4558 2393 4629 (Marc.
2434 4562 2530 4627 vt).
2568 4579 2586 4611 ι
2627 4559 2758 4615 ltcm
2783 4560 2927 4616 Beda
2967 4580 2983 4618 :

502 4670 650 4722 rum,
677 4654 771 4710 sed
803 4670 898 4723 per
926 4669 985 4709 se
1010 4653 1210 4720 solum,
1234 4652 1412 4722 qualis
1435 4653 1525 4708 sit,
1544 4651 1922 4716 considerans,
1961 4651 2091 4722 quia

507 4767 530 4801 α
566 4748 661 4819 qui
696 4745 1220 4809 manducatctbibit
1243 4744 1484 4815 indigne,
1510 4743 1778 4813 judicium
1803 4742 1906 4797 sibi
1932 4759 2092 4797 man-

503 4843 668 4898 ducat
693 4850 749 4899 et
783 4839 920 4895 bibit
942 4838 1145 4910 (512111.),
1177 4858 1195 4890 ι
1233 4838 1286 4893 id
1313 4845 1398 4892 est
1417 4836 1825 4892 damnationem
1860 4836 2094 4890 mandu-

505 4943 613 4989 cat.
647 4930 773 4986 Ideo
802 4932 942 4985 inter
973 4945 1071 4985 vos
1107 4929 1263 4984 multi
1308 4928 1511 4982 inlirmi
1555 4934 1685 4983 sunt
1728 4941 1869 4995 quos
1906 4923 2094 4979 Domi-

505 5040 613 5080 nus
634 5032 854 5094 propter
881 5039 1081 5094 corpus
1095 5037 1254 5076 suum
1286 5021 1506 5092 indigne
1533 5029 1878 5089 assumptum
1911 5019 1966 5074 in
1993 5019 2094 5074 hac

505 5111 618 5168 vita
647 5110 894 5166 febribus
923 5120 978 5165 et
1011 5111 1134 5166 aliis
1162 5103 1570 5164 infirmitatibus
1621 5111 1795 5180 punit,
1831 5117 1885 5163 et
1928 5111 2091 5162 etiam

507 5202 679 5275 (quod
704 5210 789 5258 est
816 5202 994 5272 pejus)
1036 5202 1316 5256 dormiunt
1349 5202 1502 5256 multi
1547 5201 1601 5255 in
1654 5211 1908 5268 mortem,
1954 5203 2096 5257 sicut

507 5312 612 5355 nos
631 5296 812 5352 adhuc
841 5295 1109 5363 videmus,
1139 5296 1283 5365 quod
1305 5304 1429 5366 post
1467 5294 1678 5352 Pascha
1711 5296 1911 5366 saepius
1940 5310 2095 5351 acce-

508 5388 590 5447 dit
609 5389 933 5444 mortalitas.

722 5479 886 5536 ITEM
929 5477 1164 5536 SERMO
1224 5478 1291 5534 1N
1350 5479 1567 5538 C(ENA
1621 5479 1879 5538 DOMINI.

580 5572 823 5639 Fratres,
847 5575 949 5631 ista
972 5574 1091 5630 dies
1110 5588 1275 5644 quam
1314 5573 1475 5628 hodie
1503 5574 1847 5631 celebramus
1897 5589 2094 5646 magna

512 5677 595 5726 est
622 5677 677 5724 et
694 5668 936 5733 excelsa,
979 5674 1036 5721 et
1079 5667 1227 5721 nulla
1257 5666 1433 5737 major
1481 5683 1577 5750 per
1632 5677 1805 5725 totum
1864 5683 2090 5725 annum.

585 5779 697 5854 (l0)
721 5778 1205 5854 De_consec._dist.
1240 5791 1300 5846 tt,
1336 5778 1549 5850 Utrum,
1587 5791 1639 5837 et
1662 5797 1783 5853 cap.
1825 5780 2092 5854 Iteratur,
2136 5778 2139 5783 ’

517 5863 569 5907 tv
592 5852 743 5903 Sent.
767 5849 895 5903 dist.
932 5864 1028 5916 xu,
1063 5849 1380 5904 Institutum

2198 3278 2358 3329 suos,
2382 3266 2770 3337 dcemonesque
2796 3267 3071 3338 cmtgare:
3106 3276 3284 3338 potest
3314 3270 3549 3339 spiritale
3590 3269 3734 3324 oleum

2196 3359 2436 3415 tribucre
2465 3360 2584 3417 sine
2612 3361 2917 3429 corporali;
2946 3360 3040 3415 sed
3069 3372 3291 3433 propter
3317 3363 3567 3418 animales
3591 3375 3735 3430 agun-

2197 3460 2286 3506 tur
2313 3451 2570 3517 visibilia,
2598 3461 2658 3507 ut
2686 3451 2978 3509 invisibilia
3011 3454 3229 3511 facilius
3257 3456 3545 3525 capiantur.
3559 3452 3607 3507 Si
3627 3450 3734 3520 quis

2193 3545 2394 3601 dixerit
2419 3564 2431 3600 :
2462 3544 2520 3599 Si
2543 3553 2742 3615 potest,
2759 3560 2930 3616 quare
2954 3554 3107 3601 tanto
3133 3547 3320 3602 studio
3337 3542 3740 3603 observaturculc

2194 3646 2283 3694 tus
2309 3638 2744 3694 consecrationis
2785 3638 2929 3693 olei?
2956 3636 3427 3709 Respondebitur:
3458 3637 3632 3694 Nonne
3656 3652 3734 3690 an.

2194 3730 2331 3801 tiqui
2367 3730 2501 3801 justi
2545 3739 2842 3801 potuerunt
2894 3729 3005 3786 Deo
3064 3732 3281 3801 placere
3330 3733 3448 3786 sine
3492 3728 3739 3786 circumci-

2194 3822 2383 3879 sione?
2427 3821 2728 3878 Potuerunt
2776 3823 2984 3893 utique.
3025 3820 3132 3879 Sed
3182 3833 3474 3894 postquam
3526 3823 3598 3878 eis
3632 3836 3739 3891 pne.

2193 3923 2408 3982 ceptum
2460 3911 2564 3967 fuit
2590 3924 2648 3969 ut
2681 3914 3225 3982 circumciderentur,
3286 3916 3395 3970 nisi
3425 3912 3738 3972 circumcide-

2194 4014 2402 4071 rentur,
2460 4006 2665 4075 peccati
2704 4006 2935 4062 vinculis
2978 4008 3327 4074 tenebantur,
3360 4018 3420 4064 ut
3447 4005 3739 4079 Augustinus

2195 4096 2447 4154 Seleucia
2477 4107 2729 4153 testatur.
2761 4096 3005 4167 Apostoli
3049 4099 3250 4169 quippe
3286 4100 3392 4155 hac
3434 4110 3568 4166 arte,
3597 4100 3644 4154 id
3676 4103 3742 4152 est

2193 4188 2313 4244 oleo
2388 4187 2701 4256 utebantur,
2756 4188 2810 4242 in
2876 4190 3334 4260 rcdintegratione
3404 4190 3737 4251 infirmorum;

2193 4280 2475 4351 apostolici
2526 4290 2708 4336 autem
2755 4281 2857 4335 viri
2907 4281 2959 4335 in
3011 4283 3426 4354 consignatione
3482 4283 3741 4354 neophvto-

2197 4388 2341 4428 rum.
2393 4370 2545 4427 Unde
2597 4372 2950 4445 Evangelium
2997 4375 3130 4431 dicit
3193 4377 3261 4431 de
3326 4380 3655 4448 apostolsu
3690 4373 3742 4428 Et

2198 4466 2477 4536 ungebam
2541 4466 2660 4521 oleo
2742 4467 2946 4522 multos
2998 4479 3266 4540 aegrotos,
3333 4480 3387 4526 et
3448 4472 3742 4528 sanabantttr

3039 4560 3190 4617 Patet
3231 4565 3301 4618 ab
3352 4565 3488 4635 ipsis
3519 4563 3746 4636 apostolis

2194 4651 2343 4708 hunc
2411 4661 2616 4708 sanctae
2656 4650 2917 4709 Ecclesiae
2987 4669 3197 4710 morem
3247 4657 3507 4711 traditum
3548 4671 3660 4711 esse
3700 4660 3749 4707 ut

2193 4745 2549 4815 energumeni
2598 4746 2682 4800 vel
2719 4745 2808 4799 alii
2849 4747 3078 4816 quilibet
3102 4750 3291 4818 aegroti
3346 4761 3616 4821 uagantur
3649 4747 3747 4802 olea

2193 4836 2488 4907 pentiticali
2546 4836 2941 4892 benedictione.
3005 4836 3079 4895 De
3115 4839 3238 4895 oleo
3281 4842 3432 4911 quod
3478 4839 3749 4895 infunditur

2196 4942 2358 4997 super
2399 4927 2698 4998 neophytos
2735 4944 2844 4983 non
2881 4929 3087 4999 aliquid
3134 4931 3240 4987 tale
3275 4933 3526 5004 legimus,
3563 4930 3652 4987 sed
3686 4938 3753 4982 le-

2195 5034 2389 5072 nemus
2419 5019 2772 5088 apostolicam
2810 5023 3263 5078 consuetudinem
3306 5034 3360 5080 et
3383 5025 3748 5081 auctoritatem.

2196 5125 2360 5180 quam
2426 5111 2738 5181 accepimus
2780 5129 2809 5165 a
2871 5111 3113 5167 Romana
3165 5113 3431 5173 Ecclesia.
3483 5114 3608 5170 Nam
3651 5124 3753 5167 mos

2197 5202 2430 5273 apostoli
2474 5201 2569 5257 Dei
2610 5213 2663 5258 et
2694 5204 2941 5259 instituta
2984 5206 3254 5276 majorum
3283 5223 3385 5278 pro
3415 5208 3527 5278 lege
3549 5202 3754 5263 tenenda

2201 5304 2368 5361 sunt,
2418 5303 2478 5349 ut
2517 5294 2854 5366 Augustinus
2910 5296 3186 5354 Casulano
3238 5302 3548 5371 presbytero
3602 5306 3755 5353 testa-

2198 5395 2287 5440 tur
2324 5405 2336 5442 :
2377 5384 2568 5442 Oleum
2616 5402 2717 5458 pro
2763 5389 2982 5445 infirmo
3022 5401 3379 5448 consecratur
3420 5393 3473 5447 in
3520 5393 3635 5462 ipso
3656 5386 3757 5441 oﬂl-

2197 5478 2284 5534 cio
2335 5478 2767 5534 consecrationis
2814 5482 3064 5551 corporis
3096 5492 3152 5538 et
3206 5486 3492 5556 sanguinis
3538 5480 3757 5542 Domini,

2198 5581 2486 5644 antequam
2525 5573 2739 5630 dicatur
2768 5593 2780 5629 :
2806 5573 2908 5631 Per
2955 5591 3122 5648 quem
3150 5577 3270 5634 haec
3295 5581 3501 5644 omnia,
3530 5575 3755 5633 Domine.

2198 5678 2410 5734 semper
2453 5664 2590 5719 bona
2634 5680 2809 5721 creas.
2874 5664 3184 5726 Novissima
3212 5669 3392 5725 oratio
3414 5665 3760 5724 consecratio-

2197 5774 2773 5907 n(“1.1)ch‘eonsccr.,
2794 5787 2916 5845 dist.
2938 5806 3019 5853 Ill,
3047 5788 3286 5856 Litteris,
3309 5798 3361 5846 et
3386 5800 3439 5841 ιν
3460 5789 3613 5847 κω,
3637 5780 3743 5834 ἀίει

2342 5892 2357 5919 ’
2392 5890 2439 5907 νυ
2481 5890 2527 5907 ιο
