3964 6466
253 436 346 496 MS

1129 422 1704 494 DEFLOltATlONES
1744 440 1843 496 ss.
1886 403 2308 499 parnunf—
2343 441 2473 502 un.
2510 449 2552 505 l;

3370 464 3475 518 914

246 550 322 607 nis
356 540 600 600 Dominlci
629 558 870 611 corporis
900 558 965 598 ex
990 555 1118 599 voto
1168 548 1547 617 poenitentium
1594 550 1671 617 iit,
1721 554 1788 611 de
1893 573 1997 612 nus
2026 560 2370 617 sacerdotum
2396 577 2705 623 recurrunt.
2739 567 2805 624 Et
2833 586 2931 627 cur
2957 573 3146 628 eadem
3171 575 3258 630 die
3288 548 3472 634 oleum

243 638 420 711 quibus
448 632 666 687 dicitur:
697 650 716 683 ‹
754 631 1089 689 Sacritlcium
1129 635 1360 694 Domino
1390 641 1616 711 spiritus
1653 659 1784 698 con-

242 721 692 792 tribulatus(PsaI.
737 722 810 792 ι).
868 743 886 775 ι
935 723 1189 795 Congrue
1220 728 1272 784 in
1325 746 1388 785 ea
1432 744 1784 789 consecratur

241 822 398 877 oleum
438 830 530 886 pro
573 814 981 883 pwniteutibus,
1031 819 1119 872 ubi
1180 835 1373 876 eorum
1448 823 1780 881 sacrillcium

239 911 335 967 Deo
357 908 583 963 oﬂ‘ertur.
622 904 975 962 Consecratio
1013 910 1327 968 chrismatis
1353 913 1554 969 dicitur
1580 917 1783 987 princi-

234 1000 374 1074 palis,
402 997 522 1067 quia
567 994 632 1049 ad
671 995 791 1065 ejus
821 999 1133 1054 unctionem
1189 1003 1504 1074 principalis
1554 1009 1780 1078 spiritus

233 1089 484 1147 tribuitur.
507 1083 868 1141 Consecratur
898 1087 952 1142 in
997 1104 1066 1145 eo
1104 1093 1243 1159 loco,
1280 1094 1369 1148 ubi
1405 1111 1592 1165 pacem
1639 1098 1781 1154 inter

234 1197 322 1240 nos
354 1179 578 1235 solemus
602 1177 752 1244 dare,
781 1180 885 1234 hoc
913 1190 999 1236 est
1043 1196 1181 1252 opus
1216 1187 1402 1253 gratia:
1449 1186 1686 1255 Domini,
1720 1197 1780 1245 ut

229 1286 321 1343 pax
365 1279 414 1324 et
464 1269 747 1323 concordia
800 1279 987 1341 regnet
1035 1273 1088 1327 in
1143 1274 1322 1329 nobis.
1380 1275 1515 1332 Nam
1568 1290 1623 1334 ut
1677 1279 1774 1336 lsi-

228 1363 375 1421 dorus
399 1361 504 1415 ait:
533 1380 550 1412 ι
587 1359 714 1415 Olea
746 1370 829 1416 est
872 1364 1037 1418 arbor
1062 1367 1213 1435 pacis
1246 1367 1494 1437 insignis.
1537 1390 1556 1423 ι

289 1454 528 1524 Sequitur
587 1455 927 1510 exorcismus
1002 1458 1128 1513 olei.
1205 1457 1271 1514 Ut
1347 1460 1592 1520 Isidorus
1655 1466 1771 1522 ait:

226 1545 547 1603 Exercismus
590 1545 796 1615 Graece,
842 1547 1033 1605 Latine
1075 1552 1402 1621 conjuratio,
1460 1572 1554 1611 seu
1594 1573 1775 1616 sermo

222 1637 598 1708 increpationis,
645 1647 733 1693 est
782 1651 972 1695 contra
1009 1641 1310 1711 diabolum,
1365 1655 1426 1700 ut
1467 1647 1711 1704 discedat
1756 1667 1771 1706 :

222 1744 269 1788 rt
307 1731 565 1787 concludit
605 1732 686 1787 sic
728 1751 741 1787 :
774 1732 878 1789 Per
912 1734 1202 1792 Dominum
1261 1748 1509 1795 nostrum
1561 1741 1769 1811 Jesum,

219 1823 489 1887 Christum,
512 1824 604 1894 qui
634 1833 897 1881 venturus
946 1836 1049 1882 est.
1086 1827 1182 1883 lllo
1208 1842 1486 1902 unguntur
1511 1835 1772 1891 catechu-

1887 653 2274 707 consecratur?
2313 654 2566 714 Christus
2613 670 2811 718 unctus
2860 664 2981 719 oleo
3031 665 3226 722 laetitia:
3280 667 3334 722 in
3366 669 3472 726 fine

1883 741 2088 812 quintm
2109 747 2284 802 aetatis
2313 748 2455 803 venit
2471 750 2538 804 ad
2563 766 2684 816 nos,
2706 764 2764 808 ut
2787 767 3069 813 consortes
3096 758 3295 815 faceret
3318 762 3471 832 regni

1885 834 1990 889 'sui.
2029 833 2183 891 Unde
2218 848 2271 893 et
2306 840 2421 895 haec
2458 844 2644 899 unctio
2665 847 2952 904 coniicitur
2991 851 3044 905 in
3090 853 3279 922 quinta
3309 853 3465 912 feria.

1886 924 1977 982 Sic
2005 927 2215 985 delatus
2243 940 2326 986 est
2351 932 2575 1002 quidam
2609 938 2804 995 modus
2835 943 3107 999 unctionis
3133 960 3163 999 a
3188 945 3469 1004 nativitate

1888 1015 2125 1087 Domini,
2152 1025 2453 1081 secundum
2485 1026 2680 1084 Isaiam
2709 1041 2763 1086 et
2792 1031 3142 1103 Evangelium
3175 1037 3228 1092 in
3283 1042 3466 1111 specie

1882 1111 2169 1180 columba),
2213 1131 2386 1186 usque
2435 1121 2500 1175 ad
2535 1122 2860 1191 baptismum
2892 1130 3142 1195 quamvis
3191 1132 3260 1186 ab
3312 1132 3467 1188 initio

1881 1215 1945 1255 ex
1981 1217 2090 1273 quo
2113 1206 2278 1275 erepit
2322 1208 2486 1265 homo
2531 1212 2676 1276 ﬁeri,
2732 1215 3018 1273 credamus
3062 1222 3374 1279 unctionem
3408 1223 3463 1278 in

1879 1288 2006 1345 Jcsu
2045 1294 2344 1362 spiritalem
2370 1313 2609 1355 manere.
2636 1300 2752 1357 Non
2784 1305 3058 1377 discrepat
3102 1310 3171 1364 ab
3223 1309 3325 1366 hac
3375 1329 3463 1368 ra-

1876 1383 2200 1456 tionc,quod
2226 1390 2413 1458 quinta
2444 1392 2575 1447 feria
2604 1406 2950 1453 consecratur
2972 1399 3151 1454 oleum
3173 1442 3187 1466 ,
3214 1401 3464 1458 etunctio

1878 1487 2126 1531 servatur
2149 1486 2320 1550 usque
2342 1483 2408 1537 ad
2436 1483 2763 1554 baptismum
2785 1497 3051 1544 nostrum.
3080 1488 3187 1545 Lex
3220 1508 3326 1546 non
3354 1476 3466 1547 sol;

1881 1566 2037 1621 vebat
2058 1578 2302 1638 peccata,
2335 1575 2427 1628 sed
2454 1576 2731 1644 puniebat.
2756 1575 3006 1634 Christus
3040 1579 3093 1633 in
3111 1582 3299 1651 quinta
3331 1582 3462 1640 feria

1877 1660 2041 1714 veteri
2069 1661 2170 1733 legi
2214 1663 2375 1719 finem
2408 1666 2517 1726 dat,
2553 1676 2610 1722 ut
2638 1667 2779 1723 Beda
2810 1680 2997 1725 narrat
3040 1688 3203 1742 super
3234 1671 3461 1742 Lucam,

1874 1760 1928 1807 ct
1975 1765 2194 1822 peccata
2248 1756 2500 1814 absolvit.
2562 1758 2802 1830 ldipsum
2856 1762 2909 1815 in
2962 1761 3137 1832 prima
3215 1765 3464 1820 oratione

1875 1847 2056 1902 missa:
2078 1859 2238 1905 sonat
2260 1853 2515 1906 sacerdos
2557 1852 2786 1907 dicendo
2811 1871 2825 1908 :
2861 1851 2938 1910 Ita
2986 1854 3141 1910 nobis
3166 1855 3346 1910 ablato
3370 1871 3461 1911 ve-

219 1914 365 1979 meni,
412 1922 468 1968 ut
502 1928 598 1984 per
647 1915 789 1971 hanc
817 1917 1128 1973 unctionem
1166 1936 1273 1975 nou
1311 1923 1485 1991 possit
1528 1924 1771 1981 diabolus

1882 1938 2099 1994 tustatis
2124 1956 2331 2007 errore,
2356 1944 2777 1999 resurrectionis
2820 1960 2934 2000 sua:
2982 1945 3212 2015 gratiam
3265 1946 3463 2018 largia-

216 2006 467 2075 repedare.
490 2004 792 2063 Videndum
826 2011 1054 2080 estquid
1084 2022 1340 2081 operetur
1367 2013 1603 2085 Spiritus
1642 2033 1773 2072 san-

216 2103 321 2151 ctus
359 2096 409 2149 in
456 2096 708 2166 singulis.
756 2097 1113 2157 Exoreismus
1166 2103 1272 2157 olei
1317 2104 1475 2173 jubet
1523 2108 1774 2163 recedere

211 2186 461 2243 diabolum
485 2204 514 2242 a
544 2190 963 2259 catechumeno,
992 2194 1084 2264 qui
1124 2194 1303 2250 adhuc
1319 2212 1417 2266 pro
1445 2209 1662 2255 mortuo
1680 2202 1775 2255 de-

214 2287 431 2349 putatur,
477 2279 608 2349 quia
661 2283 902 2337 noudum
955 2294 1042 2341 cst
1081 2287 1407 2357 baptizatus.
1448 2292 1772 2351 Chrismalis

212 2372 374 2425 unctio
397 2371 704 2427 sanctiﬁcat
725 2374 837 2444 jam
870 2376 1138 2434 viventem
1181 2397 1247 2436 ex
1276 2385 1527 2440 mortuis.
1579 2384 1770 2443 Oleum

210 2477 294 2532 pro
316 2462 520 2517 inﬁrmo
550 2465 819 2522 medelam
856 2480 1075 2539 praestat
1129 2476 1405 2531 sauciatis.
1444 2476 1773 2536 Reservatur

208 2558 442 2615 lncadem
481 2561 568 2617 die
604 2578 808 2634 corpus
857 2564 1072 2622 Domini
1121 2585 1293 2641 usque
1343 2572 1397 2626 in
1446 2576 1768 2633 crastinum.

207 2648 257 2704 In
300 2651 584 2710 Parasceve
635 2658 781 2712 enim
823 2674 931 2714 non
966 2661 1255 2717 conficitur
1286 2680 1488 2735 corpus
1531 2665 1768 2723 Domini.

205 2740 412 2800 Necesse
447 2759 530 2801 ρει
557 2748 730 2815 enim,
774 2760 835 2805 ut
876 2751 932 2804 hi
977 2753 1179 2822 quibus
1206 2762 1289 2809 est
1329 2756 1581 2812 voluntas
1627 2774 1773 2812 com-

206 2835 514 2904 municandi,
546 2838 789 2896 habeant
827 2843 1155 2905 sacrificium
1186 2862 1252 2901 ex
1293 2848 1460 2916 priori
1489 2849 1596 2905 die.
1633 2850 1772 2907 Sunt

203 2925 328 2979 enim
354 2929 442 2998 qui
471 2931 723 3000 quatidie
747 2934 858 3005 (12)
887 2937 1272 2994 eucharistiam
1306 2956 1524 2997 sumere
1560 2944 1768 3002 volunt.

202 3015 340 3084 Nam.
374 3022 527 3091 juxta
578 3024 992 3096 Augustinum,
1068 3043 1262 3087 neuter
1311 3035 1614 3105 culpandus
1665 3045 1768 3104 est,

201 3112 273 3166 vel
307 3115 391 3183 qui
425 3115 755 3172 honorando
790 3134 897 3173 non
956 3123 1118 3177 audet
1168 3125 1279 3181 ullo
1325 3126 1413 3181 die
1449 3130 1771 3197 praetermit-

1876 2035 1984 2081 tur.
2031 2029 2201 2085 Aﬂ‘ert
2247 2044 2301 2086 et
2341 2033 2543 2099 oleum,
2601 2050 2709 2105 quo
2763 2044 3037 2105 unguntur
3092 2038 3180 2090 sui
3231 2052 3463 2092 consor-

1874 2123 1978 2182 tes,
2009 2118 2077 2173 de
2125 2120 2325 2189 quibus
2356 2122 2486 2179 dicit
2512 2123 2738 2181 Petrus:
2769 2145 2787 2177 ‹
2830 2123 2945 2182 Vos
2983 2128 3117 2183 estis
3145 2144 3316 2197 genus
3349 2129 3459 2185 ele-

1874 2218 2047 2274 ctum,
2073 2212 2251 2281 regale
2280 2215 2642 2271 sacerdotium
2677 2214 2729 2287 (1
2760 2215 2906 2272 Petr.
2929 2220 3010 2286 ιι).
3060 2239 3079 2270 ι
3117 2217 3283 2290 Igitur
3329 2235 3456 2277 cum

1874 2314 1940 2355 ex
1967 2300 2053 2357 his
2087 2304 2343 2359 omnibus
2376 2314 2523 2361 tanta
2574 2307 2756 2362 laetitia
2800 2309 2872 2364 sit
2921 2308 3199 2365 hodierna:
3232 2310 3340 2365 dici
3379 2322 3455 2379 et,

1873 2395 2012 2449 sicut
2065 2396 2270 2451 scimus
2299 2406 2352 2452 et
2380 2414 2523 2467 smpe
2554 2399 2798 2455 videmus
2850 2409 3056 2455 tantam
3088 2401 3142 2455 in
3176 2402 3336 2457 terris
3367 2402 3459 2458 lae-

1870 2484 2047 2539 titiam
2070 2486 2137 2541 de
2161 2487 2461 2556 peccatoris
2486 2488 2827 2544 absolutione
2849 2499 2901 2544 et
2925 2490 3261 2559 pmnitentia,
3285 2492 3459 2547 multo

1874 2578 2050 2647 magis
2073 2579 2401 2634 credendum
2436 2589 2539 2646 est,
2573 2581 2626 2635 in
2656 2580 2809 2637 caelis
2839 2583 3098 2652 gaudium
3129 2597 3251 2638 esse
3284 2592 3337 2638 ct
3366 2584 3459 2638 la:-

1874 2671 2049 2725 titiam
2080 2687 2265 2726 coram
2292 2671 2402 2726 Deo
2437 2682 2490 2727 et
2528 2674 2736 2744 angelis
2761 2675 2900 2744 ejus,
2948 2676 3090 2731 sicut
3140 2675 3255 2744 ipse
3301 2676 3454 2742 dicit,

1873 2763 1967 2833 qui
1999 2763 2140 2819 diem
2167 2773 2220 2818 et
2261 2764 2538 2818 hominem
2577 2767 2892 2820 constituit:
2933 2786 2951 2818 ι
2984 2765 3254 2822 Gaudium
3287 2776 3369 2823 cst
3400 2767 3457 2823 i1

1873 2855 2014 2911 caelo
2038 2870 2224 2910 coram
2252 2856 2461 2926 angelis
2494 2856 2585 2912 Dei
2601 2874 2766 2928 super
2810 2873 2920 2913 uno
2948 2869 3235 2929 peccatore
3274 2861 3454 2931 poeni-

1875 2947 2100 3002 tentiam
2135 2958 2328 3019 agente
2359 2948 2511 3020 (Luc.
2539 2953 2649 3019 xv).
2696 2970 2716 3003 ι

1986 3037 2064 3092 De
2098 3042 2434 3109 separatione
2465 3043 2659 3097 anian
2687 3053 2736 3098 et
2766 3046 3000 3114 corporis
3029 3046 3083 3100 iu
3111 3044 3342 3103 Christo.

1945 3129 2177 3198 Quidam
2210 3140 2537 3201 putaverunt
2570 3134 2623 3187 in
2658 3144 2834 3189 morte
2864 3135 3202 3192 divinitatem
3230 3153 3260 3193 a
3288 3137 3453 3194 Chri-

199 3208 315 3260 tere.
372 3205 572 3262 Deinde
614 3211 881 3265 transitur
928 3213 993 3268 ad
1016 3217 1364 3285 convivium,
1390 3234 1455 3275 ex
1476 3236 1587 3291 quo
1614 3236 1768 3277 cmua
1797 3259 1840 3317 ο
1875 3230 1960 3277 sto
2007 3222 2229 3291 homine
2273 3225 2591 3289 recessisse,
2636 3233 2690 3279 ct
2738 3234 2965 3280 mortem
3019 3227 3259 3283 hominis
3307 3228 3453 3284 aliud

204 3294 361 3317 ΙὶΑ-ΑΞΑ
380 3299 391 3317 3
468 3315 501 3317 ,A
560 3316 565 3317 ,
591 3310 603 3317 .
737 3301 783 3317 '9
846 3305 858 3317 ι
928 3304 944 3317 ι
981 3306 992 3317 .
1018 3307 1029 3317 ι
1277 3309 1311 3317 Α
1486 3313 1515 3317 _
1624 3313 1635 3317 _
1686 3314 1696 3317 _

200 3294 392 3352 Domini
446 3310 702 3357 vocatur.
737 3301 893 3360 Unde
928 3304 1166 3363 Isidorus
1222 3327 1234 3364 :
1272 3309 1439 3367 Cinna
1482 3313 1766 3370 Dominica

198 3389 322 3445 dicta
349 3402 448 3459 est,
479 3410 546 3449 co
574 3396 726 3466 quod
758 3398 810 3451 in
856 3413 921 3452 eo
953 3400 1039 3455 die
1073 3401 1325 3457 Salvator
1371 3402 1583 3461 Pascha
1639 3422 1765 3461 cum

197 3481 455 3554 discipulis
507 3488 634 3543 suis
690 3487 833 3544 fecit.
877 3488 993 3546 Vidi
1027 3494 1319 3563 quemdam
1356 3496 1672 3568 religiosum
1702 3513 1768 3554 ea

195 3576 269 3631 die
292 3578 463 3646 primo
495 3581 709 3651 aliquid
741 3598 958 3639 sumere
982 3584 1049 3639 de
1091 3586 1234 3653 cibo,
1285 3578 1345 3641 et
1368 3597 1554 3657 postea
1585 3590 1769 3647 lavare

195 3671 342 3738 pedes
369 3675 818 3744 peregrinorum,
864 3684 918 3730 et
951 3676 1031 3731 sic
1079 3678 1314 3733 transire
1370 3679 1436 3732 ad
1493 3694 1763 3735 mensam.

192 3759 387 3819 Domini
416 3768 591 3823 nostri
627 3768 877 3838 exemplo
908 3783 974 3822 eo
1002 3769 1089 3825 die
1115 3770 1383 3837 lavamus,
1435 3787 1541 3825 non
1589 3773 1767 3828 solum

192 3852 339 3920 pedes
386 3856 650 3924 fratrum,
706 3860 797 3914 sed
826 3860 990 3914 etiam
1040 3862 1349 3931 pavimenta
1396 3863 1641 3920 ecclesia:
1699 3865 1767 3921 ad

190 3947 484 4013 paschalcm
518 3950 879 4006 festivitatem
906 3955 1173 4008 ornanda.
1217 3952 1536 4025 Praecipitur
1571 3957 1624 4011 in
1654 3955 1767 4012 Ro-

191 4053 340 4095 mano
389 4044 587 4099 ordine
614 4054 697 4111 ut,
742 4061 772 4099 a
825 4045 1014 4116 quinta
1048 4046 1180 4101 feria
1225 4064 1399 4119 usque
1444 4049 1496 4103 in
1531 4047 1767 4106 Sabbato

187 4128 382 4197 sancto,
419 4136 568 4189 nuda
612 4136 725 4191 sint
756 4137 969 4193 altaria.
1005 4137 1159 4206 Quod
1214 4155 1321 4194 non
1358 4141 1504 4195 aliud
1559 4142 1769 4213 signifi-

187 4227 355 4289 cat,ui
382 4225 565 4295 fallor,
609 4230 717 4285 nisi
751 4229 931 4302 fugam
989 4236 1386 4302 apostolorum.
1430 4233 1765 4292 Vestimenta

185 4316 357 4374 altaris
387 4321 603 4377 Christi
661 4332 808 4387 sunt,
833 4324 898 4377 de
921 4325 1122 4393 quibus
1142 4325 1343 4380 dictum
1369 4336 1483 4384 est:
1519 4345 1537 4377 ‹
1575 4325 1639 4381 Et
1677 4342 1765 4382 re-

184 4405 299 4461 licto
327 4426 391 4466 eo
416 4427 619 4469 omnes
656 4411 910 4484 fugerunt
939 4414 1158 4483 (Matth.
1195 4418 1366 4487 xxvi).
1408 4437 1425 4469 ι
1459 4416 1515 4470 lu
1542 4418 1658 4487 ipsa
1682 4417 1767 4473 die

179 4510 486 4567 peccatores
507 4502 607 4574 qui
638 4514 862 4575 propter
893 4515 1109 4575 peccata
1158 4522 1256 4563 sua
1287 4516 1340 4562 et
1382 4509 1610 4563 crimina
1642 4526 1767 4580 pro-

1872 3328 2037 3383 quam
2067 3316 2468 3385 separationem
2502 3316 2804 3372 divinitatis
2842 3333 2871 3370 a
2909 3333 3074 3373 carne
3114 3335 3223 3373 non
3258 3318 3449 3376 fuisse.

1871 3405 2160 3462 luveniunt
2185 3408 2330 3463 enim
2359 3409 2609 3479 quadam
2631 3410 2819 3477 verba,
2850 3410 2904 3464 in
2928 3410 3129 3480 quibus
3149 3411 3222 3466 ita
3246 3412 3453 3467 dictum

1868 3515 1991 3558 esse
2018 3501 2270 3558 videtur:
2302 3511 2355 3558 et
2380 3503 2718 3559 invenientes
2746 3503 3017 3573 ejusmodi
3055 3504 3247 3559 littera:
3271 3504 3457 3560 adluat"

1869 3603 2011 3659 rent,
2043 3609 2151 3648 non
2181 3595 2553 3666 pertingeutcs
2580 3594 2648 3651 ad
2674 3595 2948 3666 spiritum.
2985 3595 3185 3652 Beatus
3214 3596 3451 3651 Ambro-

1870 3685 1986 3741 sius
2013 3686 2120 3740 tale
2152 3686 2355 3757 aliquid
2382 3686 2596 3741 videtur
2621 3687 2801 3744 dicere
2834 3687 2889 3742 in
2917 3686 3273 3758 Expositione
3300 3689 3452 3759 psal-

1870 3779 1944 3832 mi
1984 3779 2149 3846 illius,
2192 3796 2353 3850 quem
2400 3781 2515 3851 ipse
2563 3779 2827 3836 Dominus
2879 3781 2933 3834 in
2981 3780 3238 3851 passione
3280 3780 3348 3836 de
3392 3788 3456 3836 se

1870 3870 2134 3938 scriptum
2151 3887 2272 3927 esse
2291 3872 2528 3926 ostendit
2553 3891 2565 3927 :
2591 3871 2765 3927 «Deus
2788 3887 2964 3938 meus,
3005 3871 3149 3928 Deus
3181 3888 3358 3940 meus,
3386 3881 3453 3929 ut

1869 3960 2001 4029 quid
2038 3975 2122 4015 mc
2153 3948 2526 4031 dereliquisti?
2557 3960 2729 4032 (Psal.
2762 3961 2901 4031 xxx.)
2930 3980 2950 4013 ι
2988 3961 3165 4031 Super
3196 3964 3341 4018 hunc
3367 3963 3453 4017 lo-

1868 4066 1992 4107 cum
2028 4052 2353 4108 Ambrosius
2415 4054 2528 4123 (15)
2565 4053 2636 4107 ita
2692 4053 2862 4107 dicit:
2891 4052 3105 4107 Clamat
3157 4055 3319 4108 homo
3365 4069 3472 4135 se:

1869 4144 2150 4214 paratione
2193 4145 2493 4201 divinitatis
2550 4145 2885 4207 moriturus,
2934 4152 2987 4198 et
3048 4145 3152 4199 alia
3198 4143 3451 4215 quaedam

1869 4237 2028 4307 quasi
2070 4238 2137 4292 ad
2181 4237 2359 4307 ipsum
2403 4237 2743 4307 probandum
2781 4235 3048 4290 adducta:
3084 4236 3212 4306 quia
3243 4235 3452 4291 scilicet

1872 4326 2017 4382 Deus
2045 4327 2156 4381 vita
2184 4335 2299 4393 cst,
2336 4336 2389 4382 et
2421 4328 2510 4382 ubi
2554 4330 2660 4382 vita
2694 4326 2815 4390 fuit,
2852 4342 3001 4382 mors
3039 4342 3162 4382 esse
3201 4343 3309 4382 non
3356 4341 3451 4396 po-

1871 4420 2007 4485 tuit;
2040 4435 2105 4475 ac
2132 4428 2418 4490 propterea
2450 4419 2558 4474 nisi
2601 4418 2709 4472 vita
2759 4420 2910 4490 prius
2946 4419 3259 4475 recessisset
3300 4434 3451 4474 mors

1868 4510 2055 4566 venire
2086 4528 2195 4567 non
2245 4513 2528 4583 potuisset.
2566 4530 2586 4564 ι
2630 4509 2903 4582 Scriptura
2948 4513 3147 4583 quippe
3194 4519 3280 4567 est
3321 4513 3450 4583 quia

178 4586 293 4656 jecti
322 4591 547 4650 fuerant
570 4596 640 4650 de
658 4597 866 4667 gremio
894 4608 1095 4653 sanctm
1116 4598 1390 4665 Ecclesim,
1416 4614 1632 4672 peracta
1652 4617 1766 4673 pos-
1798 4618 1842 4672 Ῑ)
1870 4602 2032 4659 Jesus
2073 4605 2318 4660 clamans
2366 4620 2563 4676 magna
2616 4619 2746 4659 voce
2794 4604 2971 4659 dixit:
3029 4624 3048 4656 ι
3084 4606 3223 4659 Deus
3271 4617 3448 4668 meus,

180 4680 421 4753 nitentia,
455 4687 696 4753 jubente
726 4688 984 4759 episcopo
1011 4706 1105 4745 scu
1159 4692 1499 4764 presbytero,
1538 4694 1767 4748 ubicun-

178 4787 275 4843 que
300 4778 431 4844 sint,
466 4781 535 4834 ad
570 4789 802 4835 matrem
838 4780 1134 4838 Ecclesiam
1164 4795 1527 4852 revertuntur,
1559 4794 1613 4841 et
1643 4802 1769 4842 cum

175 4879 366 4939 magno
388 4873 605 4943 gaudio
634 4881 687 4927 et
718 4874 900 4928 laetitia
920 4875 985 4929 ad
1010 4875 1390 4931 remissionem
1422 4888 1768 4947 peccatorum

174 4961 415 5016 redeunt.
463 4963 524 5017 lu
588 4964 676 5021 his
729 4967 984 5022 omnibus
1031 4968 1412 5039 cognoscimus
1447 4985 1769 5039 praesentem

170 5048 305 5108 diem
355 5057 525 5113 valde
560 5070 945 5115 consecratum
994 5075 1115 5115 esse
1157 5063 1469 5117 remissioni
1522 5074 1772 5133 peceato-

170 5161 310 5205 t'um.
334 5151 459 5208 Non
490 5156 648 5209 enim
678 5165 933 5227 putamus
956 5157 1213 5226 praesenti
1243 5158 1446 5228 quinta:
1469 5156 1618 5214 fet'izn
1659 5157 1771 5213 for-

168 5243 301 5299 tuitu
331 5245 452 5303 hinc
478 5247 757 5303 accidere.

230 5332 345 5392 Nos
382 5338 552 5394 scioli
603 5338 819 5394 interim
870 5339 1119 5395 dicamus
1142 5341 1269 5410 quid
1295 5339 1452 5396 nobis
1504 5341 1768 5410 videatur,

167 5427 397 5486 rationis
433 5430 671 5497 habere,
704 5433 849 5501 quod
884 5431 938 5486 in
980 5432 1100 5502 ipso
1153 5434 1239 5488 die
1288 5433 1462 5488 voluit
1508 5432 1772 5491 Dominus

167 5520 562 5588 pedeslavarc,
586 5525 745 5594 cujus
767 5525 1016 5595 exemplo
1045 5541 1144 5581 nos
1172 5526 1333 5595 pedes
1363 5534 1417 5581 et
1462 5535 1652 5581 czetera
1692 5527 1773 5581 la—

165 5628 379 5671 vamus.
412 5616 561 5684 Qua!
588 5616 785 5672 lavatio
814 5617 1192 5673 remissionem
1223 5627 1569 5688 peccatorum
1599 5617 1770 5690 signi-

165 5705 306 5763 ticat.
337 5708 706 5780 Quapropter
730 5719 784 5766 et
812 5711 1138 5782 poenitentes
1166 5711 1353 5766 eadem
1408 5710 1497 5765 die
1554 5710 1619 5765 ad
1654 5706 1772 5765 tha—

229 5828 349 5901 (l2)
382 5826 720 5901 Degconsec.
744 5827 870 5887 dist.
908 5846 967 5898 ιι,
1008 5827 1278 5896 Quatidie,
1309 5835 1360 5884 et
1387 5841 1436 5882 tv
1463 5824 1612 5882 Sent.
1640 5824 1766 5882 dist.

156 5913 254 5967 xu,
279 5899 407 5974 cap.
445 5899 776 5957 lmtitulum

1870 4692 2016 4750 Deus
2039 4709 2213 4762 meus,
2238 4704 2299 4750 ut
2322 4696 2451 4766 quid
2474 4695 2809 4766 dereliquisti
2836 4712 2921 4751 me
2952 4693 3169 4767 (Matth.
3199 4694 3391 4764 xxvu).
3425 4713 3451 4746 ι

1870 4785 2085 4843 Clamat
2119 4789 2284 4843 homo
2315 4804 2373 4844 se
2403 4787 2723 4843 derelictum
2768 4805 2797 4844 a
2840 4788 3086 4855 Domino,
3130 4797 3185 4842 et
3211 4802 3452 4858 conque-

1871 4879 2014 4934 ritur
2045 4879 2212 4935 Dcum
2243 4896 2272 4935 a
2315 4895 2374 4936 se
2418 4882 2733 4947 recessisse,
2765 4889 2819 4934 et
2849 4881 3006 4950 quasi
3039 4879 3160 4933 ideo
3191 4893 3253 4934 se
3283 4877 3453 4933 mori-

1874 4980 2057 5028 turum
2073 4988 2216 5038 esse,
2240 4973 2387 5043 quod
2410 4971 2554 5029 Deus
2582 4973 2649 5027 ab
2667 4973 2787 5043 ipso
2814 4972 3123 5027 recesserit.
3141 4971 3269 5028 Ideo
3290 4971 3455 5037 dixit,

1852 5067 1999 5137 quia
2049 5068 2247 5122 clamat
2295 5066 2458 5122 homo
2506 5066 2849 5137 separatione
2878 5064 3176 5121 divinitatis
3219 5065 3452 5121 moritu-

1871 5168 1987 5208 rus.
2024 5152 2125 5208 Sed
2158 5154 2334 5209 videte
2359 5153 2488 5225 quid
2526 5152 2755 5220 dicitur;
2786 5151 2832 5207 si
2861 5153 3005 5206 enim
3050 5155 3231 5224 agitur
3256 5151 3322 5207 de
3360 5153 3451 5208 illa

1874 5246 2214 5316 separatione
2250 5246 2551 5301 divinitatis
2582 5260 2682 5316 pro
2728 5262 2837 5316 qua
2884 5244 3138 5305 Christus
3181 5248 3358 5305 homo.
3394 5246 3450 5300 iu

1852 5352 2037 5395 cruce
2100 5339 2404 5405 clamabat,
2444 5339 2531 5393 illa
2582 5339 2771 5409 utique
2816 5339 2931 5408 jam
2968 5338 3109 5395 facta
3155 5347 3292 5395 erat.
3329 5334 3447 5390 Non

1858 5412 2019 5486 enim
2044 5429 2526 5499 derelinqueudum
2546 5472 2560 5495 ,
2587 5430 2680 5485 sed
2705 5430 3021 5486 derelictum
3042 5428 3154 5497 jam
3180 5441 3240 5481 se
3262 5434 3447 5495 prote-

1875 5533 2050 5579 statur
2071 5523 2285 5577 dicens:
2316 5521 2490 5579 «Deus
2513 5538 2666 5579 meus
2693 5531 2752 5576 ut
2773 5521 2902 5593 quid
2926 5518 3263 5588 dereliquisti
3287 5532 3373 5571 me
3389 5516 3441 5571 ‘ln

1848 5614 1933 5669 'Si
1962 5630 2093 5687 ergo
2134 5614 2201 5669 de
2232 5614 2321 5669 illa
2367 5614 2707 5685 separatione
2742 5611 3042 5667 divinitatis
3084 5608 3295 5680 agitur,
3330 5604 3446 5676 jam

1872 5716 2175 5764 recesserat
2202 5705 2366 5773 Deus,
2414 5707 2634 5778 quando
2679 5705 2846 5761 homo
2887 5703 2943 5758 in
2981 5715 3145 5758 cruce
3180 5697 3445 5771 pendens.

1945 5823 2057 5895 (l5)
2097 5823 2117 5880 1
2148 5825 2296 5882 Sent.
2325 5823 2428 5880 dis.
2457 5838 2571 5891 nt,
2598 5837 2717 5894 cap.
2750 5820 2800 5876 1.
