3964 6444
534 387 641 454 ωε

1639 395 1965 451 ικέιικιςιιι
2004 394 2134 449 ABB

2222 390 2296 448 'lS
2338 391 2396 448 S.
2435 389 2655 448 DLASII
3652 400 3761 454 νη.

528 511 848 565 derelictum
881 525 942 565 sc
962 526 990 563 a
1025 508 1132 565 Deo
1159 509 1579 576 vociferabatur,
1624 519 1677 565 et
1708 507 2110 580 utique,adhue
2136 509 2183 569 Α
2215 505 2430 560 ratione
2454 504 2758 561 divinitatis
2795 509 3120 563 moriturum
3154 505 3423 562 clamasse
3457 505 3677 575 alllrmat,
3698 513 3737 568 si

527 597 782 655 Christus
811 599 863 653 in
895 614 1060 653 carne
1104 600 1337 665 vivebat,
1385 600 1604 670 quando
1648 600 1729 656 sic
1757 598 1900 655 Deus
1935 599 2005 655 ab
2043 613 2109 654 eo

527 704 847 746 recesserat.
882 689 1264 761 Respondeant
1284 708 1433 764 ergo.
1466 691 1521 748 Si
1554 708 1705 749 mors
1731 709 1852 750 esse
1880 708 1987 748 non
2011 708 2110 763 po-

526 786 669 835 terat
696 781 799 835 nisi
826 781 978 850 prius
1001 782 1106 836 vita
1133 782 1456 851 discederet,
1485 786 1760 857 quomodo
1781 785 1890 840 vita
1916 801 2108 841 mane-

528 885 590 923 re
620 869 811 941 potuit,
840 861 1127 943 postquam
1158 875 1268 930 vita
1308 887 1627 933 recesserat.
1672 877 1792 932 Jam
1842 877 1986 933 enim
2030 878 2110 934 sic

528 972 831 1018 recesserat
860 961 1024 1030 Deus,
1073 973 1126 1021 et
1156 968 1335 1023 adhuc
1366 968 1620 1026 Christus
1647 971 1803 1027 vivus
1840 971 1893 1026 in
1945 987 2109 1027 cruce

526 1053 817 1123 pendebat,
861 1071 985 1110 cum
1038 1072 1094 1113 se
1138 1059 1458 1115 derelictum
1495 1062 1842 1118 causabatur.
1879 1062 1935 1119 Si
1977 1079 2109 1134 ergo

527 1140 584 1197 in
611 1142 713 1198 hac
741 1144 1052 1202 rccessione
1082 1146 1196 1215 Dei,
1233 1157 1287 1204 et
1331 1151 1385 1205 in
1419 1152 1521 1207 hac
1549 1152 1848 1208 divinitatis
1885 1169 2108 1223 separa-

527 1235 679 1291 tione
714 1236 860 1292 illam
913 1255 1035 1309 qute
1082 1240 1223 1296 inter
1253 1241 1592 1300 divinitatem
1622 1253 1677 1299 et
1717 1247 2107 1301 humanitatem

527 1328 814 1383 constabat
856 1331 1115 1387 unionem
1162 1349 1411 1403 persouze
1458 1337 1694 1391 solutam
1748 1338 1954 1405 dicunt,
2009 1337 2112 1394 fuit

525 1417 799 1486 quoddam
866 1428 1082 1491 tempus
1145 1424 1366 1495 quando
1422 1426 1676 1483 Christus
1729 1429 1907 1483 adhuc
1955 1430 2111 1486 vivus

489 1532 494 1538 ~
527 1508 695 1563 homo
741 1522 858 1566 erat
909 1524 961 1567 et
998 1512 1138 1570 Deus
1186 1532 1294 1571 non
1328 1527 1464 1573 erat.
1501 1517 1607 1573 Sed
1632 1520 1761 1589 quis
1801 1521 1903 1575 hoc
1933 1521 2113 1577 dicat?

528 1600 664 1665 Quis
692 1617 838 1658 same
870 1604 991 1660 ﬁdei
1023 1610 1364 1665 coucordaus
1398 1626 1506 1665 non
1543 1611 1836 1668 abhorreat
1871 1613 1980 1670 Deo
2006 1615 2112 1668 im-

525 1702 731 1761 ponere
758 1712 881 1764 qurc
924 1709 1267 1769 assumptum
1319 1702 1596 1759 hominem
1630 1720 1807 1776 usque
1846 1705 1914 1760 ad
1964 1721 2111 1761 πιοτ-

527 1791 636 1838 tem
668 1787 886 1856 qu'dem
917 1790 1231 1846 comitanda
1261 1795 1533 1863 perduxit,
1563 1796 1695 1851 etin
1720 1807 1915 1863 morte,
1943 1814 2113 1868 quan-

526 1874 601 1929 do
628 1877 821 1945 majori
844 1872 1221 1953 periculo'jam
1254 1884 1593 1956 imminente,
1623 1887 1803 1958 majus
1846 1890 2109 1946 auxilium

527 1969 902 2027 necessarium
937 1982 1091 2039 erat,
1137 1974 1400 2032 deseruit.
1438 1976 1622 2045 Quare
1656 1995 1786 2052 ergo
1833 1990 2113 2052 tantopere

527 2065 882 2121 mercenariis
933 2065 1286 2138 improperat,
1318 2070 1464 2140 quod
1518 2071 1647 2141 lupo
1685 2074 1934 2128 veniente
1981 2090 2113 2131 oves

526 2171 669 2224 quas
706 2158 983 2213 custodire
1012 2160 1333 2229 debuerant,
1368 2162 1640 2233 fugientes
1670 2166 1948 2232 deserunt,
1986 2183 2114 2222 cum

528 2246 645 2318 ipse
663 2251 879 2305 unicam
910 2253 1056 2308 illam
1080 2269 1259 2317 ovem,
1284 2264 1339 2310 et
1356 2272 1555 2328 agtuun
1573 2257 1724 2312 illum
1739 2259 1859 2313 ovis
1879 2257 2116 2327 Virginis

527 2343 737 2410 filium,
782 2362 944 2416 quem
992 2365 1101 2403 non
1144 2351 1321 2405 solum
1352 2351 1795 2417 custodiendum,
1831 2354 1923 2409 sed
1947 2353 2115 2409 etiam

531 2437 944 2513 gloriﬁcaudum
967 2443 1226 2513 suscepit,
1254 2444 1381 2515 lupo
1402 2444 1668 2509 veniente,
1695 2445 1967 2502 deseruit?
1985 2445 2116 2504 Ovis

526 2529 682 2598 prius
704 2529 771 2585 de
798 2541 1013 2599 pastore
1036 2550 1249 2600 seettra,
1268 2537 1518 2591 veniente
1545 2537 1672 2607 lupo
1699 2554 1803 2591 non
1832 2539 2013 2594 timuit
2033 2540 2119 2595 rli-

528 2639 700 2680 cens:
740 2644 758 2679 ι
796 2625 949 2683 Venit
980 2628 1234 2700 princeps
1259 2631 1445 2686 mundi
1479 2631 1662 2700 hujus,
1693 2640 1746 2686 et
1781 2633 1832 2687 in
1877 2650 1964 2689 me
2007 2651 2115 2691 non

528 2714 698 2770 habet
726 2718 1028 2788 quidquam
1064 2719 1247 2790 (Joau.
1281 2723 1416 2792 xw).
1451 2742 1470 2774 ι

601 2805 760 2863 Nunc
785 2818 967 2864 autem
997 2826 1027 2864 a
1055 2821 1275 2882 pastore
1302 2813 1562 2871 derelicta
1594 2818 1876 2873 causando
1906 2827 1959 2872 et
1988 2834 2121 2875 cono

528 2900 813 2969 querendo
852 2903 1094 2959 clamat:
1134 2923 1155 2957 ι
1184 2904 1364 2972 Quare
1405 2907 1747 2980 dereliquisti
1798 2911 1921 2963 me?
1953 2930 1970 2961 ι
2018 2909 2120 2967 So-

528 2991 619 3048 lus
648 2992 813 3048 homo
849 2992 970 3061 fuit,
1003 3003 1058 3052 et
1099 2995 1243 3053 Deus
1271 3015 1377 3053 non
1408 2999 1528 3063 fuit,
1553 3009 1608 3055 ct
1627 3000 1742 3071 jam
1775 3001 1918 3056 Deus
1955 3004 2120 3057 homo

528 3099 642 3140 non
694 3085 816 3152 fuit,
867 3088 997 3158 quia
1043 3089 1159 3160 jam
1213 3091 1283 3144 ab
1334 3092 1556 3148 homine
1595 3103 1901 3149 recesserat
1943 3095 2118 3161 Deus;

2210 596 2353 655 Deus
2365 599 2434 653 ab
2451 599 2670 654 homine
2686 613 2793 654 non
2808 598 3288 667 reccsserat?Quid
3310 598 3463 667 ergo?
3476 596 3583 653 Non
3597 604 3740 669 potuit

2210 690 2464 747 divinitas
2486 692 2900 758 humanitatem,
2930 694 3094 748 etiam
3126 690 3431 748 secundum
3453 691 3638 761 aliquid
3666 695 3741 749 de—

2211 784 2471 848 seruisse,
2503 784 2556 838 in
2582 794 2847 852 quantum
2875 785 3129 839 videlicet
3159 799 3281 839 eam
3316 783 3560 852 potestati
3588 784 3739 840 inimi-

2210 888 2400 929 corum
2428 876 2494 931 ad
2520 884 2732 947 tempus
2758 892 2867 931 non
2889 876 3153 941 defendit;
3179 887 3234 930 et
3260 874 3553 929 secundum
3574 874 3741 945 aliquid

2210 981 2319 1020 non
2349 966 2678 1031 deseruisse,
2710 969 2762 1022 in
2800 976 3064 1039 quantum
3096 966 3305 1021 scilicet
3348 972 3479 1019 tunc
3515 965 3660 1019 etiam
3690 967 3744 1020 ab

2209 1073 2272 1111 ea
2306 1074 2400 1127 per
2424 1059 2763 1127 pratsentiam
2804 1058 3106 1127 majestatis
3141 1072 3250 1111 non
3296 1055 3550 1110 recessit?
3578 1053 3746 1110 Dercli—

2211 1150 2330 1221 qnit
2378 1151 2561 1217 illum,
2619 1152 2713 1206 sed
2761 1152 2909 1206 illam
2960 1165 3069 1205 non
3128 1147 3439 1218 dereliquit.
3494 1145 3746 1217 Dereliquit

2214 1244 2343 1307 illis,
2373 1245 2465 1299 sed
2494 1245 2598 1300 sibi
2643 1261 2752 1299 non
2778 1244 3087 1315 dereliquit.
3125 1241 3443 1312 Dereliqnit,
3463 1241 3585 1311 quia
3619 1244 3742 1297 auxi-

2213 1335 2346 1390 lium
2380 1352 2486 1391 non
2515 1337 2777 1403 contulit;
2808 1336 2900 1391 sed
2933 1351 3041 1391 non
3078 1335 3388 1406 dereliquit,
3411 1333 3533 1403 quia
3549 1348 3741 1402 praesen-

2213 1432 2342 1485 tiam
2403 1446 2511 1484 non
2581 1431 2824 1486 abstulit.
2890 1429 3171 1485 Subtraxit
3215 1427 3627 1498 protectionem;
3666 1428 3739 1483 sed

2213 1537 2322 1576 non
2362 1522 2636 1592 separavit
2683 1523 2966 1577 unionem.
3011 1519 3293 1591 Separavit
3332 1535 3392 1574 se
3430 1518 3573 1582 foris,
3610 1527 3660 1574 ct
3689 1519 3740 1574 ad

2213 1616 2587 1672 defensionem
2615 1626 2806 1672 contra
2846 1616 3099 1671 inimicos
3135 1628 3243 1668 non
3274 1613 3522 1676 adesset;
3552 1609 3632 1665 sed
3655 1627 3739 1666 non

2215 1709 2486 1780 separavit
2518 1724 2575 1764 se
2600 1709 2772 1774 intus,
2798 1717 2858 1763 ut
2884 1708 2961 1763 illi
2987 1707 3055 1762 ad
3082 1706 3340 1760 unionem
3367 1718 3596 1773 personae
3616 1701 3739 1758 dees-

2217 1812 2318 1859 set.
2353 1802 2443 1857 Sic
2470 1817 2601 1873 ergo
2628 1801 2938 1872 dereliquit,
2964 1809 3027 1855 ut
3063 1814 3175 1854 non
3211 1797 3522 1867 adjuvaret;
3554 1793 3634 1850 sed
3652 1805 3738 1849 non

2214 1894 2506 1966 dereliquit
2534 1904 2594 1950 ut
2617 1893 2911 1949 recederet.
2944 1891 3097 1946 Vado
3125 1905 3219 1962 per
3243 1890 3410 1952 viam,
3437 1902 3626 1943 mecum
3645 1901 3743 1957 per-

2215 1985 2323 2057 gis,
2360 1984 2564 2055 pariter
2599 1983 2969 2038 ambulamus.
3005 1980 3246 2036 Securus
3282 1994 3428 2043 sum,
3464 1978 3603 2049 quasi
3630 1976 3742 2032 auri.

2216 2090 2341 2131 cum
2386 2092 2566 2130 meum
2607 2075 2835 2130 habens.
2881 2072 3041 2128 Venit
3084 2072 3261 2127 hostis
3289 2086 3444 2125 meus
3485 2079 3535 2125 et
3567 2070 3742 2124 irruens

2218 2172 2484 2228 inermem
2512 2182 2567 2228 ct
2593 2172 2850 2227 resistere
2876 2186 2985 2225 non
3015 2170 3310 2232 valentem,
3339 2163 3629 2219 vulneribus
3646 2160 3742 2215 alii-

2218 2266 2313 2321 cit.
2344 2264 2424 2319 Tu
2466 2280 2551 2319 me
2582 2265 2787 2335 plagari
2819 2277 3069 2328 cernens,
3107 2260 3242 2315 nihil
3276 2256 3532 2322 moveris;
3560 2254 3634 2309 sed
3655 2258 3738 2323 pa-

2219 2358 2417 2414 tienter
2457 2357 2717 2422 sustines,
2759 2364 2815 2411 et
2857 2364 2972 2410 stas
3005 2354 3182 2422 juxta,
3232 2350 3540 2421 quasi‘non
3575 2359 3740 2402 curans

2218 2448 2444 2504 vulnera
2484 2462 2626 2513 mea,
2651 2446 2887 2517 ctﬁdico:
2941 2464 2960 2497 ι
2993 2442 3061 2499 Ut
3088 2442 3216 2513 quid
3240 2438 3559 2510 dercliquisti
3590 2436 3695 2491 me?
3719 2453 3739 2487 ι

2221 2540 2439 2614 (Matth.
2468 2540 2666 2610 λιιι-ιι.)
2705 2539 2897 2593 Adhuc
2944 2544 3060 2592 stas
3104 2535 3262 2603 juxta
3294 2548 3401 2598 me,
3425 2541 3475 2587 et
3503 2544 3667 2586 causor
3694 2538 3742 2583 te

2221 2634 2515 2689 recessisse
2554 2650 2582 2687 a
2618 2647 2723 2686 me.
2761 2629 2922 2685 Juxta
2959 2645 3020 2683 es
3052 2629 3206 2693 loco;
3241 2626 3335 2681 sed
3373 2626 3523 2695 longe
3551 2620 3740 2676 auxilio.

2219 2724 2381 2780 Juxta
2426 2724 2595 2788 fuisti,
2628 2723 2848 2793 quando
2894 2727 3213 2792 prmscutem
3254 2715 3609 2772 exhibuistiiu
3635 2712 3744 2768 die.

2220 2820 2428 2883 ctione;
2460 2817 2620 2886 longe
2651 2815 2824 2870 factus
2847 2830 2926 2877 es,
2970 2815 3191 2883 quando
3220 2811 3274 2865 in
3308 2808 3551 2878 periculis
3572 2804 3743 2861 consti-

2222 2919 2339 2966 tuto
2371 2920 2421 2964 te
2448 2906 2764 2965 subtraxisti
2793 2921 2820 2960 a
2848 2903 3249 2973 compassione.
3278 2900 3371 2956 Sic
3392 2914 3513 2969 ergo
3536 2894 3746 2950 humaui-

2224 3013 2307 3057 tas
2332 3018 2360 3056 a
2386 3001 2672 3055 divinitate
2700 2998 2752 3052 in
2781 2996 3035 3067 passione
3073 3011 3133 3051 se
3167 2994 3476 3049 derelictam
3500 2986 3744 3049 clamabat,

2222 3094 2351 3164 quia
2407 3108 2527 3146 eam
2574 3091 2924 3146 inimicorum
2969 3086 3222 3159 potestati
3265 3086 3335 3141 ad
3375 3078 3745 3152 cruciﬁgeudum

528 3193 635 3234 nec
675 3178 842 3233 homo
885 3179 1026 3236 Deus
1076 3179 1200 3245 fuit,
1248 3182 1376 3252 quia
1418 3183 1599 3238 adhuc
1642 3184 1799 3242 vivus
1846 3186 1899 3238 in
1956 3200 2119 3240 cruce
2147 3206 2189 3262 ο
2223 3192 2590 3248 concesserat,
2610 3182 2751 3236 sicut
2774 3183 3038 3252 scriptum
3057 3188 3170 3235 est:
3203 3176 3354 3231 «Non
3385 3175 3590 3230 haberes
3613 3172 3748 3226 iuno

526 3270 796 3340 pendens,
828 3288 857 3326 a
890 3270 1001 3327 Deo
1028 3273 1320 3330 derelictus
1348 3285 1449 3331 est.
1487 3274 1609 3331 .lam
1639 3293 1746 3331 non
1779 3277 1956 3332 solum
1987 3292 2118 3347 ergo

529 3361 589 3415 ἰ-ι
615 3371 814 3429 morte,
848 3363 942 3420 sed
978 3374 1105 3420 ante
1144 3378 1377 3421 mortem
1404 3368 1664 3422 divinitas
1687 3368 1756 3422 ab
1787 3368 2008 3423 homine
2042 3382 2122 3421 νθς

535 3464 799 3522 cesserat,
826 3458 1046 3528 quando
1076 3458 1241 3513 homo
1267 3458 1447 3514 adhuc
1480 3459 1646 3515 homo
1671 3476 1701 3515 a
1737 3475 1796 3514 sc
1830 3459 2122 3514 recessisse

536 3543 708 3602 Deum
748 3563 833 3615 ,ac
869 3566 964 3618 per
994 3550 1116 3616 hoc,
1152 3559 1210 3605 ut
1238 3551 1327 3606 isti
1359 3552 1533 3613 aiunt,
1579 3551 1746 3608 Deum
1776 3567 1832 3608 se
1867 3569 1973 3606 non
2002 3567 2124 3606 esse

532 3636 844 3707 plangebat.
869 3637 1005 3706 Quis
1027 3642 1130 3698 hoc
1154 3642 1331 3698 dicat?
1354 3641 1640 3710 Quomodo
1661 3658 1814 3713 ergo,
1844 3642 2122 3712 inquiunt,

533 3727 949 3797 intelligendum
987 3742 1072 3789 est
1105 3736 1252 3805 quod
1292 3736 1547 3792 Christus
1585 3752 1645 3794 se
1690 3751 1724 3792 a
1769 3734 1879 3791 Deo
1919 3734 2119 3789 dereli-

536 3829 694 3880 ctum
716 3837 840 3880 esse
859 3823 1081 3896 clamat,
1096 3835 1155 3883 et
1173 3828 1326 3901 quod
1352 3827 1637 3900 Scriptura
1659 3827 1937 3884 hominem
1960 3841 2120 3898 sepa-

2124 3966 2153 3983 ο

2221 3286 2567 3349 potestatem,
2602 3274 2709 3328 uisi
2757 3273 2853 3327 tibi
2890 3273 3077 3328 datum
3114 3271 3310 3326 fuisset
3351 3268 3563 3337 desuper
3589 3263 3743 3335 (locu.

2224 3373 2355 3438 xix).
2393 3387 2410 3418 ι
2445 3365 2619 3433 Quam
2651 3375 2832 3419 tamen
2863 3372 3114 3428 mortem,
3145 3362 3275 3432 quia
3306 3376 3414 3416 non
3440 3373 3525 3429 pro
3548 3369 3632 3412 sua
3657 3352 3751 3408 ini.

2222 3463 2450 3532 quitate,
2467 3459 2558 3514 sed
2575 3473 2673 3528 pro
2688 3465 2875 3512 nostra
2890 3454 3259 3524 redemptione
3277 3451 3528 3515 sustinuit,
3541 3447 3588 3502 iu
3602 3459 3751 3502 cruce

2228 3553 2470 3624 pendens
2498 3560 2668 3622 quare
2696 3549 2768 3603 sit
2803 3548 3080 3613 derelicta,
3110 3545 3367 3615 requirit,
3391 3559 3485 3598 non
3510 3539 3647 3611 quasi
3665 3535 3752 3591 ad-

2226 3662 2421 3702 versus
2456 3645 2626 3700 Deum
2665 3646 2734 3700 de
2763 3660 2924 3715 poena
2963 3658 3352 3708 murmurans;
3390 3640 3478 3696 sed
3512 3636 3651 3693 nobis
3682 3636 3753 3689 in-

2232 3738 2544 3795 nocentiam
2610 3752 2768 3792 suam
2816 3736 2869 3791 in
2920 3750 3081 3807 pteua
3151 3735 3529 3790 demonstrans
3567 3740 3752 3785 causam

2223 3830 2518 3901 quaerebat,
2549 3829 2693 3901 quod
2721 3836 3005 3900 peccatum
3037 3827 3337 3884 nesciebat.

1419 4107 1544 4198 IN
1617 4108 1821 4200 DIE
1892 4102 2349 4200 SANCTO
2419 4102 2944 4195 PASCHZE.

1819 4302 2186 4365 Secundum
2225 4301 2539 4362 Marcum.

617 4493 638 4528 ι
680 4472 848 4529 Maria
898 4471 1215 4543 Magdalena
1279 4478 1335 4525 et
1382 4467 1550 4523 Maria
1581 4467 1768 4524 Jacobi
1813 4477 1868 4523 et
1909 4465 2126 4522 Salome
2158 4471 2203 4525 D
2231 4462 2556 4522 mulieribus
2602 4460 2671 4515 ad
2717 4458 3035 4525 Dominum,
3067 4455 3195 4528 quia
3228 4453 3383 4509 finita
3422 4444 3767 4543 preparation

535 4575 790 4624 emerunt
834 4574 1117 4628 aromata,
1164 4571 1225 4620 ut
1273 4563 1552 4619 venientes
1613 4568 1879 4632 ungerent
1932 4558 2117 4613 .lcsum

538 4660 717 4733 (Marc
740 4659 873 4718 xvi).
912 4678 930 4710 ι
962 4656 1019 4712 1η
1052 4655 1345 4727 Evangelio
1367 4654 1529 4711 Luem
1557 4654 1821 4723 scriptum
1846 4659 1949 4716 est,
1976 4651 2125 4722 quod

542 4772 565 4805 1
603 4761 937 4809 τεγθνιοιιιοε
991 4758 1349 4805 monumento
1395 4755 1726 4819 paraverunt
1770 4752 2016 4801 aromata
2072 4752 2128 4800 et

536 4854 836 4915 unguenta.
874 4842 939 4899 Et
987 4842 1225 4899 Sabbato
1254 4841 1473 4912 quidem
1507 4839 1775 4895 siluerunt
1822 4837 2125 4893 secundum

538 4940 856 4995 mandatum
889 4937 1041 5009 (Luc.
1075 4937 1256 5003 xxm).
1290 4955 1308 4989 ι
1350 4934 1663 4991 Mandatum
1703 4941 1821 4989 erat
1850 4932 1990 5002 apud
2024 4929 2124 4986 Ju-

538 5034 687 5087 daeos
718 5042 777 5085 ut
807 5029 1027 5086 Sabhati
1061 5030 1340 5086 silentium
1386 5043 1415 5082 a
1460 5041 1689 5097 vespera
1723 5038 1899 5096 usque
1929 5024 1995 5079 ad
2028 5037 2124 5079 ve-

539 5138 781 5195 speram,
815 5123 866 5178 id
895 5131 978 5178 est
1006 5138 1035 5176 a
1066 5122 1200 5176 solis
1237 5134 1440 5175 occasu
1479 5132 1654 5187 usque
1694 5116 1762 5170 ad
1793 5115 1925 5170 solis
1960 5130 2124 5170 occa-

538 5233 687 5280 sum,
720 5224 1045 5272 servaretur.
1100 5213 1255 5281 Quod
1296 5220 1351 5268 et
1401 5211 1656 5265 mulieres
1698 5207 1962 5272 fecerunt,
2005 5222 2126 5276 quae

537 5309 660 5366 visa
711 5307 992 5378 sepultura
1022 5303 1239 5360 Domini
1290 5311 1543 5357 emerunt
1578 5307 1821 5353 aromata
1866 5299 1918 5353 in
1955 5296 2127 5351 Para-

539 5418 701 5459 sccve
736 5411 862 5456 ante
889 5399 1023 5455 solis
1059 5411 1352 5460 occasum,
1382 5394 1467 5448 vel
1511 5394 1566 5447 in
1606 5391 1847 5448 Sabbato
1878 5401 1999 5462 post
2030 5404 2128 5446 oc-

536 5509 727 5551 casum
771 5492 926 5558 solis,
971 5499 1026 5545 et
1072 5497 1516 5559 praeparaverunt
1551 5492 1820 5549 aromata,
1866 5492 1925 5537 ut
1966 5495 2126 5536 mane

539 5600 744 5656 corpus
784 5581 999 5637 Domini
1048 5588 1333 5649 ungerent.
1368 5575 1740 5632 Reeordantcs
1770 5586 1902 5640 ergo
1939 5572 2125 5628 ﬁdeles

545 5678 882 5749 sepulturam
938 5673 1179 5735 Domini,
1215 5669 1374 5743 quasi
1415 5679 1658 5725 aromata
1701 5667 1920 5739 para‘i't't,
1963 5666 2009 5721 si
2057 5664 2123 5719 ad

545 5785 711 5837 opera
740 5769 942 5838 quibus
967 5765 1225 5820 Christus
1273 5756 1658 5818 delectatur'se
1685 5765 2024 5816 convertant.
2061 5755 2127 5812 Et

547 5860 785 5913 Sabbato
813 5857 1032 5931 quidem
1068 5856 1229 5911 silent
1259 5852 1469 5907 venturi
1514 5862 1634 5924 post
1666 5851 1962 5905 Sahbatum
1998 5864 2122 5904 cum

2229 4556 2513 4631 praesentis
2554 4555 2697 4621 vitae,
2730 4552 2783 4606 in
2821 4551 3010 4622 requie
3047 4549 3284 4620 gaudent
3323 4554 3627 4616 exspectare
3652 4538 3767 4594 diem

2227 4648 2670 4712 resurrectionis,
2699 4655 2754 4702 et
2788 4654 2919 4700 tunc
2946 4642 3166 4699 Christo
3193 4641 3393 4696 oll‘erre
3422 4635 3676 4709 spiritales
3696 4642 3771 4682 ac-

2226 4745 2405 4800 tiones
2433 4741 2592 4812 quasi
2631 4746 2880 4795 aromata
2934 4734 3261 4790 redolentes.
3307 4731 3471 4787 Sexta
3505 4728 3587 4783 die
3627 4723 3772 4778 lactus

2225 4843 2310 4891 est
2337 4835 2521 4899 homo,
2548 4830 2788 4886 Sabhato
2817 4826 3025 4899 quievit
3052 4824 3197 4889 Deus
3229 4822 3386 4894 (Cen.
3421 4825 3483 4893 t).
3512 4819 3630 4874 Ideo
3649 4821 3774 4869 sexta

2226 4929 2316 4985 die
2366 4926 2528 4982 Jcsus
2575 4940 2675 4996 pro
2722 4922 2947 4978 homine
2998 4920 3254 4974 moritur.
3315 4914 3474 4971 Unde
3514 4921 3565 4968 et
3618 4906 3773 4996 dixit:

2234 5040 2253 5075 ι
2281 4995 2735 5075 Consummatum
2769 5024 2853 5070 est
2880 5010 3064 5082 (Joan.
3096 5011 3238 5080 nx).
3273 5028 3292 5060 ι
3325 5006 3382 5062 ld
3411 5013 3516 5071 est,
3544 5009 3690 5058 sexta
3710 4995 3780 5051 die

2227 5128 2368 5184 opus
2420 5126 2520 5182 pro
2560 5108 2932 5178 redemptione
2972 5102 3162 5159 mundi
3195 5101 3470 5171 expletum
3512 5103 3617 5157 est,
3652 5098 3713 5184 et
3738 5087 3783 5140 in

2229 5182 2469 5260 Sabban
2521 5201 2788 5273 requievit
2830 5201 2882 5254 in
2933 5199 3205 5270 sepulcro.
3246 5194 3325 5248 Ita
3372 5200 3429 5246 et
3462 5204 3562 5244 nos
3604 5187 3658 5240 in
3701 5182 3785 5273 hac

2228 5307 2381 5354 sexta
2407 5304 2566 5351 :etate
2595 5270 2694 5365 pro
2727 5291 2960 5347 Domino
2996 5290 3107 5361 pati
3144 5287 3427 5349 debemus,
3468 5291 3523 5336 et
3550 5281 3607 5334 in
3642 5270 3785 5343 septi-

2227 5408 2338 5458 ma,
2370 5406 2492 5463 qua:
2513 5397 2598 5445 est
2627 5397 2994 5450 mortuorum,
3026 5384 3080 5438 iu
3105 5392 3315 5438 secreta
3345 5393 3477 5449 pace
3502 5375 3784 5463 quiescere.

2230 5454 2404 5537 donec
2430 5487 2622 5535 octava
2653 5472 3075 5531 resurrectionis
3110 5470 3316 5527 veniat.
3346 5469 3405 5523 ln
3472 5464 3698 5536 septima
3719 5454 3790 5511 die

2227 5586 2512 5644 vesperam
2541 5569 2802 5624 habuisse
2824 5580 2934 5622 non
2974 5565 3193 5637 legitur,
3222 5562 3355 5634 quia
3397 5561 3450 5616 in
3486 5559 3583 5613 illo
3615 5548 3791 5644 sarculo

2227 5663 2445 5735 requies
2485 5660 2793 5716 animarum
2828 5657 2979 5713 nullo
3022 5670 3264 5711 maerore
3300 5651 3669 5714 consumitur,
3713 5638 3792 5700 sed

2228 5754 2430 5827 gaudio
2458 5753 2656 5809 futura:
2680 5745 3104 5807 resurrectionis
3133 5754 3384 5816 augetur.

2305 5864 2323 5895 ‹
2376 5844 2608 5917 Vespere
2635 5852 2814 5899 autem
2849 5838 3070 5897 Sabbati
3097 5855 3220 5910 qua:
3245 5836 3474 5895 lucescit
3498 5835 3557 5891 in
3580 5831 3793 5907 prima!!!
