3964 6452
249 435 347 498 Μ’]

248 541 474 608 Sabbati,
518 547 638 590 cum
677 528 818 584 adhu

243 604 557 703 flagdalena,
581 630 633 676 et
655 620 820 674 altera
843 614 1030 677 Maria,
1055 620 1108 664 et
1133 608 1351 664 Salome
1375 604 1442 659 ad
1467 613 1792 703 monumen-

244 689 367 788 diu",
395 723 664 791 portantes
696 725 815 779 quze
840 710 1167 777 paraverunt
1197 709 1464 754 aromata.
1498 713 1516 746 ι
1565 689 1794 791 Nomine

244 783 468 885 vesper-ris
491 813 696 859 uectem
724 799 991 867 designat,
1022 811 1052 848 a
1085 801 1237 864 parte
1262 798 1434 845 totum
1465 783 1790 853 intelligens.

244 871 583 974 \‘es'perenim
605 890 926 962 principium
949 886 1126 940 noctis
1146 891 1248 936 cst.
1279 880 1403 934 Ideo
1423 893 1528 931 non
1556 876 1660 929 ait:
1691 871 1796 938 Qui

243 970 469 1058 luce-scit,
492 989 581 1045 sed
609 1001 728 1054 qua:
757 980 1000 1042 lucescit,
1028 976 1328 1032 secundum
1355 970 1687 1025 intellectum
1715 980 1799 1018 re-

242 1095 479 1150 lationem
531 1082 734 1138 faciens
776 1077 1124 1134 nul-noctem,
1173 1084 1296 1139 quae
1344 1067 1396 1120 in
1451 1077 1650 1118 aurora
1689 1057 1796 1113 diei

245 1180 518 1238 Dominicn:
561 1171 900 1228 terminatur.
953 1163 1028 1218 Ea
1071 1175 1202 1215 vero
1253 1173 1416 1214 causa
1481 1151 1800 1222 intelligitur

241 1274 465 1332 eamlcxn
496 1275 705 1321 noctem
735 1262 814 1316 sic
854 1257 1173 1327 appellasse,
1217 1251 1344 1322 quia
1373 1251 1483 1318 jam
1518 1265 1546 1302 a
1581 1259 1802 1315 vespere

244 1365 423 1421 licebat
448 1360 526 1413 eis
554 1369 744 1426 parare
782 1362 836 1406 et
861 1351 1054 1404 all'erre
1084 1353 1326 1402 aromata
1358 1348 1632 1396 transacto
1663 1337 1803 1391 Sab-

243 1457 376 1512 hato.
407 1450 695 1506 Ordinatur
724 1453 1028 1511 temporum
1062 1438 1249 1490 ultima
1287 1433 1462 1487 noctis
1494 1431 1656 1497 hujus
1681 1443 1806 1497 par-

245 1557 290 1599 te
331 1539 578 1597 surrexit.
632 1533 771 1600 Quid
805 1541 889 1586 est
938 1529 1083 1583 aliud
1125 1539 1408 1593 resurgere
1442 1519 1534 1574 Dei
1587 1519 1804 1584 Filium,

242 1635 335 1690 nisi
380 1629 719 1689 reviviscere,
762 1624 813 1677 id
857 1629 941 1676 est
977 1636 1040 1673 ex
1072 1626 1247 1672 morte
1279 1615 1344 1669 ad
1391 1614 1558 1690 vitam
1607 1611 1805 1666 redire.

243 1723 344 1778 Ilac
389 1727 543 1774 nocte
593 1730 686 1784 per
752 1711 1068 1782 mysterium
1118 1688 1536 1760 resurrectionis
1594 1697 1809 1752 Domini

241 1821 526 1880 temporum
575 1804 713 1858 ordo
757 1808 998 1854 mutatus
1035 1804 1140 1849 est.
1192 1792 1488 1861 Aptissitue
1535 1787 1807 1858 quondam

242 1919 336 1959 nox
357 1900 682 1971 sequelatur
704 1895 846 1950 diem
878 1890 1029 1959 (Cen.
1060 1890 1095 1957 I)

241 1995 392 2050 radisi
445 1990 719 2062 peccando
770 1988 956 2054 lapsus
1005 1983 1057 2035 in
1112 1980 1276 2049 hujus
1326 1975 1510 2032 saeculi
1560 1971 1810 2028 tenebras

240 2100 606 2153 arunmasque
637 2079 868 2141 decidit;
902 2074 1183 2145 aptissime
1230 2086 1376 2124 nunc
1405 2068 1522 2123 dies
1565 2062 1810 2133 sequitur

241 2187 458 2241 tractem,
490 2175 620 2246 quia
653 2189 744 2243 per
772 2171 932 2225 tidem
967 2162 1386 2221 resurrectionis
1425 2175 1454 2214 a
1491 2156 1697 2228 peccati
1733 2163 1810 2208 te-

241 2270 428 2334 nebris,
457 2278 511 2322 et
537 2267 734 2320 tunlu'a
765 2261 954 2318 mortis
985 2258 1051 2314 ad
1085 2258 1259 2312 lucem
1293 2255 1422 2318 vitae
1447 2251 1666 2305 Christo
1697 2246 1808 2301 lar-

240 2362 401 2431 gicntc
428 2361 766 2416 redueimur.

302 2453 424 2508 Illan
466 2469 597 2522 ergo
627 2451 771 2521 quod
801 2449 1025 2513 dicitur,
1077 2441 1370 2498 Dominum
1417 2437 1586 2492 fuisse
1635 2431 1810 2488 tribus

237 2546 413 2601 diebus
443 2553 496 2599 et
529 2544 710 2598 tribus
742 2542 991 2597 noctibus
1027 2541 1076 2591 in
1120 2535 1284 2591 corde
1316 2541 1493 2591 terrae,
1534 2528 1676 2583 sicut
1712 2523 1809 2580 Jo-

237 2654 326 2694 nas
354 2638 448 2691 fuit
487 2637 541 2690 in
587 2646 781 2690 ventre
825 2635 927 2689 ceti
963 2629 1183 2701 (Matth.
1237 2626 1356 2694 xu),
1408 2629 1576 2676 restat
1618 2629 1677 2673 ut
1709 2619 1811 2672 hoc

237 2729 382 2782 modo
415 2705 814 2797 loquendique
846 2740 878 2779 a
911 2733 1062 2794 parte
1101 2729 1274 2776 totum
1313 2714 1632 2784 intelligitur
1661 2709 1812 2765 acci-

236 2823 453 2890 piamus,
492 2820 753 2874 videlicet
797 2833 892 2888 per
921 2827 1223 2870 extremam
1257 2819 1465 2880 partem
1509 2806 1617 2860 diei
1654 2819 1813 2875 para-

235 2939 451 2986 secvem,
479 2936 592 2992 quo
619 2920 867 2991 sepultus
895 2927 978 2974 est
1011 2916 1297 2980 Dominus,
1327 2921 1493 2967 totam
1519 2909 1662 2962 diem
1687 2919 1810 2960 cum

236 3044 321 3081 sua
354 3038 506 3082 nocte
536 3028 656 3095 jam
690 3025 980 3097 prmterita,
1010 3030 1065 3078 et
1092 3037 1188 3092 per
1226 3027 1438 3074 noctem
1466 3018 1810 3083 sequentem,

235 3127 516 3181 Stlillialllm
560 3127 786 3180 tertium
820 3126 963 3179 diem
1001 3131 1195 3178 totum.
1229 3119 1413 3175 Prima
1461 3125 1640 3170 autem
1677 3109 1813 3164 Sab-

229 3343 284 3382 ca
306 3321 658 3397 inteﬁigenda
685 3337 785 3394 cst,
809 3327 932 3398 quia
957 3326 1136 3381 omnis
1168 3321 1501 3379 hcbdomada
1527 3317 1580 3370 in
1607 3312 1816 3369 Sahba-

227 3429 327 3474 tum
355 3431 406 3476 et
431 3421 483 3474 in
519 3422 790 3492 primum,
834 3430 888 3474 et
927 3421 978 3474 in
1023 3419 1340 3480 secundam,
1380 3422 1434 3467 et
1477 3412 1530 3466 in
1577 3407 1810 3474 tert'am,

219 3529 265 3574 et
292 3520 342 3574 in
372 3531 668 3589 quartam,
697 3521 830 3575 etin
868 3521 1138 3590 quintam,
1173 3529 1225 3573 et
1257 3518 1309 3570 iu
1342 3524 1552 3571 sextam
1587 3514 1812 3570 Sabbati

223 3621 482 3676 dividitur.
505 3621 572 3692 Ip-
586 3637 642 3676 sa
669 3623 832 3676 etiam
857 3619 1192 3674 hebdomada
1213 3635 1278 3673 cx
1299 3618 1654 3688 prmrogativa
1681 3616 1818 3673 Sab-

221 3716 321 3772 bati
354 3734 769 3788 nonnunquam
797 3717 1093 3773 Sabbatum
1119 3718 1420 3781 dicebatur,
1454 3726 1512 3771 ut
1535 3717 1640 3770 ibi:
1676 3737 1691 3767 ι
1721 3716 1813 3771 .Ie-

219 3818 343 3887 juno
371 3820 456 3874 his
497 3820 552 3873 in
622 3817 862 3873 Sabbato
889 3817 1042 3888 (an.
1081 3818 1258 3888 xvtu).
1305 3836 1323 3868 ι
1377 3814 1432 3870 Id
1459 3815 1621 3871 estin
1649 3816 1816 3886 septi-

220 3924 389 3966 mana.

295 4021 313 4052 ι
339 4001 404 4057 Et
430 4013 559 4058 orto
602 4001 714 4071 jam
747 4001 861 4057 sole
894 4000 1148 4056 dicebant
1180 3999 1245 4054 ad
1271 3997 1500 4054 invicem
1525 4015 1541 4053 :
1565 3997 1701 4065 Quis
1733 4015 1818 4053 rc-

220 4094 387 4150 volvet
438 4096 617 4149 nobis
663 4093 894 4163 lapidem
949 4094 1018 4146 ab
1064 4075 1204 4146 ostio
1254 4092 1634 4146 monumenti?
1691 4091 1817 4146 Erat

220 4186 410 4257 quippe
443 4203 692 4257 magnus
734 4185 908 4239 valde.
944 4203 961 4236 ι
997 4182 1130 4239 Orto
1167 4184 1280 4252 jam
1317 4184 1451 4249 sole,
1487 4184 1537 4237 id
1577 4193 1657 4238 est
1691 4199 1816 4240 cum

219 4279 408 4334 cwlum
429 4281 502 4334 ab
526 4278 770 4334 orientis
796 4289 947 4346 parte
970 4277 1083 4346 jam
1107 4277 1431 4341 alliesceret,
1455 4276 1598 4345 quod
1628 4292 1733 4329 non
1761 4277 1819 4331 fit

219 4374 401 4442 uzique
425 4373 533 4428 nisi
559 4372 700 4427 solis
722 4370 949 4425 orientis
974 4369 1272 4424 vicinitate.
1305 4367 1432 4437 Ejus
1455 4369 1598 4421 enim
1623 4376 1706 4422 est
1730 4369 1817 4423 ille

219 4464 412 4536 fulgor,
437 4467 536 4536 qui
567 4465 792 4519 nomine
818 4478 1031 4517 aurorae
1049 4462 1303 4531 appellari
1335 4462 1490 4516 solet.
1518 4459 1672 4526 Quod
1698 4478 1818 4515 mu-

1138 394 1712 460 DI‘ZFLOIIATIONES
1747 390 1848 448 SS.
1890 379 2200 442 PATRUM.
2236 407 2303 419 --
2340 375 2469 432 LIB.
2502 371 2543 430 I.

825 537 854 580 c
902 520 1134 578 tenebra:
1175 525 1379 579 essent,
1424 513 1573 566 venit
1622 506 1791 562 Maria
1823 511 1870 564 Α
1898 498 2016 570 gelo
2043 495 2214 550 nimio
2245 503 2444 562 pavore
2470 490 2916 547 consternantur,
2945 478 3038 536 sed
3063 479 3255 534 blande
3287 474 3355 532 ab
3379 490 3477 527 an-

1895 595 2014 662 gelo
2045 590 2415 646 consolantur.
2453 584 2710 654 Seqmtur
2737 599 2750 634 :

3370 360 3513 428 eis.
3542 402 3562 417 κ

1973 704 1991 738 ι
2025 684 2091 738 Et
2124 699 2248 739 ecce
2272 691 2428 736 terrae
2457 686 2640 732 motus
2673 674 2847 728 factus
2887 679 2969 728 est
3010 686 3260 741 magnus.
3304 669 3479 738 Auge»

1898 779 1984 834 lus
2033 777 2178 832 enim
2220 772 2438 827 Domini
2479 767 2757 824 descendit
2796 765 2861 820 de
2892 765 3050 820 caalo.
3112 763 3176 817 Et
3218 762 3483 817 accedent!

1899 868 2125 924 revolvit
2157 866 2410 936 lapidem.
2453 881 2471 912 ι
2537 859 2775 929 Angelus
2829 857 3056 914 revolvit
3093 855 3328 925 lapidem
3370 870 3482 908 non

1902 969 1960 1016 ut
2008 970 2299 1029 cgressuro
2347 952 2580 1006 Domino
2628 950 2854 1019 januam
2928 949 3220 1018 panderet,
3281 945 3375 1000 sed
3426 952 3486 998 ut

1901 1065 2155 1122 egressus
2183 1047 2302 1117 ejus
2358 1044 2486 1099 facti
2532 1043 2792 1097 indicium
2836 1052 3143 1112 priestaret.
3197 1038 3302 1105 Qui
3333 1037 3479 1092 enim

1901 1155 2090 1198 clauso
2115 1153 2272 1196 utero
2304 1137 2552 1193 mortalis
2587 1136 2739 1201 exiit,
2797 1132 3121 1187 immortalis
3144 1132 3258 1198 jatn
3306 1129 3485 1186 factus

1904 1237 2155 1306 sepulcro
2205 1233 2354 1288 exire
2383 1233 2580 1301 potuit,
2611 1239 2662 1282 et
2714 1227 2863 1282 exiit.
2917 1225 3074 1292 Quod
3110 1235 3290 1279 autem
3329 1233 3488 1278 terra:

1905 1339 2084 1382 motus
2116 1333 2434 1394 resurgente
2462 1320 2695 1375 Domino
2728 1319 2872 1372 sicut
2913 1328 2966 1371 et
2998 1317 3264 1371 moriente
3310 1315 3489 1372 factus

1905 1429 1986 1472 est
2013 1433 2262 1488 magnus,
2290 1413 2580 1486 significat,
2627 1421 2838 1465 terrena
2888 1409 3052 1463 corda
3082 1416 3135 1462 et
3157 1406 3362 1461 caelesti
3394 1422 3491 1480 spe

1907 1511 2137 1580 dejecta,
2171 1524 2266 1579 per
2297 1508 2454 1561 fidem
2495 1504 2766 1574 passionis
2803 1517 2866 1557 ae
2899 1499 3319 1557 resurrectionis
3371 1499 3491 1567 ejus

1908 1600 2268 1658 coneutienda
2294 1597 2360 1653 ad
2417 1595 2813 1666 pmnitentiam,
2866 1609 2929 1648 ac
2978 1589 3342 1649 saluberrimo
3392 1605 3492 1659 pa—

1910 1709 2039 1748 vore
2066 1701 2310 1762 permota
2337 1688 2405 1744 ad
2439 1689 2605 1742 vitam
2631 1685 2976 1740 sublimanda
3018 1691 3358 1754 perpetuam.
3391 1679 3494 1734 La-

1913 1782 2055 1852 pidis
2079 1791 2260 1836 autem
2290 1778 2558 1833 revolutio
2591 1783 2834 1830 reserata
2889 1773 3135 1828 insinuat
3177 1786 3495 1826 sacramen-

1124 1905 1138 1953 ;
1169 1886 1298 1956 quia
1323 1886 1487 1938 homo
1518 1897 1547 1935 a.
1574 1881 1810 1951 lucepa.
1841 1860 1880 1916 Β
1913 1885 2113 1939 torum,
2163 1889 2284 1943 qum
2314 1871 2580 1926 velamine
2625 1869 2816 1922 littera:
2851 1867 3190 1937 tegebantur.
3216 1863 3321 1919 Lex
3347 1865 3493 1918 enim

1913 1966 1966 2020 in
2014 1965 2190 2035 lapide
2221 1964 2422 2034 scripta
2455 1973 2539 2018 est
2573 1961 2732 2031 cujus
2783 1960 2965 2015 ablato
3012 1959 3269 2032 tegmine,
3321 1957 3494 2029 gloria

1913 2057 2333 2112 resurrectionis
2360 2065 2580 2112 ostensa
2608 2062 2707 2108 est.

1989 2170 2005 2202 ι
2048 2149 2112 2204 Et
2166 2149 2520 2219 respicientes
2551 2147 2805 2201 viderunt
2856 2145 3160 2201 revolutum
3199 2143 3430 2214 lapidem
3464 2159 3495 2197 a

1912 2250 2312 2308 monumento,
2375 2249 2429 2296 et
2479 2241 2731 2310 angelum
2784 2239 3060 2293 sedentem
3111 2253 3276 2306 super
3342 2253 3490 2290 eum.

1913 2329 2249 2386 Eratautem
2291 2339 2548 2401 aspectus
2577 2330 2698 2398 ejus
2751 2328 2892 2382 sicut
2942 2327 3144 2394 fulgur,
3173 2325 3498 2380 vestimenta

1911 2422 2034 2492 ejus
2063 2423 2205 2476 sicut
2232 2422 2345 2476 nix.
2384 2442 2400 2474 ι
2445 2419 2581 2488 Quia
2613 2419 2756 2474 Deus
2803 2427 2855 2472 et
2899 2419 3158 2473 terribilis
3190 2429 3274 2472 est
3305 2433 3499 2487 pecca-

1918 2516 2131 2570 toribus
2170 2526 2223 2570 et
2251 2515 2484 2569 blandus
2504 2514 2692 2584 justis,
2720 2522 2864 2567 recte
2895 2511 2974 2566 sic
3011 2511 3241 2581 angelus
3264 2511 3498 2564 demon-

1921 2617 2148 2674 stratur,
2183 2616 2244 2661 ut
2267 2607 2331 2661 de
2365 2623 2461 2662 sua
2517 2605 2698 2675 specie
2733 2613 2785 2658 et
2841 2611 3069 2658 terreret
3101 2602 3386 2672 reprobos,
3442 2609 3499 2655 et

1915 2702 2180 2755 mulceret
2202 2699 2338 2768 pios.
2399 2698 2452 2752 In
2484 2695 2699 2766 fulgure
2727 2695 2872 2750 enim
2911 2705 3089 2749 terror
3136 2694 3349 2749 timoris
3393 2702 3498 2757 est,

1915 2791 1969 2846 in
2002 2792 2124 2846 nive
2150 2791 2585 2844 blandimentum
2613 2787 2890 2842 candoris.
2935 2785 3153 2841 Candor
3179 2786 3379 2841 etenim
3410 2800 3504 2839 ve.

1915 2884 2016 2938 stis
2067 2883 2325 2952 angelicae
2358 2893 2560 2936 nostra:
2611 2878 2920 2934 festivitatis
2961 2879 3154 2949 gaudia
3206 2877 3498 2932 nuntiavit.

1916 2973 2006 3027 Illa
2052 2975 2251 3028 ctenim
2284 2972 2501 3026 Domini
2531 2972 2854 3027 resurrectio
2879 2980 2931 3024 ct
2974 2987 3075 3025 nos
3107 2971 3170 3025 ad
3199 2969 3364 3023 vitam
3399 2968 3502 3022 im-

1917 3066 2271 3122 mortalitatis
2310 3065 2544 3130 reduxit,
2570 3074 2622 3118 ct
2653 3064 2967 3135 angelorum
3012 3077 3301 3118 numerum
3344 3061 3505 3116 resti-

321 3157 516 3239 ί¹¹⁶ξ“¹¹¹¹
560 3157 786 3239 “’¹,ξ¹“ξ¹ξ¹
820 3157 963 3239 Tu"
982 3157 1250 3239 2"???
1840 3206 1882 3239 ι,
1917 3169 2076 3216 tuens
2099 3159 2336 3214 cwlestis
2365 3158 2549 3228 patria:
2570 3158 2768 3212 damna
2797 3157 3086 3227 reparavit.
3119 3157 3503 3227 Sedebatergo

233 3227 332 3280 bati
359 3231 469 3281 sive
497 3243 605 3280 una
639 3226 885 3292 Sabbati,
911 3225 996 3279 vel
1025 3223 1388 3278 Sahbatorum
1423 3218 1540 3272 dies
1567 3210 1810 3267 Domini-
1840 3209 1882 3266 C

1916 3251 2520 3323 regnantemindicans,
2556 3251 2647 3320 qui
2683 3249 2735 3303 in
2770 3250 3050 3304 uativitate
3077 3249 3296 3318 stando,
3340 3250 3504 3304 bella-

1917 3352 2098 3398 turum
2133 3345 2459 3416 signaverat.
2491 3344 2723 3399 Scdebat
2741 3359 2901 3414 snper
2925 3344 3155 3414 lapidem
3179 3359 3289 3414 quo
3307 3358 3504 3396 tuonu-

1918 3446 2160 3490 mentum
2198 3437 2574 3502 claudeliatur,
2632 3445 2690 3489 ut
2736 3437 2978 3492 claustra
3010 3435 3306 3490 inferorum
3335 3450 3501 3505 supcv

1917 3540 2032 3584 rata
2056 3530 2288 3586 doceret.
2319 3529 2570 3595 Sedebat,
2600 3538 2658 3583 ut
2681 3528 2895 3584 Marcus
2918 3528 3263 3595 determinat,
3290 3527 3341 3582 in
3368 3529 3501 3582 dex-

1920 3623 2019 3677 tris
2047 3622 2242 3692 (Marc.
2276 3624 2410 3691 xvi),
2449 3622 2501 3675 id
2526 3631 2628 3688 est,
2662 3622 2728 3676 ad
2755 3622 3114 3676 meridianam
3143 3631 3351 3691 partem
3396 3621 3504 3678 loci

1919 3716 2087 3781 illius,
2113 3717 2202 3770 ubi
2237 3714 2414 3769 fuerat
2449 3732 2651 3786 corpus
2669 3715 2906 3769 Domini.
2958 3713 3172 3783 Corpus
3221 3713 3365 3769 enim
3393 3713 3503 3770 D0..-

1919 3808 2075 3872 mini,
2102 3805 2416 3876 resupinum
2439 3807 2650 3875 jacens,
2675 3817 2838 3877 caput
2860 3806 3091 3860 habebat
3113 3805 3178 3859 ad
3206 3820 3502 3870 occasum;

1919 3898 2198 3954 dexteram
2233 3900 2463 3955 habebat
2491 3899 2556 3955 ad
2590 3908 2838 3953 austrum
2869 3917 2884 3954 :
2911 3898 3040 3968 quid
3083 3907 3264 3954 autem
3303 3897 3397 3967 per
3430 3899 3508 3953 si-

1920 3995 2174 4051 nistram.
2205 3992 2308 4046 nisi
2334 3993 2441 4046 vita
2478 3987 2748 4062 prmscns;
2782 3992 2913 4061 quid
2939 4006 3034 4061 per
3061 3992 3364 4056 dexteram,
3399 3990 3506 4046 nisi

1919 4071 2029 4140 viia
2067 4095 2326 4156 perpetua
2356 4084 2648 4155 signatur?
2694 4081 2848 4138 Unde
2881 4083 3014 4138 illud
3061 4101 3076 4138 :
3140 4102 3157 4134 ι
3198 4083 3357 4144 Lmva
3385 4083 3507 4152 ejus

1920 4159 2024 4235 sub
2049 4179 2226 4248 capite
2266 4193 2408 4242 meo,
2460 4185 2515 4230 et
2557 4176 2780 4230 dextera
2816 4175 2962 4232 illius
2993 4175 3394 4244 amplexabitur
3419 4189 3506 4228 me

1922 4271 2102 4342 (Cant.
2135 4269 2219 4338 ιι).
2265 4289 2280 4320 ι
2319 4269 2454 4335 Quia
2482 4268 2644 4338 igitur
2677 4267 2988 4335 redemptor
3015 4275 3199 4321 noster
3221 4265 3334 4335 jam
3361 4280 3504 4334 prae-

1921 4364 2094 4419 sentis
2121 4362 2245 4416 vita:
2265 4361 2674 4431 corruptionem
2721 4359 3035 4423 transierat,
3067 4367 3213 4414 recte
3256 4357 3502 4425 angelus,

1919 4456 2046 4526 quia
2079 4455 2330 4510 nuntiare
2365 4469 2659 4524 perennem
2692 4452 2812 4522 ejus
2835 4452 3000 4506 vitam
3028 4460 3270 4516 venerat.
3298 4449 3350 4502 in
3374 4449 3506 4503 dex—

217 4556 374 4612 lieres
413 4559 583 4612 valde
617 4555 858 4610 diluculo
885 4561 1172 4617 venerunt,
1203 4568 1432 4621 magnus
1463 4551 1644 4606 fervor
1667 4553 1816 4606 inve—
1849 4547 1890 4600 D
1924 4558 2034 4604 tera
2061 4547 2301 4603 sedebat.
2339 4547 2628 4602 Sinistrum
2661 4559 2792 4615 ergo
2827 4543 2988 4608 Deus,
3042 4544 3094 4599 id
3123 4552 3200 4596 est
3232 4541 3506 4612 prosperi-

214 4649 394 4706 niendi
425 4651 733 4704 Dominum
762 4649 1087 4702 ostenditur.
1118 4645 1341 4703 Mvstice
1371 4661 1501 4700 vero
1532 4645 1690 4700 nobis
1721 4645 1818 4700 da-

217 4752 302 4798 tur
334 4745 686 4814 exemplum,
729 4751 786 4796 ttt
833 4741 1098 4800 discussis
1147 4739 1398 4794 vitiorum
1445 4739 1702 4803 tenebris,
1753 4738 1818 4793 ad

213 4831 434 4889 Domini
489 4849 701 4902 corpus
745 4832 1088 4888 accedamus.
1130 4828 1266 4883 Nam
1309 4829 1616 4899 sepulcrum
1651 4830 1822 4884 altare

214 4923 578 4982 Dominicum
609 4925 900 4996 signitieat,
931 4924 982 4977 in
1009 4939 1120 4992 quo
1144 4922 1328 4976 carius
1355 4921 1474 4990 ejus
1501 4937 1563 4975 ac
1599 4921 1823 4991 sangui-

212 5019 299 5074 nis
337 5019 613 5092 mysteria
643 5017 1009 5072 celebrantur.
1036 5016 1292 5068 Aromata
1320 5023 1524 5080 autem,
1555 5029 1676 5083 quze
1702 5030 1824 5068 mtt-

212 5108 372 5166 Iieres
400 5109 693 5174 deferunt,
721 5108 945 5162 odorem
979 5107 1235 5160 virtutum
1266 5115 1317 5160 et
1346 5105 1666 5159 suavitatem
1698 5120 1822 5159 ora-

213 5203 429 5258 tionum
460 5203 803 5273 signilieant,
843 5216 967 5256 cum
997 5200 1198 5270 quibus
1238 5199 1394 5253 altari
1424 5198 1686 5254 debemus
1721 5216 1821 5269 ap-

210 5293 770 5366 propinquareQua:
793 5303 974 5348 autem
1012 5291 1266 5344 mulieres
1293 5290 1376 5344 hac
1417 5298 1600 5343 essent
1626 5289 1820 5359 legitur

210 5388 359 5457 quod
401 5401 526 5442 una
581 5384 748 5438 Maria
798 5399 954 5437 soror
998 5380 1191 5434 Lazari
1229 5379 1446 5445 fuisset,
1487 5378 1653 5432 altera
1694 5394 1822 5432 vero

207 5479 385 5534 Maria
416 5487 608 5532 mater
629 5475 837 5539 Jacobi,
865 5484 1049 5543 postea
1076 5471 1576 5540 Hierosolymorum
1611 5470 1822 5539 cpisco-

207 5571 298 5640 pi;
350 5572 526 5626 tertia
574 5583 791 5638 quoque
824 5566 994 5622 Maria
1026 5582 1182 5620 soror
1217 5564 1406 5618 matris
1439 5563 1652 5618 Domini
1686 5579 1823 5617 uxor

207 5659 506 5714 Salonuei.
552 5656 647 5711 ibe.
689 5667 796 5712 tres
827 5673 950 5712 cum
979 5655 1233 5727 pretiosis
1271 5655 1561 5724 unguentis
1593 5654 1659 5707 ad
1698 5667 1818 5706 mo-

205 5764 564 5805 nomentum
593 5748 893 5813 veniebant,
916 5748 1115 5816 quibus
1141 5745 1453 5811 Dominum,
1482 5761 1546 5798 ne
1572 5759 1600 5798 a
1628 5744 1820 5798 vermi-

201 5842 312 5900 bus
343 5851 835 5918 corrumperetur,
871 5855 1074 5911 ungere
1108 5838 1380 5894 volebant.
1416 5836 1542 5894 Viso
1571 5853 1699 5893 vero
1725 5852 1822 5892 an-

1925 4650 2089 4694 tatem
2137 4641 2261 4695 vitae
2305 4639 2610 4710 praesentis,
2665 4636 2823 4708 quasi
2870 4635 2974 4690 sul)
3031 4634 3206 4703 capite
3247 4632 3505 4687 Ecclesia:

1923 4737 2104 4806 posuit
2149 4755 2160 4791 :
2223 4753 2388 4806 quam
2445 4735 2744 4790 intentione
2775 4730 2974 4787 stunmi
3028 4729 3232 4784 amoris
3285 4728 3501 4798 proruit.

1925 4827 2153 4882 Dextera
2186 4844 2314 4881 vero
2346 4827 2439 4880 Dei
2469 4842 2587 4879 eam
2614 4824 2979 4894 amplectitur,
3025 4821 3154 4890 quia
3179 4819 3280 4874 sub
3301 4828 3504 4873 :eterna

1923 4920 2041 4984 ejus
2067 4919 2398 4972 beatitudine
2428 4926 2538 4972 tota
2560 4916 2844 4970 devotione
2875 4913 3185 4968 continetur

2001 5029 2016 5058 ε
2046 5007 2162 5062 Prae
2187 5009 2379 5061 timore
2408 5015 2588 5061 autem
2613 5007 2730 5076 ejus
2755 5004 3003 5062 exterriti
3024 5011 3150 5058 sunt
3168 5003 3505 5064 eustodes,et

1925 5100 2050 5155 facti
2086 5110 2213 5154 sunt
2235 5100 2401 5154 veluti
2427 5099 2650 5154 mortui.
2674 5097 3033 5166 llcspondeus
3062 5107 3243 5152 autem
3275 5095 3505 5166 angelus

1922 5196 2054 5249 dixit
2091 5194 2453 5247 mulieribus:
2506 5191 2682 5245 Nolite
2735 5192 2947 5256 timere,
3001 5206 3118 5244 vos.
3182 5188 3309 5244 Scio
3358 5189 3502 5243 enim

1923 5287 2067 5357 quod
2107 5284 2315 5351 Jesum,
2349 5284 2440 5354 qui
2474 5285 2771 5338 crucilixus
2808 5292 2924 5348 est,
2949 5281 3216 5352 quaeritis.
3273 5278 3390 5332 Non
3420 5288 3506 5331 est

1925 5377 2288 5443 hic,surrex‘.t
2311 5376 2454 5428 enim
2483 5374 2804 5432 sicutdixit.
2830 5371 3020 5428 Venite
3053 5381 3105 5425 et
3130 5371 3300 5424 videte
3323 5367 3502 5426 locum

1925 5470 2014 5522 ubi
2043 5469 2252 5537 positus
2278 5477 2395 5522 erat
2438 5466 2726 5524 Dominus.
2760 5485 2778 5516 ι
2841 5465 2920 5519 Ac
2971 5463 3015 5518 si
3064 5463 3207 5516 dicat
3244 5479 3255 5513 :
3294 5459 3347 5514 Si
3382 5475 3505 5514 ver-

1924 5561 2051 5615 bum
2087 5575 2192 5612 non
2235 5558 2478 5625 creditis,
2521 5574 2696 5614 vacuo
2721 5556 2972 5626 sepulcro
3015 5551 3238 5607 credite.
3264 5551 3504 5620 Angelus

1925 5667 2030 5706 non
2055 5654 2370 5705 consoialur
2391 5649 2666 5716 custodes,
2695 5648 2786 5703 sed
2821 5647 3093 5699 mulieres.
3116 5642 3170 5696 lu
3198 5640 3499 5706 incredula,

1925 5740 2120 5811 inquit,
2163 5748 2474 5809 perseveret
2504 5754 2718 5808 pavor;
2778 5744 3031 5790 caeterum
3067 5746 3186 5795 vos,
3243 5728 3371 5801 quia
3411 5725 3501 5783 Je-

1926 5849 2046 5890 sum
2078 5832 2344 5905 qtneritis,
2395 5829 2580 5893 audite
2605 5828 2751 5903 quod
2780 5823 3098 5908 resurrexit.
3148 5821 3389 5879 Pot-eant
3425 5822 3498 5883 illi
