3964 6444
1558 390 1561 395 ·
1629 364 1951 422 WERNERI
1986 365 2283 423 ABBATIS
2319 364 2375 424 5.
2420 367 2642 426 BLASH
3651 376 3733 439 θη

513 476 609 546 qui
631 491 742 533 non
767 485 958 534 amant
972 479 1270 535 adventum
1304 494 1669 550 supernorum
1697 480 1925 548 civium,
1967 498 2093 552 νει·-
2121 489 2167 542 A
2198 482 2409 538 bemus.
2439 481 2519 538 Ad
2545 490 2899 560 conspectum
2923 486 3244 556 angelorum
3297 486 3509 541 vultum
3536 487 3732 552 dedit...

512 568 808 626 timescant
831 570 926 641 qui
949 572 1265 627 carnalibus
1296 571 1471 641 pressi
1495 570 1785 629 desideriis
1808 575 1876 629 ad
1899 589 2092 630 eorum

508 662 823 716 societatem
855 677 916 718 se
945 664 1254 733 pertingere
1279 678 1441 734 posse
1477 663 1794 735 desperant.
1854 663 1967 721 Vos
1995 681 2096 720 au-

504 763 615 806 tem
650 767 749 808 cur
776 752 977 808 timetis
1003 769 1127 824 quae
1150 763 1363 812 vestros
1392 756 1645 815 concives
1669 756 1888 814 videtis.
1934 776 1953 810 ι
1976 756 2096 814 Non

502 853 587 898 est
614 844 702 899 hic
725 862 744 897 ›
766 844 971 900 dicitur
993 861 1091 916 per
1115 849 1460 919 praesentiam
1488 850 1671 905 carnis
1693 850 1788 920 qui
1812 865 2093 920 nunquam

501 936 653 990 deest
676 951 772 1006 per
798 938 1147 1007 praesentiam
1172 941 1497 1011 majestatis.
1545 941 1717 998 Radix
1749 958 1937 998 amara
1964 959 2093 997 cru-

501 1026 585 1080 cis
613 1029 858 1092 evanuit,
893 1029 995 1086 llos
1020 1031 1146 1086 vitae
1170 1047 1295 1087 cum
1334 1031 1607 1089 fructibus
1662 1034 1864 1103 erupit,
1927 1034 1981 1088 id
2010 1041 2097 1089 est

502 1120 598 1188 qui
621 1120 797 1190 jacuit
839 1122 893 1177 in
947 1131 1121 1178 morte
1180 1125 1477 1179 resurrexit
1529 1126 1581 1178 in
1632 1126 1825 1196 gloria.
1877 1124 2093 1195 Corpus

501 1209 633 1266 Jesu
661 1222 939 1268 mortuum
981 1230 1089 1269 non
1122 1216 1415 1279 invenitur,
1464 1216 1557 1272 sed
1585 1218 1770 1272 vivum
1820 1217 2095 1288 evangeli-

501 1311 681 1368 zatur,
714 1305 845 1374 quia
894 1306 996 1360 etsi
1021 1307 1378 1377 cognovimus
1402 1307 1700 1361 secundum
1726 1323 1966 1372 carnem,
1999 1308 2094 1363 sed

500 1393 612 1462 jam
644 1411 791 1451 nunc
823 1413 931 1464 non
961 1399 1215 1453 novimus
1249 1397 1337 1469 (II
1365 1398 1488 1453 Cor.
1532 1400 1608 1469 v).

583 1506 603 1539 ι
627 1487 690 1541 Ει
720 1488 924 1544 factum
952 1499 1035 1543 est
1064 1489 1192 1544 dum
1225 1498 1405 1544 mente
1435 1499 1799 1546 consternatae
1821 1500 2005 1547 essent
2026 1490 2093 1545 de

501 1581 633 1645 Isto,
677 1596 805 1637 ecce
849 1583 959 1638 duo
1006 1582 1106 1637 viri
1156 1591 1422 1638 steterunt
1468 1583 1626 1653 juxta
1681 1583 1804 1640 illas
1855 1584 1910 1639 in
1942 1594 2092 1640 veste

498 1672 749 1745 fulgenti.
785 1693 803 1726 ι

570 1765 761 1837 Angeli
792 1781 898 1821 non
923 1768 1099 1824 solum
1134 1767 1302 1823 verbo
1327 1769 1419 1824 sed
1449 1769 1616 1824 etiam
1645 1769 2081 1841 fulgentibabitu

2200 589 2325 629 mus
2382 574 2440 628 in
2470 582 2692 636 terram,
2743 589 2869 629 cum
2901 589 3265 644 supernorum
3297 578 3499 649 gaudia
3539 590 3732 644 contem.

2197 666 2429 734 plantes,
2463 682 2565 722 nos
2592 665 2831 723 cinerem
2886 682 3008 724 esse
3052 670 3371 735 recolimus,
3403 669 3543 727 sicut
3578 673 3728 737 beatus

2196 758 2474 814 Abraham
2519 758 2696 830 inquit
2750 776 2766 817 :
2827 778 2846 813 ι
2876 759 3101 832 Loquar
3130 762 3199 817 ad
3236 762 3531 819 Dominum
3572 781 3733 838 meum,

2195 865 2322 907 cum
2351 850 2454 906 sim
2482 852 2662 922 pulvis
2706 861 2760 908 et
2800 852 2942 909 cinis
2994 852 3147 924 (Gen.
3193 856 3373 925 mu).
3414 873 3436 908 ι
3492 854 3734 931 Notaquia

2198 955 2401 1003 sancta:
2433 948 2694 1004 mulieres
2723 962 2833 1003 non
2884 948 2940 1003 in
2974 956 3177 1005 terram
3207 950 3499 1017 cecidisse,
3545 953 3626 1007 sed
3650 958 3734 1012 vul-

2197 1044 2313 1088 tum
2335 1034 2596 1090 dicuntur
2622 1035 2923 1094 inclinasse
2979 1057 2992 1094 :
3036 1039 3183 1095 unde
3219 1056 3339 1096 mos
3379 1041 3735 1103 ecclesiasticus

2195 1126 2431 1182 obtinuit
2460 1137 2520 1183 ut
2549 1128 2633 1183 vel
2659 1129 2713 1184 in
2742 1131 3063 1188 memoriam
3092 1131 3394 1188 Dominicaz
3417 1139 3730 1193 resurrectio-

2196 1218 2304 1285 nis,
2329 1219 2414 1273 vel
2455 1218 2510 1273 in
2531 1234 2685 1289 spem
2714 1232 2940 1290 nostra,
2970 1223 3231 1279 omnibus
3261 1222 3567 1280 Dominicis
3585 1226 3734 1287 diebus

2193 1321 2249 1365 et
2277 1320 2391 1365 toto
2411 1311 2870 1385 quinquagesimo
2893 1326 3159 1387 tempore,
3207 1331 3318 1370 non
3340 1316 3497 1372 (lexis
3523 1319 3731 1389 genibus,

2195 1401 2288 1454 sed
2329 1401 2673 1459 declinantes
2722 1404 2777 1459 in
2824 1413 3026 1461 terram
3073 1405 3316 1462 vultibus
3357 1420 3594 1463 oremus.
3642 1408 3733 1468 Non

2196 1493 2474 1548 immerito
2516 1510 2627 1551 una
2657 1495 2746 1551 die
2801 1506 2859 1551 et
2884 1497 3103 1553 duabus
3128 1498 3384 1553 noctibus
3438 1498 3494 1553 in
3530 1501 3733 1569 sepulcro

2188 1584 2363 1653 jacuit
2398 1583 2687 1653 Dominus,
2711 1587 2841 1658 quia
2877 1588 3054 1645 lucem
3083 1605 3199 1644 sua:
3234 1589 3449 1659 simplae
3469 1592 3646 1648 mortis
3670 1602 3733 1649 te-

2196 1676 2384 1732 nebris
2415 1676 2596 1749 dupla:
2632 1687 2836 1735 nostra:
2863 1680 3058 1735 mortis
3083 1680 3355 1750 adjunxit.
3412 1680 3532 1751 Ipse
3572 1684 3730 1756 quippe

2191 1767 2309 1823 sola
2349 1783 2516 1824 carne
2546 1779 2781 1825 mortem
2822 1771 3087 1842 suscepit,
3136 1781 3193 1828 et
3214 1772 3358 1828 duas
3405 1783 3615 1831 nostras
3636 1792 3731 1833 car-

497 1858 728 1928 gloriam
761 1860 1091 1914 annuntinnt
1123 1860 1535 1931 triumphantis.
1579 1840 1833 1918 Mulieres
1861 1864 2087 1935 angelos
2125 1840 2166 1900 Β
2193 1860 2281 1915 nis
2310 1868 2365 1915 et
2392 1861 2619 1931 Spiritus
2647 1862 2902 1918 absolvit.

495 1950 706 2017 vident,
721 1967 843 2022 qua:
857 1966 980 2008 cum
1001 1952 1342 2007 aromatihus
1370 1962 1655 2020 venerunt,
1671 1955 1798 2024 quia
1824 1955 2088 2011 illaemen-

497 2053 583 2099 tes
610 2059 880 2113 supernos
914 2045 1062 2101 cives
1114 2045 1393 2115 aspiciunt
1415 2061 1538 2115 qua:
1583 2061 1708 2102 cum
1743 2049 2086 2105 aroniatibus

495 2136 565 2191 ad
592 2136 763 2193 Deum
795 2152 892 2208 per
916 2147 1106 2194 saneta
1127 2139 1396 2194 desideria
1424 2140 1871 2209 proﬁciscuntur.
1907 2141 2086 2198 Mente

494 2238 865 2286 consternata:
892 2228 1072 2298 erant,
1103 2232 1232 2301 quia
1264 2240 1317 2287 et
1354 2227 1614 2302 magnum
1648 2232 1883 2303 lapidem
1914 2249 2078 2289 revo-

492 2320 670 2376 lutum
711 2324 1021 2393 stupebant,
1055 2336 1107 2380 et
1132 2339 1333 2394 corpus
1357 2340 1463 2379 non
1498 2324 1777 2381 inventum
1808 2326 2080 2383 dolebant.

495 2413 708 2470 Dicitur
735 2424 916 2470 autem
959 2416 1061 2471 hoc
1084 2426 1500 2472 monumentum
1534 2417 1774 2485 Domini,
1802 2418 1949 2489 quod
1980 2418 2082 2475 do-

494 2521 623 2561 mus
645 2507 878 2562 rotunda
903 2506 1084 2575 fuerit,
1113 2517 1167 2563 et
1190 2510 1490 2565 secundum
1510 2508 1823 2566 Matthmuni
1854 2520 1907 2565 et
1934 2510 2052 2566 Mar
2070 2541 2082 2553 -

491 2616 620 2655 cum
650 2601 717 2655 de
742 2600 1062 2671 snlijacente
1090 2610 1241 2671 petra
1258 2603 1442 2658 excisa
1474 2611 1637 2658 tanta:
1663 2603 1989 2671 altitudinis,
2022 2614 2083 2661 ut

489 2693 645 2748 intus
672 2693 984 2749 consistens
1034 2694 1200 2749 homo
1240 2695 1332 2749 vix
1364 2711 1531 2749 manu
1590 2704 1808 2751 extenta
1862 2698 2080 2754 culmen

489 2794 680 2855 posset
710 2785 994 2856 attingere.
1053 2785 1187 2852 Quae
1237 2787 1401 2842 habet
1443 2787 1725 2843 introitum
1769 2788 1839 2845 ab
1871 2790 2081 2847 oriente

489 2879 583 2932 cui
624 2877 763 2948 lapis
793 2878 882 2934 ille
910 2893 1146 2950 magnus
1196 2879 1488 2950 impositus
1531 2890 1632 2936 est.
1666 2879 1723 2935 in
1768 2883 1928 2953 cujus
1961 2898 2079 2939 mo-

488 2972 737 3028 numenti
774 2980 929 3042 parte
951 2972 1259 3043 aquilonari
1297 2974 1610 3044 sepulcrum
1637 2976 1836 3045 ipsum,
1868 2977 1973 3032 hoc
1994 2987 2079 3032 est

486 3062 648 3120 locus
694 3064 968 3119 Dominiei
1013 3065 1289 3135 corporis,
1333 3065 1402 3121 de
1441 3067 1630 3122 eadem
1675 3076 1828 3138 petra
1869 3068 2073 3125 factum

489 3165 599 3222 est,
643 3164 850 3226 septem
883 3156 1094 3212 habens
1120 3157 1285 3228 pedes
1311 3158 1695 3231 longitudinis,
1751 3161 1916 3216 trium
1944 3178 2077 3219 vero

488 3247 804 3316 palmorum
839 3263 1098 3304 mensura
1129 3258 1328 3305 caztcro
1373 3252 1686 3321 pavimento
1731 3254 1897 3309 altius
1940 3255 2078 3310 emi-

489 3354 653 3395 nens.
691 3338 795 3406 Qui
826 3341 1078 3397 videlicet
1106 3342 1264 3399 locus
1295 3360 1405 3398 non
1447 3343 1704 3416 desuper,
1733 3346 1830 3400 sed
1853 3362 1884 3401 a
1906 3346 2077 3402 latere

487 3429 817 3497 meridiano,
843 3447 940 3502 per
970 3442 1142 3489 totum
1192 3436 1411 3505 patulus
1438 3446 1542 3503 est,
1581 3437 1725 3494 unde
1756 3454 1959 3508 corpus
1987 3440 2077 3495 in-

485 3521 788 3577 ferebatur.
822 3522 986 3581 Color
1014 3535 1197 3581 autem
1223 3527 1469 3597 ejusdem
1506 3531 1847 3586 monumenti
1878 3547 1942 3587 ac
1990 3532 2074 3585 lo-

488 3614 622 3679 culi,
662 3616 969 3672 rubicundo
995 3628 1048 3672 et
1075 3619 1199 3674 albo
1230 3617 1429 3676 dicitur
1459 3636 1583 3678 esse
1610 3624 1907 3693 permistus
1933 3643 1945 3677 :
1973 3625 2077 3679 hoc

486 3707 676 3777 itaque
708 3724 912 3764 novum
943 3712 1256 3781 sepulcrum
1285 3712 1525 3780 Domini,
1556 3723 1738 3785 potest
1762 3714 1946 3771 Maria:
1972 3716 2075 3772 vir-

487 3798 723 3868 ginalem
757 3810 968 3856 uterum
1012 3803 1420 3872 demonstrem;
1478 3821 1783 3877 saxumque
1813 3823 2072 3878 magnum

487 3891 635 3945 ostio
663 3892 973 3963 appositum
1002 3896 1290 3951 ostendere
1313 3912 1423 3951 non
1454 3897 1661 3967 absque
1692 3898 1899 3952 auxilio
1947 3899 2073 3968 plu-

485 3983 756 4039 rimorum
771 3986 1147 4056 sepulcrorum
1164 3989 1410 4058 potuisse
1423 4004 1668 4044 reserare
1682 3990 1824 4062 (sic).
1846 3989 2001 4047 Sicut
2018 3990 2072 4045 in

486 4072 673 4130 Maria:
703 4086 861 4133 utero
892 4094 1053 4134 nemo
1076 4088 1203 4134 ante
1223 4079 1400 4146 illum,
1420 4095 1582 4135 nemo
1610 4089 1734 4151 post
1764 4081 1916 4135 illum
1941 4096 2074 4136 cou-

487 4175 680 4238 ceptus
704 4180 785 4224 est
804 4189 823 4231 ιε
850 4171 920 4225 ita
949 4171 1001 4225 in
1037 4173 1141 4227 hoc
1169 4184 1524 4228 monumento
1555 4187 1715 4227 nemo
1743 4184 1887 4239 ante,
1911 4188 2074 4227 nemo

485 4268 614 4330 post
636 4262 882 4332 sepultus
911 4271 1013 4319 est.
1050 4263 1343 4320 Sciendum
1368 4279 1591 4335 quoque
1623 4265 1769 4336 quod
1806 4265 1949 4321 sicut
1970 4282 2072 4320 an-

486 4354 592 4422 geli
617 4353 871 4426 leguntur
901 4357 1144 4411 astitisse
1179 4357 1434 4427 sepulcro
1480 4355 1810 4422 Salvatoris,
1853 4357 1926 4412 ita
1952 4373 2073 4413 crc-

486 4444 651 4500 dendi
675 4455 803 4501 sunt
829 4446 1069 4501 astitisse
1107 4446 1381 4517 mysteriis
1404 4446 1653 4516 corporis
1674 4445 1893 4501 Domini
1937 4458 2075 4502 tem-

2263 1970 2283 2004 r
2329 1950 2397 2007 Et
2422 1953 2533 2008 cito
2555 1961 2766 2021 euntes,
2796 1954 2962 2011 dicite
2989 1955 3277 2027 discipulis
3306 1956 3432 2027 ejus
3465 1956 3624 2024 :‘Quia
3639 1975 3735 2016 sur-

2190 2044 2331 2099 rexit
2352 2059 2382 2099 a
2413 2046 2668 2101 mortuis.
2701 2044 2767 2101 Et
2796 2062 2924 2103 ecce
2952 2048 3220 2117 praecedet
3250 2063 3349 2102 vos
3372 2048 3426 2102 in
3467 2048 3726 2108 Galileam.

2188 2134 2264 2191 lbi
2277 2151 2402 2192 eum
2416 2137 2698 2193 videbitis:
2718 2153 2845 2194 ecce
2867 2104 3094 2209 praedixi
3117 2139 3293 2196 vobis.
3312 2159 3332 2192 ι
3354 2104 3730 2199 Mulieribusdi;
3872 2104 3905 2221 λ

2187 2229 2333 2285 citur
2363 2239 2422 2284 ut
2447 2230 2702 2286 nuntient
2725 2232 2989 2301 apostolis
3024 2232 3193 2287 vitam
3218 2241 3610 2304 resurgentem,
3630 2237 3731 2305 quia
3904 2280 3905 2311 ι

2187 2337 2285 2393 per
2313 2322 2598 2378 mulierem
2625 2339 2777 2379 mors
2805 2323 2984 2379 fuerat
3035 2324 3384 2379 annuntiata.
3437 2324 3639 2382 Marcus
3652 2344 3729 2384 auo
3904 2324 3905 2339 ¹

2186 2424 2296 2470 tem
2332 2415 2467 2471 dicit
2505 2434 2518 2471 :
2584 2435 2603 2469 ι
2640 2415 2739 2482 Ite,
2795 2416 2961 2473 dicite
3005 2417 3296 2488 discipulis
3338 2419 3461 2487 ejus
3512 2430 3568 2475 et
3605 2419 3734 2477 Petro

2188 2506 2384 2578 (Marc.
2409 2509 2544 2578 xvi).
2584 2527 2603 2562 ι
2665 2508 3034 2575 Quaerendum
3066 2518 3153 2564 est
3180 2524 3281 2564 cur
3302 2508 3503 2566 Petrus
3526 2510 3735 2582 desigw

2184 2608 2275 2655 tur
2315 2617 2380 2655 ex
2414 2601 2655 2657 nomine.
2705 2600 2763 2656 Si
2800 2601 2947 2657 enim
2991 2601 3147 2657 hunc
3172 2602 3402 2672 angelus
3427 2603 3734 2658 nominatum

2184 2707 2294 2747 non
2322 2693 2673 2763 exprimeret,
2705 2692 2835 2764 quia
2865 2691 3188 2764 Magistrum
3222 2701 3543 2763 negaverat,
3581 2693 3729 2749 venire

2184 2742 2294 2747 ---η
2329 2742 2673 2763 --τ----ηηἾ
2708 2742 2835 2764 ..η-
2865 2742 3187 2764 ..Ἲγυηω
3224 2742 3543 2763 ---ο------,
3589 2742 3727 2749 ηπ..-

2182 2783 2325 2838 inter
2354 2784 2657 2855 discipulos
2691 2800 2800 2840 non
2841 2784 3090 2840 auderet.
3122 2782 3368 2840 Vocatur
3402 2800 3539 2856 ergo
3574 2800 3632 2839 ex
3650 2800 3733 2840 no.
3898 2742 3905 2925 ‹

2182 2877 2328 2925 mine.
2352 2876 2569 2925 Petrus-
2602 2895 2671 2925 ne
2702 2879 2958 2925 desmret
2999 2894 3065 2925 ex
3090 2878 3402 2925 narratione-
3457 2876 3577 2925 nun
3617 2878 3664 2925 in
3686 2890 3732 2925 re

2182 2877 2328 2933 mine
2352 2876 2570 2946 Petrus,
2602 2895 2671 2934 ne
2702 2879 2958 2949 desperet
2999 2894 3066 2933 ex
3090 2878 3402 2949 negatione.
3457 2876 3577 2944 Qua
3617 2878 3665 2932 in
3686 2890 3732 2932 re

2182 2970 2340 3026 nobis
2367 2970 2829 3026 considerandum
2874 2978 2959 3026 est
2984 2985 3083 3027 cur
3127 2969 3398 3026 Dominus
3424 2985 3573 3031 eum,
3600 2984 3734 3040 quem

2180 3071 2392 3119 cunctre
2432 3061 2692 3118 Ecclesia:
2722 3059 2981 3132 praferre
3022 3061 3394 3132 disposuerat,
3439 3061 3642 3116 ancilla:
3662 3074 3737 3114 vo-

2180 3170 2298 3210 cem
2353 3153 2741 3224 pertimescere
2789 3154 3059 3224 permisit.
3120 3153 3280 3220 Quod
3335 3162 3519 3209 actum
3553 3167 3737 3224 magna

2181 3247 2398 3317 pietatis
2425 3246 2837 3316 dispensatione
2865 3247 3283 3317 cognoscimus,
3321 3255 3382 3301 ut
3403 3246 3447 3301 is
3467 3246 3562 3318 qui
3600 3259 3734 3300 sum-

2182 3353 2306 3392 mus
2337 3346 2453 3392 erat
2481 3347 2671 3407 pastor
2700 3335 2922 3392 futurus
2958 3336 3217 3392 Ecclesia:
3263 3338 3318 3392 in
3352 3354 3445 3393 sua
3485 3339 3633 3407 culpa
3660 3334 3737 3389 di-

2180 3439 2356 3486 sceret
2400 3430 2639 3501 qualiter
2671 3430 2794 3485 aliis
2830 3430 3081 3485 misereri
3132 3429 3429 3486 debuisset.
3465 3426 3733 3483 Priusita-

2178 3540 2286 3595 que
2308 3538 2433 3579 eum
2472 3524 2711 3579 ostendit
2741 3523 2868 3588 sibi,
2928 3533 2982 3578 et
3029 3533 3162 3579 tunc
3209 3524 3497 3594 praeposuit
3517 3520 3739 3587 caeteris,

2178 3628 2330 3673 uth
2358 3632 2457 3673 sua
2502 3616 2820 3672 inﬁmitate
2868 3625 3194 3687 agnosceret
3241 3632 3408 3687 quam
3450 3615 3742 3671 misericor-

2177 3712 2319 3767 diter
2376 3710 2556 3764 aliena
2630 3708 2848 3764 intirma
2935 3709 3218 3763 toleraret.
3294 3708 3515 3764 Galilrea
3578 3713 3740 3761 autem

2180 3802 2579 3873 transmigratio
2603 3800 2748 3872 facta
2776 3801 3184 3871 interpretatur.
3211 3799 3280 3854 Et
3296 3800 3411 3870 jam
3436 3798 3740 3867 Redemptor

2179 3910 2208 3949 a
2241 3896 2497 3965 passione
2531 3894 2600 3948 ad
2622 3892 3111 3960 resurrectionem,
3146 3908 3176 3947 a
3206 3902 3387 3947 morte
3406 3891 3471 3946 ad
3506 3891 3688 3954 vitam,
3715 3901 3745 3942 δ

2178 4003 2339 4059 poena
2363 3987 2429 4041 ad
2453 3986 2706 4057 gloriam,
2745 4001 2776 4040 a
2804 3984 3157 4055 corruptione
3197 3984 3265 4038 ad
3295 3982 3743 4052 incorruptionem

2179 4079 2687 4150 transmigraverat.
2744 4077 2877 4134 Post
2907 4077 3368 4134 resurrectionem
3402 4076 3456 4130 in
3488 4073 3699 4130 Galilza
3718 4084 3747 4123 ι

2177 4173 2463 4244 discipulis
2486 4172 2753 4227 Dominus
2776 4173 3014 4237 videtur,
3043 4170 3173 4241 quia
3202 4167 3633 4224 resurrectionis
3645 4164 3751 4233 ejus

2178 4266 2407 4337 gloriam
2433 4274 2558 4335 post
2586 4265 2691 4320 laeti
2715 4264 3043 4331 videbimus,
3073 4264 3118 4319 si
3149 4263 3318 4318 modo
3340 4279 3373 4317 a
3393 4262 3548 4317 vitiis
3568 4256 3751 4315 adviv-

2176 4366 2354 4413 tutum
2385 4356 2764 4413 celsitudinem
2788 4357 3242 4427 transmigremus
3274 4374 3286 4408 :
3321 4355 3408 4410 vel
3446 4356 3528 4410 ita
3564 4373 3581 4408 :
3628 4351 3756 4406 Prai-

2178 4451 2324 4507 cedit
2351 4466 2448 4506 eos
2474 4452 2529 4505 in
2557 4450 2859 4516 Galilaeam,
2903 4451 3007 4506 hoc
3040 4460 3124 4505 est
3151 4450 3207 4504 in
3252 4449 3615 4504 volutabrum
3637 4456 3755 4517 gem

480 4551 618 4607 pore
640 4539 1093 4595 consecrationis.
1129 4536 1283 4593 Unde
1332 4538 1626 4609 Apostolus
1672 4550 1856 4596 monet
1883 4540 2072 4596 mulie—
2102 4533 2146 4587 Ι)
2175 4544 2335 4609 tium,
2363 4543 2457 4599 ubi
2483 4552 2611 4599 ante
2630 4559 2785 4599 error
2806 4552 2925 4598 erat
2943 4552 2998 4598 et
3029 4542 3325 4607 lubricum,
3367 4550 3425 4596 et
3451 4541 3621 4595 ﬁrmo
3642 4538 3762 4609 pede

484 4645 577 4685 res
599 4630 654 4685 in
687 4630 922 4687 ecclesia
946 4631 1111 4686 velari
1135 4639 1356 4702 pr0pter
1386 4633 1610 4704 angelos
1634 4631 1687 4704 (Ι
1713 4632 1841 4688 Cor.
1875 4634 1976 4703 χι).

560 4740 580 4771 ‹
598 4720 734 4776 Cum
757 4722 1010 4777 timerent
1029 4731 1208 4777 autem
1229 4730 1283 4777 et
1300 4722 1635 4778 declinarent
1657 4722 1864 4778 vultum
1888 4724 1942 4778 in
1963 4732 2074 4779 ter-

481 4826 627 4879 ram,
653 4813 911 4868 dixerunt
939 4813 1003 4868 ad
1031 4813 1185 4869 illas:
1220 4814 1359 4881 Quid
1379 4814 1623 4884 quaeritis
1642 4816 1913 4871 viventem
1945 4832 2071 4871 eum

482 4904 767 4958 mortuis?
811 4902 931 4959 Non
961 4915 1047 4961 est
1096 4905 1207 4969 hic,
1246 4906 1340 4962 sed
1394 4907 1654 4961 surrexit.
1687 4906 2073 4963 Recordamini

481 4996 720 5066 qualiter
740 4997 958 5053 locutus
986 5007 1069 5053 est
1089 4998 1266 5064 vobis,
1288 5013 1412 5055 cum
1445 4999 1624 5054 adhuc
1649 4999 1702 5054 in
1734 4998 1955 5055 Galilzea
1985 5017 2073 5056 es-

482 5099 587 5155 set,
614 5089 805 5143 dicens
839 5088 1016 5156 :Qaia
1075 5100 1291 5160 oportet
1338 5090 1533 5145 Filiqu
1561 5091 1802 5148 hominis
1830 5092 1971 5147 tradi
2015 5093 2069 5148 in

478 5198 684 5238 manus
727 5181 1010 5236 hominum
1036 5192 1407 5252 peccatorum,
1444 5192 1499 5238 et
1527 5184 1793 5255 cruciﬁgi,
1825 5193 1879 5239 et
1911 5186 2069 5241 tertia

480 5278 569 5333 die
602 5292 907 5343 resurgere.
940 5297 960 5329 ι
995 5277 1334 5347 lmpossibile
1365 5294 1474 5332 non
1504 5278 1617 5369 ﬁeri
1661 5279 1809 5349 quod
1838 5279 1974 5335 dixit
2015 5289 2071 5335 et

481 5380 699 5428 constat
743 5387 872 5429 cum
904 5372 1046 5426 inter
1076 5370 1379 5441 discipulos
1413 5378 1469 5426 et
1520 5371 1754 5427 feminas
1784 5388 1908 5443 quae
1937 5388 2065 5427 eum

479 5466 874 5536 sequebantur,
917 5464 1185 5520 Dominus
1213 5479 1271 5519 se
1320 5472 1759 5520 resurrecturum
1791 5465 2062 5535 praedixit.

479 5559 662 5626 Quare
700 5574 832 5630 ergo
891 5560 1004 5630 jam
1039 5557 1422 5613 resuscitatum
1464 5565 1720 5627 qurerunt
1766 5573 1891 5613 eum
1920 5572 2069 5611 mor-

462 5649 616 5715 'tuis,
652 5652 811 5706 idest
856 5651 911 5707 in
964 5658 1351 5716 monumento,
1397 5648 1491 5720 qui
1518 5649 1673 5704 locus
1700 5636 1957 5719 proprius
1982 5658 2068 5704 est

481 5752 845 5798 mortuorum.
903 5740 1015 5798 Nos
1055 5740 1306 5812 exemplo
1347 5739 1674 5794 feminarum
1711 5740 1927 5811 quoties
1968 5755 2061 5795 ec-

486 5835 709 5890 clesiam
751 5836 1040 5892 intramus.
1082 5835 1381 5891 eum-omni
1407 5834 1712 5889 humilitate
1735 5833 1940 5904 ingredi
1972 5833 2067 5889 de-

2175 4637 2467 4708 vestigium
2503 4652 2611 4692 non
2638 4637 2932 4707 ponebant.
2964 4635 3235 4691 Praeterea
3256 4635 3497 4689 videnda
3534 4642 3667 4690 sunt
3682 4630 3760 4685 di-

2175 4739 2260 4786 cta
2290 4728 2607 4802 Hieronymi
2642 4737 2831 4786 contra
2856 4728 3161 4784 Helvidium
3182 4743 3246 4783 ex
3276 4728 3621 4783 testimoniis
3643 4740 3770 4796 qua-

2177 4831 2303 4876 tuor
2341 4822 2825 4893 evangelistarum,
2863 4820 2932 4876 de
2978 4821 3155 4875 tribus
3185 4820 3481 4876 sororibus
3535 4819 3767 4873 liliarum

2173 4911 2349 4968 Anum
2374 4914 2567 4969 matris
2594 4914 2765 4968 beata:
2794 4912 2998 4968 Mariae.
3026 4912 3226 4966 Sancta
3260 4910 3433 4965 Maria
3459 4920 3650 4964 mater
3669 4906 3770 4960 Dm

2175 5006 2311 5060 mini
2355 5014 2410 5060 et
2441 5004 2611 5060 Maria
2642 5013 2819 5060 mater
2852 5003 3066 5069 Jacobi,
3128 5003 3339 5072 Alphmi
3370 5011 3426 5057 et
3451 5000 3697 5072 Joseph,
3722 5006 3771 5052 et

2173 5099 2343 5153 Maria
2379 5106 2555 5153 mater
2592 5098 2830 5153 liliorum
2860 5095 3105 5152 Zebedaci
3137 5095 3338 5166 (Marc.
3368 5096 3514 5166 va),
3570 5094 3776 5150 scilicet

2172 5189 2397 5260 Majoris
2422 5189 2632 5254 Jacobi,
2663 5201 2717 5246 et
2740 5189 3006 5246 Johannis
3028 5190 3381 5260 evangelista:
3400 5197 3521 5245 tres
3555 5198 3776 5243 sorores

2173 5280 2416 5337 fuerunt.
2490 5280 2661 5336 Maria
2717 5291 2895 5337 mater
2947 5281 3188 5345 Domini,
3250 5280 3362 5336 lilia
3411 5278 3688 5335 Joachim
3730 5286 3781 5330 et

2170 5375 2343 5431 Anna:
2368 5375 2501 5442 fuit,
2557 5383 2612 5430 et
2636 5375 2908 5445 Cleophas
2939 5373 3109 5429 frater
3132 5373 3336 5444 Josepb
3368 5373 3643 5428 eamdem
3675 5371 3779 5423 Au.

2171 5483 2297 5522 nam
2323 5468 2532 5538 accepit
2555 5483 2804 5533 uxorem,
2846 5465 3107 5523 defuncto
3144 5464 3416 5530 Joachim,
3443 5472 3512 5517 et
3540 5476 3780 5534 genera.

2169 5561 2250 5616 vit
2275 5576 2340 5616 ex
2373 5576 2436 5616 ea
2480 5560 2649 5616 tiliam
2700 5575 2868 5631 quam
2920 5559 3135 5615 vocavit
3162 5557 3413 5615 Mariam.
3468 5554 3653 5611 Hanc
3683 5552 3785 5607 la-

2170 5652 2308 5706 riam
2339 5650 2613 5722 Cleophas
2666 5661 2720 5707 et
2758 5649 2915 5705 Anna
2960 5650 3224 5705 dederunt
3248 5650 3500 5714 cuidam,
3569 5647 3789 5719 Alpheo

2158 5741 2424 5796 'nomine:
2464 5741 2609 5796 unde
2640 5741 2729 5796 ille
2757 5739 2934 5795 Minor
2971 5738 3209 5795 Jaeobus
3237 5750 3291 5794 et
3327 5739 3508 5794 frater
3556 5737 3787 5794 Domini

2168 5832 2371 5898 dictus,
2405 5842 2564 5889 natus
2593 5831 2714 5899 fuit,
2732 5841 2785 5888 et
2810 5832 3008 5888 dicitur
3029 5829 3269 5889 Jaeubus
3289 5830 3508 5901 Alphazi
3545 5847 3583 5885 ει
3606 5840 3789 5903 patre.
