3964 6448
206 425 294 485 ﬁl

1089 402 1665 463 DEFLOBA'I‘IONES
1702 402 1805 461 SS.
1843 399 2163 458 PATIWM.’
2198 433 2263 443 -—
2302 390 2431 456 LIB.
2471 398 2510 453 I.

3334 378 3441 449 ni

206 530 531 611 meum
554 533 737 583 autem
762 524 1031 595 Cleophas
1056 524 1338 582 filiastram
1369 541 1550 595 suam,
1595 526 1744 584 scili-
1771 531 1819 589 Α
1844 535 1973 583 cant
2001 533 2220 583 nostras
2260 522 2400 579 duas
2443 525 2670 587 mortes,
2703 531 2871 573 unam
2899 514 3169 602 corporis,
3212 513 3439 570 alteram

205 643 277 694 σοι
296 635 520 688 sanctam
549 618 775 675 Mariam
812 626 1042 673 matrem
1074 616 1289 673 Domini
1325 618 1621 691 virginem,
1650 617 1744 674 Jo-

204 723 317 795 sepb
338 714 478 774 fratri
502 726 617 772 suo,
646 710 740 781 qni
767 710 889 781 ejus
912 709 1242 781 virginitatis
1266 711 1613 783 integerrime
1636 726 1742 767 cu-

204 827 307 875 stos
324 821 377 868 et
401 805 644 864 solatium
673 802 776 858 fuit
810 811 864 859 et
889 804 1253 860 connutritor.
1301 803 1519 860 Mortuo
1558 813 1741 860 autem

199 904 436 975 Gleopba,
460 896 678 968 quidam
706 893 927 950 Salome
973 894 1185 966 accepit
1219 897 1394 967 ipsam
1428 896 1643 950 Annam
1688 904 1743 952 et

198 993 447 1073 generavit
472 1006 536 1045 ex
568 1003 634 1043 ea
684 987 850 1043 filiafn
884 989 1124 1054 tertiam,
1159 989 1325 1044 etiam
1360 987 1586 1043 Mariam
1636 1002 1741 1043 no-

196 1089 358 1146 mine:
387 1092 542 1153 quam
560 1077 853 1134 Zebedaeus
882 1079 1090 1149 accepit
1113 1094 1360 1146 uxorem,
1392 1088 1445 1134 et
1467 1079 1653 1150 genuit
1673 1094 1740 1135 ex

194 1174 497 1234 eaiacobum
511 1167 900 1225 etlobanuem.
920 1166 1076 1225 Unde
1092 1170 1163 1225 ita
1187 1170 1693 1241 estintelligendum
1721 1187 1735 1223 :

192 1266 340 1323 ilaria
362 1261 562 1326 Jacobi,
582 1260 846 1315 subaudis
862 1269 1064 1327 mater;
1083 1270 1138 1316 et
1152 1260 1393 1327 Salome,
1413 1262 1740 1317 subauditur
1764 1290 1770 1309 ι

194 1357 305 1413 filia.
328 1353 453 1408 Tres
490 1365 619 1421 ergo
667 1349 819 1406 viros
854 1350 1014 1405 Anna
1038 1351 1250 1420 habuit,
1279 1351 1550 1419 Joachim,
1580 1352 1741 1408 Cleo-

192 1448 356 1519 pbam,
390 1451 441 1498 et
466 1440 704 1495 Salome.
756 1474 763 1479 -

330 1530 554 1590 SEIiIIO
579 1531 667 1585 DE
704 1531 1289 1591 RESURRECTIONE
1316 1534 1573 1591 DOMINI.

249 1627 374 1681 Cum
407 1632 615 1679 caeteras
641 1621 969 1680 festivitates
1023 1626 1078 1680 in
1128 1626 1509 1682 recordatione
1553 1642 1736 1682 rerum

188 1726 431 1790 gestarum
463 1713 648 1769 laetitia
682 1714 913 1784 spiritali
959 1717 1198 1772 iidclium
1246 1726 1457 1774 mentes
1479 1718 1735 1785 alliciant,

185 1813 234 1866 in
259 1807 446 1865 Christi
478 1807 880 1863 resurrectione
908 1809 1076 1864 Simili
1107 1810 1317 1866 ratione
1364 1811 1530 1866 corda
1571 1812 1736 1867 simul

1845 621 2062 676 animm.
2115 616 2243 675 Dies
2285 624 2468 672 autem
2520 613 2773 684 designat
2818 626 2975 667 suam
3019 620 3275 675 mortem,
3317 622 3443 680 qua:

1846 712 1949 768 fuit
1995 713 2090 768 lux
2139 718 2455 766 nostrarum
2494 705 2777 761 mortium.
2825 701 2999 759 Unam
3033 701 3277 766 abstulit,
3305 699 3444 755 alte-

1841 821 1960 861 ram
2005 806 2073 861 ad
2123 802 2445 859 exercitium
2490 798 2680 855 electis
2727 797 2950 868 reliquit
2987 815 3002 852 :
3038 809 3205 867 quam
3257 794 3441 851 denuo

1841 897 2065 953 veniens
2110 893 2517 951 exterminabit.
2561 889 2743 962 Ipsius
2781 905 2913 945 vero
2954 889 3138 944 anima
3185 888 3238 942 in
3270 886 3439 942 cmic-

1842 999 1981 1048 stem
2009 990 2320 1061 paradisum
2347 994 2471 1058 post
2495 992 2726 1039 mortem
2748 984 3059 1049 transierat,
3082 980 3223 1037 sicut
3238 975 3438 1035 latroni

1841 1081 2093 1137 dixerat:
2131 1099 2150 1133 ι
2188 1078 2381 1147 Hodie,
2413 1077 2688 1149 inquiens,
2718 1092 2932 1132 mecum
2959 1075 3070 1131 eris
3097 1075 3153 1129 in
3182 1071 3440 1144 paradiso

1844 1171 1999 1243 (Luc.
2041 1171 2237 1243 mu);
2264 1192 2283 1224 ›
2328 1169 2504 1225 Media
2554 1177 2736 1224 autem
2789 1176 2953 1223 nocte
2992 1163 3435 1228 resurrectionis,

1840 1280 1950 1335 qua
1978 1265 2113 1319 hora
2142 1264 2368 1335 angelus
2395 1261 2689 1333 Egyptum
2736 1259 3056 1325 devastavit,
3083 1274 3147 1313 ea
3192 1259 3348 1324 bora,
3381 1257 3438 1313 id

1840 1365 1926 1412 est
1957 1356 2133 1411 media
2166 1364 2325 1411 nocte
2352 1353 2606 1411 Christus
2639 1351 2911 1407 infernum
2948 1349 3231 1406 descendit
3258 1357 3312 1405 et
3336 1349 3437 1404 de-

1842 1447 2115 1518 spoliavit.
2158 1444 2303 1501 Inter
2348 1445 2467 1500 haec
2514 1442 2815 1500 notandum
2864 1450 2999 1513 quot
3049 1439 3247 1495 inferni
3283 1447 3435 1496 sunt.

1843 1541 1984 1596 Sunt
2009 1541 2195 1610 itaque
2217 1539 2328 1595 duo
2360 1537 2554 1593 inferni
2588 1556 2601 1593 :
2633 1552 2780 1593 unus
2811 1536 3095 1606 superior,
3132 1533 3269 1589 alter
3296 1532 3435 1589 infe-

1840 1633 1972 1688 rior.
2025 1632 2288 1702 Superior
2316 1672 2331 1698 ,
2379 1630 2595 1686 infirma
2646 1644 2775 1700 pars
2819 1628 2985 1699 hujus
3018 1626 3266 1693 mundi,
3313 1640 3440 1696 qua

1841 1724 1997 1795 plena
2039 1732 2123 1779 est
2160 1722 2357 1794 panis.
2408 1720 2543 1778 Nam
2586 1720 2677 1777 hic
2715 1719 2961 1776 exundat
3003 1718 3209 1774 nimius
3245 1725 3435 1784 aestus,

1840 1832 2097 1888 magnum
2130 1815 2322 1887 frigus,
2350 1814 2490 1880 sitis,
2520 1813 2725 1881 fames;
2751 1812 2889 1868 varii
2918 1811 3138 1867 dolores
3161 1808 3434 1880 corporis,

184 1904 409 1959 izetantur
425 1909 477 1955 et
502 1914 735 1969 corpora
763 1917 778 1967 ;
814 1900 942 1970 quia
969 1900 1194 1956 Christo
1220 1909 1541 1973 resurgente
1569 1902 1731 1958 homo

1839 1917 1899 1964 ut
1922 1908 2146 1963 verbera
2181 1905 2371 1969 animi,
2403 1905 2588 1970 timor.
2619 1903 2830 1959 scilicet
2852 1902 2937 1956 vel
2968 1899 3329 1966 verecundia;
3364 1897 3435 1954 de

182 2004 345 2052 noster
367 1992 592 2047 interior
616 2007 644 2046 a
671 2001 847 2047 morte
891 1992 1098 2063 peccati
1124 1994 1600 2050 conresuscitatus
1628 2004 1733 2063 est,

180 2097 227 2143 et
246 2084 485 2142 exteriori
525 2100 654 2155 spes
721 2101 836 2140 suae
884 2086 1306 2148 resurrectionis
1343 2102 1438 2157 per
1478 2087 1733 2159 baptismi

177 2188 531 2251 argumentum
582 2179 906 2234 confirmata
951 2187 1052 2234 est.
1093 2178 1287 2234 Merito
1327 2195 1459 2251 ergo
1502 2189 1735 2252 uterque

178 2280 381 2336 .aatatur,
410 2269 534 2340 quia
564 2279 797 2341 uterque
825 2268 1047 2325 Christo
1075 2271 1546 2325 conresuseitatur
1574 2288 1591 2325 :
1643 2271 1732 2325 in-

176 2363 321 2418 terior
350 2362 401 2417 in
438 2376 515 2426 re,
549 2377 581 2415 a
608 2362 962 2432 corruptione
983 2361 1195 2417 scilicet
1220 2362 1459 2432 peccati;
1492 2364 1732 2418 exterior

174 2468 303 2517 vero,
327 2453 379 2507 in
426 2468 522 2523 spe
546 2451 751 2508 futurae
778 2452 987 2509 scilicet
1025 2453 1466 2509 resurrectionis.
1522 2452 1627 2509 Sed
1651 2453 1734 2508 vi-

172 2544 384 2601 dendum
439 2544 485 2599 si
512 2543 775 2601 Christus
827 2545 989 2615 cujus
1019 2545 1421 2601 resurrectione
1460 2545 1729 2612 laetamur,

172 2644 299 2693 esset
329 2633 631 2706 passibilis,
656 2635 739 2690 vel
767 2634 1036 2690 mortalis.
1068 2632 1237 2704 Igitur
1265 2633 1450 2704 passio
1473 2634 1554 2689 vel
1581 2650 1731 2690 mors

174 2727 357 2797 peccati
412 2741 576 2797 poena
635 2734 742 2791 est,
777 2726 873 2781 sed
917 2725 1034 2795 ipse
1082 2724 1292 2795 absque
1320 2733 1546 2795 peccato
1573 2727 1726 2783 vixit.

169 2814 235 2869 Ex
257 2816 352 2872 hoc
371 2816 681 2872 secundum
711 2824 961 2871 naturam
986 2814 1340 2886 impassibilis
1359 2823 1415 2870 et
1440 2816 1727 2870 immorta-

170 2906 354 2975 lisfuit,
377 2909 471 2964 sed
499 2908 813 2964 secundum
838 2906 1135 2978 potentiam
1167 2916 1461 2977 utrumque
1483 2921 1607 2962 esse
1634 2920 1732 2960 vo-

168 2999 272 3063 luit,
303 3001 576 3070 passibilis
605 3000 818 3057 scilicet
840 3009 894 3056 et
936 2999 1205 3055 mortalis.
1255 2998 1504 3054 Mortuus
1547 2999 1731 3069 itaque

167 3100 239 3147 est
261 3107 354 3162 pro
375 3093 696 3148 obedientia
726 3090 936 3157 Patris,
969 3100 1027 3146 ut
1074 3091 1276 3147 dicitur
1306 3109 1320 3145 :
1360 3109 1377 3139 ι
1413 3089 1612 3146 Factus
1643 3099 1730 3145 cst

164 3184 400 3241 obediens
450 3184 606 3240 Patri
661 3199 837 3255 usque
873 3184 940 3239 ad
991 3192 1230 3256 mortem.
1266 3181 1530 3254 (Philipp.
1576 3183 1659 3253 ιι).
1702 3200 1722 3235 ι

165 3276 230 3333 De
254 3278 348 3333 hoc
374 3279 738 3348 qutereuduni
769 3292 990 3348 quoque
1017 3284 1105 3332 est
1131 3276 1179 3331 si
1209 3274 1371 3329 l’ater
1399 3285 1630 3330 mortem
1659 3276 1731 3331 ab

160 3387 216 3425 ea
236 3372 488 3443 exegerit.
542 3371 805 3426 Minime.
863 3370 970 3426 Sed
1003 3385 1102 3425 cur
1129 3369 1451 3425 occiderunt
1474 3384 1600 3424 eum
1631 3367 1730 3423 Ju-

160 3462 288 3518 daei?
328 3462 463 3530 Quia
490 3462 772 3534 justitiam
801 3463 1033 3518 vivendo
1074 3470 1130 3517 ct
1170 3461 1456 3523 veritatem
1482 3460 1729 3516 docendo

158 3555 602 3628 iudeelinabiliter
644 3558 842 3611 tenuit.
895 3554 1047 3610 lianc
1082 3554 1443 3610 obedientiam
1473 3553 1729 3609 humani-

156 3656 229 3702 tas
249 3648 513 3703 divinitati
545 3648 764 3713 debuit,
812 3648 954 3701 hanc
983 3645 1128 3703 Deus
1168 3645 1240 3700 ab
1292 3644 1444 3700 onmi
1476 3643 1726 3700 rationali

148 3749 375 3795 creatura
405 3741 604 3811 exigit.
632 3739 924 3807 Quomoan
949 3746 1130 3794 autem
1157 3738 1301 3808 apud
1328 3737 1495 3794 Deum
1515 3737 1726 3807 justum

154 3830 259 3897 fuit,
281 3834 423 3903 quod
450 3834 732 3905 optimum
758 3849 855 3903 pro
886 3833 1053 3903 impio
1079 3832 1262 3888 dedit?
1289 3831 1429 3899 Quia
1455 3830 1727 3901 pessimus

150 3923 434 3993 simplicem
496 3924 789 3980 hominem
834 3924 1148 3991 seduxerat,
1211 3923 1425 3993 justum
1488 3933 1609 3979 erat
1666 3933 1728 3980 ut

149 4015 370 4083 optimus
395 4031 499 4087 pro
527 4031 601 4072 eo
628 4015 795 4071 obses
817 4015 986 4080 fieret,
1033 4023 1093 4069 ut
1134 4015 1437 4084 pessimum
1483 4015 1727 4071 revince-

146 4116 218 4160 ret
257 4118 310 4164 et
358 4109 721 4165 innocentem
787 4109 1033 4178 pristina:
1095 4108 1332 4164 libertati
1387 4109 1721 4165 restitueret.

148 4196 314 4256 Valuit
341 4212 533 4257 autem
563 4216 722 4257 mors
754 4200 961 4256 Christi
1006 4201 1073 4255 ad
1120 4200 1494 4256 exhaurieuda
1539 4202 1725 4257 omnia

142 4304 364 4362 peccata.
387 4294 770 4351 Transcendit
796 4294 960 4349 etiam
991 4295 1219 4349 infinite.
1247 4294 1401 4362 Quod
1428 4296 1506 4350 sic
1529 4296 1726 4365 proba-

145 4394 239 4440 tur.
267 4385 458 4459 Itaque
484 4388 537 4447 si
571 4387 835 4442 Christus
857 4400 1043 4441 coram
1063 4396 1115 4441 te
1142 4396 1342 4452 staret,
1381 4397 1433 4441 et
1460 4402 1585 4441 eum
1618 4386 1725 4439 Do.

141 4477 331 4533 minum
362 4478 691 4550 majestatis
720 4477 913 4545 scires,
948 4487 1001 4533 et
1023 4476 1225 4548 aliquis
1259 4479 1466 4533 diceret
1501 4495 1514 4532 :
1563 4476 1727 4533 Inter-

1838 2000 1925 2056 his
1950 1999 2151 2056 dicitur
2176 2016 2191 2053 :
2224 2016 2243 2049 ι
2270 1996 2421 2053 Educ
2446 1997 2513 2053 de
2535 2010 2755 2053 carcere
2775 1995 3015 2050 animam
3043 2008 3222 2048 meam
3252 1989 3431 2057 (Paul.

1835 2090 2002 2160 om),
2042 2109 2061 2143 ι
2107 2090 2213 2146 hoc
2259 2096 2343 2144 est
2386 2087 2456 2142 ab
2498 2083 2713 2141 inferno
2743 2084 2911 2139 vitam
2960 2097 3160 2137 meam.
3197 2079 3433 2135 Inferior

1833 2194 2015 2239 autem
2044 2184 2199 2238 locus
2229 2180 2511 2252 spiritalis,
2541 2179 2633 2234 ubi
2665 2178 2807 2249 ignis
2835 2173 3314 2245 inexstinguibilis.
3349 2170 3428 2228 De

1833 2292 1945 2347 quo
1988 2273 2229 2331 dicitur:
2269 2291 2289 2325 ι
2328 2270 2529 2327 Eruisti
2581 2270 2823 2325 animam
2872 2280 3051 2322 meam
3095 2279 3161 2320 ex
3207 2261 3427 2320 inferno

1835 2367 2082 2424 inferiori
2120 2366 2294 2438 (Psal.
2335 2362 2513 2431 xxix),
2551 2381 2569 2415 ι
2598 2361 2692 2433 qui
2732 2359 2836 2416 sub
2876 2367 3022 2413 terra
3048 2370 3173 2412 esse
3204 2354 3429 2410 dicitur.

1835 2460 1899 2517 Et
1921 2462 2065 2517 sicut
2091 2473 2325 2529 corpora
2358 2455 2699 2527 peccantium
2737 2462 2880 2507 terra
2910 2448 3321 2520 cooperiuntur,
3352 2445 3428 2500 ita

1832 2556 2031 2611 anima:
2056 2552 2396 2625 peccantium
2432 2549 2537 2607 sub
2565 2558 2707 2603 terra
2739 2547 2793 2601 in
2823 2543 3039 2599 inferno
3067 2541 3429 2613 sepeliuntur,

1835 2658 1893 2704 ut
1919 2649 1987 2703 de
2013 2646 2180 2701 divite
2207 2645 2408 2701 dicitur
2441 2661 2455 2698 :
2490 2661 2509 2694 ι
2543 2640 2802 2711 Sepultus
2824 2646 2909 2694 est
2938 2636 2992 2691 in
3023 2634 3237 2691 inferno
3269 2631 3426 2704 (Luc.

1834 2740 1969 2810 xvi).
2017 2758 2036 2791 ι
2067 2738 2127 2793 In
2172 2753 2283 2809 quo
2329 2753 2384 2792 Ix
2435 2735 2701 2807 speciales
2760 2745 2938 2803 pana:
2983 2744 3108 2785 esse
3150 2728 3426 2800 leguntur.

1833 2832 2012 2888 Prima
2066 2830 2207 2902 ignis
2251 2829 2345 2901 qui
2400 2828 2475 2883 ita
2525 2825 2695 2882 semei
2735 2837 3002 2880 accensus
3044 2830 3107 2876 ut
3152 2821 3199 2876 si
3253 2828 3429 2875 totum

1832 2942 1985 2982 mare
2022 2924 2270 2981 influeret
2297 2938 2406 2978 non
2434 2921 2892 2992 exstingueretur.
2937 2917 3031 2972 Sic
3064 2916 3230 2972 istum
3255 2924 3431 2970 mate-

1830 3020 2022 3074 rialem
2062 3032 2283 3089 quoque
2306 3015 2473 3071 vineit
2499 3014 2701 3086 ignem,
2727 3012 2905 3067 utiste
2930 3010 3110 3082 ignem
3126 3008 3427 3079 depictum.

1831 3111 1999 3166 Ardet
2042 3120 2095 3165 et
2139 3125 2247 3164 non
2279 3109 2442 3163 lucet.
2488 3104 2737 3161 Secunda
2765 3117 2924 3175 poena
2953 3110 3038 3157 est
3080 3098 3429 3157 intolerabile

1835 3201 2027 3273 frigus,
2069 3200 2135 3255 de
2166 3214 2278 3269 quo
2306 3197 2511 3253 dicitur
2539 3214 2552 3250 :
2582 3194 2639 3249 Si
2680 3198 2873 3264 igneus
2908 3207 3070 3248 mons
3106 3190 3432 3246 immittere-

1835 3303 1942 3358 tur,
1972 3293 2026 3348 in
2066 3291 2293 3365 glaciem
2326 3295 2647 3344 verteretur.
2690 3284 2767 3340 De
2801 3285 2889 3340 his
2925 3283 3141 3340 duabus
3171 3282 3375 3338 dicitur
3408 3298 3426 3336 :

1838 3408 1856 3440 ι
1888 3386 2075 3442 Fletus
2112 3396 2168 3441 ct
2204 3383 2408 3440 stridor
2445 3381 2690 3437 dentium
2727 3378 2948 3451 (Manli.
2986 3375 3156 3447 vm)._
3182 3394 3201 3429 ι
3238 3374 3427 3431 Tertia

1828 3494 2044 3535 vermes
2075 3475 2432 3539 immortales,
2473 3472 2527 3527 id
2569 3480 2657 3527 est
2704 3481 2985 3541 serpentes
3029 3476 3085 3525 et
3131 3468 3424 3532 dracones,

1830 3570 1952 3625 visu
1979 3576 2035 3624 et
2072 3566 2232 3623 sibilo
2260 3558 2586 3620 horribiles:
2625 3559 2719 3632 qui
2759 3569 2818 3614 ut
2849 3559 3026 3630 pisces
3071 3558 3125 3613 in
3152 3570 3316 3627 aqua,
3351 3556 3430 3612 ita

1828 3664 2022 3717 vivunt
2055 3659 2109 3715 in
2140 3660 2378 3713 flamma.
2414 3654 2621 3722 Quarta
2652 3661 2737 3709 est
2771 3652 2913 3708 fetor
2956 3648 3424 3721 incomparabilis.

1829 3753 2053 3821 Quinta,
2081 3751 2248 3821 flagra
2286 3747 2631 3812 caedentium,
2662 3758 2722 3801 ut
2765 3745 2946 3801 mallei
2987 3742 3190 3800 ferrum
3230 3756 3429 3814 percu-

1830 3847 2102 3903 tientium.
2163 3844 2329 3900 Sexta
2380 3842 2616 3897 tcnebra:
2663 3837 2986 3907 palpabilcs,
3049 3845 3110 3890 ut
3159 3835 3363 3891 dicitur
3408 3838 3426 3888 ':

1832 3956 1855 3989 ι
1886 3935 2053 3993 Terra
2085 3914 2430 3991 tenebrarum
2474 3930 2566 3985 ubi
2600 3928 2785 3983 nullus
2826 3927 2980 3991 ordu,
3012 3925 3109 3982 sed
3134 3924 3428 3995 sempiter-

1829 4044 1934 4085 nus
1973 4029 2168 4084 horror
2208 4023 2478 4081 inhabitat
2518 4020 2640 4092 (Job
2685 4021 2764 4090 x).
2797 4038 2815 4071 ι
2844 4018 3134 4088 Septima,
3171 4015 3428 4072 confusio

1829 4131 2200 4194 peccatorum,
2227 4132 2336 4189 qua
2381 4115 2566 4170 omnia
2617 4111 2688 4167 ibi
2737 4110 2996 4166 omnibus
3045 4117 3249 4179 patent.
3276 4116 3331 4162 et
3360 4118 3423 4161 se

1828 4213 2163 4270 abscondere
2207 4224 2315 4264 non
2348 4207 2553 4261 valent.
2590 4202 2814 4268 Octava,
2839 4197 3119 4255 horribilis
3145 4196 3284 4251 visio
3314 4195 3425 4251 dte-

1830 4321 2053 4365 monum
2084 4314 2138 4360 et
2163 4304 2464 4358 draconum
2493 4313 2635 4369 quos
2674 4296 2852 4366 ignem
2880 4291 3180 4349 scintillare
3212 4288 3417 4353 vident,

1827 4411 1880 4457 et
1910 4397 2237 4455 miserabilis
2260 4396 2468 4450 clamor
2497 4392 2739 4446 flentium
2765 4397 2821 4442 et
2842 4371 3240 4443 insultantium.
3264 4380 3418 4437 Nona
3470 4412 3475 4415 -

1828 4501 1955 4547 sunt
2007 4489 2162 4560 ignea
2195 4486 2410 4542 vincula
2461 4483 2662 4555 quibus
2710 4481 2942 4552 singulis
2970 4477 3235 4534 membris
3278 4492 3417 4531 con-

138 4571 228 4624 tice
275 4571 428 4627 hunc
516 4579 623 4626 aut
684 4579 833 4625 totus
889 4570 1132 4625 mundus
1198 4570 1484 4636 interibit,
1556 4570 1726 4624 inter-

1835 4583 2190 4653 stringuntur.
2236 4579 2417 4646 Quare
2464 4586 2647 4631 autem
2688 4583 2770 4631 tot
2818 4572 3072 4629 miserias
3102 4569 3421 4641 patiuntur?

136 4661 311 4720 ficeres
345 4678 482 4720 eum
540 4674 607 4720 ut
659 4664 903 4720 saivarcs
948 4664 1268 4719 mundum?
1342 4661 1719 4733 Nequaquam.

1835 4674 1967 4742 Quia
2030 4673 2370 4729 consortium
2424 4685 2480 4723 tx
2542 4667 2795 4724 ordinum
2846 4665 3231 4738 neglexerunt,
3272 4663 3421 4734 juste

133 4750 300 4817 Quare
321 4756 345 4809 τ
371 4754 522 4822 Quia
546 4756 675 4826 ejus
691 4756 798 4810 vita
823 4756 982 4827 longe
1004 4755 1223 4827 dignior
1243 4755 1541 4821 videretur,
1555 4769 1721 4825 quam

133 4843 317 4902 infiniti
350 4848 583 4913 mundi,
609 4857 665 4902 et
693 4847 799 4902 tale
828 4847 1104 4918 piaculum
1136 4847 1349 4901 viderer
1383 4847 1728 4902 committere

130 4940 267 5007 quod
298 4943 648 4998 innumerus
680 4943 917 4998 mundus
945 4957 1053 4997 non
1084 4951 1267 5013 posset
1302 4942 1540 5012 expiare.
1574 4941 1729 4997 Sicut

127 5043 251 5102 etgo
282 5033 395 5090 vita
454 5035 595 5105 ejus
625 5034 843 5105 dignior
889 5034 1117 5090 infinitis
1168 5034 1408 5100 mundis,
1449 5034 1523 5089 ita
1569 5052 1723 5091 mors

128 5118 243 5178 ideo
272 5124 439 5195 longe
469 5125 776 5196 pretiosior
804 5124 929 5192 fuit,
953 5125 1446 5182 innumerabilibus
1471 5128 1724 5191 mundis:

123 5209 243 5270 ideo
263 5217 496 5274 suffecit
527 5218 605 5273 ad
643 5218 1067 5289 redemptionem
1096 5220 1367 5275 omnium.

184 5306 333 5374 Quot
383 5326 591 5381 autem
643 5310 809 5367 horas
854 5311 957 5366 fuit
1006 5313 1289 5369 mortuus?
1333 5312 1726 5387 Quadraginta.

121 5393 337 5465 Quare?
388 5400 469 5459 Ut
514 5411 762 5473 quatuor
802 5413 984 5473 partes
1031 5417 1154 5473 qua:
1187 5402 1242 5457 in
1282 5401 1550 5475 Dccalogo
1595 5407 1728 5477 legis

118 5500 269 5547 erant
316 5502 580 5549 mortua:
622 5492 939 5549 vivificaret.
989 5492 1094 5560 Qui
1152 5508 1282 5551 vero
1340 5482 1731 5553 crueifixertiut

114 5585 274 5641 eum?
302 5585 453 5655 Quia
493 5600 611 5658 pro
645 5586 845 5643 Judaeis
868 5596 924 5643 et
952 5588 1206 5659 gentibus
1242 5590 1382 5644 mori
1407 5588 1602 5656 voluit,
1628 5588 1727 5645 Ju-

112 5674 209 5729 diei
242 5686 496 5733 mortem
525 5678 657 5748 ejus
680 5678 950 5735 eonsiliati
985 5687 1134 5745 sunt,
1172 5680 1367 5751 pagani
1396 5689 1577 5736 autem
1603 5695 1730 5737 cru-

110 5769 411 5826 cinxerunt
446 5784 620 5825 cum.
653 5770 771 5841 Ipse
799 5771 981 5842 itaque
1008 5771 1261 5830 Christus
1297 5772 1436 5831 duas
1465 5781 1652 5829 noctes
1675 5784 1730 5830 et

110 5875 281 5917 unum
305 5862 465 5921 diem
491 5860 752 5932 iacuerat
779 5863 834 5920 in
858 5864 1127 5938 sepulcro.
1156 5864 1287 5921 Duze
1311 5875 1499 5923 noctes
1517 5866 1727 5938 signiti-

1829 4783 2025 4823 novem
2047 4764 2336 4821 tormentis
2360 4760 2522 4832 adjici
2552 4760 2929 4815 merebuntur.

1899 4858 1967 4913 Et
1990 4859 2118 4929 quia
2144 4858 2234 4913 hic
2258 4859 2312 4911 in
2340 4856 2462 4926 igne
2482 4852 3052 4923 concupiscentiarum
3069 4850 3417 4919 exarserunt,

1824 4950 1970 5021 juste
2000 4949 2073 5003 ibi
2105 4949 2229 5027 igne
2257 4946 2558 5010 ardebtmt;
2588 4944 2715 5014 quia
2746 4956 2874 4998 vero
2903 4952 3051 4998 veste
3082 4941 3333 5012 nuptiali,
3365 4940 3419 4998 id

1828 5050 1913 5097 est
1937 5040 2201 5096 charitate
2240 5038 2329 5093 hic
2377 5036 2659 5102 carebant,
2691 5034 2765 5090 ibi
2796 5035 2993 5090 merito
3025 5033 3228 5106 frigore
3284 5034 3419 5090 stri-‘

1829 5134 2053 5189 debunt.
2108 5130 2376 5187 Dicuntur
2416 5145 2653 5200 namque
2697 5128 2939 5184 exterius
2981 5128 3106 5199 igne
3160 5127 3416 5190 candere,

1829 5224 2059 5281 interius
2099 5222 2315 5294 frigere,
2346 5230 2406 5277 ut
2442 5220 2642 5290 glacies
2679 5220 2734 5275 in
2774 5219 2973 5285 hieme,
3007 5220 3151 5274 sicut
3174 5219 3416 5274 dicitur:

1835 5336 1854 5370 ι
1892 5316 2205 5372 Transeunt
2234 5315 2304 5370 ab
2356 5316 2515 5385 aquis
2572 5314 2780 5368 nivium
2826 5313 2893 5368 ad
2917 5313 3155 5368 calorem
3184 5310 3414 5365 nimium

1830 5408 1952 5480 (Job
1984 5406 2157 5478 xxiv).
2196 5426 2216 5460 ›
2252 5405 2483 5478 Et-quia
2523 5405 2721 5462 invidia
2759 5414 2814 5460 et
2859 5405 3048 5460 odium
3092 5403 3183 5457 hic
3218 5417 3315 5456 eos
3356 5407 3418 5454 ut

1826 5504 2443 5559 vermes‘corroscrunt.
2483 5496 2677 5552 merito
2714 5510 2811 5551 eos
2839 5495 2914 5549 ibi
2959 5505 3171 5547 vermes
3199 5490 3417 5546 mordeo

1827 5592 1993 5656 bunt;
2016 5587 2111 5661 qui
2136 5595 2319 5644 autem
2346 5587 2441 5643 hic
2472 5585 2642 5644 fetore
2669 5586 2898 5643 luxuria:
2924 5582 3155 5640 dulciter
3178 5583 3416 5639 delecta-

1827 5684 2046 5747 bantur,
2069 5681 2217 5753 juste
2244 5680 2317 5737 ibi
2342 5680 2564 5753 putrida
2591 5679 2764 5739 fetore
2787 5679 3046 5736 atrociter
3073 5677 3408 5734 cruciantur.

1830 5774 1895 5827 fit
1924 5771 2054 5843 quia
2097 5770 2187 5827 hic
2206 5769 2552 5840 disciplinam
2592 5771 2835 5841 recipere
2858 5770 3172 5833 uoluerunt,
3199 5775 3255 5824 et
3282 5780 3411 5823 eum

1831 5863 2144 5921 hominibus
2187 5860 2446 5936 ﬂagellari
2489 5876 2597 5921 non
2645 5868 2983 5931 meruerunt,
3015 5860 3137 5921 ideo
3171 5858 3247 5918 ibi
3292 5860 3412 5917 sine
