4032 6396
175 385 305 442 913

1122 379 1696 440 ηεηοπλτιοκεε
1736 383 1837 440 SS.
1879 383 2190 440 PATRUM.
2231 384 2467 441 -—‘I.ID.
2509 385 2550 440 I.

3371 385 3474 442 926

176 498 416 574 asinus,
469 493 732 551 medietas
773 509 937 549 ursus
981 492 1102 550 fuit.
1157 492 1212 547 In
1261 510 1369 564 qua
1404 502 1584 550 autem
1616 494 1792 552 forma
1823 503 1868 559 Α
1896 497 2326 570 cum’triumpho
2356 499 2479 554 inde
2505 499 2741 564 rediens,
2772 508 2958 570 raptos
2986 497 3110 553 inde
3135 497 3190 552 In
3220 499 3477 569 paradiso

177 589 498 662 apparent?
531 586 585 642 In
620 588 881 651 humana,
917 601 1148 656 corpore
1179 596 1462 656 assumpto
1492 587 1559 642 de
1584 603 1730 643 aere.

265 682 353 736 De
381 681 786 736 immortalitate
827 694 1046 749 quoque
1074 680 1272 734 anima:
1295 679 1428 734 dicit
1458 679 1650 735 beatus
1680 681 1792 735 Au-

180 775 459 846 gustinus
486 793 500 827 :
537 774 728 827 Anima
761 772 999 826 hominis
1027 772 1351 826 immortalis
1379 780 1464 827 est
1486 772 1786 826 secundum

180 867 497 936 quemdam
541 875 751 919 motum
800 880 984 928 suum,
1034 879 1143 918 non
1187 873 1369 918 tamen
1422 863 1571 918 omni
1628 863 1790 918 modo

180 957 346 1012 sicut
396 956 562 1020 Deus,
593 957 661 1011 de
695 971 804 1026 quo
855 956 1063 1011 dictum
1104 964 1207 1020 est,
1238 956 1365 1025 quia
1397 955 1548 1010 solus
1595 955 1793 1009 habeat

183 1049 668 1103 immortalitatem
701 1048 753 1117 (Ι
787 1048 922 1102 Tim.
960 1047 1059 1116 vi).
1116 1045 1250 1100 Nam
1298 1046 1365 1100 de
1415 1047 1612 1100 animae
1645 1061 1791 1099 mor-

182 1141 351 1196 tibus
380 1156 536 1196 saera
566 1139 850 1209 Scriptura
876 1140 1046 1194 multa
1094 1147 1507 1195 commemorat.
1542 1137 1697 1194 Unde
1738 1148 1793 1193 et

183 1233 336 1288 illud
387 1241 471 1287 est
522 1251 535 1286 :
589 1251 606 1284 ι
655 1231 785 1287 Sine
835 1241 1082 1286 mortuos
1113 1232 1342 1301 sepelire
1373 1239 1620 1285 mortuos
1660 1246 1792 1286 suos

186 1328 429 1397 (Matth.
454 1328 596 1397 vui).
642 1346 660 1377 ι
697 1326 772 1382 Ita
795 1343 925 1382 vero
955 1327 1190 1381 moritur
1222 1327 1456 1381 alienata
1481 1342 1511 1381 a
1535 1327 1642 1380 vita
1674 1326 1788 1394 Dei,

189 1430 257 1474 ut
284 1430 472 1475 tamen
505 1421 556 1473 in
581 1429 773 1474 natura
799 1435 897 1474 sua
920 1419 1102 1474 vivere
1131 1435 1235 1473 non
1266 1419 1493 1473 omnino
1519 1419 1751 1474 desistat
1774 1436 1786 1473 :

187 1518 269 1570 ita
306 1514 556 1568 mortalis
583 1529 648 1568 ex
683 1513 866 1582 aliqua
893 1528 1059 1567 causa
1085 1512 1380 1576 invenitur,
1405 1521 1464 1566 ut
1493 1511 1658 1565 etiam
1688 1511 1791 1564 im-

193 1607 457 1661 mortalis
484 1621 592 1659 non
620 1605 738 1658 sine
768 1604 978 1659 ratione
1002 1603 1236 1659 dicatur.
1267 1601 1384 1656 Non
1422 1613 1506 1656 est
1539 1617 1665 1671 pars
1694 1601 1790 1656 Dei

191 1699 410 1753 anima.
443 1697 500 1752 Si
544 1697 688 1751 enim
721 1697 825 1751 hoc
864 1704 1028 1758 esset,
1061 1695 1288 1748 omnino
1327 1695 1792 1750 incommutabilis

189 1801 250 1846 ct
307 1788 745 1858 ineorruptibilis
771 1795 933 1842 esset.
964 1785 1109 1841 Idem
1133 1786 1178 1842 si
1223 1795 1388 1852 esset,
1418 1802 1518 1840 nec
1539 1787 1792 1841 deﬁceret

190 1881 252 1935 in
305 1881 572 1945 deterius,
609 1895 710 1934 nec
758 1878 1044 1948 proliceret
1087 1878 1141 1931 in
1181 1877 1397 1942 melius,
1443 1893 1544 1932 nec
1586 1877 1788 1947 aliquid
1824 1853 1866 1907 Β

191 1973 252 2028 in
307 1973 603 2042 semetipsa
641 1972 902 2040 inciperet
944 1971 1145 2026 habere
1187 1970 1331 2041 quod
1381 1986 1489 2024 non
1535 1970 1787 2038 habebat,

191 2075 471 2134 quantum
515 2065 580 2119 ad
617 2063 790 2134 ipsius
841 2062 1156 2118 all'ectiones
1185 2062 1437 2132 pertinet.
1484 2060 1610 2116 Ilaec
1663 2063 1790 2116 hea-

192 2165 290 2211 tus
316 2156 676 2226 Augustinus.
718 2154 1082 2210 Cassiodorus
1129 2169 1258 2210 vero
1311 2155 1391 2211 sic
1436 2155 1557 2209 ait:
1592 2154 1791 2225 Singu-

191 2250 395 2305 Iariter
423 2258 602 2304 autem
641 2250 784 2303 Deus
815 2246 1142 2303 immortalis
1183 2255 1285 2311 est,
1333 2245 1682 2316 singulariter
1702 2246 1794 2316 ju-

195 2351 346 2408 stus,
391 2341 743 2414 singulariter
792 2350 1005 2410 potens,
1044 2339 1393 2409 singulariter
1432 2339 1630 2403 bonus,
1679 2339 1794 2392 sin-

195 2433 470 2507 gulariter
500 2443 746 2499 sanctus,
778 2432 1036 2504 quoniam
1065 2433 1188 2487 licet
1233 2432 1333 2486 ista
1359 2432 1441 2486 vel
1473 2432 1673 2485 similia
1707 2431 1792 2487 his

199 2526 524 2582 hominibus
548 2525 631 2578 vel
666 2524 874 2595 angelis
916 2524 1095 2578 inesse
1138 2523 1410 2586 dicantur,
1438 2521 1583 2577 nulla
1612 2531 1790 2577 tamen

199 2619 270 2674 ad
314 2619 660 2674 altitudinem
689 2618 810 2687 ejus
850 2617 1163 2672 reverendre
1192 2616 1476 2686 potestatis
1516 2615 1794 2686 attingun-

199 2718 312 2764 tur.
354 2709 518 2764 Solus
546 2709 893 2780 omnipotens
929 2706 1076 2762 Deus
1122 2715 1226 2771 est,
1279 2706 1368 2761 cui
1414 2705 1518 2760 hoc
1547 2714 1631 2759 est
1671 2720 1793 2761 esse

198 2802 350 2871 quod
379 2817 590 2870 sapere,
637 2801 743 2855 hoc
769 2815 930 2871 posse
954 2799 1098 2870 quod
1131 2799 1332 2863 vivere,
1361 2797 1464 2852 hoc
1491 2798 1624 2852 velle
1646 2798 1790 2867 quod

200 2893 403 2949 facere.
433 2893 498 2948 Et
542 2894 738 2949 merito
781 2893 1002 2964 quando
1046 2892 1322 2956 universa,
1347 2908 1468 2963 quae
1497 2907 1623 2945 vere
1651 2891 1790 2946 bona

201 2997 354 3052 sunt,
396 3002 504 3040 nun
542 2986 606 3040 ad
641 2986 792 3040 illum
833 2985 1061 3042 veniunt
1099 2994 1158 3038 ut
1203 2985 1328 3039 inde
1355 2983 1662 3055 proﬁciant,
1697 2984 1790 3039 sed

203 3080 274 3134 ab
313 3081 432 3151 ipso
476 3079 797 3150 procedunt.
833 3077 1178 3149 Quapropter
1206 3079 1323 3132 lucc
1375 3077 1580 3140 anima,
1625 3091 1790 3147 quam

203 3173 465 3236 diximus,
491 3188 598 3227 non
638 3171 982 3237 intelligenda
1008 3180 1088 3227 est
1115 3187 1241 3240 pars
1269 3169 1387 3236 Dei,
1411 3169 1538 3240 quia
1565 3185 1794 3224 conver-
1821 3198 1862 3254 ο

205 3264 376 3320 tibilis
404 3272 520 3329 est;
570 3279 748 3334 neque
787 3263 1128 3335 angelorum,
1159 3263 1286 3332 quia
1317 3260 1468 3317 carni
1513 3260 1791 3316 sociabilis

205 3365 320 3423 est;
351 3372 524 3427 neque
548 3372 612 3410 ex
645 3371 792 3421 aere,
825 3370 1000 3424 neque
1024 3371 1090 3410 ex
1120 3370 1281 3424 aqua,
1326 3369 1503 3423 neque
1528 3370 1592 3408 ex
1625 3362 1792 3420 terra,

206 3461 382 3516 neque
409 3463 477 3501 ex
522 3447 604 3500 eis
631 3462 754 3516 qum
787 3455 975 3499 mutua
1007 3445 1109 3500 sibi
1147 3445 1524 3513 complexione
1547 3445 1793 3516 jungun-

207 3546 316 3605 tur,
363 3537 458 3592 scd
504 3537 756 3606 simplex,
799 3546 853 3590 et
881 3552 947 3589 ex
991 3537 1207 3606 propria
1256 3547 1448 3591 natura
1479 3546 1532 3591 et
1561 3538 1631 3591 ab
1671 3538 1795 3593 aliis

207 3630 492 3700 spiritibus
540 3628 800 3684 discreta.
846 3627 1077 3682 Constat
1123 3644 1255 3697 ergo
1301 3629 1540 3683 animam
1592 3629 1647 3683 in
1693 3629 1796 3685 hoc

213 3722 419 3776 nume
449 3722 629 3776 stabili
659 3731 713 3776 et
747 3721 990 3776 variabili
1021 3722 1301 3777 voluntate
1343 3725 1585 3777 converti
1632 3724 1797 3780 bona-

213 3829 446 3884 rumque
475 3829 658 3868 rerum
711 3829 834 3870 esse
863 3814 1163 3869 amissibile
1205 3829 1269 3869 ac
1315 3816 1660 3886 receptihile;
1695 3832 1797 3873 nec

210 3919 320 3960 uno
368 3905 666 3961 voluntatis
717 3920 830 3961 sme
880 3905 1060 3976 rigore
1109 3907 1427 3972 subsistere,
1481 3908 1574 3962 sed
1628 3908 1793 3963 etiam

208 4006 395 4055 contra
425 3998 751 4068 dispositum
783 4014 944 4053 suum
996 3999 1280 4070 multiplici
1327 4015 1386 4056 se
1438 4001 1797 4058 conversione

213 4100 440 4146 mutare.
482 4088 638 4145 Nunc
663 4089 946 4146 sciendum
973 4099 1077 4155 est,
1109 4090 1226 4146 hare
1251 4090 1579 4147 immortalis
1612 4092 1794 4148 anima

213 4182 666 4255 quemadmodum
717 4181 915 4252 degere
952 4182 1238 4237 sentiatur.
1269 4181 1415 4236 Vivit
1465 4183 1518 4236 in
1565 4199 1624 4239 se
1673 4192 1797 4254 post

217 4275 376 4345 hujus
399 4274 583 4330 szeculi
611 4273 991 4339 amissionem,
1021 4289 1130 4328 non
1159 4272 1387 4329 reﬂante
1408 4274 1627 4343 spiritu,
1655 4275 1798 4330 sicut

214 4382 445 4437 corpus;
497 4365 593 4422 sed
639 4365 834 4436 aequali
868 4365 1190 4432 mobilitate,
1233 4380 1358 4436 qua:
1411 4365 1484 4419 illi
1536 4366 1794 4434 aprihnta

215 4469 313 4525 est,
339 4474 497 4530 pura,
530 4457 768 4524 subtilis,
797 4457 974 4523 velox,
1008 4458 1137 4520 cita.
1171 4466 1393 4522 :eterua,
1421 4456 1587 4523 videt,
1621 4458 1792 4524 audit,

1891 591 2200 656 collocavit,
2240 608 2440 662 corpus
2495 591 2550 646 in
2601 593 2852 662 sepulcro
2893 592 3152 655 visitavit,
3208 593 3354 662 quod
3409 593 3477 648 de

1891 685 2126 740 mortuis
2171 687 2447 740 excitavit.
2493 684 2726 752 Quidam
2770 685 3014 739 sentiunt
3040 684 3185 753 quod
3235 683 3304 737 ah
3339 684 3475 738 hora

1893 778 2085 832 mortis
2125 793 2300 848 usque
2345 778 2411 831 ad
2452 779 2642 832 horam
2695 777 3116 832 resurrectionis
3154 777 3208 830 in
3262 775 3476 830 inferno

1892 887 2018 925 cum
2063 871 2250 925 electis
2283 869 2465 935 fuerit,
2508 879 2560 924 et
2596 869 2719 924 inde
2764 885 2888 924 cum
2930 869 3012 923 eis
3055 868 3246 922 abiens
3294 883 3477 924 resur-

1892 960 2115 1014 rexerit.
2161 959 2342 1026 Quare
2383 968 2564 1014 autem
2608 974 2716 1013 non
2751 960 2934 1014 statim
2967 966 3090 1030 post
3131 967 3357 1012 mortem
3391 973 3478 1013 re-

1893 1053 2192 1108 surrcxerit
2221 1054 2335 1107 haec
2361 1068 2527 1106 causa
2559 1050 2682 1117 fuit,
2708 1052 2917 1106 scilicet
2944 1068 3012 1106 ne
3037 1051 3204 1121 aliqui
3233 1051 3478 1105 dicerent

1892 1159 2018 1200 eum
2066 1160 2176 1199 non
2230 1153 2505 1199 mortuum
2538 1143 2728 1207 fuisse,
2761 1144 2855 1198 sed
2887 1144 2940 1197 in
2977 1144 3262 1197 tormentis
3293 1143 3479 1197 obstu-

1893 1236 2097 1305 puisse.
2129 1234 2185 1290 Si
2214 1244 2394 1290 autem
2417 1244 2542 1306 post
2565 1235 2793 1289 multum
2820 1243 3036 1304 tempus
3063 1235 3474 1301 resurrexisset,

1892 1335 2038 1380 esset
2065 1325 2290 1380 dubium
2335 1341 2403 1380 an
2439 1327 2555 1395 ipse
2591 1337 2754 1380 esset.
2783 1326 2896 1379 Cur
2919 1341 3048 1394 ergo
3073 1337 3180 1380 tam
3212 1326 3322 1380 cito
3354 1342 3478 1380 sur-

1893 1419 2064 1474 rexit?
2091 1418 2156 1474 Ut
2180 1419 2342 1474 citius
2370 1435 2502 1474 suos
2527 1419 2924 1484 consolaretur,
2951 1419 3043 1489 qui
3071 1419 3140 1473 de
3167 1435 3266 1473 sua
3302 1429 3477 1473 morte

1897 1512 2278 1566 tristabantur.
2305 1511 2488 1578 Quare
2504 1521 2683 1566 autem
2715 1511 2766 1565 in
2792 1513 2967 1581 prima
2991 1511 3078 1565 die
3101 1510 3478 1565 hebdomadas?

1896 1605 1966 1662 Ut
1991 1623 2053 1661 ea
2095 1608 2184 1661 die
2224 1607 2488 1662 mundum
2539 1607 2824 1660 iuum'arel
2853 1621 2961 1675 qua
2997 1620 3122 1659 eum
3175 1612 3473 1658 creaverat.

1893 1697 2005 1751 Cur
2031 1697 2186 1752 tertia
2221 1698 2310 1752 die
2355 1697 2668 1767 passionis?
2703 1695 2773 1751 Ut
2803 1712 2898 1752 eos
2937 1697 3029 1766 qui
3067 1697 3241 1750 tribus
3268 1704 3478 1765 tempo-

1895 1790 2048 1844 ribus
2097 1799 2222 1844 ante
2253 1791 2445 1859 legem,
2478 1790 2580 1844 sub
2614 1790 2756 1860 lege,
2789 1789 2893 1843 sub
2920 1789 3114 1857 gratia,
3147 1788 3200 1841 in
3238 1788 3477 1858 peccatis

1894 1881 2094 1936 mortui
2126 1890 2283 1936 erant
2323 1882 2648 1947 sublevaret,
2679 1889 2732 1935 et
2758 1890 2816 1934 ut
2846 1896 2947 1935 nos
2973 1880 3064 1948 qui
3092 1878 3270 1944 factis,
3292 1880 3474 1946 dictis,

1892 1973 2314 2044 cogitationibus
2346 1973 2601 2038 labimur,
2645 1988 2742 2042 per
2790 1973 2948 2026 tidem
2992 1980 3194 2026 sancta:
3241 1969 3478 2025 Trinita-

1893 2065 1964 2120 tis
2001 2055 2374 2135 resurgamus.
2421 2063 2672 2118 Surrexit
2719 2064 2903 2134 itaque
2947 2062 3201 2117 Christus
3239 2062 3396 2116 tertia
3445 2077 3477 2116 a

1894 2157 2127 2212 mortuis
2169 2157 2276 2222 die,
2327 2166 2386 2211 ut
2434 2157 2592 2211 nobis
2622 2157 2930 2226 exemplum
2976 2165 3122 2210 esset
3161 2154 3355 2208 futura:
3387 2169 3477 2208 re-

1893 2250 2274 2313 surrectionis,
2299 2265 2420 2319 qua:
2446 2249 2550 2303 erit
2575 2265 2699 2303 eum
2730 2247 3028 2302 novissima
3058 2248 3184 2301 tuba
3218 2251 3480 2301 Insonue-

1893 2343 1963 2396 rit
1997 2341 2049 2413 (1
2084 2341 2206 2396 Cor.
2243 2343 2354 2410 xv).
2380 2341 2520 2408 Quid
2551 2350 2635 2396 est
2667 2341 2963 2395 novissima
2996 2339 3161 2394 tuba?
3189 2337 3328 2391 Cum
3374 2335 3472 2391 Do-

1896 2437 2080 2492 minus
2107 2437 2260 2490 daret
2299 2436 2468 2504 legem
2502 2436 2556 2489 iu
2598 2444 2806 2500 monte,
2837 2434 3020 2488 audita
3064 2441 3144 2488 est
3171 2448 3275 2486 vox
3312 2431 3476 2485 tubae.

1895 2528 1970 2584 Ita
2007 2530 2204 2600 angeli,
2249 2529 2314 2583 ad
2363 2529 2466 2583 hoc
2495 2528 2775 2584 constituti
2805 2527 3127 2598 corporibus
3159 2535 3212 2580 et
3238 2524 3384 2580 tubis
3412 2525 3481 2578 de

1895 2638 2020 2678 aere
2049 2623 2304 2692 sumptis,
2349 2622 2592 2676 terribile
2635 2621 2902 2690 judicium
2953 2619 3067 2685 Dei,
3109 2619 3292 2674 sonitu
3337 2617 3481 2672 tuba:

1894 2715 2102 2769 mundo
2143 2714 2412 2780 intonant,
2447 2723 2505 2768 ut
2536 2715 2737 2768 dicitur
2767 2728 2794 2766 ε·
2821 2733 2837 2764 ι
2879 2712 3048 2766 Canet
3076 2713 3221 2766 enim
3269 2714 3397 2765 tuba
3423 2706 3478 2779 (I

1895 2806 2018 2860 Cor.
2048 2806 2160 2874 xv),
2191 2823 2208 2855 ι
2238 2815 2292 2860 et
2324 2805 2518 2859 iterum
2549 2823 2562 2858 :
2595 2825 2611 2855 ι
2645 2803 2812 2858 Periit
2841 2803 3102 2858 memoria
3131 2817 3319 2855 eorum
3351 2814 3478 2856 c'tm

1895 2895 2078 2952 sonitu
2124 2895 2297 2964 (Psal.
2333 2895 2430 2966 Ix).
2475 2916 2492 2948 ι
2531 2895 2596 2952 Et
2643 2897 2875 2951 altisona
2911 2909 3041 2949 voce
3088 2894 3322 2947 mortuis
3362 2890 3478 2946 cla-

1895 2997 2009 3043 mat
2039 3007 2051 3041 :
2077 2987 2314 3058 Surgite,
2345 2997 2406 3042 ut
2427 2988 2630 3043 dicitur
2659 3007 2672 3042 :
2712 3006 2730 3036 ι
2770 2985 2942 3041 Media
2974 2992 3133 3039 nocte
3165 2985 3373 3037 clamor
3398 2983 3482 3039 fa-

1895 3090 2017 3135 ctus
2061 3088 2146 3134 est
2195 3077 2413 3148 (Matth.
2459 3079 2610 3149 xxv).
2664 3098 2682 3129 ι
2719 3079 2799 3132 Ad
2849 3093 3015 3148 quam
3063 3090 3252 3131 vocem
3286 3089 3480 3130 omnes

1897 3171 2120 3238 mortui,
2152 3171 2278 3225 boni
2320 3181 2373 3227 et
2398 3171 2523 3226 mali
2551 3171 2606 3226 in
2644 3170 2753 3226 ictu
2778 3171 2941 3234 oculi,
2977 3170 3025 3224 id
3058 3177 3142 3224 est
3175 3184 3338 3238 quam
3369 3168 3480 3222 cito

1895 3264 2116 3319 oculum
2170 3262 2350 3332 possis
2413 3263 2646 3334 aperire,
2723 3270 3055 3334 resurgunt,
3113 3260 3225 3314 imo
3289 3267 3478 3330 aperto

1894 3355 2056 3410 oculo
2087 3355 2260 3409 lucem
2290 3354 2496 3410 videre.

1965 3446 2098 3513 Qua:
2121 3455 2205 3501 est
2229 3446 2558 3501 resurrectio
2583 3446 2796 3516 prima?
2828 3444 2981 3500 Sicut
3016 3453 3144 3502 sunt
3173 3445 3295 3500 duae
3329 3460 3483 3500 mor-

1895 3547 1999 3603 tes,
2044 3538 2116 3592 ita
2155 3547 2285 3593 sunt
2324 3539 2446 3593 dum
2477 3537 2950 3594 resurrectioues:
2993 3554 3100 3592 una
3144 3537 3478 3604 animarum,

1896 3629 2064 3684 altera
2095 3646 2411 3700 corporum.
2457 3629 2596 3684 Cum
2643 3629 2809 3684 homo
2839 3638 3046 3700 peccat,
3079 3630 3264 3684 anima
3304 3629 3479 3685 mori-

1896 3729 2008 3787 tur,
2031 3721 2158 3792 quia
2187 3739 2216 3776 a
2241 3723 2371 3786 vita,
2401 3722 2452 3776 id
2476 3731 2560 3776 est
2586 3738 2615 3776 a
2642 3720 2752 3776 Deo
2773 3722 3065 3788 deseritur,
3088 3731 3142 3776 et
3172 3722 3224 3775 in
3252 3737 3482 3792 corpore

1896 3814 2054 3882 quasi
2078 3814 2132 3866 in
2162 3815 2412 3883 sepulcro
2439 3813 2718 3884 sepelitur.
2763 3814 2901 3868 Cum
2931 3830 3060 3869 vero
3087 3830 3186 3885 per
3219 3815 3484 3885 peeniten-

1896 3905 2029 3959 tiam
2065 3905 2131 3958 ad
2164 3905 2328 3958 vitam
2373 3905 2589 3960 Domini
2632 3905 2793 3971 redit,
2819 3907 2979 3976 quasi
3023 3922 3055 3961 a
3099 3917 3274 3961 morte
3300 3922 3483 3962 resur-

1897 3997 1994 4068 git.
2023 3996 2141 4052 Alia
2173 4005 2354 4052 autem
2387 3997 2714 4053 resurrectio
2745 3998 2844 4052 erit
2870 4013 3185 4067 corporum.
3209 3997 3327 4064 Qua
3351 3997 3484 4053 die?

1898 4088 1955 4143 In
1985 4089 2074 4144 die
2117 4087 2361 4154 Paschze,
2409 4105 2472 4144 ea
2519 4089 2652 4144 hora
2702 4105 2810 4160 qua
2857 4089 3112 4144 Christus
3160 4089 3479 4144 resurrexit.

1897 4182 2015 4238 Erit
2042 4184 2239 4254 aliquis
2264 4192 2394 4239 tunc
2424 4185 2477 4239 in
2510 4184 2754 4239 mundo?
2786 4183 2863 4238 Ita
2890 4184 3084 4254 plenus
3108 4184 3211 4238 erit
3241 4183 3481 4239 homini-

1897 4279 2003 4333 bus
2037 4287 2097 4332 ut
2133 4287 2218 4334 est
2263 4279 2446 4346 hodie,
2475 4278 2568 4351 qui
2615 4279 2688 4333 ita
2718 4287 2847 4333 sunt
2879 4289 3170 4348 operantes
3197 4287 3257 4334 ut
3298 4278 3479 4333 hodie.

1897 4371 2128 4438 Quidam
2176 4381 2355 4436 arant,
2384 4372 2606 4443 quidam
2648 4371 2923 4442 navigant,
2948 4371 3169 4441 quidam
3191 4371 3483 4435 aediﬁcant,

1897 4464 2118 4533 quidam
2162 4465 2309 4518 aliud
2346 4474 2401 4519 et
2442 4465 2588 4520 aliud
2621 4463 2848 4519 faciunt.
2892 4463 3033 4531 Quid
3077 4464 3145 4519 de
3195 4464 3300 4520 illis
3350 4463 3487 4518 fiet?

217 4554 402 4624 tangit.
429 4569 494 4608 ac
515 4553 742 4624 reliquis
768 4552 1022 4608 sensibus
1049 4551 1322 4608 elIicacius
1343 4552 1482 4606 valet
1508 4569 1522 4614 ;
1550 4567 1657 4608 non
1679 4553 1791 4621 jam
1826 4551 1870 4606 D
1897 4552 2036 4608 Justi
2080 4569 2205 4608 cum
2251 4565 2566 4625 resurgunt,
2611 4571 2738 4610 mox
2784 4555 2854 4610 ab
2882 4555 3088 4626 angelis
3137 4556 3193 4610 in
3231 4571 3356 4610 aera
3385 4555 3485 4609 ob-

218 4664 280 4704 ex
307 4647 551 4718 partibus
584 4647 700 4702 suis
749 4648 865 4702 ha‘c
912 4645 1240 4716 intelligens,
1273 4645 1366 4701 sed
1395 4646 1594 4700 omnia
1633 4646 1794 4716 spiri-

217 4741 428 4797 tualiter
451 4757 514 4797 ex
539 4749 652 4796 toto
673 4753 1030 4810 cognoscens.
1061 4737 1188 4794 Ilmc
1213 4739 1282 4794 de
1311 4739 1492 4793 anima
1525 4738 1795 4794 sufﬁciant

219 4834 371 4890 dicta.

890 4937 1110 4978 DIVISIO.

291 5019 439 5077 Venit
460 5019 726 5077 Dominus
747 5019 812 5074 ad
831 5017 1105 5073 infernum
1132 5015 1469 5086 superiorem
1495 5015 1792 5079 nascendo,

220 5122 277 5168 ut
299 5114 548 5169 liberaret
576 5126 871 5183 Oppressos
901 5127 930 5164 a
962 5109 1212 5172 diabolo;
1255 5108 1537 5162 descendit
1568 5109 1634 5162 ad
1659 5108 1798 5164 inl'e-

225 5209 410 5264 riorem
442 5206 749 5272 moriendo,
793 5214 852 5258 ut
882 5203 1175 5258 redimeret
1210 5201 1455 5271 captives
1481 5217 1509 5256 a
1538 5209 1794 5272 tyranno,

224 5308 278 5356 ut
297 5300 492 5356 dicitur
521 5319 534 5354 :
570 5318 589 5351 ι
624 5297 821 5353 Dicens
858 5297 945 5351 his
975 5296 1068 5366 qui
1097 5295 1264 5349 vincti
1301 5303 1427 5348 sunt
1461 5312 1474 5347 :
1519 5292 1706 5358 Exite;
1741 5302 1797 5349 et

228 5393 307 5450 his
327 5394 418 5464 qui
445 5394 506 5448 in'
535 5391 776 5448 tenebris
807 5409 821 5444 :
867 5387 1206 5444 Revelamini
1235 5385 1372 5454 (Isa.
1403 5388 1572 5454 χιιι).
1610 5405 1629 5437 ι
1664 5385 1798 5440 Vin-

224 5498 329 5544 etos
363 5494 524 5541 vocat
566 5483 660 5555 qui
690 5492 848 5538 erant
875 5482 929 5537 in
972 5481 1181 5552 poenis;
1213 5478 1352 5533 alios
1389 5493 1519 5533 vero
1551 5477 1604 5532 in
1640 5488 1793 5534 tene-

225 5577 344 5632 bris.
379 5575 531 5643 Quos
562 5591 754 5630 omnes
797 5589 860 5629 ea
911 5574 1046 5629 hora
1097 5587 1204 5641 qua
1240 5569 1467 5641 angelus
1499 5569 1792 5641 Egyptum

224 5667 529 5733 devastavit,
555 5677 609 5724 et
629 5683 692 5724 ea
726 5668 856 5723 hora
883 5682 989 5738 qua
1018 5665 1222 5720 electos
1244 5677 1376 5719 suos
1411 5663 1465 5718 in
1488 5661 1700 5732 judicio
1731 5663 1796 5719 de

225 5757 551 5822 boemundo
573 5757 824 5812 liberabit
857 5775 872 5812 :
903 5772 966 5810 ea
998 5757 1130 5811 hora
1179 5754 1387 5811 scilicet
1430 5753 1608 5810 media
1637 5762 1798 5810 nocte

228 5851 665 5919 resurrectionis,
709 5849 968 5906 Christus
1022 5846 1294 5904 inl‘srnum
1346 5846 1694 5920 despoliavit,
1739 5856 1792 5902 et

1897 4645 2039 4700 viam
2067 4647 2288 4703 Christo
2320 4649 2610 4720 rapiuntur
2634 4648 2688 4721 (Ι
2711 4648 2835 4705 Cor.
2866 4649 2981 4719 xv),
3008 4658 3061 4703 et
3086 4649 3141 4703 in
3173 4649 3292 4718 ipso
3324 4657 3482 4718 raptu

1898 4739 2228 4806 moriuntur,
2252 4751 2307 4795 et
2337 4741 2690 4796 reviviscunt.
2716 4741 2951 4812 Reprohi
2987 4755 3117 4795 vero
3138 4740 3205 4796 de
3235 4741 3354 4811 ipso
3378 4749 3486 4795 ter-

1897 4845 2022 4884 rore
2051 4831 2378 4896 moriuntur,
2408 4841 2463 4886 et
2487 4830 2776 4887 confestim
2821 4831 3145 4887 reviviscent
3189 4842 3243 4888 et
3270 4835 3372 4889 hoc
3400 4843 3484 4890 est

1894 4919 2144 4990 judicare
2171 4923 2322 4977 vivos
2350 4931 2404 4977 et
2443 4932 2713 4978 mortuos.
2743 4921 3048 4992 Resurgcnt
3074 4924 3168 4992 qui
3201 4923 3254 4978 in
3285 4925 3482 4979 matri—

1899 5013 2002 5067 bus
2047 5023 2176 5068 sunt
2202 5014 2754 5086 mortuiiouotquot
2779 5015 3002 5069 vitalem
3051 5015 3301 5085 spiritum
3337 5032 3488 5072 rece-

1898 5115 2116 5174 perunt,
2170 5116 2474 5178 resurgent.
2526 5105 2644 5174 Qua
2689 5117 2867 5172 :ctate,
2906 5108 2990 5162 vel
3034 5124 3140 5178 qua
3192 5110 3491 5163 mensura?

1898 5198 2016 5266 Qua
2068 5209 2244 5254 erant.
2293 5199 2430 5255 Cum
2475 5209 2660 5257 essent
2703 5217 2813 5256 xxx
2865 5216 3134 5257 annorum
3183 5203 3268 5256 vel
3315 5202 3487 5256 futuri

1898 5301 2075 5356 erant,
2121 5292 2167 5346 si
2216 5300 2342 5347 ante
2389 5309 2496 5348 non
2539 5293 2936 5348 moriebantur.
2972 5293 3281 5364 Aliquando
3325 5293 3480 5361 lupu~

1897 5385 2122 5440 devorat
2145 5385 2444 5452 hominem,
2485 5395 2540 5442 ct
2568 5403 2697 5443 caro
2723 5387 2962 5442 hominis
2992 5388 3223 5441 vertitur
3246 5386 3298 5439 in
3329 5399 3486 5439 suam

1897 5491 2141 5542 carnem,
2173 5477 2362 5548 lupum
2385 5493 2515 5533 vero
2539 5495 2724 5544 ursus,
2752 5495 2942 5534 ursum
2975 5479 3084 5544 leo,
3115 5477 3391 5547 quomodo
3425 5491 3487 5530 ex

1899 5569 1987 5624 his
2028 5571 2262 5641 resurgit
2298 5571 2506 5624 homo?
2533 5571 2688 5638 Quod
2720 5570 2825 5626 fuit
2856 5587 2986 5625 caro
3017 5568 3259 5623 hominis
3303 5583 3488 5622 resur-

1899 5671 2005 5732 get,
2044 5662 2190 5733 quod
2246 5663 2541 5718 bestiarum
2591 5671 2855 5718 remanet.
2903 5660 3018 5717 Scit
3058 5661 3204 5715 enim
3239 5661 3373 5716 Itene
3400 5675 3488 5716 se-

1899 5771 2122 5812 cernere
2159 5758 2252 5829 qui
2299 5759 2457 5814 scivit
2499 5758 2697 5814 cuncta
2739 5773 2804 5812 ex
2851 5757 3023 5812 nihilo
3073 5755 3326 5812 condere.
3361 5755 3487 5814 Sive

1901 5863 2030 5917 ergo
2063 5847 2402 5906 membratim
2436 5865 2464 5903 a
2496 5847 2706 5914 bestiis,
2727 5847 2838 5904 sive
2868 5862 2896 5902 a
2921 5846 3183 5920 piscibus,
3209 5865 3301 5907 seu
3334 5864 3364 5907 a
3391 5861 3486 5905 vo—'

3962 4685 3970 4927 J

3964 5757 3967 5879 4
