3964 6490
446 484 449 487 .
518 426 628 485 θη

1623 418 1949 477 neuneu:
1988 414 2282 475 ABBATIS
2317 415 2375 475 s.
2421 410 2641 475 ausu
3690 390 3781 470 θεά

514 540 769 596 luet-ibus
803 538 1149 601 devorentnr,
1177 547 1372 592 omnes
1402 532 1457 587 in
1500 534 1906 590 resurrectione
1930 531 2103 590 refor-
2131 534 2177 593 A
2208 532 2412 587 tionem
2440 530 2511 587 ah
2543 531 2666 586 aliis
2693 538 3027 602 segregatus,
3078 529 3133 584 in
3164 527 3380 585 fletibus
3402 527 3779 598 permanebat;

518 632 820 687 maturatur
852 649 866 685 :
896 629 950 683 in
977 637 1184 683 tantum
1219 636 1278 681 ut
1307 641 1408 681 nec
1434 626 1665 696 capillus
1707 626 1776 682 de
1809 626 1890 683 eis
1917 635 2102 697 pereat

523 723 677 793 (an.
723 724 843 788 xu).
892 718 949 775 Si
988 719 1168 788 capilli
1198 727 1252 773 et
1299 734 1512 789 ungues
1559 718 1773 788 praecisi
1820 718 1876 773 iu
1918 719 2100 774 locum

521 829 681 869 suum
710 813 954 876 redeunt,
994 824 1178 865 nonne
1204 809 1479 865 deformes
1509 811 1717 864 erunt?
1748 806 1867 864 Non
1906 820 1989 864 est
2018 811 2103 864 in-

520 902 870 974 telligendum
913 900 1058 971 quod
1103 901 1215 957 sint
1256 900 1480 955 redituri
1531 901 1584 955 in
1616 901 1851 970 priorem
1896 902 2098 956 locum.

521 994 630 1049 Sed
670 995 811 1049 sicut
842 994 1040 1065 ﬁgulus
1077 994 1123 1049 si
1154 1010 1251 1050 vas
1276 995 1487 1050 noverit
1528 994 1754 1061 factum,
1783 993 2017 1066 frangat,
2049 1002 2104 1050 et

519 1082 588 1139 de
606 1085 795 1139 eodem
822 1084 937 1140 luto
962 1085 1109 1140 aliud
1137 1085 1320 1152 faciat,
1339 1101 1447 1141 non
1475 1086 1763 1141 attendens
1783 1088 1927 1157 quod
1950 1086 2103 1157 prius

518 1192 655 1233 ausa
686 1178 768 1232 vel
798 1176 1001 1233 fundus
1040 1178 1222 1245 fuerit,
1253 1179 1327 1233 ita
1360 1177 1623 1234 formator
1647 1179 1792 1235 Deus
1817 1181 1884 1235 de
1911 1180 2102 1235 eadem

519 1270 747 1326 materia
778 1270 924 1324 aliud
961 1286 1164 1341 corpus
1192 1271 1321 1326 huic
1348 1272 1503 1327 valde
1536 1272 1716 1327 simile
1760 1271 2101 1338 reformabit,

518 1364 607 1418 cui
635 1363 815 1418 omnis
843 1361 1166 1417 deformitas
1208 1373 1262 1418 et
1297 1363 1585 1421 inﬁrmitas
1621 1364 1786 1430 absit,
1831 1374 1885 1420 et
1922 1366 2104 1422 omnis

519 1452 804 1524 integritas
847 1462 903 1508 et
934 1454 1102 1509 decor
1143 1453 1324 1521 adsit,
1376 1456 1631 1525 quamvis
1676 1456 2106 1526 unumquodque

519 1544 826 1599 membrum
854 1544 998 1601 Deus
1024 1546 1077 1599 in
1111 1562 1270 1602 suum
1303 1548 1485 1602 locum
1509 1546 1765 1602 decenter
1794 1555 2107 1603 restaurare

516 1640 712 1709 possit.
764 1639 867 1705 Qui
921 1640 1008 1694 hic
1058 1640 1367 1695 habuerunt
1426 1640 1553 1695 bina
1595 1640 1774 1709 capita
1827 1640 1909 1694 vel
1954 1641 2106 1709 plura

519 1731 789 1797 membra,
829 1731 913 1785 vel
947 1732 1150 1802 quibus
1177 1731 1470 1787 defuerunt
1505 1732 1710 1801 aliqua,
1745 1739 1841 1786 aut
1877 1731 2108 1802 pingues

516 1824 603 1881 Vel
632 1825 802 1879 macri
830 1823 1070 1888 fuerunt,
1110 1832 1398 1895 resurgent
1428 1824 1602 1879 tales?
1638 1822 1742 1891 Qui
1767 1824 1857 1879 hic
1877 1824 1985 1879 duo
2012 1839 2106 1879 ca-

517 1916 634 1987 pita
676 1918 985 1973 habuerunt
1040 1918 1151 1972 duo
1190 1917 1355 1972 etiam
1397 1932 1631 1987 corpora
1685 1924 2000 1988 resurgeut,
2049 1925 2108 1971 ut

519 2024 863 2080 unaquaeque
891 2009 1072 2064 anima
1120 2009 1320 2064 habeat
1366 2024 1566 2079 corpus
1613 2024 1797 2075 suum,
1848 2008 1935 2063 cui
1971 2008 2106 2063 nihil

519 2099 797 2166 indecens,
823 2100 958 2154 nihil
989 2098 1234 2154 deforme
1256 2099 1551 2164 adhaereat,
1579 2108 1632 2154 et
1652 2100 1836 2153 omnia
1862 2098 2105 2152 membra

520 2205 652 2246 sana
689 2204 743 2246 et
784 2191 993 2262 integra
1036 2191 1187 2245 omni
1238 2190 1650 2261 pulchritudine
1683 2192 1838 2261 plena
1884 2190 2103 2244 haheat.

520 2283 675 2350 Quod
706 2285 938 2340 sentitur
977 2285 1044 2339 de
1072 2284 1337 2339 abortivis
1361 2286 1385 2338 ?
1411 2284 1467 2339 ln
1497 2294 1762 2356 quantum
1809 2293 1893 2340 est
1920 2299 2105 2339 semen

522 2382 771 2443 resurget
805 2374 859 2427 in
892 2382 1077 2443 patre;
1131 2374 1185 2427 in
1217 2388 1483 2444 quantum
1528 2373 1752 2445 sanguis
1785 2373 1977 2427 matris
2022 2387 2107 2427 re-

522 2475 708 2536 surget
730 2465 782 2518 iu
811 2476 1002 2520 matre.
1040 2464 1235 2532 Qualia
1261 2480 1492 2535 corpora
1532 2465 1845 2520 habebunt?
1872 2463 2094 2519 Immor-

523 2562 649 2616 talia
680 2571 734 2615 et
765 2562 1215 2631 iucorruptihilia,
1247 2561 1527 2631 splendida
1553 2571 1610 2616 ut
1632 2561 1832 2615 vitrum
1855 2559 2107 2631 praeluci-

520 2655 671 2710 dum.
698 2654 929 2724 Πρω-ι)ὴὶ
947 2655 1200 2725 quamvis
1220 2654 1832 2716 similiterinunortalia,
1853 2653 2107 2723 quamvis

521 2747 642 2801 sine
690 2745 796 2800 ﬁne
831 2746 1092 2813 dolentia,
1129 2747 1412 2801 habebunt
1464 2746 1628 2800 etiam
1675 2744 2105 2814 iucorruptibilia

523 2837 580 2893 in
632 2837 754 2902 hoc,
795 2839 1047 2908 quamvis
1092 2838 1350 2892 omnibus
1400 2837 1578 2907 poenis
1620 2836 1943 2901 aﬂiciautur,
1998 2852 2105 2890 nou

522 2934 964 2991 consumuntur;
994 2933 1047 2979 et
1075 2925 1213 2979 sicut
1253 2925 1470 2979 illorum
1509 2938 1738 2993 corpora
1780 2923 2106 2977 immortalia

522 3017 957 3088 tneorrnptibilia
983 3027 1037 3074 et
1061 3017 1365 3087 splendida,
1402 3017 1475 3072 ita
1512 3025 1566 3071 et
1612 3017 1842 3072 istorum
1879 3016 2108 3070 immor-

530 3109 677 3178 ..i|ia,
707 3111 1136 3180 incorruptibilia
1185 3120 1240 3167 et
1268 3110 1575 3165 tenebrosa.
1610 3108 1721 3166 llas
1757 3110 1893 3165 duas
1925 3125 2109 3164 resur-

2203 624 2457 694 septimo,
2504 622 2721 678 duolms
2751 623 2804 676 in
2848 622 2934 677 via
2965 621 3247 686 Emmaus,
3295 630 3354 675 ut
3383 622 3584 675 iterum
3618 617 3782 675 Lucas

2203 719 2478 790 loquitur;
2522 727 2735 781 octavo,
2769 718 3024 773 omnibus
3065 716 3253 786 januis
3297 715 3505 771 clausis
3547 715 3605 770 in
3649 730 3780 780 sero,

2203 819 2261 866 ut
2294 809 2528 866 Ioannes
2558 809 2848 875 describit;
2898 825 3046 863 nono
3095 809 3149 862 in
3191 816 3384 862 octava
3432 808 3542 871 die,
3575 807 3783 876 quando

2202 917 2327 957 eum
2351 901 2591 957 Thomas
2622 901 2893 972 palpavit;
2924 901 3139 955 decimo
3167 900 3233 955 ad
3270 916 3423 954 mare
3453 898 3778 965 Tiberiadis;

2203 994 2494 1049 undecimo
2517 996 2569 1048 in
2595 1003 2779 1049 monte
2804 993 3065 1061 Galilaue;
3112 992 3443 1048 duodecimo
3480 991 3782 1046 recumben-

2204 1085 2351 1142 tibus
2378 1103 2429 1140 χι
2454 1086 2761 1157 discipulis.

2278 1175 2402 1232 Haec
2434 1187 2563 1232 sunt
2594 1180 2792 1249 gaudia
2822 1187 3024 1233 nostne
3054 1176 3363 1232 festivitatis
3393 1193 3519 1247 (lure
3547 1176 3780 1235 Christus

2206 1283 2304 1323 sua
2327 1269 2726 1324 resurrectione
2754 1271 2981 1325 contulit
3011 1268 3190 1323 nobis.
3215 1268 3383 1340 Igitur
3405 1266 3527 1340 (sic)
3544 1268 3590 1323 si
3612 1285 3778 1324 vta-um

2205 1356 2415 1414 Pascha
2449 1359 2722 1414 celebrare
2765 1361 3043 1426 volumus,
3090 1359 3136 1415 si
3163 1359 3308 1428 quod
3356 1375 3542 1414 rerum
3584 1368 3639 1414 et
3667 1370 3782 1415 tem-

2208 1464 2402 1520 porum
2436 1452 2712 1523 mysteriis
2749 1451 3149 1521 significamus,
3192 1452 3304 1505 vita
3354 1460 3410 1505 et
3443 1451 3689 1507 moribus
3716 1460 3781 1507 te-

2208 1557 2437 1599 neamus
2466 1559 2701 1614 semper.
2731 1544 2938 1599 Idcirco
2966 1548 3111 1599 enim
3139 1556 3391 1599 sanctum
3425 1542 3637 1598 Pascha
3665 1544 3781 1601 albis

2207 1650 2282 1688 νη
2310 1635 2507 1690 diebus
2537 1636 2900 1697 celebramus,
2946 1646 3008 1691 ut
3058 1637 3385 1691 munditiam
3435 1635 3698 1705 corporis,
3736 1645 3780 1691 et

2208 1725 2451 1780 laetitiam
2494 1728 2916 1782 resurrectionis
2958 1744 3175 1799 semper
3226 1728 3428 1784 habere
3466 1745 3775 1785 mercamur.

2214 1816 2368 1874 Unde
2398 1835 2494 1888 per
2522 1820 2857 1890 Sapientiam
2895 1820 3097 1877 dicitur
3132 1841 3145 1877 :
3181 1841 3200 1875 ι
3234 1820 3396 1878 Damni
3424 1833 3665 1893 tempore
3686 1824 3779 1879 sint

2138 1894 2180 1948 Β
2210 1918 2301 1964 tua
2345 1911 2667 1966 vestimenta
2708 1913 2851 1980 alita,
2901 1924 2955 1968 et
2985 1913 3168 1967 oleum
3210 1914 3280 1969 de
3317 1915 3491 1984 capite
3534 1925 3630 1970 tuo
3658 1932 3779 1970 nun-

2209 2016 2375 2071 quam
2403 2001 2621 2059 deficiat
2658 2003 2855 2075 (Eccle.
2900 2009 2998 2075 ix).
3042 2026 3060 2058 υ
3088 2006 3246 2073 Quod
3291 2015 3376 2061 est
3403 2008 3582 2063 dicere
3612 2027 3626 2062 :
3654 2007 3780 2063 Nun-

2209 2109 2373 2163 quam
2412 2095 2680 2151 munditia
2727 2112 2757 2151 a
2801 2113 3049 2167 c0rpore,
3084 2114 3369 2168 nunquam
3401 2099 3584 2154 lmtitia
3632 2101 3770 2170 spiri-

2209 2186 2335 2241 talis
2365 2186 2508 2241 ahsit
2537 2203 2567 2241 a
2618 2189 2802 2243 corde.
2829 2188 2944 2245 Hoc
2988 2190 3128 2245 idem
3155 2191 3523 2262 signiﬁcabat,
3556 2208 3676 2248 cum
3698 2190 3781 2247 Ju-

2206 2274 2400 2332 daicus
2429 2278 2664 2347 populus
2706 2288 2828 2349 post
2859 2296 3014 2335 esum
3046 2282 3171 2351 agni
3210 2291 3419 2353 septem
3450 2284 3631 2339 diebus
3659 2300 3781 2357 azy-o

2209 2369 2316 2424 mis
2347 2372 2583 2425 vescitur
2621 2389 2634 2426 :
2667 2373 2810 2443 quod
2842 2373 3136 2443 Apostolus
3189 2374 3241 2428 in
3277 2391 3337 2429 re
3371 2376 3663 2446 significata
3711 2377 3779 2431 ita

2208 2462 2642 2533 interpretatum:
2688 2485 2707 2516 c
2758 2464 3069 2537 Expurgate
3117 2475 3275 2523 vetus
3319 2467 3772 2535 fcrtnentum,etc.

2211 2554 2263 2626 (Ι
2309 2554 2433 2610 Cor.
2468 2557 2545 2628 v.)
2581 2576 2599 2608 ι
2636 2557 2714 2613 Ac
2744 2558 2791 2613 si
2841 2559 2987 2614 dicat
3019 2578 3031 2613 :
3068 2558 3135 2615 Ut
3178 2561 3245 2615 ad
3292 2559 3671 2616 celebrandum
3696 2577 3771 2617 ve-

2209 2660 2330 2699 rum
2356 2645 2566 2701 Pascha
2591 2658 2645 2703 et
2671 2648 2939 2704 edendum
2977 2665 3197 2705 carnem
3229 2652 3342 2705 veri
3371 2651 3508 2722 Agui
3534 2662 3587 2706 et
3611 2652 3775 2707 imma-

2209 2740 2375 2794 culati
2405 2740 2526 2795 sitis
2553 2739 2752 2807 idonei,
2787 2751 3087 2813 expurgate
3116 2753 3275 2797 vetus
3316 2742 3773 2808 fermenturn,etc.

2210 2833 2362 2889 Tolle
2406 2842 2562 2889 vetus
2610 2843 2931 2904 peccatum,
2992 2845 3049 2890 ut
3096 2836 3217 2891 sitis
3276 2851 3417 2890 nova
3480 2838 3778 2908 conspersio

2211 2927 2415 2999 (ibid.),
2465 2926 2515 2983 id
2561 2937 2645 2983 est
2700 2928 2994 2982 novitatem
3055 2929 3180 2984 vine
3234 2930 3591 2999 recuperetis,
3632 2945 3778 3001 quam

2211 3021 2264 3075 in
2314 3023 2534 3075 lavacro
2588 3020 2839 3091 baptismi
2886 3022 3193 3091 accepistis.
3234 3022 3374 3076 Cum
3427 3025 3571 3077 enim
3622 3039 3780 3094 popu-

2210 3115 2297 3169 lus
2344 3113 2411 3167 ad
2451 3114 2608 3168 tidem
2656 3113 2880 3168 veniens
2922 3113 3340 3169 cathechizatur
3363 3116 3519 3186 quasi
3550 3115 3774 3168 molitur.

526 3204 815 3270 rectiones,
860 3205 1192 3269 animarum,
1241 3203 1450 3259 scilicet
1479 3214 1532 3258 et
1566 3214 1893 3272 corporum,
1942 3202 2105 3256 Chri-
2134 3237 2179 3297 ε
2213 3204 2277 3260 Ει
2303 3204 2444 3260 sicut
2484 3204 2774 3259 diversitas
2815 3220 3111 3276 granorum
3143 3220 3237 3274 per
3265 3205 3464 3258 molam
3508 3203 3571 3258 ad
3602 3204 3778 3259 unani-

524 3287 615 3357 tus
647 3310 747 3350 sua
776 3295 933 3349 ιδοιήε
967 3296 1370 3350 resurrectione
1395 3293 1819 3349 commendavit.

599 3383 698 3439 Ubi
736 3394 908 3438 autent
943 3385 1195 3441 manserit
1226 3382 1347 3437 illos
1391 3400 1455 3438 x1.
1480 3385 1590 3438 dies
1619 3392 1734 3453 post
1769 3382 2110 3437 resurrectio-

520 3491 661 3543 nem,
699 3475 765 3530 de
803 3476 899 3530 hoc
939 3477 1216 3546 quazritur.
1242 3474 1496 3532 Creditur
1533 3478 1679 3531 enim
1721 3477 1867 3548 quod
1901 3476 1954 3531 in
2000 3485 2108 3531 ter-

518 3583 659 3639 reno
685 3568 942 3638 paradiso
971 3585 1096 3624 eum
1141 3567 1258 3623 Elia
1297 3582 1351 3625 et
1382 3567 1589 3635 Enoch,
1632 3578 1686 3624 et
1729 3584 1854 3624 cum
1904 3568 1987 3624 his
2016 3567 2109 3638 qui

522 3676 647 3716 cum
675 3676 742 3715 eo
764 3670 1152 3727 surrexeraut,
1201 3678 1323 3732 quae
1357 3662 1614 3716 dicuntur
1638 3662 1888 3717 suseitati
1915 3671 1974 3716 ut
1997 3660 2107 3717 La-

522 3767 706 3819 zarus,
728 3754 1063 3809 mansitaret.
1079 3754 1423 3810 Christianus
1444 3755 1635 3810 doctor
1658 3755 1894 3809 eximius
1913 3753 2109 3826 (Chry-

523 3851 823 3912 sostomus)
854 3846 1003 3913 dicit,
1049 3847 1175 3901 licet
1205 3857 1554 3902 monumenta
1598 3856 1783 3917 aperta
1832 3846 1885 3900 in
1932 3857 2109 3901 morte

520 3922 724 3999 Christi
757 3935 986 3993 fuissent
1018 3938 1237 4009 (Matth.
1271 3941 1464 4007 vxvu),
1496 3948 1677 3993 tamen
1707 3939 1907 3992 mortui
1931 3953 1995 3993 ex
2027 3937 2108 3993 eis

519 4044 630 4084 non
660 4031 1078 4097 resu‘rrexerint,
1108 4031 1212 4087 nisi
1241 4039 1366 4102 post
1392 4030 1683 4086 Dominum
1709 4039 2104 4101 resurgentem,

519 4131 580 4178 ut
614 4123 687 4177 sit
726 4124 1120 4195 primogenitus
1154 4141 1219 4179 ex
1264 4124 1498 4179 mortuis
1526 4123 1701 4194 (Rom.
1733 4124 1877 4181 vui).
1913 4120 2107 4177 Nullus

517 4213 663 4269 enim
698 4224 823 4271 ante
848 4215 1128 4270 Christum
1160 4215 1488 4273 immortalis
1526 4214 1845 4275 resurrexit,
1878 4213 1971 4269 sed
1994 4228 2110 4268 om-

519 4321 618 4361 nes
648 4306 842 4361 iterum
877 4308 1073 4361 mortui
1101 4316 1230 4362 sunt
1262 4316 1319 4361 ut
1351 4305 1610 4361 Lazarus.
1648 4304 1739 4361 Isti
1785 4313 1967 4360 autem
2009 4306 2102 4376 qui

517 4411 645 4452 cum
690 4396 910 4452 Christo
950 4405 1346 4461 surrexerunt,
1395 4397 1734 4452 immortales
1792 4410 2107 4451 resurrexe-

517 4483 677 4555 runt,
721 4499 802 4556 et,
849 4506 914 4545 co
955 4491 1303 4555 ascendente,
1356 4505 1479 4544 cum
1551 4489 1670 4559 ipso
1716 4489 2098 4544 ascenderunt.

2211 3302 2456 3356 mitatcm
2484 3301 2716 3373 cogitur,
2732 3301 2809 3356 sic
2831 3300 3116 3355 diversitas
3133 3300 3456 3369 populorum
3480 3299 3783 3369 perinstru~

2212 3395 2448 3449 ctiouem
2485 3394 2536 3447 in
2569 3393 2864 3463 quamdam
2912 3391 3330 3446 unanimitatcm
3372 3392 3646 3445 adunatur.
3681 3387 3786 3444 Sed

2210 3488 2451 3541 nondum
2501 3495 2586 3540 est
2615 3486 2920 3541 conversio.
2964 3485 3187 3539 Accedit
3219 3501 3360 3554 aqua
3399 3493 3447 3537 et
3496 3484 3551 3538 fit
3603 3482 3785 3554 panis,

2210 3579 2353 3635 sicut
2407 3579 2514 3633 alio
2563 3579 2683 3633 loco
2733 3578 2863 3633 dicit
2911 3578 3206 3647 Apostolus
3258 3596 3272 3631 :
3317 3596 3335 3627 σ
3389 3573 3534 3630 Unus
3586 3576 3789 3644 panis.

2212 3687 2382 3725 unum
2412 3686 2612 3741 corpus
2639 3687 2835 3726 sumus
2874 3670 2927 3723 in
2972 3670 3193 3725 Christo
3222 3669 3533 3739 quicunque
3559 3666 3629 3720 dc
3659 3681 3787 3736 pane

2210 3764 2332 3834 ejus
2366 3764 2603 3830 edimus,
2634 3773 2687 3819 et
2723 3765 2892 3818 calice
2938 3763 3177 3818 bibimus
3214 3761 3267 3829 (Ι
3298 3762 3424 3816 Cor.
3456 3760 3528 3833 χ).
3563 3781 3584 3812 ι

2284 3854 2436 3910 Sicut
2485 3857 2615 3911 olim
2688 3855 3036 3911 circumcisio
3106 3863 3376 3925 quantum
3433 3854 3499 3908 ad
3550 3852 3788 3907 eﬂ'ectum

2211 3949 2559 4004 remissionis
2608 3957 2956 4020 peccatorum
3012 3947 3267 4018 baptismi
3322 3946 3496 4002 vicem
3545 3945 3786 4018 gerebat,

2209 4057 2363 4096 mare
2381 4052 2560 4097 autem
2582 4042 2809 4096 rubrum
2836 4041 3079 4110 ejusdem
3105 4040 3362 4111 baptismi
3393 4038 3788 4094 similitudinem

2208 4142 2265 4189 et
2300 4136 2527 4203 figuram
2572 4132 2919 4204 praeferebat,
2967 4133 3039 4186 ita
3092 4148 3267 4203 agnus
3306 4132 3605 4202 paschalis,
3650 4129 3791 4200 cuius

2209 4239 2404 4281 carnes
2422 4242 2451 4280 a
2482 4226 2683 4295 populo
2707 4226 3028 4290 edebantur,
3053 4234 3103 4279 et
3121 4226 3391 4289 sanguine
3416 4235 3603 4295 postes
3624 4225 3791 4278 domo-

2208 4332 2330 4371 rum
2375 4316 2735 4386 signabantur
2764 4313 2965 4386 (Exod.
3002 4315 3123 4381 .vu),
3160 4314 3212 4369 in
3255 4316 3431 4385 ligura
3481 4313 3791 4371 sacramenti

2208 4409 2456 4479 corporis
2483 4408 2687 4463 Christi
2726 4407 3024 4478 prtecessit.
3056 4406 3354 4477 Postquam
3392 4416 3574 4461 autem
3610 4406 3792 4460 veritas

2208 4502 2376 4568 venit,
2410 4501 2625 4572 signum
2657 4518 2687 4555 e
2736 4501 2917 4555 medio
2967 4500 3242 4556 sublatum
3273 4509 3355 4554 est
3385 4516 3400 4552 :
3441 4516 3506 4555 ex
3553 4516 3669 4570 quo
3693 4500 3793 4569 jam

517 4580 746 4651 Qualem
792 4582 1021 4638 formam
1067 4582 1254 4638 habuit
1282 4581 1537 4637 Christus
1578 4590 1701 4651 post
1742 4581 2104 4635 resurrectio-
2139 4582 2183 4636 D
2212 4611 2319 4649 nm.
2356 4603 2475 4648 erat
2522 4609 2607 4648 res
2659 4609 2781 4663 (μιςυ
2831 4593 3013 4647 futura
3063 4593 3491 4663 significaretur,
3540 4595 3639 4647 sed
3687 4606 3795 4662 qua:

518 4681 690 4737 nem?
719 4679 930 4750 Septies
971 4677 1390 4748 splendidiorem
1420 4692 1584 4746 quam
1614 4675 1714 4731 sol.
1746 4673 1902 4741 Quali
1929 4673 2103 4729 forma

517 4773 771 4827 viderunt
792 4788 914 4826 eum
951 4771 1032 4826 sui
1057 4771 1081 4824 ?
1111 4768 1227 4824 'l‘ali
1256 4779 1309 4822 ut
1343 4778 1471 4824 ante
1495 4783 1619 4823 eum
1651 4768 1833 4824 videre
1871 4781 2105 4823 consuc—

516 4873 728 4920 verant.
752 4862 1018 4932 Apparuit
1046 4861 1307 4917 vestitus?
1329 4858 1515 4917 Vestes
1544 4876 1608 4915 ex
1636 4876 1761 4915 aere
1791 4874 2106 4928 assumpse-

520 4964 624 5021 rnt,
661 4972 782 5025 quae
805 4970 871 5010 eo
902 4955 1250 5017 ascendente,
1280 4955 1333 5008 iu
1359 4969 1539 5009 acrem
1576 4960 1935 5007 evanuerunt.
1963 4950 2105 5018 Quo-

517 5049 621 5103 ties
662 5047 944 5117 apparuit?
1001 5046 1348 5111 Duodecics;
1409 5057 1463 5101 et
1519 5046 1694 5116 prima
1748 5045 1837 5099 die
1881 5045 2099 5099 octies:

517 5136 724 5199 Primo,
751 5134 951 5205 Joscph
985 5136 1053 5191 ab
1079 5136 1395 5192 Arimathea
1426 5150 1644 5191 carcere
1671 5136 1725 5189 in
1755 5151 1866 5205 quo
1892 5134 2103 5204 positus

518 5238 657 5296 erat,
694 5244 760 5283 eo
800 5228 944 5299 quod
1006 5244 1131 5283 eum
1172 5229 1511 5298 scpeliverat,
1569 5239 1630 5281 ut
1681 5224 1962 5295 Scriptura
2007 5222 2104 5278 Ni-

518 5320 730 5376 codcmi
769 5320 1039 5385 declarat;
1089 5322 1351 5387 secundo,
1384 5320 1543 5375 matri
1583 5335 1716 5385 sum,
1750 5328 1804 5373 ut
1844 5318 2103 5374 Sedulius

519 5412 862 5481 manifestat;
914 5414 1096 5477 tertio,
1134 5412 1317 5468 Maria:
1363 5413 1723 5484 Magdalenw,
1777 5422 1837 5467 ut
1887 5412 2102 5468 Marcus

517 5507 750 5573 asserit;
779 5515 996 5576 quarto,
1022 5505 1240 5563 duobus
1270 5524 1300 5560 a
1324 5506 1574 5577 sepulcro
1598 5506 2015 5569 revertentibus,
2046 5513 2105 5559 ut

518 5599 805 5657 “attinens
837 5601 1057 5670 pandit;
1092 5600 1306 5671 quinto,
1332 5599 1567 5665 Jacobo,
1594 5609 1654 5655 ut
1695 5599 1898 5655 Paulus
1938 5609 2103 5655 testa-

518 5702 628 5760 tur,
673 5693 765 5763 qui
807 5710 867 5749 se
899 5694 950 5748 in
1012 5703 1161 5748 sexta
1217 5693 1351 5749 feria
1386 5693 1677 5748 devoverat
1726 5708 1833 5747 non
1869 5692 2101 5747 orandu-

518 5794 793 5850 caturmu,
839 5786 1012 5841 donec
1069 5786 1271 5841 videret
1318 5785 1597 5841 Clu-istum
1653 5786 1870 5852 vivum;
1924 5795 2098 5851 sexto,

518 5891 740 5950 quoque
778 5875 961 5946 Petro,
1003 5875 1276 5958 naturas
1308 5876 1527 5947 fatetur,
1556 5878 1651 5948 qui
1690 5887 1909 5948 propter
1941 5894 2103 5946 nega-

2207 4699 2445 4753 pavescus
2478 4684 2863 4754 perciperetur.
2896 4683 3095 4738 Mansit
3128 4696 3309 4739 tamen
3340 4685 3511 4755 figura
3537 4685 3793 4753 quamdiu

2207 4791 2296 4830 res
2322 4777 2561 4831 nondum
2596 4775 2725 4842 fuit;
2759 4787 2812 4831 et
2840 4776 3145 4831 exhibitum
3176 4778 3328 4847 prius
3358 4788 3442 4832 est
3467 4779 3518 4831 in
3545 4777 3795 4832 similitu-

2205 4866 2333 4921 dine
2354 4867 2500 4936 quod
2534 4869 2881 4937 postmodum
2910 4869 3297 4939 complendum
3325 4880 3445 4924 crat
3472 4870 3524 4922 iu
3551 4870 3792 4924 veritate.

2208 4957 2477 5029 Aigyptus
2523 4962 2782 5027 mundus,
2834 4963 3229 5017 exterminatur
3279 4962 3551 5027 diabolus,
3615 4967 3795 5033 Agnus

2205 5047 2481 5116 Christus,
2514 5051 2741 5122 sanguis
2783 5053 2908 5124 agni
2954 5052 3139 5123 passio
3174 5049 3405 5119 Christi,
3438 5053 3645 5108 dooms
3682 5052 3788 5106 ani-

2205 5156 2420 5195 marum
2471 5158 2722 5213 corpora,
2786 5143 2984 5200 domus
3022 5144 3416 5215 cogitationum
3453 5144 3648 5199 corda.
3682 5142 3798 5197 lter.

2205 5235 2474 5306 sanguine
2524 5236 2786 5307 tingimus
2828 5251 2924 5306 per
2968 5236 3244 5307 passionis
3293 5236 3486 5303 fidem;
3537 5236 3637 5290 illa
3681 5251 3798 5290 san-

2205 5327 2371 5399 guine
2418 5329 2681 5400 tingimus
2728 5345 2826 5401 per
2872 5327 3147 5400 passionis
3195 5327 3586 5396 imitationem,
3623 5328 3798 5383 crucis

2205 5422 2421 5489 signum
2448 5421 2596 5477 intus
2617 5430 2671 5476 et
2701 5420 2837 5478 foris
2864 5422 3201 5492 opponentes
3226 5429 3419 5475 contra
3452 5421 3795 5477 adversaria:

2203 5522 2521 5582 potestates.
2550 5513 2795 5586 Denique
2810 5530 3004 5570 carnes
3027 5515 3150 5585 agni
3167 5512 3532 5580 comedimus,
3548 5514 3795 5585 quando,

2206 5604 2261 5658 in
2310 5615 2657 5661 sacramento
2713 5623 2904 5662 verum
2952 5620 3155 5675 corpus
3194 5606 3315 5675 ejus
3363 5607 3662 5671 sumendo,
3710 5620 3799 5677 per

2207 5698 2364 5751 Iidem
2407 5707 2463 5753 et
2491 5699 2835 5754 dilectionem
2884 5698 3106 5754 Christo
3155 5698 3601 5769 ineorporamur.
3637 5698 3794 5753 Alibi.

2204 5791 2357 5857 Quod
2391 5794 2749 5849 manducatur
2778 5790 3417 5865 incorporatur.Quamlo
3434 5801 3624 5847 autem
3642 5791 3799 5848 Chri-

2206 5884 2271 5938 sti
2301 5905 2310 5931 ι
2335 5900 2430 5939 aio
2477 5886 2856 5947 lliailiillt'flilll',
2886 5901 2991 5939 non
3020 5883 3528 5954 quiLmanducatur,
3572 5887 3681 5943 sed
3706 5884 3800 5957 qui
