3964 6444
184 355 280 408 δή,

1113 360 1681 423 υεηοιιΑτιοΝεε
1721 364 1819 422 SS.
1865 366 2172 430 PATRUM.
2213 401 2279 410 —
2322 373 2448 428 LlB.
2494 374 2532 429 ι.

3352 391 3461 453 οδο

187 471 478 526 mandueat
509 475 561 527 ei
589 491 754 546 quem
787 477 1080 534 manducat
1121 477 1520 549 incorporatur.
1565 477 1774 535 ldcirco
1801 487 1844 544 Α
1879 483 2055 554 tingit,
2086 503 2197 542 rem
2221 485 2548 544 sacramenti
2569 490 2749 556 habet,
2769 494 3021 563 quamvis
3049 510 3460 557 sacramentum

187 563 347 617 voluit
371 565 640 624 Christus
669 586 699 624 a
733 571 890 626 nobis
937 570 1280 634 manducari.
1322 580 1382 626 ut
1409 586 1511 625 nos
1541 570 1646 625 sibi
1683 571 1770 625 in-

189 670 520 728 corporaret,
557 661 664 716 hoc
690 669 772 718 est
817 673 1218 717 sacramentum
1264 664 1511 734 corporis
1542 662 1768 728 Christi,

187 760 236 804 et
259 765 343 805 res
368 755 706 808 sacramenti
738 755 980 823 corporis
1005 753 1227 809 Christi.
1262 754 1366 822 Qui
1397 755 1686 809 manducat
1714 764 1770 810 et

186 842 567 912 incorporatur
609 856 1013 901 sacramentum
1061 848 1264 916 habet,
1312 857 1365 903 et
1418 865 1530 903 rem
1577 864 1764 903 saera-

184 936 362 989 menti.
399 934 508 1002 Qui
559 939 931 994 manducatet
963 956 1070 994 non
1121 942 1522 1011 incorporatur,
1573 956 1759 995 saera-

183 1038 421 1082 mentum
482 1030 668 1097 habet,
721 1032 816 1086 sed
873 1048 986 1086 rem
1038 1035 1361 1089 sacramenti
1413 1051 1519 1088 non
1577 1033 1758 1089 habet.

181 1125 266 1184 Sic
296 1125 393 1195 qui
425 1126 834 1198 incorporatur,
862 1129 1025 1182 etiam
1056 1129 1101 1184 si
1127 1131 1455 1185 manducare
1488 1145 1597 1184 non
1625 1145 1762 1184 con-

1781 1269 1846 1282 .—.

1875 591 1980 628 non
2014 577 2228 632 habeat.
2283 577 2387 646 Qui
2438 583 2626 645 sumit,
2676 595 3080 640 sacramentum
3123 587 3303 643 habet.
3349 591 3458 654 Oui

1873 668 2045 720 credit
2079 679 2133 722 et
2161 667 2356 760 diligitz
2390 688 2504 727 rem
2532 675 2861 730 sacramenti
2895 675 3076 730 habet.
3109 676 3302 734 Melius
3323 695 3456 753 ergo

1870 769 1954 814 est
2000 761 2114 825 illi,
2157 763 2251 832 qui
2293 764 2466 818 credit
2506 775 2562 820 et
2609 767 2802 838 diligit,
2854 769 3016 823 etiam
3059 771 3102 825 si
3154 787 3372 828 sumere
3401 784 3457 830 et

1869 852 2202 910 manducare
2229 869 2337 910 non
2369 857 2564 926 possit,
2592 874 2755 928 quam
2789 860 2877 916 ille
2902 861 2994 931 qui
3026 863 3194 917 sumit
3223 875 3276 918 et
3299 880 3457 919 man-

1869 946 2052 1010 ducat,
2078 956 2133 1003 et
2178 963 2284 1002 non
2319 950 2512 1013 credit,
2544 966 2644 1006 nec
2676 951 2879 1024 diligit;
2927 953 3011 1010 vel
3043 955 3088 1010 si
3116 957 3309 1022 credit,
3341 973 3451 1012 non

1869 1039 2061 1110 diligit.

1056 1410 1408 1500 FERIA
1478 1412 2012 1502 SECUNDA
2085 1410 2604 1503 ΡΑΞΟΗλἘ.

1475 1602 1841 1664 Secundum
1884 1604 2143 1665 Lucam.

243 1767 363 1824 Duo
387 1785 457 1824 ex
481 1767 767 1837 discipulis
793 1765 922 1823 Jesu
949 1766 1098 1821 ibant
1125 1766 1240 1837 ipsa
1264 1765 1350 1820 die
1375 1765 1428 1819 in
1453 1766 1760 1832 castellum,
1793 1780 1834 1833 Β
1865 1783 1968 1820 nus
1995 1777 2116 1837 post
2136 1769 2590 1824 resurrectionem
2613 1769 2940 1839 quibusdam
2972 1773 3256 1843 utriusque
3281 1789 3447 1832 sexus

172 1862 318 1932 quod
349 1871 472 1916 erat
506 1863 562 1915 in
615 1860 1125 1930 spatio'stadiorum
1163 1875 1227 1913 Ls
1282 1860 1352 1913 ab
1401 1857 1758 1922 Hierusalem,

172 1957 401 2010 nomine
454 1954 738 2008 Emmaus.
791 1952 849 2007 Et
898 1954 998 2024 ipsi
1046 1953 1408 2024 loquebantur
1455 1952 1759 2008 adinvicem

172 2049 238 2102 de
271 2049 358 2104 his
388 2048 649 2102 omnibus
676 2062 796 2116 qua;
823 2047 1134 2101 acciderant
1165 2045 1318 2111 (Luc.
1349 2046 1520 2115 xxiv).

233 2136 480 2193 Narrant
512 2139 670 2210 graeci
697 2137 991 2206 scriptores
1024 2138 1293 2207 gigantem
1333 2136 1614 2192 llerculem
1651 2153 1760 2193 uno

161 2231 420 2285 anhelitu
451 2247 590 2286 cxxv
623 2247 820 2300 passus
858 2231 1186 2285 cucurrisse.
1220 2229 1430 2297 Quibus
1457 2232 1760 2286 constiterit

157 2324 425 2394 expletis,
477 2333 530 2378 et
577 2323 805 2378 astando
852 2322 1164 2391 hujusmodi
1210 2325 1467 2393 spatium,
1519 2325 1756 2380 stadium

157 2415 409 2470 vocavit.
457 2413 552 2470 Est
601 2424 781 2469 autem
829 2414 1062 2469 stadium
1111 2423 1301 2468 octava
1345 2430 1473 2483 pars
1517 2399 1756 2485 miliarii,

153 2512 211 2559 et
236 2521 311 2559 ιχ
339 2506 522 2560 stadia
565 2522 638 2558 vn
664 2505 958 2560 coniiciunt
1001 2504 1274 2568 milliaria,
1329 2514 1384 2559 et
1415 2505 1756 2561 medietatem

149 2598 372 2653 octavi.
423 2597 555 2665 Quae
584 2598 636 2652 in
685 2614 898 2653 summa
941 2597 1180 2663 redacta,
1222 2597 1408 2668 leugas
1434 2607 1543 2653 tres
1589 2600 1758 2656 conli—

146 2691 342 2757 ciunt,
376 2703 433 2745 et
467 2690 672 2744 dodran
698 2697 923 2758 quartaz.
951 2687 1136 2758 Itaque
1160 2705 1226 2743 ιχ
1253 2690 1426 2744 stadia
1454 2705 1529 2744 vn
1559 2705 1757 2760 passus

146 2794 202 2840 et
231 2786 577 2856 quingentos
601 2784 923 2854 signiﬁcant.
942 2781 1097 2856 Quod
1120 2782 1355 2851 spatium
1383 2782 1593 2838 itineris
1621 2783 1756 2839 bene

144 2877 428 2946 congruit
463 2876 543 2929 eis
569 2874 663 2945 qui
695 2875 760 2929 de
809 2854 1092 2929 morte'ac
1132 2874 1408 2943 sepultura
1456 2873 1757 2929 Salvatoris

139 2967 318 3027 certi.
351 2966 508 3020 dubii
541 2967 606 3020 de
639 2965 1034 3020 resurrectione
1064 2965 1467 3036 gradiebantur.
1501 2963 1637 3018 Nam
1670 2981 1754 3020 re-

138 3059 564 3114 surrectionem
593 3073 718 3126 quae
761 3067 883 3127 post
926 3057 1210 3126 septimam
1240 3056 1450 3112 sabbati
1481 3054 1621 3111 facta
1648 3065 1750 3122 est,

137 3160 358 3206 octavo
415 3166 646 3205 numero
697 3150 960 3205 contineri
1012 3151 1136 3220 quis
1185 3149 1450 3219 amhigit?
1489 3149 1746 3219 Discipuli
1777 3137 1818 3194 C

136 3258 283 3316 ergo
319 3243 420 3314 qui
468 3242 533 3296 de
571 3241 803 3297 Domino
851 3243 1134 3311 loquentes
1175 3242 1493 3297 incedebant
1536 3251 1749 3297 sextum

136 3335 362 3405 incepti
400 3334 614 3389 itineris
639 3334 953 3388 milliarium
981 3335 1406 3404 compleverunt,
1442 3334 1568 3405 quia
1598 3335 1748 3388 illum

137 3430 267 3482 sine
303 3427 535 3498 querela
560 3427 824 3482 viventem
849 3443 1020 3500 usque
1049 3428 1114 3481 ad
1139 3436 1386 3494 mortem,
1412 3443 1573 3497 quam
1598 3437 1749 3482 sexta

139 3519 388 3577 Sabbati
431 3520 617 3587 subiit,
651 3520 963 3590 pervenisse
1005 3519 1278 3574 delebant.
1328 3519 1751 3588 Compleverunt

138 3627 190 3671 et
223 3615 566 3686 septimum,
594 3615 719 3684 quia
753 3613 898 3667 hunc
943 3613 997 3666 in
1049 3613 1298 3680 sepulcro
1328 3610 1601 3681 quievisse
1639 3627 1746 3664 non

140 3710 507 3765 dubitabant.
559 3706 763 3762 Verum
817 3714 1068 3761 octavum
1116 3705 1340 3758 minime
1388 3712 1745 3774 peregerunt,

142 3803 284 3874 quia
322 3800 747 3856 resurrectionis
777 3799 1002 3870 gloriam
1031 3813 1139 3852 non
1173 3796 1406 3866 perfecte
1433 3796 1744 3851 credebant.

145 3892 428 3948 Emmaus
481 3901 564 3946 est
601 3890 875 3961 Nicopolis
919 3890 1112 3944 civitas
1154 3889 1384 3958 insignis
1439 3887 1745 3952 Palestinm,

144 4001 279 4056 qua:
314 3993 441 4055 post
472 3985 928 4055 expugnationem
958 3981 1160 4036 Judazze
1185 3982 1288 4036 sub
1320 3979 1500 4035 Marco
1526 3979 1747 4034 Aurelio

144 4079 401 4132 Antonio
444 4079 686 4149 principe
723 4085 1050 4142 restaurata,
1097 4091 1221 4131 cum
1268 4083 1410 4130 statu
1441 4073 1669 4128 mutavit
1694 4081 1748 4128 et

146 4182 385 4222 nomen.

245 4278 264 4311 ι
301 4259 363 4314 Et
386 4259 587 4316 factum
619 4268 702 4314 est
724 4258 854 4314 dum
889 4257 1281 4325 fabulareutur,
1311 4267 1364 4313 et
1385 4273 1570 4313 secum
1599 4273 1746 4328 qua:—

145 4363 372 4420 rcrent,
404 4355 847 4426 appropinquans
879 4354 992 4408 ibat
1038 4369 1161 4407 cum
1196 4351 1321 4406 illis.
1372 4349 1525 4406 Oculi
1555 4366 1743 4406 eorum

141 4446 509 4511 tenebantur,
538 4462 606 4501 ne
649 4463 772 4500 eum
804 4454 1177 4516 agnoscerent.
1199 4463 1218 4497 ι
1243 4443 1744 4498 Fabularenturac-

137 4536 207 4590 ci
215 4551 293 4607 pe
324 4554 418 4607 pro
448 4539 817 4606 loquerentur.
844 4537 1158 4604 Quaarercnt
1187 4537 1373 4601 verbo,
1414 4536 1516 4590 hoc
1549 4543 1634 4590 est
1655 4535 1740 4590 in-

133 4627 444 4699 quirerent
487 4629 797 4698 Scripturas
831 4630 896 4683 de
943 4628 1182 4682 Christo.
1232 4629 1540 4699 Loquentes
1575 4626 1642 4680 de.
1685 4643 1744 4682 se

131 4719 433 4776 Dominus
469 4722 912 4792 appropinquans
953 4722 1265 4787 comitatur,
1296 4731 1350 4775 ut
1378 4731 1431 4777 et
1457 4721 1615 4774 Iidem
1653 4737 1741 4774 re-

130 4813 519 4865 surrectionis
567 4813 841 4864 mentibus
885 4828 1073 4888 eorum
1107 4815 1382 4874 incendat,
1413 4823 1460 4866 el
1502 4811 1647 4882 quod
1683 4827 1742 4866 se

129 4901 485 4971 promiserat
515 4901 781 4956 facturum
813 4904 1048 4973 impleat:
1071 4901 1202 4957 «Ubi
1226 4914 1351 4958 sunt
1373 4905 1483 4957 duo
1514 4906 1597 4958 vel
1633 4913 1742 4958 tres

124 4995 470 5064 congregati
502 4995 554 5048 in
587 4996 806 5048 nomine
832 5011 972 5060 meo,
1017 4995 1085 5048 ibi
1115 5011 1234 5049 sum
1269 4995 1320 5048 in
1350 4995 1526 5048 medio
1549 5010 1738 5049 eorum

124 5081 380 5154 (.llatth.
439 5086 617 5154 xviii).
675 5106 693 5137 ι
746 5086 1010 5156 Apparuit
1055 5087 1312 5157 quidem,
1359 5087 1451 5142 sed
1502 5087 1736 5156 speciem

121 5187 329 5243 quam
372 5188 820 5246 recognoscercnt
864 5195 969 5232 non
1023 5180 1281 5234 ostendit.
1339 5177 1490 5234 Sicut
1536 5177 1638 5248 ipsi
1685 5187 1740 5234 et

119 5266 316 5318 intus
360 5270 636 5334 amabant,
689 5279 743 5324 et
792 5281 971 5325 tamen
1021 5271 1362 5337 dubitabant,
1415 5273 1494 5326 sic
1527 5280 1582 5326 et
1625 5271 1738 5338 ipse

121 5360 299 5417 foris
317 5373 367 5417 et
391 5381 630 5434 praesens
656 5365 824 5428 adest,
851 5374 904 5420 et
925 5366 1048 5436 quis
1071 5367 1139 5419 sit
1169 5381 1273 5420 non
1300 5366 1553 5421 ostendit.
1578 5366 1652 5420 De
1679 5382 1737 5421 se

118 5469 292 5523 ergo
317 5454 662 5526 loquentibus
701 5458 1040 5526 pra-sentiam
1064 5457 1302 5524 exhibet,
1335 5458 1428 5512 sed
1473 5459 1539 5512 de
1573 5459 1734 5512 dubi-

119 5547 399 5604 tantibus
422 5550 659 5618 speciem
677 5549 1008 5618 cognitionis
1033 5547 1228 5604 aufert.
1246 5548 1380 5604 lltnc
1398 5549 1736 5619 Augustinus

125 5639 386 5695 Paulino
411 5642 673 5711 episcopo
718 5641 770 5694 in
821 5641 1046 5710 cpistola
1095 5641 1206 5707 illa,
1243 5640 1395 5706 Quod
1423 5641 1485 5696 de
1514 5659 1734 5712 μανι-ρη-

123 5735 294 5800 εἰρηε
325 5743 438 5788 tam
469 5749 724 5802 prospera
757 5733 942 5803 fratris
972 5746 1020 5787 ct
1071 5733 1474 5805 compresbyteri
1507 5736 1674 5789 nostri
1715 5751 1732 5786 :

128 5847 160 5879 ι
193 5825 484 5904 Inquisitio
509 5840 601 5885 tua
631 5829 764 5884 solet
781 5831 980 5886 multos
1003 5847 1236 5899 movere,
1255 5833 1530 5901 quomodo
1551 5829 1733 5885 Domi-

1865 1860 2181 1917 hominibus
2209 1872 2260 1917 et
2314 1861 2530 1932 agnitus
2579 1879 2687 1917 non
2738 1865 2828 1929 sit,
2879 1873 2932 1918 et
2965 1865 3182 1936 agnitus
3209 1867 3299 1922 sit.
3340 1866 3443 1923 Ubi

1863 1951 2100 2020 primum
2126 1954 2293 2021 quaeri
2314 1955 2452 2007 solet
2477 1962 2660 2009 utrum
2686 1953 2738 2008 in
2769 1955 2888 2024 ejus
2917 1971 3147 2025 corpore
3166 1975 3233 2011 an
3258 1959 3443 2028 potius

1863 2039 1916 2094 in
1956 2041 2172 2095 illorum
2201 2043 2378 2097 oculis
2408 2043 2613 2111 aliquid
2644 2043 2843 2098 factum
2877 2045 2947 2099 sit
2973 2061 3082 2114 quo
3131 2063 3237 2101 non
3268 2049 3444 2117 possit

1860 2134 2102 2202 agnosci.
2148 2132 2370 2202 Legitur
2415 2137 2598 2190 enim:
2638 2155 2656 2188 ι
2694 2136 3040 2192 Tenebantur
3067 2141 3210 2194 oculi
3248 2156 3439 2196 eorum

1861 2240 1928 2278 ne
1951 2233 2311 2294 agnoscerent
2333 2242 2478 2281 eum.
2518 2246 2536 2278 ι
2568 2228 2710 2282 Alibi
2741 2237 2924 2298 aperte
2949 2230 3146 2285 dicitur
3173 2245 3185 2281 :
3225 2248 3243 2281 ι
3269 2247 3439 2300 appa-

1859 2317 1970 2370 ruit
2007 2317 2112 2372 illis
2144 2317 2198 2370 in
2228 2317 2333 2372 alia
2360 2318 2530 2389 effigie
2563 2319 2756 2392 (Marc.
2790 2325 2924 2389 xvi).
2954 2341 2972 2374 ι

1929 2408 2036 2463 Sed
2072 2426 2171 2465 cur
2200 2427 2308 2467 non
2338 2421 2517 2467 movet
2542 2414 2688 2484 quod
2729 2413 2782 2466 in
2813 2413 3287 2484 transﬁguratione
3313 2424 3439 2472 ante

1857 2502 2167 2572 passionem
2196 2504 2380 2559 vultus
2407 2505 2529 2574 ejus
2549 2505 2864 2574 splendidus
2887 2504 2989 2558 fuit
3016 2515 3075 2559 ut
3101 2507 3202 2572 sol,
3237 2516 3288 2561 et
3315 2517 3440 2577 post

1856 2595 2308 2650 resurrectionem
2347 2604 2527 2650 movet
2556 2595 2899 2666 aliquatenus
2936 2596 3264 2652 lineamenta
3311 2613 3436 2652 mu-

1857 2695 1967 2742 tata
1992 2703 2132 2754 esse,
2160 2697 2218 2742 ut
2243 2704 2348 2742 non
2382 2696 2566 2758 posset
2595 2689 2838 2759 agnosci.
2866 2687 2928 2741 Et
2958 2705 3174 2744 rursum
3200 2690 3280 2745 sic
3307 2698 3438 2744 tunc

1855 2779 2144 2848 pristinum
2173 2781 2444 2848 colorem,
2473 2782 2552 2837 sic
2593 2791 2647 2836 et
2674 2792 2798 2851 post
2836 2783 3288 2840 resurrectionem
3324 2781 3438 2852 pri-

1854 2873 1998 2928 stina
2029 2873 2357 2928 lineamenta
2407 2890 2714 2930 revocasse.
2751 2875 2828 2930 Illi
2865 2885 2975 2930 tres
3021 2875 3272 2946 discipuli
3308 2883 3436 2930 ante

1853 2991 2086 3046 quorum
2111 2974 2299 3028 oculos
2325 2973 2739 3042 transﬁguratus
2760 2979 2843 3025 est
2869 2971 2921 3023 in
2947 2979 3151 3032 monte,
3175 2984 3282 3023 non
3303 2983 3433 3022 eum

1853 3073 2211 3137 agnoscerent
2261 3063 2308 3119 si
2359 3063 2480 3117 talis
2533 3062 2598 3116 ad
2641 3077 2736 3116 eos
2785 3061 3002 3116 aliunde
3055 3059 3311 3115 venisset.
3371 3057 3431 3114 Si

1853 3159 1978 3227 quis
2022 3157 2276 3226 juvenem
2331 3154 2536 3208 videret
2589 3168 2749 3223 quem
2799 3168 2906 3207 non
2949 3152 3051 3207 nisi
3102 3151 3431 3207 infantulum

1854 3232 2102 3312 vidisset,
2142 3260 2250 3300 non
2280 3246 2467 3314 utique
2509 3253 2848 3314 agnosceret.
2895 3243 2976 3297 An
3007 3243 3074 3298 ad
3101 3244 3456 3302 lineamenta~

1853 3337 2113 3394 mutanda
2147 3353 2253 3392 non
2288 3347 2462 3407 potest
2491 3336 2737 3391 celeriter
2779 3334 2992 3390 Domini
3023 3344 3262 3405 potestas
3285 3334 3432 3414 quod

1851 3441 2029 3504 potest
2053 3446 2146 3501 per
2175 3445 2444 3483 annorum
2473 3443 2656 3484 moras
2682 3429 2919 3482 hominis
2941 3428 3116 3482 aetas?

1927 3546 1945 3578 ι
1984 3523 2049 3579 Et
2085 3525 2162 3580 ait
2210 3525 2276 3578 ad
2308 3524 2430 3578 illos
2475 3541 2488 3578 :
2538 3521 2640 3588 Qui
2692 3531 2820 3577 sunt
2867 3522 2922 3575 hi
2955 3535 3236 3576 sermones
3289 3536 3432 3590 quos

1850 3609 2112 3666 confertis
2145 3610 2210 3663 ad
2244 3609 2475 3662 invicem
2507 3606 2847 3662 ambulantes
2872 3616 2926 3662 et
2948 3606 3078 3661 estis
3112 3607 3331 3661 tristes?
3363 3605 3433 3662 Et

1849 3702 2187 3772 respondens
2212 3715 2373 3764 unus,
2399 3699 2487 3754 cui
2514 3713 2711 3752 nomen
2744 3695 3028 3767 Cleophas,
3059 3697 3196 3751 dixit
3222 3697 3270 3751 ei
3298 3716 3310 3750 :
3346 3695 3431 3750 Tu

1850 3795 2000 3851 solus
2043 3794 2362 3865 peregrinus
2391 3807 2450 3846 es
2495 3791 2549 3844 in
2596 3788 2954 3857 Hierusalem,
2999 3799 3053 3845 et
3080 3806 3188 3845 nou
3221 3805 3430 3862 cogno-

1849 3886 1972 3940 visti
2018 3900 2140 3954 quae
2188 3885 2328 3938 facta
2377 3891 2508 3937 sunt
2554 3881 2608 3934 in
2659 3881 2748 3935 illa
2790 3881 2876 3935 his
2930 3882 3158 3937 diebus?
3215 3880 3430 3947 Quibus

1849 3979 1938 4033 ille
1983 3977 2158 4032 dixit:
2204 3975 2366 4043 Qum?
2394 3983 2447 4030 et
2493 3974 2777 4028 dixerunt:
2830 3972 2904 4028 De
2945 3971 3073 4028 Jesu
3123 3971 3426 4040 Nazarene,

1848 4072 1939 4142 qui
1968 4069 2070 4126 fuit
2109 4070 2192 4123 vir
2221 4069 2484 4138 prepheta
2531 4075 2725 4136 potens
2755 4065 2812 4120 in
2865 4080 3028 4135 opere
3075 4074 3130 4119 et
3176 4080 3430 4122 sermone

1847 4178 2034 4218 coram
2066 4160 2175 4216 Deo
2198 4170 2250 4216 et
2273 4159 2420 4215 omni
2449 4158 2683 4230 populo;
2708 4169 2761 4212 et
2784 4155 3059 4228 quomodo
3091 4157 3428 4210 tradiderunt

1845 4271 1970 4310 eum
2003 4253 2206 4309 summi
2253 4252 2566 4308 sacerdotes
2592 4259 2647 4306 et
2686 4250 2960 4322 principes
2985 4249 3159 4304 nostri
3189 4249 3241 4304 in
3269 4248 3425 4304 dam-

1847 4347 2123 4402 nationem
2153 4346 2367 4412 mortis,
2395 4356 2450 4400 et
2491 4345 2881 4401 crucitixerunt
2919 4359 3066 4400 eum.
3103 4342 3213 4398 Nos
3241 4352 3422 4402 autem

1847 4437 2202 4508 Sperabamus
2231 4439 2357 4510 quia
2385 4446 2528 4496 esset
2549 4437 2928 4507 redempturus
2952 4435 3136 4492 Israel.
3174 4456 3192 4489 ι
3227 4436 3425 4492 Socios

1845 4528 2108 4598 Cleopha,
2161 4529 2458 4584 vocabatur
2513 4528 2756 4594 Amaon,
2821 4536 2954 4582 teste
3017 4526 3309 4582 Ambrosio
3364 4525 3422 4582 in

1845 4629 2074 4686 Lucam.
2119 4629 2472 4701 Peregrinum
2521 4637 2714 4700 putant
2742 4643 2904 4698 quem
2949 4642 3055 4681 non
3097 4632 3417 4695 agnoscunt.

1844 4721 1911 4777 Et
1938 4739 2063 4777 vere
2093 4723 2412 4793 peregrinus
2437 4732 2554 4776 erat
2583 4722 2662 4776 eis
2693 4737 2723 4775 a
2747 4736 2979 4792 quorum
3019 4718 3303 4788 fragilitate
3327 4732 3422 4788 per

1844 4816 2074 4886 gloriam
2107 4814 2524 4869 resurrectionis
2554 4814 2668 4884 jam
2702 4814 2858 4883 longe
2893 4813 3088 4877 stabat,
3117 4827 3146 4865 a
3183 4825 3420 4882 quorum

1843 4907 1948 4962 fide
1991 4907 2411 4961 resurrectionis
2446 4906 2566 4975 ejus
2593 4907 2774 4960 nescia.
2813 4913 3106 4958 cxtraneus
3131 4919 3418 4973 permaneo

1843 4998 1952 5052 bat.
1982 4996 2310 5067 Pr0phetam
2359 4998 2580 5068 quidem
2623 5010 2676 5050 et
2727 5010 2982 5065 magnum
3030 4989 3289 5059 fatentur,
3322 4993 3417 5048 sed

1842 5091 2042 5145 Filium
2073 5090 2168 5145 Dei
2200 5100 2402 5156 tacent,
2429 5090 2509 5143 vel
2541 5089 2665 5159 quia
2696 5089 2746 5142 id
2776 5087 3017 5141 nondum
3041 5084 3275 5156 perfecte
3301 5101 3420 5140 cre-

1840 5165 1998 5250 dunt,
2030 5185 2113 5241 vel
2145 5193 2200 5240 et
2240 5185 2284 5240 si
2317 5185 2568 5246 credunt,
2599 5183 2792 5236 timent
2835 5180 2974 5236 tradi
3010 5181 3063 5232 in
3094 5195 3288 5233 manus
3317 5175 3417 5231 Juo

1839 5277 2104 5342 d.eorum,
2147 5278 2451 5333 nescientes
2473 5293 2596 5331 cum
2635 5292 2744 5346 quo
2785 5276 3100 5345 loquuntur.
3141 5272 3420 5338 Quo-lam-

1840 5370 2004 5426 modo
2031 5369 2196 5425 etiam
2225 5368 2558 5436 redarguunt
2585 5369 2796 5438 seipsos
2823 5368 2966 5438 quod
2998 5367 3050 5419 in
3085 5366 3175 5419 illo
3206 5363 3416 5417 redem-

1837 5463 2077 5536 ptionem
2107 5474 2476 5534 speraverant,
2509 5480 2669 5534 quem
2692 5471 2967 5516 mortuum
3016 5460 3280 5519 viderant,
3314 5468 3413 5506 nec

1838 5565 2277 5612 resurrecturum
2314 5556 2584 5610 videbant.
2620 5553 2682 5608 Et
2731 5569 2966 5609 mastme
3000 5551 3412 5614 dolebantpum

1839 5650 1957 5703 sine
1985 5648 2141 5717 culpa
2174 5648 2414 5702 occisum
2457 5662 2620 5716 quem
2669 5647 3008 5700 innocentem
3042 5647 3322 5706 noverant,
3358 5647 3412 5693 et
3448 5661 3450 5664 ν

1839 5757 1901 5794 ex
1935 5740 2038 5793 hoc
2065 5741 2247 5792 tristes
2276 5737 2620 5792 incedebant.

1916 5851 1932 5885 ι
1959 5830 2020 5888 Et
2053 5845 2197 5886 nunc
2222 5846 2381 5901 super
2407 5829 2590 5885 omnia
2624 5827 2779 5882 tertia
2801 5826 2917 5880 dies
2941 5835 3023 5881 est
3050 5823 3231 5892 hodie,
3264 5820 3409 5894 quod
