4032 6396
1591 286 1921 346 πειιδειιι
1959 282 2106 342 ABR;

2214 280 2253 339 8
2293 282 2354 341 S.
2394 279 2619 339 BLASil
3686 267 3783 325 η

489 411 610 468 hinc
630 408 777 464 facta
800 417 949 464 sunt.
981 404 1089 462 Sed
1124 411 1181 460 et
1206 402 1468 460 mulieres
1499 400 1750 472 quietiam
1778 414 1845 455 ex
1875 398 2083 455 nostris
2109 406 2159 464 Α
2185 395 2252 452 Et
2275 396 2450 468 aperti
2482 403 2615 451 sunt
2653 407 2799 450 ocuu
2840 407 3058 460 eorum,
3108 400 3166 447 et
3205 392 3609 462 cognoverunt
3636 399 3786 453 eum.

491 508 810 559 terruerunt
838 515 959 565 nos,
981 513 1105 569 qua:
1133 507 1260 552 ante
1288 497 1464 550 lucem
1491 501 1754 549 venerant
1777 493 1845 547 ad
1876 506 2077 546 monu-

495 602 741 648 mentum
761 630 777 655 ,
827 600 883 645 et
933 607 1039 644 non
1092 588 1313 643 invento
1350 601 1583 658 corpore
1624 585 1747 655 ejus
1790 590 2079 650 venerunt,

493 683 739 737 dicentes
774 696 834 735 se
879 679 1044 734 etiam
1076 679 1318 733 visiones
1346 677 1664 748 angelorum
1695 674 1921 740 vidisse,
1959 688 2084 743 qua:

493 772 685 829 dicunt
720 785 847 825 eum
877 770 1077 823 vivere.
1114 766 1185 822 Et
1228 767 1483 822 abierunt
1514 765 1737 837 quidam
1776 780 1845 821 ex
1877 765 2083 819 nostris

494 865 567 920 ad
596 870 1039 927 munumentum,
1065 870 1120 916 et
1159 860 1235 916 ita
1268 861 1595 915 invenerunt
1635 857 1780 914 sicut
1824 857 2085 913 mulieres

493 956 637 1013 dixe.
652 964 779 1021 unt;
805 956 982 1026 ipsum
1008 968 1136 1008 vero
1164 968 1273 1007 non
1297 953 1641 1007 invenerunt.
1668 970 1688 1002 ι
1710 947 1791 1005 Ex
1820 949 1925 1005 hac
1945 947 2087 1004 serie

496 1045 835 1103 narrationis
882 1044 1104 1099 attende
1158 1043 1416 1098 mulieres
1468 1042 1709 1099 visiones
1764 1040 2086 1110 angelorum

496 1140 652 1211 prius
683 1138 917 1204 vidisse;
949 1135 1145 1191 deinde
1172 1133 1395 1189 Petrum
1422 1142 1477 1189 et
1502 1133 1767 1189 Joannem
1796 1133 1863 1187 ad
1887 1145 2090 1186 monu-

499 1238 745 1284 mentum
783 1226 1117 1284 cucurrisse.
1162 1224 1207 1277 Α
1237 1224 1561 1280 mulieribus
1592 1224 1776 1294 itaque
1818 1221 2089 1277 visionem

500 1319 867 1376 retinentibus
926 1316 1099 1372 territi
1147 1315 1426 1387 fugerunt,
1474 1315 1569 1387 qui
1606 1315 1675 1370 de
1712 1330 1823 1370 non
1870 1315 2092 1369 invento

503 1427 735 1481 corpore
763 1411 888 1481 plus
912 1409 1231 1465 maestitiam
1283 1415 1637 1479 susceperunt
1666 1423 1834 1479 quam
1856 1405 1924 1463 de
1951 1422 2093 1462 nun-

506 1505 639 1560 tiata
664 1505 1066 1560 resurrectione
1094 1501 1295 1573 gaudio
1325 1508 1724 1556 mercarentur.
1836 1558 1841 1565 ,

583 1617 604 1651 ι
646 1596 714 1653 Et
759 1598 875 1668 ipse
902 1597 1151 1653 dixit.ad
1180 1611 1277 1651 eos
1304 1613 1318 1650 :
1354 1594 1400 1650 0
1429 1594 1583 1651 stulti
1623 1602 1678 1648 et
1710 1592 1846 1648 tardi
1873 1591 1943 1647 ad
1970 1605 2095 1646 cre-

505 1692 746 1748 dendum
802 1691 857 1744 iu
915 1689 1176 1744 omnibus
1229 1703 1354 1758 quae
1403 1687 1572 1743 locuti
1622 1695 1752 1741 sunt
1793 1685 2090 1757 prophetae.

2181 499 2237 545 et
2260 489 2378 559 ipse
2407 487 2631 544 evanuit
2673 503 2738 542 ex
2770 486 2949 542 oculis
2988 500 3202 541 eorum.
3240 502 3261 536 ι
3302 481 3487 537 Deum
3522 495 3702 550 quem
3738 478 3787 535 in

2182 581 2530 652 expositione
2580 579 2882 651 Scriptura:
2928 594 3039 635 non
3078 584 3471 651 cognoverunt
3522 574 3586 629 in
3640 575 3791 644 panis

2185 675 2452 731 l'ractione
2473 682 2835 748 cognoscunt.
2859 672 3146 730 Audiendo
3170 670 3471 727 illuminati
3500 684 3621 723 nol
3646 682 3791 735 mi,

2186 769 2282 826 sed
2312 768 2588 835 faciendo,
2629 771 2760 840 quia
2804 768 3071 838 scriptum
3104 774 3220 821 est:
3276 784 3299 817 ι
3328 763 3457 819 ﬁeri
3508 762 3795 817 auiﬁtoru

2185 859 2324 931 legis
2348 860 2485 930 justi
2514 869 2644 916 sunt
2677 859 2821 931 apud
2844 857 3043 926 Deum,
3064 858 3158 913 sed
3189 856 3431 913 factores
3458 853 3657 926 (Rau.
3681 852 3791 919 ut.)

2187 950 2292 1018 Qui
2320 968 2456 1023 ergo
2478 953 2595 1007 vult
2617 952 2802 1007 audita
2828 952 3149 1021 intelligere,
3174 948 3401 1005 festinet
3425 947 3556 1017 jam
3586 944 3795 1000 inedio-

2188 1055 2276 1101 cta
2307 1061 2473 1116 opere
2499 1045 2749 1115 implere.
2797 1043 3151 1099 Subtrahitur
3174 1057 3206 1097 a
3246 1040 3590 1097 carnalibus
3624 1038 3797 1094 nail

2190 1139 2402 1210 species
2446 1137 2803 1202 inﬁrmitatis,
2835 1144 2896 1191 ut
2937 1136 3215 1190 mentibus
3248 1133 3489 1203 incipiat
3535 1147 3795 1203 apparat

2190 1230 2363 1302 gloria
2395 1227 2837 1285 resurrectionis.
2870 1225 3025 1282 Unde
3052 1225 3351 1282 subditur:

2268 1343 2289 1376 ι
2340 1321 2407 1378 Et
2433 1321 2691 1379 dixerunt
2735 1319 3083 1376 adinviccm:
3142 1316 3336 1374 Nonne
3386 1331 3496 1372 cor
3549 1328 3795 1372 nostru-

2193 1415 2393 1471 ardcns
2417 1422 2539 1470 erat
2565 1414 2619 1468 in
2650 1413 2832 1479 nobis,
2859 1412 2992 1468 dum
3020 1412 3336 1483 loqueretur
3358 1409 3422 1465 in
3454 1409 3583 1472 via.
3606 1420 3666 1465 et
3690 1426 3802 1479 ape-

2195 1506 2332 1561 riret
2358 1504 2519 1560 nobis
2548 1502 2902 1573 Scripturas?
2931 1521 2949 1554 ι
2980 1501 3057 1556 Ex
3078 1501 3269 1556 audito
3291 1514 3572 1556 sermone
3592 1499 3799 1554 Domini

2195 1612 2294 1653 cor
2320 1597 2474 1667 prius
2510 1605 2731 1666 torpore
2759 1593 3158 1650 incredulitatis
3190 1602 3245 1647 et
3266 1591 3501 1648 timoris
3523 1591 3799 1663 frigidm,

2200 1689 2324 1761 igne
2346 1688 2586 1760 Spiritus
2626 1688 2802 1744 sancti
2833 1695 2916 1743 cst
2955 1700 3248 1742 accensum
3276 1694 3339 1740 ut
3374 1700 3642 1755 superno
3668 1685 3803 1739 desi-

506 1783 709 1840 Noane
744 1784 861 1838 haec
885 1782 1129 1852 oportuit
1152 1781 1262 1851 pati
1293 1779 1574 1835 Christum
1598 1787 1653 1834 et
1676 1780 1880 1834 intrare
1904 1778 1958 1831 in
1981 1777 2098 1849 glo-
2130 1773 2171 1832 ll
2198 1784 2353 1840 del-io
2373 1783 2583 1850 ardeat,
2606 1791 2661 1838 et
2679 1782 2746 1838 ad
2766 1780 3094 1838 credendam
3114 1779 3406 1835 veritatem
3433 1794 3501 1835 se
3527 1779 3799 1834 ειιωάιι.

508 1877 648 1931 riam
679 1890 838 1931 suam
861 1874 884 1928 ?
915 1873 985 1928 Et
1028 1872 1297 1943 incipiens
1324 1886 1356 1926 a
1385 1870 1572 1943 Moyse
1597 1879 1653 1926 et
1679 1869 1940 1925 omnibus
1966 1883 2098 1939 pro-

510 1969 691 2040 phetis
727 1966 1189 2038 interpretabatur
1216 1965 1324 2020 illis
1365 1965 1420 2019 in
1459 1963 1718 2018 omnibus
1761 1960 2097 2031 Scripturas,

510 2076 634 2133 qua:
676 2059 745 2114 de
797 2060 917 2130 ipso
961 2067 1140 2114 erant.
1179 2077 1198 2109 ι
1248 2055 1349 2112 llic
1383 2055 1599 2127 gemina
1634 2047 1736 2109 nos
1779 2050 2099 2107 humilandi

512 2153 817 2209 necessitas
852 2150 1138 2217 incumbit,
1162 2150 1256 2220 qui
1284 2164 1385 2203 nec
1418 2148 1471 2202 in
1506 2145 1804 2217 Scripturis
1833 2156 2100 2215 quantmn

515 2253 732 2315 oportet
759 2243 961 2309 educti,
981 2258 1080 2297 nec
1104 2241 1450 2312 adimplenda
1480 2256 1603 2311 qua:
1632 2240 1906 2304 novimus,
1928 2253 2105 2308 quan.

516 2346 632 2394 tum
655 2338 830 2402 decet,
858 2352 1049 2392 sumus
1071 2336 1284 2391 intenti.
1301 2332 1437 2389 Nam
1454 2334 1503 2389 si
1526 2331 1740 2405 Moyses
1760 2340 1814 2387 et
1829 2331 2105 2401 propheta:

515 2432 584 2487 de
608 2430 829 2485 Christo
875 2428 1045 2484 locuti
1095 2437 1247 2496 sunt,
1289 2437 1343 2483 et
1371 2443 1496 2483 eum
1525 2442 1619 2497 per
1647 2425 1958 2496 passionem
1984 2425 2104 2495 glo—

518 2525 657 2580 riam
704 2524 1033 2578 intraturum
1082 2522 1473 2593 praedixerunt,
1517 2518 1794 2591 quomodo
1839 2517 2107 2588 gloriatur

518 2630 581 2670 se
610 2611 986 2668 Christianum
1003 2627 1147 2676 esse,
1168 2613 1262 2681 qui
1286 2624 1464 2681 neque
1485 2607 1822 2679 Seripturas,
1838 2616 2106 2679 quantum

520 2708 589 2764 τ]
644 2705 926 2761 Christum
975 2705 1249 2776 pertineant
1282 2702 1607 2774 investigat,
1650 2716 1826 2773 neque
1876 2699 2106 2771 gloriam

520 2815 687 2871 quam
715 2814 843 2855 cum
870 2797 1095 2854 Christo
1123 2797 1326 2852 habere
1371 2797 1544 2867 cupit,
1568 2811 1665 2867 per
1708 2795 1995 2867 passiones
2025 2802 2109 2850 at-

522 2896 731 2965 tirgere
756 2892 1050 2949 desiderat.

560 3005 621 3038 η
677 2984 744 3040 Et
784 2986 1362 3057 appropinquavcruut
1407 2984 1632 3047 castQilo
1669 2999 1782 3056 quo
1828 2980 2008 3051 ibant;
2055 2990 2112 3038 et

525 3080 645 3150 ipse
671 3094 732 3135 se
763 3079 917 3133 illuxit
942 3079 1160 3148 longius
1190 3079 1291 3134 ire.
1324 3078 1390 3134 Et
1419 3089 1716 3151 coegerunt
1740 3079 1894 3133 illum
1924 3078 2113 3133 dicen-

440 3156 461 3179 ‘
526 3179 649 3225 tes:
694 3167 853 3224 Mane
908 3170 1217 3234 tzuﬁiscum,
1260 3169 1502 3235 domine,
1544 3170 1805 3240 quoniam
1850 3169 2112 3239 advespe-

528 3261 717 3325 rascit,
760 3269 816 3315 et
863 3262 1120 3316 inclinata
1145 3270 1232 3316 est
1259 3261 1372 3332 jam
1413 3261 1552 3316 dies.
1605 3260 1673 3316 Et
1721 3261 1944 3316 iutratit
1983 3275 2110 3316 cum

528 3355 660 3413 llis.
706 3375 726 3408 ι
763 3353 1063 3427 Scriptum:
1102 3370 1277 3412 sacrm
1320 3356 1578 3427 mysteria
1604 3369 1729 3426 quae
1752 3356 1820 3410 de
1844 3369 1905 3411 se
1922 3362 2110 3421 erant,

526 3447 639 3505 illis
667 3449 884 3503 duobus
912 3446 1179 3503 Dominus
1208 3448 1443 3518 aperuit,
1467 3456 1521 3501 et
1549 3454 1753 3513 tamen,
1775 3446 1904 3517 quia
1934 3445 2116 3501 adhuc

530 3541 585 3597 in
613 3555 804 3596 eorum
836 3541 1094 3595 cordibus
1123 3538 1443 3610 peregrinus
1467 3547 1585 3594 erat
1605 3554 1636 3593 a
1661 3537 1784 3604 (ide,
1804 3541 1883 3595 ire
1911 3554 1970 3595 se
1998 3538 2114 3593 lon-

530 3632 655 3704 gius
706 3631 881 3686 tinxit.
929 3629 1160 3703 Fingere
1211 3646 1450 3701 namque
1488 3646 1818 3702 componere
1855 3630 2111 3686 dicimus.

536 3720 695 3778 Unde
730 3731 787 3777 et
835 3722 1231 3792 compositorcs
1277 3723 1377 3778 luti
1427 3722 1621 3796 ﬁgulus
1650 3738 1933 3779 vocamus.
1972 3721 2117 3778 Nihil

530 3815 680 3870 enim
728 3814 960 3885 simplex
1010 3814 1212 3870 veritas
1261 3830 1358 3886 per
1405 3814 1779 3886 duplicitatem
1836 3814 1982 3882 fecit,
2021 3814 2117 3870 sed

532 3909 695 3966 talem
740 3924 800 3965 se
842 3909 924 3963 eis
951 3907 1202 3967 exhibuit
1230 3909 1284 3964 in
1334 3924 1567 3980 corpore
1613 3909 1793 3980 qualis
1824 3908 1967 3979 apud
1998 3908 2120 3963 illos

530 4010 651 4057 erat
674 4001 728 4056 in
761 4009 961 4056 mente.
992 3999 1267 4056 Probandi
1304 4010 1465 4057 erant
1488 4020 1501 4056 :
1528 4001 1574 4057 si
1604 4002 1752 4057 hunc
1780 4017 1942 4072 quem
1982 4016 2123 4056 non-

531 4093 662 4149 dum
681 4101 741 4147 ut
771 4091 941 4147 Deum
976 4092 1291 4164 diligebant,
1313 4094 1505 4149 saltem
1533 4104 1594 4148 ut
1621 4093 1968 4166 peregrinum
1996 4092 2123 4147 dili-

533 4192 742 4252 gereut.
776 4181 843 4239 Et
885 4184 1016 4254 quia
1064 4182 1313 4238 extranei
1343 4199 1373 4238 a
1413 4184 1680 4240 eharitate
1710 4200 1820 4239 non
1868 4191 2123 4255 poterant

531 4285 659 4329 esse
692 4272 752 4328 hi
794 4288 921 4329 eum
971 4273 1176 4346 quibus
1211 4271 1427 4330 Veritas
1466 4275 1835 4346 gradieLatur,
1880 4291 2007 4331 eum
2053 4275 2123 4330 ad

532 4361 835 4435 hospitium
878 4375 938 4420 ut
986 4367 1334 4436 peregrinum
1380 4375 1600 4435 vocant,
1658 4368 1772 4422 imo
1826 4375 2124 4439 coegerunt

2200 1875 2345 1944 Quot
2381 1875 2669 1948 praeceptis
2700 1874 2995 1929 instruitur
3038 1873 3203 1928 homo
3245 1872 3417 1943 quasi
3464 1881 3559 1926 tot
3607 1871 3803 1927 {ach

2201 1968 2595 2023 inﬂammatur.
2636 1965 3027 2022 Verumtamen
3076 1978 3184 2020 non
3217 1974 3631 2036 cognoverunt
3668 1980 3802 2027 eun.

2200 2060 2377 2117 donec
2402 2059 2457 2115 in
2508 2057 2778 2114 fractione
2805 2058 2987 2130 panis.
3030 2056 3189 2113 Certe
3220 2057 3481 2129 mysterii
3526 2072 3705 2112 causa
3737 2055 3807 2110 fa-

2202 2161 2351 2208 ctum
2381 2160 2488 2218 est,
2523 2162 2585 2207 ut
2628 2153 2709 2207 eis
2737 2152 2793 2206 in
2840 2151 2933 2206 illo
2961 2150 3164 2222 eﬂigirs
3206 2150 3621 2205 ostenderetur
3656 2163 3805 2220 qua.

2205 2261 2313 2301 non
2347 2254 2741 2316 cognoscerent
2774 2244 2880 2299 nisi
2914 2243 2969 2298 in
3016 2242 3282 2298 l'raetione
3314 2242 3523 2312 panis,
3568 2256 3645 2297 ne
3668 2244 3805 2313 qui?

2205 2353 2370 2408 quan:
2404 2350 2464 2392 se
2492 2335 2772 2391 Christum
2796 2333 3084 2406 agnovisse
3122 2333 3454 2399 arbitretur,
3476 2332 3530 2387 si
3556 2332 3688 2404 ejus
3708 2347 3808 2387 cur-

2206 2428 2356 2500 poris
2386 2427 2658 2498 particeps
2701 2442 2810 2483 non
2847 2435 2972 2483 est:
3018 2425 3164 2497 quod
3188 2436 3272 2480 est
3319 2422 3619 2491 Ecclesia,
3669 2424 3809 2494 cujus

2209 2524 2469 2577 unitatem
2491 2521 2545 2576 in
2575 2528 2923 2576 sacramento
2951 2519 3111 2590 panis
3132 2518 3498 2574 commendat
3519 2518 3811 2589 Apostolus

2207 2616 2438 2672 dicens:
2494 2634 2514 2667 ι
2548 2629 2693 2671 unus
2744 2614 2924 2685 panis,
2970 2626 3139 2668 unum
3178 2627 3383 2682 corpus
3416 2611 3597 2665 multi
3632 2627 3812 2667 sumes

2210 2707 2260 2779 (I
2289 2707 2416 2765 Cor.
2455 2707 2534 2779 ι).
2575 2726 2594 2760 ι
2626 2704 2782 2763 Tunc
2804 2706 2950 2762 enim
2980 2720 3105 2762 vere
3132 2706 3539 2776 cognoscimus
3574 2720 3710 2760 cum
3732 2719 3809 2773 per

2211 2810 2617 2858 sacramentum
2676 2800 2936 2857 Ecclesiae
2985 2814 3111 2854 eum
3162 2813 3264 2869 pro
3312 2797 3488 2853 nobis
3536 2808 3811 2852 mortem

2211 2910 2335 2951 esse
2358 2905 2414 2950 et
2452 2894 2719 2951 revixisse
2754 2893 2984 2949 ﬁdeliter
3022 2890 3415 2963 intelligamus.
3461 2889 3597 2946 Non
3634 2892 3814 2947 incoa-

2214 2997 2472 3060 grucnter
2518 2987 2821 3058 accipimus
2870 2986 2979 3042 hoc
3029 2985 3491 3056 impedimentum
3544 2985 3611 3040 in
3654 2984 3817 3039 ocui‘u

2216 3092 2407 3134 eorum
2458 3093 2490 3134 a
2539 3077 2744 3134 Sataua
2797 3076 3033 3143 venisse,
3082 3091 3150 3131 ne
3180 3085 3599 3146 agnosceretur
3644 3072 3816 3129 lens.

2137 3131 2181 3191 Ο
2218 3169 2323 3227 Sed
2348 3180 2529 3227 tamen
2559 3186 2591 3226 a
2623 3170 2848 3226 Christo
2893 3170 3034 3224 facta
3077 3177 3163 3224 est
3204 3131 3519 3239 promissio
3546 3182 3733 3238 usque
3758 3165 3817 3220 ad

2212 3279 2431 3337 panem,
2457 3272 2517 3318 ut
2549 3279 2698 3319 nunc
2727 3261 3058 3332 intelligatur
3085 3276 3115 3316 a
3146 3259 3303 3315 nobis
3322 3259 3623 3314 removeri
3654 3259 3817 3330 impe-

2213 3356 2518 3414 dimentum
2549 3354 2854 3421 inimicum,
2883 3370 3008 3410 cum
3040 3354 3095 3408 in
3137 3352 3381 3409 Ecclesia
3415 3353 3605 3423 digne
3632 3351 3819 3407 intellio

2214 3448 2396 3520 gimus
2424 3447 2743 3520 mysterium
2796 3444 3128 3501 sacramenti
3153 3442 3404 3514 corporis
3433 3450 3499 3496 et
3529 3440 3816 3513 sanguinis

2215 3541 2454 3597 Domini.

2293 3653 2312 3686 ‹
2344 3632 2407 3688 Et
2438 3642 2724 3705 surgentes
2742 3629 2932 3687 eadem
2961 3629 3099 3685 hora
3125 3627 3359 3700 regressi
3392 3635 3533 3682 sunt
3561 3624 3821 3682 Diei-w-

2216 3728 2323 3783 lem
2346 3738 2433 3795 ;et
2453 3727 3157 3795 inveneruntcongregatos
3193 3721 3474 3786 uiidecim,
3508 3730 3568 3776 et
3606 3719 3821 3791 επιςςυί

2218 3834 2343 3873 cum
2372 3817 2506 3890 ipsis
2539 3826 2717 3882 erant,
2751 3813 3038 3871 dicentes:
3071 3812 3227 3881 Quod
3257 3813 3509 3867 surrexit
3552 3810 3822 3866 Dominus

2218 3922 2367 3977 vere,
2408 3916 2465 3963 et
2510 3907 2764 3977 apparuit
2813 3904 3047 3961 Simoni.
3100 3903 3167 3957 Et
3198 3902 3300 3972 ipsi
3344 3902 3669 3957 narrabant
3708 3918 3824 3973 qua:

2221 4012 2371 4074 gesta
2418 4010 2577 4056 erant
2620 4001 2675 4056 in
2726 4000 2837 4064 via,
2877 4009 2932 4054 et
2963 3998 3241 4069 quomodo
3277 4005 3680 4066 cognoverunt
3705 4009 3827 4050 cura

2223 4096 2277 4151 in
2301 4095 2567 4151 fractione
2591 4094 2767 4166 panis.
2792 4091 2904 4150 Nec
2925 4093 3034 4147 illis
3051 4091 3421 4149 crediderunt.
3454 4108 3480 4142 ι
3503 4088 3824 4145 Notandum

2223 4188 2352 4260 quia
2377 4186 2546 4261 aliqui
2574 4186 2799 4243 fuerunt
2821 4188 2893 4242 ibi
2918 4187 3013 4258 qui
3034 4200 3142 4240 non
3172 4184 3534 4241 crediderunt
3557 4182 3680 4239 illis
3698 4183 3827 4238 duo-

2225 4280 2353 4349 bus,
2384 4281 2479 4337 sed
2508 4280 2565 4336 bi
2596 4280 2800 4354 quibus
2825 4280 2939 4351 jam
2969 4278 3238 4335 Dominus
3267 4287 3615 4351 apparuerat
3652 4275 3830 4350 proie-

2226 4380 2317 4429 cto
2347 4372 2702 4428 crediderunt
2721 4374 2823 4429 eis.
2859 4371 3012 4428 Sicut
3037 4386 3104 4427 ex
3138 4371 3464 4426 mulieribus
3490 4369 3695 4427 Maria:
3718 4369 3831 4425 la-

534 4466 683 4558 eum.
823 4472 935 4529 quo
978 4459 1274 4558 colligitur,
1305 4460 1434 4558 quia
1471 4461 1745 4531 peregrini
1790 4475 1902 4515 non
1942 4459 2121 4514 solum
2154 4502 2198 4558 Β
2227 4466 2489 4537 ςάοιειιε,
2527 4464 2601 4521 ita
2640 4481 2708 4521 ex
2741 4466 2876 4522 viris
2902 4464 3063 4521 Petro
3102 4465 3254 4521 visus
3291 4473 3378 4520 est
3412 4463 3631 4536 primo.
3679 4463 3832 4532 Quod

534 4548 799 4607 invitandi
827 4558 977 4617 sunt,
1009 4554 1106 4607 sed
1135 4553 1300 4607 etiam
1330 4552 1400 4607 ad
1427 4553 1724 4624 hospitium
1748 4552 2018 4608 trahendi.

572 4651 632 4695 ἰι
672 4642 740 4700 Ει
764 4642 970 4700 factum
993 4653 1100 4712 est,
1132 4645 1263 4702 dum
1282 4646 1637 4703 recumberet
1656 4662 1782 4702 cum
1807 4644 1936 4711 illis,
1961 4661 2120 4703 acce-

537 4733 617 4806 pit
644 4750 840 4809 panem
869 4746 926 4794 et
953 4737 1254 4809 benedixit,
1283 4753 1350 4797 ac
1367 4737 1549 4812 fregit,
1571 4748 1626 4797 et
1654 4739 1967 4813 porrigebat
1987 4739 2115 4796 illis.

2225 4556 2273 4616 si
2298 4573 2409 4617 non
2439 4559 2584 4616 dicat
2609 4559 2963 4631 evangelista,
2992 4556 3215 4631 quando
3238 4556 3322 4614 vel
3354 4556 3452 4613 ubi
3483 4554 3714 4613 factum
3732 4564 3831 4623 est,

2226 4660 2407 4710 tamen
2438 4653 2567 4728 quia
2594 4653 2686 4720 sit,
2720 4667 2830 4709 nou
2865 4662 3028 4709 tacet.

1577 5063 2056 5155 FERIA
2141 5065 2760 5157 TERTIA.

1838 5282 2205 5346 Secundum
2245 5283 2503 5346 Lucam.

592 5475 645 5517 ες
689 5455 852 5515 Stetit
890 5455 1050 5514 Jesus
1090 5459 1145 5515 in
1188 5459 1369 5517 medio
1427 5460 1819 5536 discipulorum
1875 5481 2126 5535 suorum,

541 5559 604 5609 et
642 5549 783 5606 dixit
813 5551 932 5609 eis:
967 5550 1077 5608 Pax
1127 5553 1303 5609 vobis.
1352 5552 1465 5626 Ego
1514 5571 1677 5625 sum;
1725 5559 1895 5616 nolite
1939 5560 2130 5616 timere

547 5643 701 5718 (an.
750 5648 923 5718 χειν).
973 5665 992 5701 ι
1037 5645 1163 5702 Muli
1210 5649 1477 5718 corporis,
1536 5650 1628 5706 ubi
1678 5651 1934 5708 divinitas
1989 5660 2128 5719 erat,

538 5739 690 5796 ostia
708 5739 903 5810 clausa
928 5756 1038 5799 nou
1069 5742 1415 5800 obstiterunt.
1456 5740 1521 5799 Et
1552 5745 1743 5816 procul
1773 5745 1941 5803 dubio
1974 5746 2134 5803 intel-

2233 5467 2509 5542 ligendum
2541 5469 2686 5540 quod
2718 5468 2843 5526 inde
2878 5467 3119 5529 Thomas
3139 5470 3367 5540 exierat,
3390 5479 3698 5545 antequam
3726 5468 3838 5529 ὼ·

2235 5563 2420 5617 minus
2448 5566 2788 5634 apparuisset
2823 5563 2967 5619 aliis.

2314 5673 2334 5708 ι
2377 5654 2699 5712 Conturbati
2749 5672 2879 5713 vero
2932 5668 2987 5713 et
3029 5658 3274 5715 exterriti
3330 5656 3733 5715 existimabant
3774 5668 3835 5714 se

2236 5746 2416 5805 visum
2447 5746 2652 5806 videre.
2683 5746 3049 5807 i.Credebant
3081 5750 3335 5823 apostoli,
3368 5749 3461 5808 sed
3491 5765 3605 5808 non
3630 5748 3832 5809 tarta-
