4032 6396
136 349 270 406 953
1109 319 1684 401 uenenum-ses
1723 345 1823 402 ss.

135 464 417 519 bantur:
467 460 664 532 primo,
703 461 831 531 quia
864 474 1161 530 paucorum
1195 461 1506 530 opinionem
1549 472 1766 517 senten-
1797 467 1846 525 Α

135 557 229 611 tia
288 555 530 626 majoris
571 556 744 626 partis
787 554 1056 619 excludit;
1107 555 1342 626 denique
1381 555 1510 626 quia
1555 554 1768 623 Petrus,

136 654 205 700 et
241 645 298 700 si
331 645 509 700 credit
539 645 948 710 resuscitatunr,
980 644 1189 698 turbari
1219 645 1415 714 jmtrrit,
1447 646 1590 714 quod
1622 646 1774 700 clau-

141 733 235 790 sis
268 735 441 790 ostiis
470 731 736 788 Dominus
764 749 889 788 eum
921 749 1150 803 corpore
1198 749 1257 790 se
1301 734 1632 804 improvisus
1684 734 1770 790 in-

143 827 401 883 fuderit.
431 825 633 881 Putant
651 841 781 896 ergo
802 841 860 881 se
882 827 1133 896 spiritum
1165 826 1364 893 videre;
1395 842 1501 880 non
1527 842 1769 893 carnem,

142 920 294 991 quia
357 935 467 975 non
522 919 786 982 credunt,
835 918 919 972 vel
961 919 1123 973 tertio
1165 916 1254 971 die
1299 916 1541 987 potuisse
1589 933 1770 972 veram

143 1027 401 1068 carnem
459 1011 528 1066 de
583 1009 834 1080 sepulcro
894 1024 1200 1079 resurgere,
1256 1008 1336 1062 vel
1383 1009 1768 1062 resuscitatum

148 1106 385 1161 clausis
409 1104 596 1175 januis
623 1104 689 1158 ad
718 1119 815 1158 cos
839 1118 1002 1173 posse
1037 1111 1340 1172 penetrare.

239 1216 262 1250 σ
319 1197 390 1252 Ει
417 1197 552 1250 dixit
593 1196 674 1250 eis
705 1213 719 1249 :
745 1195 884 1261 Quid
916 1193 1117 1249 turbati
1148 1195 1300 1259 estis,
1331 1201 1384 1248 et
1412 1191 1770 1262 cogitationes

149 1290 482 1344 ascendrmt
509 1289 561 1342 in
608 1285 787 1343 corda‘
821 1289 1037 1342 vestra?
1071 1307 1088 1339 ι
1118 1286 1492 1356 Cogitationes
1525 1285 1629 1338 illa:
1658 1298 1766 1338 non

151 1382 414 1452 desuper
440 1381 859 1445 descenderunt,
903 1379 998 1434 sed
1043 1379 1111 1434 de
1155 1381 1266 1432 imo
1295 1377 1477 1432 cordis
1503 1377 1766 1431 ascende-

153 1482 327 1540 runt,
386 1473 530 1527 sicut
573 1471 741 1527 herba
791 1472 933 1528 mala
977 1471 1043 1524 de
1087 1480 1250 1524 terra.
1298 1468 1484 1522 Fidem
1521 1483 1684 1538 quam
1712 1467 1767 1520 in

155 1563 333 1618 vobis
383 1562 618 1633 plarrtavi
663 1563 842 1633 exigo,
884 1561 1030 1636 quod
1081 1575 1148 1614 ex
1189 1559 1342 1614 vobis
1388 1568 1638 1613 exortum
1685 1569 1768 1611 est

155 1655 507 1711 condemno.
561 1652 619 1708 Si
662 1670 772 1710 non
821 1663 905 1710 est
952 1651 1154 1707 veritas
1185 1650 1620 1717 resur.ectiouis,
1647 1665 1768 1718 per-

154 1751 320 1805 ditus
347 1759 430 1804 est
465 1749 675 1804 fructus
705 1747 998 1818 passionis.

242 1861 266 1894 ι
319 1839 514 1896 Videte
540 1854 737 1894 manus
763 1852 914 1892 meas
940 1844 994 1890 et
1019 1834 1182 1906 pedes
1205 1831 1331 1902 quia
1356 1847 1456 1903 ego
1483 1831 1597 1901 ipse
1622 1845 1764 1885 sum.
1801 1825 1842 1881 Β

157 1931 402 2003 Palpate
440 1941 494 1986 et
534 1930 732 1995 videte,
762 1929 889 2000 quia
922 1927 1148 1997 spiritus
1177 1939 1398 1980 carnem
1429 1933 1483 1978 et
1505 1937 1629 1977 ossa
1658 1938 1766 1976 non

159 2025 365 2089 habet,
397 2025 538 2080 sicut
581 2038 667 2076 me
700 2022 893 2075 videtis
931 2021 1149 2074 habere.
1184 2016 1247 2071 Et
1277 2033 1401 2072 cum
1447 2016 1561 2070 haec
1594 2015 1766 2070 dixis-

160 2124 274 2181 set,
309 2116 553 2170 ostendit
581 2113 661 2169 eis
693 2126 911 2176 manus,
938 2119 992 2163 ct
1017 2109 1182 2178 pedes
1216 2115 1270 2161 et
1301 2106 1462 2160 latus.
1504 2124 1533 2164 ι,
1554 2104 1635 2158 Ad
1663 2105 1768 2158 du-

165 2207 474 2265 bitantium
525 2206 691 2261 corda
746 2202 992 2258 sanauda
1042 2199 1325 2254 vulnerum
1379 2207 1506 2253 sunt
1554 2205 1766 2252 servata

166 2300 426 2370 vestigia.
485 2295 670 2352 Multis
720 2297 905 2366 itaqrre
954 2292 1297 2349 docuureutis
1346 2291 1636 2361 persuadet
1682 2305 1768 2344 re-

163 2391 596 2456 surreetionem,
634 2387 924 2460 przelieudo
969 2402 1027 2442 se
1075 2396 1128 2441 et
1162 2385 1336 2440 oculs
1375 2383 1665 2438 videndum
1715 2391 1768 2436 et

168 2487 435 2542 manibus
476 2483 945 2539 contrectandum.
991 2479 1097 2547 Qui
1145 2481 1274 2534 dum
1324 2478 1591 2549 palpanda
1639 2491 1766 2531 ossa

167 2593 503 2647 carnemque
539 2583 827 2640 “IOIISll'ﬂl,
858 2584 1060 2629 Slﬂlﬂlll
1090 2589 1203 2627 ειιω
1234 2571 1316 2626 νει
1352 2581 1552 2625 110511·ἅὲ
1584 2585 1766 2624 1⁸0801³·

167 2670 432 2726 rectiouis
451 2669 740 2740 signiﬁcat,
765 2667 817 2720 in
845 2683 950 2737 qua
980 2681 1178 2736 corpus
1207 2665 1464 2718 nimirum
1491 2674 1542 2718 et
1570 2663 1767 2718 subtile

167 2764 276 2817 erit
324 2779 421 2832 per
467 2765 716 2816 ell'ectum
769 2760 1030 2830 spiritalis
1087 2759 1360 2828 potentiae,
1388 2767 1441 2812 ct
1499 2755 1763 2826 palpabile

171 2869 272 2925 per
303 2855 588 2909 veritatem
626 2861 855 2907 naturae.
905 2848 1060 2904 Unde
1089 2851 1282 2904 beatus
1308 2847 1451 2903 Job:
1490 2869 1508 2899 ι
1547 2847 1612 2900 Et
1643 2863 1764 2900 rur-

172 2965 296 3004 sum
328 2947 712 3004 cireurudabur
755 2945 891 3016 pelle
938 2959 1079 3008 mea,
1113 2949 1166 2996 ct
1207 2943 1260 2996 in
1307 2957 1471 2995 carne
1519 2950 1638 2993 mea
1683 2939 1764 2990 vi-

171 3044 313 3097 (lebo
360 3041 529 3096 Deum
577 3039 699 3110 (Job
751 3045 888 3104 χιχ).
921 3057 940 3089 ι
1002 3035 1068 3089 Et
1113 3035 1396 3090 sciendum
1448 3035 1576 3103 quia
1623 3033 1767 3086 sicut

171 3136 454 3204 discipulis
483 3136 737 3205 dignatus
779 3141 862 3187 cst
907 3131 1169 3184 Dominus
1208 3129 1444 3199 pandere
1491 3128 1609 3181 loca
1651 3125 1764 3180 cla-

171 3245 368 3282 vorrrnr
417 3237 471 3282 et
511 3227 733 3290 lancem,
781 3225 854 3278 ita
901 3224 954 3277 in
998 3223 1084 3277 die
1118 3221 1308 3290 judicii
1360 3217 1764 3274 moustrabitet

173 3321 360 3374 eadem
389 3319 591 3388 judicia
639 3333 753 3372 sua:
787 3315 1056 3386 passionis
1087 3323 1140 3367 et
1185 3313 1358 3381 ipsam
1403 3311 1608 3380 pariter
1637 3325 1758 3362 cru-

176 3428 316 3477 cem,
361 3422 420 3466 ut
465 3410 768 3466 confundat
815 3408 1176 3477 superborum
1229 3404 1624 3458 inlidel.tatem.
1680 3399 1762 3454 0b

177 3503 378 3558 multas
429 3503 629 3572 quippe
681 3513 879 3555 causas
923 3497 1094 3552 \‘oluit
1123 3496 1409 3550 cicatrices
1441 3494 1494 3546 iu
1533 3507 1760 3560 corpore

177 3609 280 3650 suo
307 3608 589 3648 remanere
616 3610 628 3644 :
663 3589 844 3643 Prima
874 3605 1040 3643 causa
1073 3585 1175 3640 iuit
1209 3596 1267 3640 ut
1296 3593 1566 3640 astrueret
1595 3583 1762 3637 disci-

174 3689 320 3762 pulis
360 3687 517 3741 iidem
569 3684 1016 3748 resurrectionis;
1067 3681 1328 3745 secunda,
1363 3689 1420 3732 ut
1466 3676 1612 3731 Patri
1663 3693 1760 3746 pro

177 3782 335 3837 nobis
377 3779 710 3850 supplicans,
740 3778 902 3847 quale
945 3790 1116 3846 genus
1155 3773 1348 3828 mortis
1393 3769 1614 3841 pertulit
1660 3785 1760 3838 pro

179 3875 394 3932 homine
451 3889 668 3942 semper
720 3871 1018 3936 ostendat;
1079 3870 1258 3932 tertia,
1326 3874 1384 3920 tit
1447 3863 1761 3918 misericor-

179 3969 318 4024 diam
347 3983 501 4022 suam
529 3965 686 4020 nobis
709 3965 992 4018 irmovaret
1025 3961 1222 4016 talibus
1257 3958 1506 4023 iudieiis;
1539 3965 1758 4026 quarta,

182 4060 304 4116 utiu
328 4060 412 4114 die
436 4059 630 4128 judicii
649 4055 901 4112 ostendat
924 4055 1144 4126 perlidis
1170 4070 1332 4123 quam
1352 4052 1499 4121 juste
1526 4050 1758 4106 debeant

182 4154 418 4208 danmari
450 4152 665 4223 ignibus
693 4150 932 4205 aeternis.
967 4147 1023 4203 Si
1053 4147 1177 4218 quis
1210 4147 1368 4202 ruiles
1397 4144 1754 4209 fortissimus,

178 4245 390 4316 jubente
433 4260 534 4299 suo
565 4259 708 4314 rege,
743 4257 842 4312 pro
873 4242 1048 4296 salute
1075 4256 1190 4295 sua:
1220 4239 1396 4309 gentis
1427 4237 1639 4291 hostem
1672 4235 1757 4289 irr-

182 4337 440 4393 terlieeret
471 4335 657 4390 multis
679 4333 1002 4388 vulneribus
1030 4331 1288 4402 acceptis,
1335 4338 1390 4384 ct
1439 4328 1611 4398 spolia
1641 4343 1756 4382 suae

186 4431 320 4501 genti
351 4436 652 4500 reportaret
699 4428 768 4482 ab
810 4427 964 4482 hoste
1014 4433 1288 4496 superato,
1312 4432 1366 4478 et
1395 4421 1755 4489 interrogaret

183 4538 215 4578 a
242 4522 440 4576 medico
473 4538 542 4576 an
585 4521 656 4575 ita
702 4519 862 4575 vellet
886 4519 1066 4573 curari
1116 4526 1174 4572 ut
1208 4514 1434 4586 vestigia
1466 4514 1751 4567 vulnerum
1785 4525 1829 4579 ι)

185 4613 321 4668 trulla
362 4621 702 4684 apparerent,
740 4627 806 4666 an
845 4611 917 4665 ita
948 4611 1128 4680 potius
1156 4617 1215 4664 ut
1247 4607 1531 4664 cicatrices
1563 4618 1746 4658 rema«

185 4719 361 4763 nerent
389 4708 506 4763 sine
550 4707 730 4777 aliqua
760 4703 1128 4771 deformitate,
1165 4704 1281 4773 ipse
1311 4698 1666 4771 responderet
1688 4709 1748 4750 se

184 4801 307 4856 velle
327 4802 525 4868 sanari,
577 4801 650 4856 ita
679 4809 735 4854 ut
769 4799 822 4853 in
863 4813 930 4852 eo
959 4805 1238 4853 manerent
1279 4796 1433 4868 signa
1463 4789 1745 4862 triumphi,

186 4895 229 4949 si
256 4896 346 4949 hoc
374 4895 578 4965 absque
605 4893 851 4963 corporis
879 4890 1224 4946 deformitate
1252 4897 1433 4958 posset
1477 4886 1612 4940 lieri.
1656 4883 1749 4938 Sic

185 4986 407 5056 profecto
455 4987 579 5042 fecit
627 4986 909 5042 Dominus.
961 4983 1080 5038 Non
1133 4997 1262 5053 ergo
1306 4997 1371 5034 ex
1427 4975 1742 5048 impotentia

185 5080 392 5134 curandi
439 5079 724 5135 cicatrices
762 5079 1017 5140 servavit,
1052 5075 1144 5130 sed
1193 5083 1251 5128 ut
1296 5079 1614 5143 perpetuum
1664 5067 1745 5122 vi-

187 5173 352 5227 cterite
376 5169 882 5228 suae-circumferret
908 5167 1260 5239 triumphum.

1881 343 2189 402 PATllUM.
2225 374 2294 387 α-
2329 343 2457 400 LIB.
2507 343 2547 399 Ι.
3352 351 3460 408 956

1915 461 1918 464 ’
1948 479 1966 513 ι
1999 459 2194 516 Adhuc
2221 470 2401 516 autem
2425 461 2532 517 illis
2553 475 2661 514 non
2681 458 3025 516 credentibus
3053 469 3102 516 et
3131 460 3460 521 mirantibus

1874 569 1985 624 pra:
2013 553 2210 622 gaudio
2237 553 2374 608 dixit
2408 551 2667 608 :llabetis
2693 551 2781 607 hic
2809 553 3009 607 alit-uid
3040 557 3182 623 quod
3228 557 3460 611 mandu-
3495 608 3505 614 .

1874 655 2029 701 cetur
2052 647 2076 700 2
2099 647 2169 699 At
2200 647 2274 699 illi
2301 647 2614 700 obtulerrmt
2656 645 2704 698 ei
2731 655 2938 714 partem
2966 647 3132 716 piscis
3159 649 3268 702 assi
3295 657 3348 702 ct
3379 648 3458 702 fa-

1872 753 2000 792 vum
2049 739 2244 794 mellis.
2298 737 2363 792 Et
2407 753 2530 792 cum
2583 740 2965 792 manducasset
2995 753 3178 792 coraur
3215 739 3315 802 eis,
3359 756 3455 794 su-

1873 845 2027 885 mens
2059 831 2318 900 reliquias
2347 831 2495 884 dedit
2527 829 2652 883 illis.
2688 849 2706 880 r
2741 828 2834 883 Pie
2860 831 3140 884 sciendum
3173 840 3255 884 est
3283 850 3295 884 :
3326 829 3460 886 Post

1871 922 2329 977 resurrectionem
2377 921 2592 976 Domini
2641 922 2748 976 cibi
2797 937 2938 992 quos
2982 923 3215 992 sumpsit
3247 924 3454 978 nullum

1871 1013 2075 1084 sagina:
2118 1013 2490 1082 adjumenlum
2535 1014 2584 1066 ei
2632 1013 2998 1082 prtebuerunt,
3042 1015 3136 1068 sed
3179 1015 3456 1084 quomodo

1871 1104 1926 1158 in
1975 1104 2152 1174 ignem
2199 1105 2366 1158 missa
2411 1119 2552 1173 aqua
2596 1104 2923 1167 absumitur,
2952 1105 3021 1156 ita
3071 1120 3192 1157 mox
3227 1107 3454 1160 comesti

1870 1194 2100 1264 spiritali
2117 1195 2236 1264 ejus
2254 1195 2454 1248 virtute
2470 1203 2597 1248 sunt
2618 1195 2905 1262 assurrrpti.
2925 1192 2984 1246 Pr
2997 1191 3175 1248 ol‘ccto
3190 1196 3331 1248 sicut
3347 1211 3456 1249 non

1869 1284 2103 1354 iudiguit
2137 1285 2261 1338 cibo
2313 1294 2437 1354 post
2482 1285 2958 1348 resurrectionem,
2989 1284 3070 1337 sic
3112 1301 3211 1339 nec
3242 1301 3346 1339 nos
3375 1286 3460 1338 in-

1868 1377 2204 1448 digebimus;
2252 1377 2344 1430 sed
2380 1392 2561 1431 veram
2611 1378 2778 1430 vitam
2805 1376 2977 1429 voluit
3003 1377 3311 1440 ostendere,
3349 1393 3456 1432 non

1869 1469 2270 1540 imaginariam.
2327 1468 2500 1524 Aliter
2550 1469 2694 1522 enim
2753 1470 3010 1523 absorbet
3057 1485 3254 1539 aquam
3314 1479 3458 1525 terra

1867 1561 2078 1626 sitiens,
2127 1561 2284 1616 aliter
2333 1561 2576 1616 exsiceat
2623 1561 2758 1616 solis
2807 1561 2995 1616 radius
3043 1562 3303 1616 candens.
3359 1560 3458 1617 illa

1867 1653 2121 1708 absorbet
2170 1654 2509 1724 indigentia;
2563 1654 2664 1708 iste
2711 1654 2952 1708 exsiccat
2983 1655 3240 1723 potentia.
3283 1653 3460 1710 Piscis

1867 1759 2028 1798 assus
2077 1743 2352 1815 significat
2399 1746 2776 1811 mediator-em,
2828 1745 3090 1798 nimirum
3139 1746 3231 1815 qui
3291 1747 3460 1802 latere

1870 1838 2124 1907 dignatus
2153 1849 2237 1893 est
2265 1840 2318 1892 in
2349 1840 2508 1908 aquis
2532 1838 2755 1892 humani
2792 1840 3028 1908 generis,
3058 1849 3110 1892 et
3139 1840 3256 1908 capi
3287 1839 3460 1894 voluit

1873 1931 2073 2000 laqueo
2101 1931 2312 1996 mortis,
2346 1941 2400 1984 et
2430 1931 2604 1985 assari
2634 1930 2980 1983 tribulatione
3006 1931 3300 1999 passionis.
3348 1932 3457 1988 Sed

1870 2023 1964 2092 qui
1998 2022 2162 2092 piscis
2190 2037 2349 2078 assus
2381 2021 2483 2076 fuit
2513 2023 2566 2076 in
2596 2023 2870 2092 passione,
2901 2022 3057 2077 favus
3085 2024 3260 2077 mellis
3288 2027 3458 2080 exsti-

1870 2115 1935 2168 tit
1965 2116 2016 2167 in
2050 2115 2469 2169 resurrectione.
2500 2113 2677 2168 Favus
2702 2123 2786 2168 est
2833 2114 2934 2166 mcl
2979 2115 3032 2167 in
3083 2130 3227 2177 cera,
3275 2115 3325 2168 id
3372 2125 3456 2169 est

1870 2205 2101 2261 dulcedo
2131 2205 2433 2259 divinitatis
2461 2205 2514 2258 in
2549 2204 2905 2258 humanitate.
2955 2202 3011 2255 ltr
3041 2203 3164 2257 cibo
3193 2219 3295 2258 suo
3319 2205 3457 2274 pisci

1871 2312 1998 2350 asso
2021 2296 2353 2366 conjungere
2384 2295 2565 2349 favum
2597 2295 2785 2358 volrrit,
2813 2295 2940 2364 quia
2965 2295 3087 2352 illas
3117 2295 3171 2347 iu
3203 2310 3304 2348 suo
3333 2312 3458 2350 cor-

1869 2405 2001 2459 pore
2045 2389 2112 2442 ad
2168 2398 2425 2442 mternam
2471 2403 2603 2457 requ
2628 2404 2712 2441 em
2747 2387 3012 2457 susripit:
3045 2387 3136 2456 qui
3192 2403 3316 2443 cum
3368 2390 3456 2442 hic

1873 2481 2250 2535 trib-elationes
2286 2481 2547 2544 sentiunt,
2577 2481 2644 2533 ab
2675 2495 2862 2533 arnore
2895 2481 3120 2534 internae
3150 2481 3457 2536 dulcedinis

1871 2591 1978 2628 non
2020 2577 2300 2628 recedunt.
2333 2573 2435 2640 Qui
2480 2575 2569 2628 hic
2598 2589 2695 2644 pro
2729 2572 2836 2626 Deo
2875 2573 3030 2642 quasi
3064 2573 3228 2640 pircls
3255 2589 3454 2628 assau-

1869 2677 1975 2732 tur,
2006 2667 2114 2721 illic
2140 2667 2296 2736 quasi
2330 2666 2453 2720 favo
2482 2681 2607 2719 vera
2639 2665 2924 2720 dulcedine
2949 2666 3316 2719 satiabuntur.

1903 2760 1908 2766 '
1945 2780 1962 2811 ι
2001 2759 2068 2814 Et
2095 2760 2232 2813 dixit
2268 2760 2335 2813 ad
2370 2775 2463 2814 eos
2493 2777 2505 2812 :
2537 2757 2660 2814 Haec
2707 2767 2836 2813 sunt
2876 2759 3038 2812 verba
3083 2774 3206 2828 qua:
3241 2759 3454 2813 loeutus

1867 2869 1988 2907 sum
2029 2853 2094 2906 ad
2127 2868 2224 2907 vos
2253 2867 2376 2907 citur
2419 2852 2598 2906 adhuc
2631 2867 2808 2905 cssrm
2841 2851 3144 2918 vobiscum,
3191 2853 3450 2921 quoniam

1870 2959 2094 2997 necesse
2122 2952 2206 2998 est
2237 2942 2447 3012 irrrpleri
2492 2943 2676 2996 omnia
2707 2958 2828 3011 quae
2857 2943 3054 3010 scripta
3095 2951 3223 2994 sunt
3253 2942 3304 2993 in
3335 2941 3452 3011 lege

1867 3034 2059 3106 Moysi,
2091 3045 2143 3088 et
2171 3035 2468 3104 prophetis,
2492 3044 2544 3088 ct
2576 3034 2800 3102 psalmis
2829 3035 2895 3087 de
2918 3051 3022 3087 me.
3058 3054 3075 3084 ι
3109 3033 3246 3088 Cum
3271 3035 3450 3089 adhuc

1866 3143 2042 3182 essem
2077 3128 2378 3192 vobiscum,
2411 3126 2672 3180 sulauais
2698 3129 2748 3178 iu
2778 3143 2941 3180 carne
2971 3129 3208 3192 mortali,
3237 3128 3452 3182 locutus

1867 3238 1988 3275 sum
2044 3221 2206 3274 verba
2254 3220 2388 3285 haec,
2421 3220 2626 3274 scilicet
2651 3219 2909 3288 quoniam
2959 3237 3180 3274 necesse
3209 3230 3292 3275 cst
3341 3223 3450 3274 im-

1864 3312 1997 3382 pleri
2036 3327 2157 3380 qua:
2202 3312 2402 3380 scripta
2449 3320 2578 3364 sunt
2618 3310 2686 3364 de
2729 3326 2835 3364 me.
2867 3307 2997 3363 Vide
3027 3311 3302 3379 quomodo
3327 3312 3452 3366 tulit

1863 3404 2129 3460 Dominus
2177 3420 2368 3460 omnes
2419 3405 2694 3473 ambages.
2753 3402 2915 3458 Visus
2959 3415 3064 3468 est,
3119 3414 3296 3458 lactus
3342 3415 3446 3472 est,

1863 3497 2234 3563 manducavit,
2263 3496 2574 3566 Scripturas
2602 3495 2886 3564 proposuit
2906 3505 2958 3550 et
2984 3503 3256 3562 exposuit.
3293 3493 3449 3551 Tunc

1863 3599 2076 3657 aperu.t
2107 3589 2213 3642 illis
2245 3604 2466 3643 seusqu
2501 3597 2557 3641 ut
2585 3587 2942 3656 intelligerent
2971 3585 3302 3655 Scripturas.

1938 3697 1956 3728 ι
1994 3677 2060 3732 Et
2085 3679 2220 3732 dixit
2245 3679 2326 3732 eis
2355 3697 2369 3733 :
2399 3678 2685 3744 Quomodo
2727 3679 2807 3732 sic
2851 3687 3112 3746 scriptum
3140 3687 3243 3742 cst,
3271 3689 3324 3732 ct
3367 3677 3450 3733 sic

1861 3772 2143 3839 oportebat
2195 3769 2474 3824 Christum
2533 3769 2662 3838 pati,
2687 3779 2741 3822 et
2787 3785 3069 3839 resurgere
3125 3783 3155 3821 ει
3218 3771 3448 3823 mortuis

1863 3863 2020 3916 tertia
2051 3862 2160 3925 die,
2186 3871 2240 3914 et
2271 3861 2556 3929 praedicari
2584 3861 2636 3912 in
2670 3861 2890 3912 nomine
2919 3862 3040 3927 ejus
3073 3861 3445 3928 paenitentiam

1859 3963 1910 4008 et
1961 3953 2340 4007 remissionem
2389 3960 2732 4020 peccatorum
2771 3953 2823 4002 iu
2860 3966 3052 4005 orrrrres
3095 3960 3302 4020 gentes,
3357 3953 3432 4005 irr-

1860 4045 2067 4116 eipieus
2098 4045 2167 4098 ab
2193 4043 2552 4098 Hierusalem.
2589 4063 2606 4094 ι
2660 4042 3053 4095 Commendata
3083 4043 3168 4095 sui
3198 4044 3446 4112 corporis

1858 4138 2084 4192 veritate
2128 4138 2476 4191 corurrrerrdat
2513 4135 2774 4190 unitatem
2805 4131 3080 4197 Ecclesiae,
3108 4131 3222 4185 vult
3250 4134 3442 4202 praedi-

1857 4230 1971 4286 cari
2023 4229 2398 4300 pmuitentiam
2454 4236 2510 4283 et
2558 4227 2934 4282 remissionem
2984 4237 3330 4296 peccatorum
3387 4226 3442 4280 in

1859 4339 2050 4379 omnes
2107 4331 2314 4394 gentes,
2362 4323 2435 4376 ita
2497 4330 2555 4376 ut
2619 4319 2961 4391 pra-dicaturi
3023 4319 3320 4387 inciperent
3373 4317 3444 4372 ab

1857 4413 2251 4485 Hierosolymis
2276 4431 2288 4467 :
2320 4427 2428 4466 non
2458 4411 2802 4467 solummodo
2831 4408 3188 4479 praedicantes
3215 4407 3438 4474 Judaeis,

1857 4509 1952 4564 sed
1993 4509 2156 4562 etiam
2197 4506 2512 4578 praedicatio
2552 4505 2933 4560 extenderetur
2968 4504 3035 4557 ad
3077 4501 3315 4573 gentium
3346 4515 3442 4555 er-

1853 4617 2028 4659 rores.

1931 4716 1950 4748 ι
1995 4694 2102 4751 Vos
2151 4703 2333 4750 autem
2385 4703 2553 4751 testes
2592 4693 2726 4748 estis
2767 4692 2986 4756 horum,
3035 4698 3090 4746 et
3134 4703 3234 4761 ego
3283 4687 3438 4745 mitto

1854 4789 2190 4861 pronrissum
2236 4786 2413 4843 Patris
2457 4787 2565 4842 mei
2595 4786 2648 4841 iu
2679 4801 2794 4840 vos.
2834 4804 2854 4836 ι
2890 4781 3000 4840 Vos
3025 4782 3119 4855 qui
3149 4783 3360 4838 vidistis
3385 4791 3440 4838 et

1856 4882 2106 4945 audistis,
2133 4883 2328 4936 horum
2359 4894 2483 4949 qua:
2534 4877 2876 4948 praedicanda
2919 4888 3046 4930 sunt
3091 4886 3254 4930 testes
3281 4878 3435 4943 csti~',

1854 4984 1908 5029 ut
1947 4971 2225 5028 sulliciatis
2255 4971 2322 5024 ad
2359 4971 2689 5036 testandum,
2745 4970 2954 5022 mittam
3005 4970 3159 5022 vobis
3204 4972 3410 5036 promis
3461 4989 3466 4994 λ

1852 5083 1974 5122 sum
2011 5065 2210 5132 Patris,
2237 5065 2290 5120 id
2319 5073 2401 5119 est
2426 5065 2657 5135 gratiam
2691 5062 2927 5134 Spiritus
2957 5063 3149 5118 sancti.

832 5445 1432 5542 DOMINICA
1505 5445 1628 5534 IN
1705 5438 2167 5535 OCTAVA
2237 5437 2762 5529 PASCH/E.

1456 5633 1821 5699 Secundum

1860 5633 2118 5695 Lucam.

252 5823 272 5862 ι
301 5805 428 5864 Cum
459 5813 616 5885 esset
663 5817 784 5864 sero
811 5801 898 5860 die
940 5802 1034 5861 illo
1086 5818 1193 5860 una
1241 5801 1622 5871 Sabbatorum,
1677 5808 1731 5856 et
1767 5809 1770 5812 ‘
1842 5798 1987 5856 fores
2017 5804 2195 5855 essent
2236 5795 2434 5854 clausa:
2475 5793 2566 5851 ubi
2608 5799 2767 5850 erant
2808 5788 3062 5860 discipuli
3089 5785 3422 5862 congregati,
