4032 6396
558 293 666 354 953

1659 286 1986 344 \VERNERI
2025 285 2324 342 ABBATIS
2363 285 2420 342 Ξ.
2467 283 2691 340 BLASil

3768 283 3864 339 935

561 417 782 484 propter
814 418 1014 466 metum
1047 405 1377 470 Iudaeorum,
1410 402 1556 458 venit
1581 401 1760 470 Jesus,
1799 412 1853 458 et
1895 403 2044 458 stetit
2090 402 2143 462 in
2178 411 2223 466 Α
2251 399 2317 454 Et
2353 399 2496 455 sicut
2523 415 2634 454 una
2664 407 2749 455 est
2778 399 3021 455 eharitas
3049 408 3103 456 et
3130 398 3240 456 duo
3276 409 3578 472 praecepta,
3613 398 3695 454 ita
3729 415 3866 458 unus

547 504 746 568 ,medio
776 517 966 558 eorum
995 499 1177 562 (lacn.
1225 500 1340 566 xx).
1379 515 1398 548 ι
1430 495 1570 562 Quid
1621 497 1819 550 mirum
1871 495 1939 562 si,
1961 494 2148 565 januis

563 594 789 660 clausis,
840 602 963 662 post
998 588 1451 645 resurrectionem
1480 601 1634 642 suam
1666 587 1718 640 in
1748 594 2010 640 aeternum
2034 587 2148 656 jam

560 687 804 743 victurus
837 683 1076 747 intravit,
1126 682 1218 751 qui
1249 680 1547 734 moriturus
1571 678 1794 733 veniens
1821 693 1928 732 non
1959 686 2150 748 aperto

560 789 715 834 utero
745 774 982 845 Virginis
1008 774 1172 828 exivit
1191 774 1213 825 ?
1232 771 1336 826 Sed
1373 773 1502 842 quia
1529 771 1595 825 ad
1623 771 1750 825 illud
1776 786 1975 840 corpus
2003 769 2150 840 quod

558 868 731 924 videri
781 874 996 936 poterat
1041 865 1174 920 ﬁdes
1214 864 1539 918 intuentium
1567 863 1872 928 dubitabat,
1912 861 2152 917 ostendit

557 961 638 1015 eis
686 960 936 1030 protinus
986 973 1184 1012 manus
1233 965 1286 1010 ct
1331 956 1494 1010 latus.
1541 954 1870 1025 Palpandam
1930 971 2148 1010 carnem

557 1050 808 1123 praebuit,
836 1065 998 1119 quam
1033 1048 1235 1102 clausis
1259 1047 1443 1115 januis
1489 1045 1808 1101 introduxit.
1860 1045 2058 1099 Clavus
2101 1045 2150 1098 ei

559 1158 757 1198 manus
787 1142 995 1205 ﬁxerat,
1029 1141 1217 1194 lancea
1251 1140 1392 1194 latus
1442 1147 1730 1208 aperuerat
1757 1138 1847 1192 ubi
1892 1137 1960 1191 ad
1993 1136 2153 1190 dubi-

560 1236 794 1290 tantium
845 1234 1011 1289 corda
1057 1231 1299 1286 sananda
1330 1230 1616 1284 vulnerum
1659 1238 1870 1285 servata
1903 1237 2032 1283 sunt
2058 1244 2150 1282 vc-

559 1326 740 1397 stigia.
773 1325 890 1392 Qua
939 1324 996 1378 in
1028 1339 1088 1378 re
1116 1323 1225 1377 duo
1255 1322 1416 1388 mira,
1443 1335 1518 1388 et,
1541 1321 1696 1390 juxta
1729 1320 2027 1376 humanam
2060 1335 2152 1374 ra-

560 1421 766 1476 tionem
810 1419 914 1474 sibi
945 1417 1099 1472 valde
1127 1415 1422 1479 contraria,
1453 1413 1712 1480 ostendit,
1740 1413 1870 1467 dum
1915 1421 2038 1482 post
2068 1428 2154 1466 re-

561 1509 954 1566 surrectionem
1002 1522 1156 1561 suam
1201 1521 1401 1575 corpus
1442 1519 1600 1560 suum
1642 1513 1696 1559 et
1742 1503 2154 1574 incorruptibilc

559 1612 614 1656 et
649 1611 828 1656 tamen
861 1598 1126 1669 palpabile
1155 1596 1568 1651 demonstravit.
1625 1593 1759 1649 Nam
1787 1604 1843 1650 et
1871 1596 2150 1666 corrumpi

562 1707 784 1747 necesse
824 1700 907 1746 est
950 1689 1096 1760 quod
1147 1689 1416 1758 palpatur,
1462 1696 1516 1741 et
1559 1686 1767 1756 palpari
1816 1702 1925 1740 non
1975 1695 2153 1756 potest

2255 492 2494 565 Spiritus
2517 503 2571 549 et
2596 492 2706 549 duo
2729 493 2875 549 data.
2906 496 3045 549 Ante
3065 503 3245 549 tamen
3271 493 3688 564 discipulorum
3721 511 3864 549 men-

2255 586 2400 641 tibus
2459 585 2633 641 inerat
2676 585 2915 656 Spiritus
2968 596 3192 642 sanctus
3233 587 3300 641 ad
3347 586 3546 653 ﬁdem;
3605 588 3710 641 sed
3761 603 3861 643 non

2253 676 2326 731 ita
2354 676 2662 744 manifeste,
2691 685 2751 732 ut
2779 687 2903 748 post
2935 679 3414 734 resurrectionem.
3472 678 3646 735 Unde
3693 680 3860 736 illud:

2264 784 2280 816 t
2327 765 2580 822 Nondum
2613 777 2732 822 erat
2785 768 3024 839 Spiritus
3075 770 3255 836 datus,
3311 771 3444 841 quia
3491 769 3674 826 Iesus
3730 789 3862 826 non-

2259 859 2390 914 dum
2449 859 2626 915 fuerat
2677 861 3011 931 gloriﬁcatus
3063 861 3258 932 (Joan.
3316 874 3444 935 vn).
3507 884 3528 916 ι
3601 862 3768 920 Unde

2255 966 2353 1020 per
2388 950 2609 1023 Moysen
2660 954 2862 1008 dicitur
2922 972 2936 1008 :
2998 973 3018 1005 ‹
3068 953 3346 1011 Suxerunt
3387 958 3502 1012 mel
3564 957 3640 1012 de
3695 969 3860 1029 petra.

2253 1043 2547 1114 oleumque
2576 1044 2642 1098 de
2675 1046 2828 1100 lirma
2858 1055 3010 1117 petra
3038 1047 3218 1117 (Deut.
3251 1050 3451 1118 xxxn).
3491 1067 3511 1100 ι
3555 1047 3719 1103 Nihil
3771 1051 3861 1106 tale

2250 1133 2404 1205 juxta
2437 1135 2721 1190 historiam
2755 1137 2970 1205 legitur,
3003 1137 3046 1192 si
3076 1147 3185 1192 tota
3218 1139 3388 1194 series
3421 1138 3656 1194 Veteris
3683 1139 3860 1198 Testa-

2258 1227 2425 1282 menti
2480 1239 2848 1283 recensentur.
2906 1229 3010 1285 Sed
3065 1231 3190 1300 quia
3255 1231 3571 1287 secundum
3637 1231 3856 1289 Paulum

2254 1327 2408 1388 petra
2450 1329 2568 1374 erat
2591 1319 2864 1387 Christus,
2897 1323 3003 1376 mel
3037 1321 3104 1377 de
3133 1333 3282 1392 petra
3315 1335 3604 1379 suxerunt
3631 1327 3732 1396 qui
3763 1325 3854 1381 lle-

2253 1408 2553 1480 demptoris
2589 1412 2851 1468 miracula
2885 1415 3152 1472 viderunt.
3201 1413 3393 1470 Oleum
3424 1433 3567 1472 vero
3597 1419 3670 1473 de
3713 1418 3851 1474 ﬁrma

2254 1510 2406 1571 petra
2450 1515 2735 1572 suxerunt,
2769 1507 2862 1577 qui
2903 1518 3028 1580 post
3073 1510 3542 1564 resurrectionem
3579 1511 3709 1580 ejus
3735 1512 3853 1567 cllu-

2256 1592 2412 1649 sione
2443 1597 2618 1651 sancti
2655 1595 2888 1668 Spiritus
2936 1601 3064 1671 ungi
3121 1613 3464 1657 meruerunt.
3511 1602 3748 1660 Inﬁrm:
3776 1623 3853 1676 pr:-

2258 1693 2337 1741 tra
2364 1687 2512 1742 dedit
2543 1689 2670 1755 mel,
2696 1707 2820 1745 cum
2851 1692 3031 1746 adhuc
3060 1703 3203 1748 esset
3233 1695 3506 1760 mortalis,
3539 1712 3680 1750 vera
3717 1710 3850 1768 petra

560 1783 705 1853 quod
736 1800 843 1838 non
875 1780 1262 1851 corrumpitur.
1317 1779 1423 1834 Sed
1475 1780 1616 1834 miro
1646 1779 1810 1834 modo
1857 1788 2021 1849 atque
2067 1779 2153 1833 in-
2183 1771 2227 1826 Β
2255 1775 2438 1830 oleum
2467 1775 2607 1832 ludit
2635 1794 2760 1834 cum
2790 1789 2915 1850 post
2945 1782 3398 1836 resurrectionem
3447 1783 3559 1837 fuit
3605 1785 3848 1855 imp-assi-

559 1875 864 1932 testimabili
899 1873 1226 1943 Redemptor
1272 1884 1458 1926 noster
1486 1881 1540 1926 et
1569 1871 1982 1940 incorruptibilc
2029 1880 2152 1942 post

560 1967 1018 2024 resurrectionem
1071 1973 1124 2020 et
1175 1965 1443 2035 palpabile
1497 1979 1698 2034 corpus
1752 1963 2018 2029 exhibuit,
2069 1971 2148 2030 ut,

561 2061 920 2116 monstrando
952 2059 1365 2129 incorruptibilc
1421 2058 1674 2114 invitaret
1727 2057 1794 2112 ad
1841 2056 2148 2128 pratmium,

559 2154 848 2218 prabendo
891 2151 1160 2222 palpabile
1208 2149 1468 2205 formarct
1519 2151 1585 2205 ad
1623 2151 1804 2205 ﬁdem.
1857 2149 1923 2204 Et
1967 2149 2151 2204 incor-

560 2245 873 2316 ruptibilem
922 2260 981 2299 se
1026 2260 1155 2309 ergo
1183 2253 1236 2298 ct
1268 2243 1592 2313 palpabilcm
1637 2241 2052 2306 demonstravit,
2093 2249 2152 2296 ut

559 2335 805 2406 profecto
854 2351 975 2392 esse
1017 2345 1142 2405 post
1185 2335 1641 2390 resurrectionem
1689 2335 2001 2388 ostenderet
2029 2348 2151 2389 cor-

559 2443 663 2499 pus
691 2444 851 2483 suum
881 2437 936 2482 ct
957 2427 1202 2498 ejusdem
1230 2435 1458 2494 naturae,
1483 2436 1538 2482 et
1566 2427 1791 2481 alterius
1813 2425 2017 2496 glorize.

637 2541 656 2574 ι
690 2521 755 2578 Et
784 2522 920 2576 dixit
949 2521 1030 2577 eis
1059 2540 1073 2575 :
1103 2519 1212 2576 Pax
1246 2521 1420 2576 vobis.
1461 2540 1480 2572 ι
1528 2519 1723 2574 Pacem
1753 2520 2012 2576 oﬁ‘erebat
2055 2519 2151 2590 qui

559 2624 778 2686 propter
801 2626 987 2684 pacem
1013 2613 1178 2668 venit.
1209 2611 1274 2666 Et
1293 2613 1494 2683 quibus
1522 2623 1681 2668 antea
1704 2612 1871 2667 dixit:
1913 2633 1929 2663 ι
1956 2612 2148 2668 Pacem

561 2707 811 2775 relinquo
841 2705 1018 2771 vobis,
1046 2720 1234 2774 pacem
1268 2720 1445 2759 meam
1475 2705 1545 2760 do
1570 2704 1722 2759 vobis
1747 2703 1927 2774 (Joan.
1952 2706 2089 2774 xlv),
2126 2724 2142 2752 ι

559 2797 725 2853 modo
755 2796 928 2851 dicit:
965 2814 982 2848 ι
1021 2795 1131 2850 Pax
1161 2797 1318 2852 vobis
1354 2815 1371 2847 ι
1411 2796 1538 2866 quia
1569 2811 1758 2865 pacem
1795 2798 1848 2850 in
1890 2807 2150 2853 nascente

557 2887 780 2944 Christo
807 2889 984 2959 angeli
1016 2889 1449 2959 pratdicavcrunt
1477 2889 1700 2943 mundo.

609 2994 628 3028 ι
681 2979 891 3038 Etcum
917 2981 1019 3038 hoc
1039 2982 1288 3046 dixisset,
1319 2983 1554 3040 ostendit
1579 2983 1659 3038 eis
1687 2998 1882 3037 manus
1903 2991 1956 3037 et
1981 2983 2144 3037 latus.

558 3072 744 3129 Gavisi
793 3083 922 3130 sunt
953 3090 1083 3146 ergo
1113 3075 1365 3146 discipuli
1402 3076 1519 3134 viso
1569 3075 1820 3132 Domino.
1877 3075 2019 3131 Dixit
2064 3075 2146 3130 cis
2173 3113 2220 3176 ε

559 3168 797 3224 iterum:
833 3168 944 3223 Pax
970 3169 1143 3224 vobis.
1182 3189 1200 3220 ι
1242 3169 1458 3224 lteratio
1503 3170 1849 3225 conlirmatio
1890 3177 1991 3224 est.
2045 3168 2147 3224 Dat

555 3273 743 3330 pacem
773 3262 918 3314 enim
950 3275 1112 3330 super
1143 3277 1352 3330 pacem,
1397 3263 1542 3318 sicut
1583 3261 1834 3330 promisit
1878 3277 1972 3331 per
2020 3277 2147 3330 pro-

556 3351 796 3422 phetam.
827 3350 918 3406 Vel
948 3351 1331 3418 ideoitcratur,
1363 3362 1420 3407 ut
1446 3361 1712 3408 monstret
1735 3352 2017 3422 paciﬁcata
2049 3369 2145 3423 per

555 3457 718 3500 suum
745 3444 1064 3514 sanguinem
1087 3460 1210 3516 qua:
1234 3445 1286 3498 in
1315 3445 1454 3499 cmlo
1481 3449 1536 3500 et
1567 3460 1688 3514 qum
1717 3445 1769 3498 in
1802 3453 1964 3500 terra.

633 3554 652 3586 ι
693 3534 845 3590 Sicut
877 3535 1027 3592 misit
1051 3552 1139 3590 me
1167 3535 1346 3600 Pater,
1390 3545 1444 3592 et
1473 3552 1572 3608 ego
1604 3537 1759 3592 mitto
1790 3552 1904 3593 vos.
1942 3556 1961 3589 ι
1993 3536 2145 3593 Sicut

556 3627 710 3682 misit
753 3643 840 3681 me
871 3626 1029 3682 Pater
1056 3626 1198 3682 Deus
1226 3626 1416 3690 Deum.
1443 3636 1497 3682 ct
1539 3644 1640 3700 ego
1669 3629 1824 3684 mitto
1853 3644 1950 3685 vos
1978 3629 2144 3684 homo

557 3718 830 3774 homines.
881 3718 1042 3774 Pater
1069 3719 1304 3774 amando
1333 3718 1532 3775 Filium
1563 3721 1713 3776 misit
1755 3737 1878 3776 eum
1928 3721 2061 3792 pati,
2093 3732 2145 3777 rt

557 3807 825 3866 Dominus
857 3826 1051 3866 amans
1077 3812 1353 3880 apostolos
1381 3812 1533 3867 misit
1560 3827 1676 3878 eos,
1707 3829 1812 3868 non
1847 3812 1914 3867 ad
1953 3815 2141 3870 mundi

554 3902 837 3972 gaudium,
872 3904 966 3959 sed
998 3905 1064 3958 ad
1094 3906 1427 3973 passionem.
1465 3904 1604 3960 Mitti
1651 3907 1814 3961 etiam
1863 3905 2062 3960 Filium
2113 3923 2141 3961 a

554 3993 892 4065 Patrejuxta
942 4005 1192 4050 naturam
1245 3996 1483 4056 divinam
1531 4006 1710 4067 potest
1758 3997 2004 4069 intelligi.
2062 3996 2143 4052 Eo

555 4083 701 4142 enim
739 4083 903 4140 modo
949 4100 979 4140 a
1023 4084 1184 4142 Patre
1229 4084 1402 4144 Filius
1429 4087 1663 4142 mittitur
1692 4102 1803 4158 quo
1831 4097 2138 4157 generatur.

556 4172 614 4230 Si
659 4174 804 4231 enim
852 4175 1074 4242 missio,
1145 4175 1490 4232 solummodo
1553 4177 1858 4232 inearnatio
1923 4177 2144 4234 deberet

553 4265 799 4338 intelligi,
827 4268 975 4324 nullo
1000 4267 1164 4324 modo
1192 4267 1428 4339 Spiritus
1456 4279 1680 4326 sanctus
1708 4269 1983 4326 diceretur
2011 4271 2141 4326 mit--

553 4357 616 4426 ti,
649 4359 742 4428 qui
775 4375 1118 4431 nequaquam
1151 4359 1474 4424 incarnatus
1497 4373 1599 4418 est.
1667 4361 1770 4417 Sed
1798 4363 1919 4432 ejus
1949 4363 2140 4419 missio

553 4446 672 4521 ipsa
719 4451 1001 4520 processio
1043 4459 1132 4506 est
1175 4466 1205 4504 a
1253 4449 1412 4508 Patre
1455 4461 1508 4506 ct
1549 4451 1706 4508 Filio.
1763 4453 1914 4509 Sicut
1957 4455 2137 4524 itaque

555 4539 792 4612 Spiritus
843 4541 983 4596 mitti
1036 4541 1238 4597 dicitur
1281 4542 1375 4613 qui
1429 4543 1690 4612 procedit,
1723 4543 1794 4598 ita
1837 4543 2008 4600 Filius
2042 4545 2136 4616 qui

549 4641 862 4702 generatur.

624 4741 644 4772 ι
681 4720 796 4777 lloe
841 4736 966 4778 cum
999 4721 1246 4787 dixisset,
1284 4721 1576 4778 insulilavit
1617 4731 1670 4778 et
1700 4722 1838 4778 dixit
1865 4722 1945 4778 eis
1975 4741 1987 4778 :
2031 4723 2139 4778 Ac-

549 4811 713 4881 cipite
765 4811 1029 4883 Spiritum
1059 4823 1330 4870 sanctum.
1381 4815 1625 4882 Quorum
1657 4816 1980 4871 remiscritis
2010 4832 2137 4887 pec-

548 4912 669 4958 cata
696 4906 1047 4961 retnittuutur
1076 4908 1179 4975 eis,
1206 4916 1261 4962 et
1300 4924 1532 4978 quorum
1565 4907 1898 4963 retinueritis
1927 4919 2132 4964 retenta

548 5003 697 5050 sunt.
737 5014 755 5046 ι
807 4996 1134 5053 lusulllando
1183 4999 1510 5070 signiﬁcavit
1563 4999 1824 5068 Spiritum
1881 5010 2131 5055 sanctqu

546 5101 658 5142 non
707 5085 884 5141 Patris
927 5089 1099 5146 solius
1127 5105 1247 5146 esse
1279 5090 1541 5160 Spiritum
1575 5091 1668 5146 sed
1700 5101 1754 5147 et
1795 5108 1980 5148 suum.
2031 5091 2134 5148 Ec-

544 5177 727 5232 clesia:
771 5178 1008 5232 eharitas
1037 5195 1158 5250 quae
1185 5195 1281 5249 per
1311 5179 1570 5250 Spiritum
1604 5191 1849 5236 sanctum
1881 5184 2042 5238 datur
2077 5183 2130 5236 in

544 5268 806 5325 cordibus
853 5270 1054 5325 nostris
1083 5272 1407 5342 participum
1436 5289 1660 5328 suorum
1694 5284 1916 5345 peccata
1947 5278 2131 5332 dimit-

543 5357 630 5423 tit,
649 5373 839 5421 eorum
863 5367 1068 5426 autem,
1088 5361 1182 5431 qui
1205 5377 1313 5415 non
1339 5371 1465 5418 sunt
1486 5362 1606 5432 ejus
1631 5366 1944 5436 participes,
1962 5375 2128 5424 tenet.

540 5447 613 5505 Et
643 5450 766 5506 ideo
806 5461 992 5522 postea
1027 5469 1190 5524 quam
1222 5453 1378 5522 dixit,
1424 5456 1664 5528 Accipite
1709 5457 1968 5528 Spiritum
2003 5475 2130 5514 san-

540 5551 714 5610 ctum,
747 5545 1008 5599 continuo
1041 5547 1108 5602 de
1140 5556 1487 5618 peccatorum
1515 5550 1838 5606 remissione
1863 5567 1925 5606 ac
1947 5562 2128 5608 reten-

541 5635 747 5690 tatione
788 5637 1038 5707 subjecit.
1087 5639 1145 5694 ln
1181 5651 1320 5697 terra
1348 5641 1549 5713 quippe
1579 5643 1738 5698 datur
1783 5643 2038 5715 Spiritus,
2069 5654 2128 5700 ut

543 5727 800 5814 diligatur
821 5731 1135 5802 proximus;
1161 5750 1190 5790 e
1217 5735 1356 5790 etelo
1383 5745 1567 5791 autem
1591 5745 1648 5790 ut
1673 5734 1930 5807 diligatur
1960 5735 2123 5794 Deus.
2151 5773 2154 5776 ~

2252 1866 2398 1922 bilis.

2330 1977 2348 2009 ι
2387 1957 2626 2014 Thomas
2657 1969 2838 2016 autem
2870 1979 3013 2020 unus
3057 1980 3121 2020 ex
3154 1965 3473 2035 duodecim,
3518 1971 3626 2040 qui
3668 1972 3848 2027 dicitur

2253 2048 2542 2122 Didymus,
2572 2069 2680 2108 non
2734 2063 3016 2111 eratcum
3069 2059 3150 2113 eis
3198 2061 3424 2129 quando
3473 2064 3638 2117 venit
3685 2061 3843 2119 Jesus.

2253 2142 2518 2200 Dixerunt
2547 2161 2678 2218 ergo
2707 2147 2756 2202 ei
2787 2148 2878 2203 alii
2910 2149 3163 2224 discipuli
3195 2170 3208 2206 :
3240 2145 3503 2208 Vidimus
3535 2153 3844 2212 Dominum.

2251 2233 2344 2291 l'lle
2372 2246 2553 2293 autem
2583 2239 2720 2294 dixit
2759 2240 2841 2296 eis
2877 2240 3034 2296 :Nisi
3080 2243 3266 2299 videro
3314 2244 3370 2298 in
3425 2247 3708 2303 manibus
3749 2251 3848 2320 ejus

2252 2329 2485 2384 ﬁxuram
2539 2331 2842 2398 clavorum,
2899 2343 2952 2388 et
3001 2334 3213 2390 mittam
3265 2335 3508 2404 digitum
3577 2355 3767 2394 meum
3805 2345 3847 2396 ia

2251 2420 2431 2477 locum
2463 2423 2766 2488 clavorum,
2800 2433 2853 2479 et
2894 2425 3103 2480 mittam
3150 2443 3373 2483 manum
3407 2446 3611 2485 meam
3647 2433 3700 2486 in
3730 2434 3848 2489 latus

2251 2514 2392 2584 ejus,
2427 2529 2536 2570 non
2563 2516 2804 2572 credam.
2849 2536 2868 2566 ι
2909 2515 3026 2572 Νοη
3058 2534 3190 2574 casu
3214 2520 3309 2574 sed
3339 2521 3536 2578 divina
3579 2525 3849 2596 dispensa-

2251 2608 2399 2661 tione
2439 2615 2650 2677 gestum
2705 2620 2808 2676 est,
2860 2617 2918 2664 ut
2960 2609 3049 2665 ille
3098 2611 3400 2682 discipulus
3438 2623 3585 2672 tunc
3634 2618 3848 2678 deesset.

2250 2707 2374 2767 post
2421 2709 2602 2754 autem
2650 2700 2908 2757 dubitans
2933 2703 3192 2773 palparet,
3227 2714 3282 2760 et
3308 2707 3562 2778 palpans
3594 2712 3846 2767 crederet.

2251 2789 2381 2848 Plus
2409 2794 2554 2849 enim
2589 2795 2881 2852 inﬁdelitas
2905 2795 3129 2854 Thema:
3156 2799 3222 2854 ad
3250 2799 3414 2855 ﬁdem
3454 2804 3635 2859 nobis
3664 2805 3852 2876 prefuit

2250 2899 2416 2954 quam
2441 2885 2573 2942 ﬁdes
2599 2887 2958 2956 credentium,
2983 2891 3111 2960 quia
3134 2892 3263 2946 dum
3286 2893 3357 2948 ad
3385 2894 3568 2951 ﬁdem
3593 2898 3850 2971 palpande

2250 2976 2490 3042 ducitur,
2544 2993 2732 3034 nostra
2766 2996 2920 3036 mens
2949 2981 3001 3035 in
3035 2981 3138 3037 ﬁde
3167 2983 3462 3040 solidatur.

2327 3087 2346 3120 ι
2373 3067 2434 3124 Et
2461 3078 2584 3139 post
2601 3071 2716 3126 dies
2743 3081 2866 3127 octo
2886 3073 3080 3129 iterum
3099 3085 3254 3130 erant
3273 3077 3540 3149 discipuli
3561 3082 3696 3152 ejus
3721 3083 3849 3140 intus

2248 3163 2568 3221 et.Thomas
2591 3182 2714 3221 cum
2741 3168 2842 3236 eis,
2869 3170 3016 3223 venit
3041 3169 3202 3227 Jesus
3229 3172 3419 3242 januis
3447 3176 3698 3246 clausis,
3721 3183 3852 3236 stetit

2250 3257 2304 3312 in
2336 3247 2535 3324 medio,
2553 3269 2606 3313 et
2621 3259 2758 3314 dixit
2786 3277 2800 3314 ε
2833 3260 2944 3316 Pax
2968 3263 3142 3319 vobis.
3173 3262 3378 3321 Deinde
3401 3267 3559 3322 dixit
3581 3268 3806 3327 Thom
3832 3289 3844 3325 :

2249 3344 2392 3402 lnfer
2417 3348 2646 3419 digitum
2676 3357 2829 3405 tuum
2862 3351 2990 3419 huc,
3022 3361 3075 3408 et
3105 3355 3226 3408 vide
3255 3371 3460 3412 manus
3489 3375 3681 3428 meas;
3704 3372 3755 3416 et
3779 3361 3848 3416 al-

2249 3435 2330 3494 l'er
2363 3454 2585 3493 manum
2623 3449 2794 3509 tuam,
2831 3452 2886 3498 et
2920 3444 3074 3498 mitte
3116 3445 3169 3498 in
3215 3446 3359 3502 latus
3393 3463 3626 3519 meum,
3661 3463 3718 3508 et
3752 3454 3843 3506 noli

2246 3547 2367 3588 esse
2393 3533 2706 3592 incredulus
2735 3537 2826 3591 sed
2857 3538 3052 3594 ﬁdelis.
3111 3559 3131 3592 ι
3181 3539 3392 3618 Corpus
3421 3543 3666 3602 Domini
3695 3550 3843 3603 intra.

2247 3624 2323 3678 vit
2367 3625 2433 3679 ad
2476 3626 2774 3698 discipulos
2803 3629 2990 3699 januis
3025 3631 3248 3700 clausis,
3280 3636 3430 3705 quod
3463 3653 3570 3706 per
3603 3642 3844 3695 nativita-

2248 3725 2354 3772 tem
2407 3719 2595 3774 clauso
2623 3722 2755 3776 exiit
2797 3732 2951 3777 utero
2989 3722 3260 3794 Virginis:
3307 3725 3420 3783 Nec
3471 3731 3690 3786 mirum
3727 3735 3839 3787 siin

2244 3818 2508 3866 mtcrnum
2541 3813 2786 3870 victurus
2815 3815 2882 3870 ad
2913 3816 3214 3888 discipulos
3257 3820 3509 3888 intravit,
3540 3827 3646 3893 qui
3699 3831 3842 3880 tuon.

2246 3909 2402 3958 turus
2431 3903 2621 3960 clauso
2655 3904 2893 3978 Virginis
2930 3918 3082 3964 utero
3121 3911 3307 3966 exivit.
3355 3911 3481 3970 Duo
3525 3919 3675 3972 mira
3701 3919 3838 3987 juxta

2244 3993 2540 4052 humanam
2594 3999 2861 4054 rationem
2897 4001 3002 4056 sibi
3053 4003 3208 4058 valde
3251 4008 3534 4062 contraria
3585 4007 3836 4064 Dominus

2243 4087 2498 4154 ostendit,
2545 4089 2672 4145 dum
2706 4099 2831 4161 post
2856 4096 3305 4152 resurrectionem
3333 4113 3544 4169 corpus
3573 4118 3743 4158 suum
3767 4105 3838 4156 in—

2242 4179 2593 4250 corruptibilc
2617 4189 2672 4235 et
2691 4183 2959 4253 palpabile
2980 4186 3400 4243 domonstravit.
3434 4188 3582 4246 Nam
3628 4204 3686 4248 et
3724 4210 3836 4250 eor-

2243 4269 2422 4342 rumpi
2472 4287 2698 4328 necesse
2742 4284 2825 4330 est
2869 4276 3014 4346 quod
3066 4277 3335 4348 palpatur,
3367 4290 3420 4334 et
3471 4283 3698 4353 palpari
3739 4301 3836 4339 non

2241 4369 2438 4431 potest,
2479 4363 2625 4434 quod
2654 4379 2762 4418 non
2794 4367 3180 4437 corrumpitur.
3215 4369 3320 4424 Sed
3356 4372 3504 4427 miro
3535 4378 3712 4430 modo
3741 4376 3835 4431 Re-

2169 4484 2214 4541 υ
2241 4453 2491 4524 demptor
2515 4465 2700 4511 noster
2727 4474 2786 4512 se
2814 4461 3172 4515 monstrando
3226 4461 3716 4534 incorruptibilem
3753 4484 3837 4538 ap-

2241 4547 2440 4616 paruit,
2477 4557 2537 4602 ut
2567 4564 2665 4604 nos
2701 4549 2953 4606 invitaret
2979 4552 3045 4606 ad
3075 4555 3382 4622 prmmium,
3405 4568 3462 4609 et
3508 4560 3834 4628 paipabilem

2241 4649 2298 4691 se
2335 4636 2564 4706 praebuit
2596 4645 2654 4691 ut
2682 4636 2944 4694 formaret
2977 4639 3045 4694 ad
3090 4642 3269 4696 ﬁdem.
3315 4641 3580 4700 Divinum
3641 4649 3835 4704 factum

2238 4739 2349 4779 non
2400 4735 2487 4782 est
2533 4728 2782 4784 mirabile
2826 4731 3081 4796 multum,
3129 4733 3174 4787 si
3212 4735 3423 4790 ratione
3477 4740 3609 4809 capi
3657 4753 3834 4812 queat,

2238 4825 2334 4883 aut
2375 4819 2585 4874 ratione
2614 4821 2858 4890 probari.
2907 4820 3033 4879 llaec
3064 4823 3186 4880 ﬁdei
3222 4827 3430 4882 meritis
3465 4839 3554 4884 est
3593 4848 3837 4906 congrua

2235 4911 2318 4964 vis
2343 4911 2590 4968 rationis.

2312 5021 2330 5052 ι
2370 5001 2668 5073 Respondit
2697 5004 2940 5062 Thomas
2980 5019 3032 5064 et
3072 5009 3208 5065 dix't
3244 5012 3294 5066 ei
3325 5031 3338 5066 :
3372 5009 3656 5074 Dominus
3690 5036 3838 5074 meus

2234 5100 2286 5146 et
2327 5091 2470 5149 Deus
2515 5112 2690 5152 meus.
2733 5117 2752 5150 ›
2785 5097 3015 5156 Videbat
3045 5102 3320 5158 hominem
3376 5115 3430 5160 et
3476 5113 3748 5182 tangebat
3790 5125 3838 5168 et

2233 5184 2594 5243 conﬁtebatur
2622 5185 2815 5256 Deum,
2837 5207 2999 5262 quem
3031 5209 3140 5249 non
3169 5197 3384 5252 videbat
3409 5215 3593 5270 neque
3647 5215 3836 5276 tange-

2232 5275 2343 5332 bat.
2395 5277 2538 5334 Dieit
2564 5280 2616 5334 ei
2646 5279 2843 5337 Jesus:
2875 5302 2893 5334 ε
2934 5283 3073 5350 Quia
3115 5287 3298 5342 vidisti
3341 5305 3428 5344 me
3459 5275 3776 5351 credidisti.
3811 5315 3828 5344 ι

2230 5369 2391 5424 Aliud
2438 5370 2573 5426 vidit
2615 5381 2669 5427 et
2722 5374 2869 5430 aliud
2918 5377 3191 5434 credidit:
3225 5379 3502 5437 hominem
3554 5387 3724 5455 vidit,
3781 5399 3833 5442 et

2231 5459 2400 5516 Deum
2425 5463 2712 5520 confessus
2738 5475 2842 5520 est.
2867 5465 2985 5522 Non
3014 5470 3090 5524 ait
3125 5471 3366 5544 tetigisti,
3391 5475 3484 5528 sed
3521 5494 3540 5525 ι
3561 5477 3779 5547 vidisti,
3807 5500 3824 5531 ι

2231 5553 2362 5624 quia
2415 5555 2686 5627 generalis
2741 5559 2978 5629 quodam
3034 5563 3200 5617 modo
3248 5581 3443 5620 sensus
3492 5578 3580 5623 est
3639 5573 3824 5636 visus;

2201 5660 2357 5700 -nam
2388 5661 2486 5718 per
2517 5647 2656 5704 alios
2691 5659 2926 5720 quatuor
2965 5654 3240 5710 nominari
3295 5657 3430 5712 solet
3473 5669 3537 5714 ut
3577 5676 3712 5716 cum
3743 5664 3824 5718 di-

2229 5737 2613 5796 cimus;Audi
2647 5750 2701 5796 et
2747 5743 2888 5812 vide,
2919 5759 3084 5816 quam
3129 5745 3266 5803 bene
3307 5760 3485 5818 sonet,
3533 5749 3718 5822 Olfac,
3770 5765 3824 5811 et
