4032 6396
247 382 356 443 957

1179 376 1757 436 DEFI.ORATIO.\'ES
1795 379 1895 434 SS.
1936 376 2247 434 PATRCM.
2279 410 2348 419 —-
2388 379 2517 436 UB.
2559 380 2607 437 l..

3414 384 3521 439 938

242 498 366 555 vide
421 510 589 570 quam
634 494 775 551 bene
823 494 986 550 oleat.
1040 493 1212 551 Gusta
1254 504 1309 549 et
1332 494 1455 549 vide
1495 509 1660 564 quam
1698 493 1834 546 bene
1862 504 1906 558 Α
1936 500 2177 546 nostram
2206 491 2259 545 in
2286 493 2444 546 nobis
2472 506 2567 561 per
2593 491 2772 561 ipsum
2808 491 3036 547 salutem
3069 506 3379 563 operemur,
3409 506 3522 553 tres

243 593 441 663 sapiat,
464 599 628 662 tange
650 600 705 644 et
732 589 855 647 vide
883 605 1048 661 quam
1081 589 1218 645 bene
1247 588 1440 643 caleat.
1473 584 1630 641 Unde
1658 594 1713 640 et
1741 584 1832 639 hic

244 683 514 739 Dominus
537 683 716 754 inquit
740 701 753 737 :

321 794 338 825 ι
361 770 506 828 lnfer
533 771 762 844 digitum
792 780 945 825 tuum
978 770 1104 832 huc,
1129 779 1182 825 et
1208 771 1328 827 vide
1354 785 1552 825 manus
1598 782 1772 833 meas,
1806 785 1824 817 ι

241 862 349 918 hoc
377 869 460 918 est
505 870 667 932 tange
711 870 766 915 et
820 860 961 916 vide.
993 858 1139 915 Vidit
1183 876 1315 931 ergo
1345 858 1692 916 solummodo
1742 858 1829 911 in-

242 952 467 1018 tuendo,
497 953 612 1007 sive
639 950 803 1006 etiam
835 951 1126 1022 tangendo.
1154 949 1270 1006 Dici
1313 952 1459 1007 enim
1512 958 1690 1020 potest
1717 965 1826 1003 non

242 1058 439 1098 ausum
489 1051 620 1097 tunc
660 1040 830 1097 fuisse
866 1041 1196 1111 discipulum
1246 1050 1469 1112 tangere
1512 1039 1826 1095 Domimnn.

241 1130 362 1187 Non
390 1130 535 1186 enim
578 1131 845 1202 scriptum
888 1139 1010 1187 cst:
1040 1130 1239 1203 Tetigit
1266 1129 1529 1196 Thomas,
1560 1130 1654 1185 sed
1700 1128 1829 1199 quia

242 1223 377 1279 vidit
404 1230 459 1279 et
485 1222 736 1279 credidit.

319 1315 499 1371 «Beati
521 1316 613 1386 qui
631 1331 738 1369 non
763 1315 1016 1370 viderunt
1041 1324 1096 1369 et
1109 1312 1477 1370 crediderunt.
1492 1332 1511 1365 ι
1531 1312 1828 1369 Commen-

242 1409 336 1465 dat
359 1408 518 1464 tidem
557 1408 823 1480 gentium,
868 1408 961 1463 sed
993 1406 1251 1478 praeteriti
1280 1405 1542 1475 temporis
1581 1421 1718 1461 usus
1745 1413 1832 1461 est

242 1501 426 1557 verbis
469 1509 529 1555 ut
553 1501 640 1556 ille
668 1502 762 1572 qui
796 1500 847 1555 id
879 1500 1026 1570 quod
1052 1506 1172 1554 erat
1223 1498 1468 1554 futurum
1515 1497 1569 1553 in
1604 1512 1703 1553 sua
1732 1512 1832 1552 no-

243 1603 397 1649 verat
443 1594 919 1665 praedestinatione
969 1593 1082 1663 jam
1141 1593 1365 1646 factum.
1412 1588 1708 1645 Sciendum
1745 1597 1832 1646 est

244 1686 396 1741 illum
424 1702 552 1742 vere
578 1686 799 1742 credere
825 1684 921 1756 qui
959 1685 1118 1739 tidem
1151 1682 1389 1753 complet
1416 1695 1599 1751 Opere.
1637 1680 1713 1736 De
1743 1681 1830 1737 his

243 1787 426 1835 autem
472 1778 566 1849 qui
628 1778 788 1833 ﬁdem
834 1775 1057 1831 nomine
1108 1784 1269 1831 tenus
1322 1772 1580 1839 retinent,
1626 1770 1829 1828 Paulus

242 1872 415 1928 dicit:
446 1890 465 1923 ι
495 1869 837 1925 Conﬁtentur
889 1883 949 1922 se
972 1881 1135 1922 nosse
1198 1864 1394 1929 Deum,
1437 1863 1597 1919 factis
1642 1874 1826 1918 autem
1860 1851 1902 1905 Β

242 1969 447 2033 negant
475 1959 608 2032 (Tit.
639 1960 699 2031 ι).
735 1980 752 2010 ι
788 1958 855 2014 Ει
877 1957 1116 2014 Iacobus
1143 1975 1156 2011 ε
1188 1976 1207 2010 ι
1234 1956 1396 2012 Fides
1426 1955 1545 2011 sine
1572 1956 1831 2026 operibus

243 2063 460 2109 mortua
485 2063 569 2108 est
589 2051 732 2123 (Jac.
767 2050 848 2120 ιι).
881 2070 899 2103 ι

318 2164 337 2197 ι
366 2144 531 2200 Multa
560 2143 779 2215 quidem
828 2151 881 2196 et
909 2140 1014 2196 alia
1052 2140 1207 2212 signa
1251 2138 1382 2195 ferit
1424 2139 1587 2197 Jesus
1611 2140 1664 2195 in
1696 2156 1832 2194 con-

242 2246 432 2306 Spectu
458 2234 851 2305 discipulorum
883 2246 1134 2298 suorum,
1163 2247 1286 2302 quae
1316 2246 1427 2287 non
1463 2231 1667 2301 scripta
1699 2239 1832 2286 sunt

243 2327 298 2381 in
340 2327 480 2382 libro
526 2327 648 2381 hoc.
682 2323 809 2378 Haec
858 2332 1039 2378 autem
1082 2323 1283 2392 scripta
1312 2329 1444 2378 sunt
1489 2331 1545 2376 ut
1595 2321 1831 2378 credatis

242 2418 370 2490 quia
390 2418 553 2475 Jesus
594 2426 680 2473 est
721 2415 975 2472 Christus
1015 2414 1186 2472 Filius
1212 2414 1328 2482 Dei,
1372 2423 1427 2469 et
1458 2424 1513 2470 ut
1546 2414 1831 2471 credentes

241 2513 410 2567 vitam
440 2511 686 2566 habeatis
715 2509 770 2563 in
807 2507 1030 2563 nomine
1053 2510 1195 2578 ejus.
1228 2528 1246 2561 ι
1310 2509 1476 2576 Quasi
1516 2509 1679 2565 finem
1706 2509 1830 2563 libri

243 2602 397 2674 ponit
425 2601 756 2671 evangelista
782 2599 849 2654 ad
886 2613 1139 2670 magnam
1171 2600 1702 2656 commendationem
1735 2614 1827 2655 sa-

244 2693 506 2750 cramenti
536 2702 805 2747 secuturae
831 2691 1185 2758 narrationis,
1220 2690 1427 2746 faciens
1473 2692 1523 2746 ei
1571 2692 1830 2762 quodam-

244 2785 408 2842 modo
433 2783 845 2840 eminentiorem
878 2784 1081 2840 locum.

528 2874 760 2931 SERMO
800 2874 865 2930 IN
904 2873 1183 2931 OCTAVA
1221 2873 1542 2930 PASCIIIE.

314 2964 449 3022 Tres
469 2966 585 3023 dies
609 2975 738 3023 sunt
780 2967 1074 3023 invisibilis
1101 2966 1268 3033 lucis,
1293 2966 1830 3036 quibus-illustratur

244 3058 476 3114 interius
521 3058 784 3130 spiritalis
838 3059 964 3114 vitae
1030 3073 1249 3114 cursus.
1300 3056 1521 3113 Primus
1578 3058 1696 3115 dies
1744 3074 1832 3114 εει

243 3150 428 3218 timor,
473 3152 747 3207 secundus
789 3150 907 3207 dies
949 3158 1034 3205 est
1061 3150 1284 3216 veritas,
1339 3149 1534 3220 tertius
1573 3148 1692 3205 dies
1745 3158 1830 3205 est

242 3244 505 3300 charitas.
551 3241 769 3299 Primus
790 3244 908 3298 dies
931 3242 1100 3298 solem
1118 3256 1282 3298 suum
1312 3240 1474 3296 habet
1496 3241 1825 3311 potentiam;

242 3338 516 3394 secundus
536 3335 704 3392 solem
721 3351 883 3391 suum
896 3334 1058 3390 habet
1080 3334 1402 3405 sapientiam
1419 3350 1433 3400 ;
1448 3332 1643 3389 tertius
1658 3333 1829 3389 solem

242 3444 404 3487 suum
431 3429 596 3484 habet
620 3428 1035 3498 benignitatem.
1081 3425 1328 3481 Potentia
1374 3426 1442 3481 ad
1467 3425 1709 3495 Patrem,
1741 3440 1833 3481 sa-

238 3520 445 3592 pientia
471 3519 538 3574 ad
565 3518 782 3583 Filium,
824 3517 1133 3589 benignitas
1166 3518 1233 3572 ad
1270 3516 1530 3587 Spiritum
1578 3527 1828 3574 sanctum

237 3613 493 3682 pertinet.
524 3610 628 3663 Alii
657 3618 785 3665 sunt
818 3608 936 3663 dies
979 3609 1177 3674 nostri,
1206 3623 1349 3677 quos
1384 3608 1652 3664 habemus
1680 3620 1832 3666 exte-

237 3702 389 3767 rius;
442 3700 557 3766 alii,
609 3714 750 3769 quos
800 3698 1053 3753 interius.
1090 3697 1216 3753 Dies
1269 3699 1442 3754 nostri
1504 3700 1828 3768 exteriores,

234 3792 405 3849 etiam
430 3806 555 3847 cum
574 3792 852 3857 nolumus,
883 3799 1187 3846 transeunt.
1214 3789 1339 3846 Dies
1370 3808 1498 3847 vero
1520 3792 1829 3859 interiores,

237 3885 288 3940 si
326 3886 598 3951 volumus,
640 3885 694 3939 in
732 3894 833 3939 ante
866 3899 995 3939 num
1030 3899 1347 3955 permanere
1392 3893 1643 3954 possunt.
1694 3884 1831 3940 Ecce

238 3985 356 4033 tres
382 3976 499 4032 dies
522 3985 682 4033 sunt:
708 3976 825 4032 dies
855 3977 1090 4043 timoris,
1114 3978 1209 4047 qui
1240 3975 1556 4032 manifestat
1586 3978 1827 4046 malum;

235 4073 358 4129 dies
379 4073 645 4139 veritatis,
672 4072 767 4143 qui
794 4072 974 4126 aufert
996 4072 1230 4139 malum;
1263 4071 1381 4127 dies
1403 4070 1703 4136 charitatis,
1735 4071 1829 4141 qui

232 4168 480 4225 restituit
523 4168 748 4223 bonum.
782 4165 909 4220 Dies
940 4163 1183 4220 veritatis
1204 4164 1468 4220 claritlcat
1488 4164 1630 4219 diem
1669 4165 1831 4218 timo-

238 4260 356 4328 ris;
387 4260 506 4314 dies
558 4258 845 4314 charitatis
901 4256 1165 4313 ciariiicat
1213 4264 1269 4312 et
1316 4256 1462 4312 diem
1530 4255 1747 4311 timoris
1777 4265 1830 4311 et

236 4353 385 4407 diem
426 4350 688 4417 veritatis,
750 4350 923 4404 donec
974 4348 1212 4420 perfecta
1270 4348 1435 4404 fuerit
1480 4347 1740 4411 charitas,
1774 4357 1829 4403 et

236 4440 477 4514 perfecte
514 4439 893 4495 manifestetur
922 4441 1102 4495 onmis
1125 4439 1345 4506 veritas,
1379 4451 1433 4494 et
1460 4439 1624 4494 timor
1653 4454 1829 4509 preme

1931 579 2050 634 dies
2099 579 2267 635 dedit.
2321 581 2425 648 Qui
2478 590 2590 637 tres
2637 581 2775 648 dies,
2806 583 2970 637 etiam
3014 583 3069 637 in
3116 584 3207 639 illa
3242 600 3358 650 ave,
3399 601 3523 657 qua:

1932 670 2151 739 phmnix
2177 672 2498 742 appellatur,
2518 672 2889 745 designantur.
2912 672 2988 729 De
3017 690 3125 745 qua
3145 676 3273 730 dicit
3295 676 3520 749 physio-

1933 758 2086 829 logus
2110 759 2267 830 quia,
2303 777 2428 816 cum
2465 761 2771 832 impleverit
2799 762 2986 819 decem
3012 779 3188 820 annos
3215 766 3341 821 vitae
3384 780 3517 827 suae.

1933 851 2103 906 intrat
2150 852 2203 906 in
2255 853 2398 924 ligna
2448 853 2662 919 Libani,
2697 864 2750 910 et
2782 855 2953 925 replet
2998 856 3190 913 ambas
3244 857 3361 914 alas
3390 874 3522 916 suas

1931 942 2162 998 diversis
2190 944 2527 1000 armantibus
2556 945 2801 1015 ejusdem
2830 944 2984 1016 ligni,
3016 944 3333 1017 faciensque
3351 948 3524 1005 variis

1931 1034 2000 1091 de
2042 1036 2335 1106 pigmentis
2367 1037 2582 1105 nidum,
2606 1048 2902 1108 congregat
2931 1048 3334 1099 sarmentorum
3367 1057 3522 1097 accr-

1933 1143 2058 1182 vum
2094 1127 2417 1193 maximum,
2455 1129 2559 1184 sub
2584 1129 2810 1186 domum
2858 1146 3090 1199 ponens,
3145 1128 3522 1203 accedensque

1931 1216 1997 1271 ad
2049 1231 2253 1284 aerem,
2303 1219 2435 1274 solis
2475 1220 2652 1291 ignem
2697 1221 2922 1277 attrahit
2964 1238 3150 1278 secum
3197 1232 3247 1279 et
3281 1223 3525 1279 incendit

1931 1318 2228 1376 sarmenta,
2262 1326 2326 1367 ac
2364 1311 2665 1381 ingreditur
2691 1313 2880 1368 nidum
2912 1329 3074 1369 suum
3112 1331 3300 1373 mense
3326 1315 3523 1372 Martio

1931 1408 1985 1455 et
2009 1400 2280 1456 comburit
2308 1417 2367 1457 se
2401 1401 2603 1472 ipsum,
2630 1412 2685 1458 et
2713 1404 2853 1460 cinis
2880 1408 3061 1475 primo
3086 1406 3175 1462 die
3207 1408 3439 1463 vertitur
3465 1409 3523 1465 in

1931 1508 2206 1561 vermem,
2239 1496 2480 1551 secunda
2525 1496 2614 1552 die
2662 1498 2719 1552 in
2765 1498 3065 1564 volucrem,
3113 1501 3270 1556 tertia
3316 1501 3407 1557 die
3464 1502 3525 1556 in

1930 1586 2222 1656 pristinum
2260 1595 2484 1642 statum.
2520 1587 2620 1646 Hic
2645 1590 2830 1661 itaque
2851 1591 3095 1661 pluenix,
3125 1592 3218 1663 qui
3249 1602 3376 1663 post
3395 1593 3522 1649 lon-

1931 1692 2051 1749 gam
2079 1686 2293 1733 aetatem
2320 1679 2508 1735 decem
2540 1697 2810 1737 annorum
2848 1683 2973 1754 igne
3002 1684 3348 1740 consumitur
3368 1686 3422 1740 in
3444 1689 3523 1742 ci-

1932 1786 2141 1838 nerem,
2164 1788 2228 1827 ac
2256 1773 2449 1829 deinde
2481 1776 2709 1831 vertitur
2732 1777 2786 1831 in
2812 1792 3074 1846 vermem,
3098 1786 3154 1834 et
3182 1789 3521 1850 postremum

1932 1871 2272 1920 restaurator
2318 1865 2374 1920 in
2423 1876 2625 1923 statum
2670 1869 2932 1939 priorem,
2969 1870 3221 1943 designat
3253 1871 3406 1927 illum
3455 1874 3525 1929 de

1931 1970 2043 2026 quo
2090 1955 2401 2027 Propheta:
2438 1976 2457 2009 ί
2491 1958 2625 2029 Ego,
2676 1960 2875 2031 inquit,
2921 1977 3043 2017 sum
3086 1963 3288 2019 vermis
3315 1972 3369 2020 et
3412 1978 3524 2020 non

1932 2045 2098 2101 homo
2129 2046 2302 2114 (Ρδαι.
2332 2051 2467 2121 ut).
2512 2070 2530 2102 ι
2586 2050 2699 2106 Cur
2730 2052 2899 2107 totius
2949 2051 3215 2109 Dominus
3258 2063 3527 2112 creatum

1930 2137 2231 2194 vermiculo
2274 2154 2334 2197 se
2367 2140 2599 2197 voluerit
2642 2143 2952 2213 comparari
3002 2144 3056 2199 in
3099 2146 3358 2215 passione
3385 2155 3441 2203 et
3467 2148 3526 2203 in

1932 2228 2211 2298 sepultura
2266 2246 2387 2298 sua,
2436 2247 2734 2303 possumus
2787 2235 2891 2289 hoc
2952 2236 3172 2305 quidem
3229 2237 3527 2295 humilitati

1931 2321 2187 2391 primitus
2218 2322 2521 2395 assignare,
2552 2341 2675 2395 quae
2699 2335 3016 2381 sanctorum
3046 2328 3221 2384 virtus
3242 2337 3326 2385 est
3348 2332 3527 2387 maxi-

1932 2429 2043 2481 ma,
2075 2415 2220 2470 sicut
2250 2426 2474 2472 sanctus
2494 2416 2708 2490 Moyses
2734 2428 2859 2475 ante
2887 2418 3058 2475 Deum
3084 2420 3289 2476 animal
3314 2438 3373 2479 se
3394 2423 3527 2479 irra-

1931 2506 2136 2561 tionale
2165 2510 2448 2577 proﬁtetur
2476 2527 2491 2576 ;
2527 2508 2695 2565 David
2733 2526 2792 2566 se
2827 2511 3062 2582 pulicem
3102 2528 3247 2584 saepe
3275 2530 3523 2571 comme-

1932 2599 2255 2654 moratzsed
2287 2601 2461 2671 magis
2494 2601 2624 2655 illud
2653 2603 3031 2673 accipiendum
3065 2615 3218 2677 puto,
3257 2609 3525 2679 quoniam

1931 2690 2134 2745 vermis
2161 2690 2309 2745 nulla
2334 2693 2676 2749 extrinsecus
2704 2694 3033 2751 admistione
3060 2696 3223 2753 alieni
3250 2701 3522 2771 corporis,

1931 2779 2026 2835 sed
2061 2780 2129 2836 de
2170 2781 2287 2836 sola
2334 2791 2388 2838 et
2429 2798 2566 2853 pura
2613 2794 2758 2841 terra
2810 2796 3132 2856 procreatur
3158 2808 3172 2843 :
3203 2790 3327 2846 ideo
3365 2792 3522 2848 illum

1931 2881 2308 2942 comparatum
2338 2872 2593 2942 Domino,
2620 2878 2884 2947 quoniam
2930 2888 2984 2935 et
3029 2879 3145 2950 ipse
3187 2880 3435 2940 Salvator
3457 2886 3528 2940 de

1931 2964 2048 3019 sola
2075 2973 2129 3020 et
2156 2981 2293 3036 pura
2320 2965 2488 3022 Maria
2513 2979 2825 3039 generatur.

2003 3055 2259 3128 Legimus
2279 3069 2334 3114 et
2359 3060 2414 3114 in
2457 3061 2612 3117 libris
2642 3060 2814 3134 Moysi
2864 3063 2932 3119 de
2963 3078 3165 3120 manna
3197 3069 3528 3126 vermiculos

1932 3162 2248 3219 procreatos
2295 3150 2494 3222 (Exod.
2520 3155 2655 3224 xvn).
2713 3153 2887 3226 Digna
2918 3158 3079 3227 plane
3119 3168 3175 3214 et
3197 3160 3346 3230 justa
3376 3177 3529 3218 rom-

1932 3241 2165 3309 paratio.
2204 3240 2485 3313 Siquidem
2517 3245 2585 3300 de
2605 3262 2806 3301 manna
2832 3249 3168 3306 vermiculus
3200 3252 3448 3308 nascitur
3470 3262 3528 3308 et

1934 3328 2199 3388 Dominus
2220 3332 2476 3391 Christus
2520 3336 2587 3392 de
2621 3335 2840 3409 Virgine
2882 3351 3233 3411 procreatur;
3264 3345 3396 3415 quin
3428 3361 3527 3416 po-

1933 3422 2231 3495 tiusipsam
2252 3424 2476 3482 Mariam
2503 3443 2758 3483 mannam
2777 3430 2916 3484 dixe:
2932 3431 3027 3497 im,
3043 3431 3171 3502 quia
3189 3443 3273 3490 est
3287 3436 3524 3504 subtilis,

1933 3519 2235 3590 splendida,
2284 3523 2471 3578 suavis
2515 3531 2570 3579 et
2617 3523 2790 3596 virgo.
2840 3522 2976 3591 Quae
3008 3530 3156 3582 velut
3183 3528 3399 3585 etelitus
3429 3544 3526 3586 ve-

1934 3610 2112 3678 niens,
2141 3614 2354 3667 cunctis
2373 3610 2740 3668 Ecclesiarum
2767 3615 2979 3685 poculis
3010 3617 3194 3672 cibum
3220 3619 3525 3678 dulciorem

1933 3702 2094 3759 melle
2121 3702 2364 3758 deﬂuxit.
2395 3702 2499 3771 Qui
2546 3705 2702 3761 cibus
2728 3718 2845 3762 erat
2874 3706 3151 3779 Christus,
3180 3712 3276 3782 qui
3308 3712 3362 3768 in
3393 3729 3524 3785 pas-

1933 3792 2089 3848 sione
2120 3794 2194 3847 ita
2225 3795 2536 3863 opprobriis
2583 3797 2864 3866 decoctus,
2897 3803 3057 3871 quasi
3088 3803 3144 3857 in
3168 3820 3409 3861 vermem
3441 3817 3527 3862 est

1935 3884 2206 3939 retlaczus.
2245 3885 2352 3939 Sed
2399 3902 2547 3942 nunc
2595 3889 2662 3942 ad
2710 3889 3000 3947 historiam
3042 3895 3331 3953 redeamus
3379 3901 3518 3956 avis.

1933 3971 2227 4044 Quingenti
2257 3975 2441 4046 itaque
2488 3978 2534 4031 si
2566 3994 2666 4047 per
2704 3981 2971 4037 decenum
3004 3987 3459 4057 multiplicantur,
3494 4009 3526 4043 ν

1933 4067 2104 4122 millia
2163 4065 2391 4123 faciunt.
2449 4068 2693 4126 Fuerunt
2724 4084 2906 4129 autem
2954 4078 3022 4133 ab
3047 4078 3218 4134 Adam
3247 4097 3419 4152 usque
3454 4085 3525 4139 ad

1931 4159 2208 4216 Christmn
2258 4177 2290 4214 ν
2337 4162 2505 4217 millia
2550 4178 2845 4221 annorum.
2890 4168 3011 4236 Quo
3052 4170 3214 4243 longo
3260 4183 3520 4245 tempore,

1931 4267 2056 4307 cum
2086 4267 2184 4323 per
2209 4255 2714 4324 praevaricationem
2745 4259 2876 4315 Adae
2903 4276 3039 4330 pene
3068 4264 3305 4320 mundus
3332 4266 3525 4336 deper-

1932 4345 2035 4400 iret
2072 4355 2256 4413 totus,
2296 4346 2366 4403 de
2410 4346 2631 4419 Virgine
2680 4353 2929 4407 nascitur
2971 4353 3225 4411 Christus
3255 4360 3346 4427 qui
3392 4361 3523 4415 (ium

1929 4438 2144 4493 duabus
2172 4438 2295 4505 alis,
2328 4438 2422 4494 Dei
2463 4441 2671 4497 scilicet
2700 4441 2992 4500 dilectione
3021 4462 3086 4500 ac
3116 4449 3385 4517 proximi,
3412 4453 3526 4506 cnl-

238 4543 553 4590 transeatur
597 4534 649 4587 in
696 4534 947 4589 timorem
998 4533 1334 4589 reverentiae.
1389 4531 1466 4588 De
1516 4533 1603 4589 his
1632 4533 1827 4589 diebus
1854 4547 1904 4605 ι)
1932 4529 2150 4600 legisset
2167 4531 2383 4587 diversa
2406 4543 2981 4592 aromatasanetarum
3001 4539 3525 4613 virtutum,comp':-

234 4628 455 4681 locutus
484 4634 570 4680 est
596 4624 735 4681 Osee
769 4626 1051 4696 propheta,
1084 4625 1308 4681 dicens:
1344 4644 1362 4676 ι
1395 4623 1704 4680 Vivilicabit
1724 4641 1824 4680 nos

236 4719 393 4789 prius
421 4719 560 4773 duos
593 4718 732 4783 dies,
778 4718 831 4771 in
877 4717 966 4772 die
1012 4717 1170 4772 tertia
1215 4717 1505 4773 suscitabit
1532 4732 1634 4773 nos
1670 4716 1818 4789 (Ose.

235 4812 337 4880 vi).
384 4831 403 4863 ι
435 4809 571 4866 Nam
603 4810 840 4880 qualiter
870 4808 1139 4865 Dominus
1169 4819 1359 4865 noster
1383 4807 1546 4865 Jesus
1569 4807 1826 4865 Christus

234 4918 339 4974 per
377 4902 771 4958 humanitatem
801 4917 965 4972 quam
1000 4910 1393 4971 assmnpserat,
1427 4902 1584 4957 tertia
1613 4900 1703 4956 die
1732 4918 1826 4956 re»

235 5009 471 5064 surgens
501 5009 532 5047 a
554 4992 788 5048 mortuis
818 4992 873 5046 in
914 5007 974 5046 se
1001 5006 1103 5047 nos
1129 4990 1483 5045 viviﬁcaverit
1505 4999 1558 5045 et
1586 4990 1823 5046 suscita—

234 5086 395 5153 verit,
421 5086 733 5141 audivimus
759 5093 815 5140 et
843 5083 1013 5155 gavisi
1041 5099 1252 5139 sumus.
1285 5081 1392 5137 Sed
1419 5082 1645 5153 dignum
1668 5083 1824 5139 valde

232 5184 326 5234 est
378 5187 439 5231 ut
488 5190 969 5247 recompenscmus
1021 5176 1069 5231 ei
1128 5174 1454 5230 beneficium
1511 5189 1714 5242 suum,
1770 5184 1824 5231 et

233 5268 700 5341 quemadmodum
757 5282 860 5322 nos
903 5268 957 5321 in
1000 5267 1120 5336 ipso
1164 5266 1326 5321 tertia
1366 5265 1455 5320 die
1502 5277 1823 5335 resurgente

234 5360 725 5426 resurrexerimus,
752 5360 825 5413 ita
839 5367 895 5413 et
920 5374 1022 5413 nos
1047 5374 1146 5429 pro
1176 5359 1295 5428 ipso
1315 5365 1370 5412 et
1391 5372 1485 5427 per
1508 5357 1686 5427 ipsum
1713 5366 1823 5413 ter-

234 5452 313 5506 tia
343 5451 432 5506 die
452 5462 821 5521 resurgentes,
850 5465 976 5505 eum
1025 5450 1081 5504 in
1132 5449 1291 5505 nobis
1336 5464 1623 5520 resurgere
1654 5448 1823 5505 facia-

230 5558 380 5599 mus.
438 5540 550 5598 Nec
601 5542 930 5599 credendum
983 5551 1067 5597 est
1111 5541 1243 5612 quin
1291 5556 1321 5597 a
1356 5542 1513 5597 nobis
1560 5541 1666 5598 sibi
1705 5542 1822 5612 ipse

235 5634 365 5690 velit
392 5634 621 5691 retribui
654 5634 799 5705 quod
826 5633 977 5703 prior
999 5633 1114 5702 ipse
1143 5632 1316 5688 voluit
1355 5633 1638 5703 impertiri.
1667 5630 1823 5688 Sicut

232 5741 365 5799 ergo
398 5728 533 5798 ipse,
552 5735 613 5783 ut
639 5736 887 5783 nostram
916 5725 970 5779 in
1000 5740 1059 5780 se
1084 5733 1138 5780 et
1170 5739 1267 5795 per
1286 5738 1345 5780 se
1366 5724 1595 5779 salutem
1627 5737 1822 5793 opera-

229 5830 404 5889 retur,
449 5828 562 5877 tres
603 5819 725 5875 dies
776 5817 978 5873 habere
1028 5817 1220 5884 voluit,
1291 5817 1365 5873 ita
1419 5824 1476 5872 et
1526 5815 1708 5883 nobis,
1761 5825 1820 5872 ut

595 5911 871 5971 Parnm.
907 5909 1142 5970 CLVII.

1929 4622 2157 4678 suitsibi
2182 4638 2250 4678 ex
2278 4624 2359 4679 eis
2379 4625 2433 4678 in
2462 4626 2723 4685 cordibus
2753 4629 3038 4686 hominum
3071 4634 3226 4702 quasi
3242 4634 3521 4704 nidum,itl

1927 4722 2014 4770 est
2044 4715 2511 4773 mansiunculam.
2557 4717 2658 4774 Cui
2713 4720 2846 4775 dum
2906 4736 3121 4777 sacram
3168 4739 3519 4795 supponeret,

1928 4804 2034 4859 hoc
2053 4815 2137 4860 est
2176 4808 2388 4862 aridam
2438 4806 2522 4863 vel
2565 4811 2877 4866 mordacem
2908 4812 3277 4870 inﬁdelitatem
3304 4814 3523 4875 Judae-

1925 4910 2070 4962 rum,
2106 4912 2272 4967 quam
2300 4898 2354 4952 in
2395 4914 2455 4954 se
2482 4901 2757 4956 excitabat
2785 4918 2851 4959 ex
2882 4904 3080 4974 opibus
3114 4892 3522 4983 justitiaeuuas

1928 4986 2148 5055 fecerat,
2168 4988 2223 5042 in
2239 4998 2444 5045 tantam
2464 5001 2789 5047 exarserunt
2811 4996 3131 5066 nequitiam,
3155 5009 3233 5067 ut,
3258 5000 3313 5056 in
3334 5020 3522 5062 mense

1924 5079 2127 5136 Martio
2157 5079 2293 5136 feria
2325 5098 2401 5149 vt,
2433 5082 2557 5154 igne
2586 5085 2860 5154 passionis
2887 5102 3011 5143 eum
3038 5106 3443 5160 consumerent,
3467 5113 3517 5153 ei.

1923 5173 2083 5243 quasi
2111 5173 2165 5229 in
2208 5174 2451 5230 cinerem
2499 5184 2795 5245 verterent,
2839 5179 2967 5234 dum
2997 5197 3097 5251 pro
3125 5188 3314 5242 mundi
3344 5191 3521 5245 salute

1925 5264 2079 5320 illum
2108 5267 2511 5338 crucifigerent.
2562 5265 2767 5324 Deinde
2790 5269 2843 5324 in
2895 5273 3145 5344 sepulcro
3185 5280 3425 5346 ponitur,
3464 5292 3520 5336 et
3616 5266 3625 5276 ’

1923 5358 2084 5426 quasi
2116 5360 2322 5414 vermis
2369 5359 2423 5414 in
2470 5368 2636 5423 terra,
2666 5360 2749 5415 sic
2793 5361 2882 5418 die
2922 5368 3165 5421 secundo
3211 5369 3265 5424 in
3303 5375 3516 5428 tumulo

1922 5450 2247 5505 occultatur.
2282 5450 2463 5506 'l'ertia
2492 5468 2623 5507 vero
2645 5452 2754 5518 die,
2778 5455 2920 5510 sicut
2942 5456 3161 5526 plimnix
3189 5460 3243 5513 in
3274 5463 3513 5530 priorem

1922 5548 2124 5596 statum
2156 5550 2470 5608 renovatur,
2506 5543 2578 5597 ita
2619 5551 2675 5598 et
2702 5542 2958 5600 Christus
2979 5548 3047 5602 de
3083 5552 3413 5608 mortalitate
3445 5558 3515 5613 ad

1922 5633 2385 5689 immortalitatem
2410 5634 2794 5692 resuscitator.
2829 5636 3035 5693 Aliter:
3060 5638 3287 5697 Phanii:
3312 5645 3515 5702 dicitur

1922 5725 2145 5791 rubens,
2167 5733 2220 5779 et
2235 5734 2319 5781 est
2336 5724 2593 5781 Christus
2617 5725 2685 5780 de
2710 5738 2822 5794 quo
2841 5725 3079 5785 dicitur:
3110 5750 3129 5783 ι
3150 5734 3284 5800 Quis
3305 5746 3389 5791 est
3412 5738 3515 5794 iste

1920 5817 2016 5888 qui
2074 5818 2221 5873 venit
2273 5818 2340 5873 de
2388 5817 2593 5885 Edent,
2637 5816 2822 5872 tinctis
2886 5822 3132 5881 vestibus
3187 5827 3255 5881 de
3306 5828 3516 5890 Bosra?

3151 5921 3232 5981 ἓξ)
