3950 6380
567 365 677 423 9'59

570 572 893 643 appellatus,
921 580 1141 642 propter
1163 569 1347 625 rufum
1390 570 1732 641 pulmentum
1764 584 1876 639 quo
1920 584 1951 623 a
1990 568 2156 623 fratre

570 679 674 719 suo
704 663 871 720 Iacob
891 672 975 719 est
998 664 1229 719 cibatus.
1255 661 1302 716 Α
1334 677 1446 734 quo
1466 661 1610 717 dicta
1633 671 1717 717 est
1741 661 1891 733 regio
1918 660 2153 716 Idumzea

571 757 625 811 in
663 772 772 827 qua
815 764 978 827 caput
1017 755 1167 826 regni
1199 764 1316 810 erat.
1355 755 1550 811 civitas
1596 753 1786 809 Bosra.
1820 752 1876 807 In
1926 753 2029 809 hac
2049 751 2154 809 Job

568 849 834 920 regnavit,
881 849 976 919 qui
1050 863 1150 904 sua
1218 848 1535 904 infirmitate
1590 846 1797 903 Christi
1840 848 2152 917 passionem

566 941 952 1012 praeﬁguravit.
983 940 1238 996 Christus
1263 939 1331 996 de
1356 939 1526 995 Edom
1558 939 1727 1006 venit,
1755 940 1885 995 dum
1905 956 1937 995 a
1962 937 2107 1011 genti
2124 967 2143 979 -

565 1032 669 1087 bus
697 1047 915 1102 passus,
947 1046 1076 1086 caro
1122 1030 1243 1101 ejus
1274 1031 1541 1101 sanguine
1584 1029 1791 1085 rubuit.
1829 1029 2008 1088 Vestis
2031 1029 2152 1100 ejus

565 1124 619 1178 in
651 1123 817 1179 Bosra
844 1123 1092 1195 tingitur,
1118 1123 1248 1178 dum
1272 1123 1327 1177 in
1352 1121 1807 1191 Hierosolymam,
1840 1140 1964 1195 quae
1986 1131 2152 1195 caput

564 1215 714 1288 regni
746 1214 869 1283 fuit,
923 1215 1092 1271 vestis
1136 1214 1257 1285 ejus
1283 1214 1552 1286 sanguine
1590 1216 1917 1287 aspergitur.
1963 1214 2063 1272 Hic
2089 1225 2150 1271 ut

562 1308 784 1378 phmnix
818 1315 1094 1363 sarmenta
1121 1305 1521 1362 odoriferarum
1553 1307 1814 1362 arborum
1872 1307 1927 1363 in
1960 1308 2147 1364 nidum

564 1400 801 1471 collegit,
832 1399 966 1454 dum
1017 1398 1234 1469 scriptis
1277 1399 1669 1470 prophetarum
1711 1398 2147 1473 Hierosolymam

566 1491 811 1561 replevit.
857 1484 1075 1546 Eisdem
1119 1505 1251 1546 vero
1301 1490 1595 1547 sarmentis
1639 1490 1985 1559 conburitur,
2017 1491 2147 1547 dum

565 1583 865 1640 secundum
890 1582 1032 1639 dicta
1054 1582 1441 1653 prophetarum
1474 1581 1529 1637 in
1558 1579 1988 1654 Hierosolymam
2026 1583 2150 1654 igne

560 1677 838 1746 passionis
888 1675 1253 1732 consumitur.
1307 1674 1489 1730 Tertia
1545 1673 1633 1730 die
1678 1674 1797 1730 avis
1840 1685 2146 1746 reparatur,

562 1770 690 1840 quia
727 1768 979 1826 Christus
1044 1769 1201 1825 tertia
1249 1768 1336 1824 die
1372 1782 1401 1823 a
1444 1766 1605 1825 Patre
1665 1768 1982 1824 suscitatur.
2010 1769 2144 1825 Illud

558 1870 739 1917 autem
770 1862 914 1934 quod
955 1872 1170 1935 gestum
1197 1870 1282 1916 est
1323 1860 1376 1916 in
1404 1860 1644 1929 Christo,
1676 1876 1784 1917 non
1816 1869 2026 1917 tantum
2053 1877 2141 1919 το·-
2178 1847 2219 1902 Β
2244 1862 2426 1929 ὀὶωιθ,
2450 1862 2660 1919 scilicet
2679 1860 2956 1918 declinare
2977 1877 3006 1915 a
3034 1860 3205 1915 malo.
3226 1857 3515 1915 Tristitiam
3532 1855 3729 1912 Dominiar

558 1954 819 2021 medium,
844 1953 938 2011 sed
966 1952 1129 2009 etiam
1169 1951 1269 2009 fuit
1306 1961 1732 2009 sacramentum.
1765 1952 2018 2024 Oportuit
2042 1951 2144 2024 igi-

556 2056 647 2102 tur
671 2056 730 2103 ut
777 2046 1066 2103 visibiliter
1096 2045 1232 2101 foris
1278 2046 1450 2114 ﬁeret,
1483 2053 1760 2117 quatenus
1807 2045 1938 2102 illud
1995 2046 2141 2117 quod

556 2140 613 2194 in
643 2139 799 2195 nobis
839 2138 1185 2194 invisibiliter
1234 2137 1349 2194 fieri
1391 2137 1601 2206 debuit,
1637 2137 1987 2211 signiﬁcaret.
2015 2135 2144 2194 Dies

555 2233 677 2302 ejus
724 2230 1067 2287 extrinsecus
1114 2229 1337 2286 fuerunt
1384 2230 1601 2286 nostri:
1631 2230 1748 2286 dies
1811 2229 2142 2287 intrinsecus

555 2323 833 2396 quaerendi
870 2331 1016 2379 sunt.
1054 2320 1190 2378 Tres
1239 2337 1369 2394 ergo
1399 2322 1516 2378 dies
1558 2322 1824 2378 habemus
1880 2321 2141 2378 intrinse-

556 2432 677 2483 cus,
703 2416 903 2488 quibus
950 2415 1292 2471 illuminatur
1337 2414 1518 2470 anima
1548 2424 1757 2471 nostra.
1790 2414 1870 2470 Ad
1903 2415 2139 2486 primum

556 2509 701 2565 diem
740 2523 890 2565 mors
918 2509 1169 2580 pertinet,
1195 2507 1261 2563 ad
1291 2508 1589 2565 secundum
1619 2508 1915 2580 sepultura,
1940 2508 2006 2565 ad
2034 2517 2141 2564 ter-

558 2601 693 2656 tium
729 2601 1077 2655 resurrectio.

626 2689 796 2760 Igitur
832 2692 886 2745 in
918 2691 1004 2745 bis
1054 2690 1230 2747 tribus
1272 2690 1466 2747 diebus
1510 2700 1771 2746 notantur
1816 2692 1979 2747 etiam
2031 2702 2140 2749 tres

555 2781 732 2837 diaeta:
763 2779 1135 2848 medicinales,
1167 2795 1289 2850 qua:
1320 2789 1447 2835 sunt
1492 2790 1682 2837 contra
1719 2782 1940 2839 morbos
1959 2793 2138 2839 veter-

558 2889 725 2932 nosus
777 2874 996 2930 salubre
1040 2873 1368 2940 antidotum,
1442 2851 1661 2929 contra.
1698 2875 2138 2946 quadriduanum

556 2967 827 3023 Lazarum
878 2965 1265 3037 supercmieste
1321 2965 1648 3023 balsamum.
1701 2965 1811 3023 Has
1854 2968 1981 3024 ituri
2012 2976 2142 3025 sunt

555 3063 648 3134 qui
678 3062 912 3119 Domino
939 3073 1065 3120 sunt
1096 3063 1477 3119 sacriﬁcaturi.
1513 3061 1627 3119 [Ioc
1677 3062 1779 3117 iter
1808 3070 2137 3133 prteccptum

555 3164 639 3212 est
685 3156 812 3211 ﬁliis
857 3155 1022 3211 Israel
1069 3156 1149 3211 ire
1196 3165 1256 3211 ut
1302 3155 1676 3212 sacriﬁcarent
1722 3154 1975 3222 Domino,
2012 3170 2137 3210 cum
2168 3199 2213 3260 ο
2244 3160 2403 3225 seris,
2431 3157 2761 3214 sacriﬁcium
2790 3154 3027 3210 Domino
3049 3151 3238 3218 ol‘fcrs,
3266 3150 3362 3222 qui
3407 3161 3510 3260 no:
3526 3135 3634 3260 aliud

555 3259 876 3304 eruerentur
902 3266 968 3304 ex
1003 3247 1261 3321 Egypto.
1294 3248 1530 3303 Mundus
1560 3248 1662 3303 iste
1691 3256 1778 3303 est
1821 3247 2138 3317 relinquen-

555 3343 659 3398 dus
682 3358 789 3397 non
816 3342 960 3409 loco,
977 3341 1071 3396 sed
1095 3340 1302 3407 animo,
1321 3356 1429 3395 non
1448 3340 1702 3411 passibus
1720 3337 2135 3410 proﬁciscendo,

555 3433 651 3489 sed
704 3434 918 3490 actibus
959 3431 1315 3505 proﬁciendo.
1370 3430 1573 3486 [larunt
1636 3431 1799 3486 trium
1854 3431 2138 3486 diaetarum

556 3528 889 3582 mentionem
938 3525 1069 3583 facit
1110 3525 1366 3582 sacerdos
1404 3539 1571 3580 orans
1598 3539 1698 3594 pro
1739 3538 1797 3579 se
1839 3532 1893 3579 et
1919 3539 2016 3594 pro
2048 3536 2141 3594 po-

557 3618 706 3691 pulo,
759 3620 851 3675 ubi
897 3620 1120 3676 dicitzc
1150 3619 1415 3674 Mcmores
1464 3617 1660 3673 divinae
1709 3617 1984 3687 passionis
2009 3624 2136 3683 tuae,

557 3725 659 3766 nec
680 3724 788 3764 non
816 3710 1066 3781 gloriosae
1095 3709 1507 3766 resurrectionis
1537 3709 1607 3765 ah
1633 3708 1843 3774 inferis,
1875 3721 1928 3763 et
1949 3723 2143 3764 ascen-

557 3799 732 3855 sionis
759 3799 813 3855 in
861 3800 1083 3855 coelum.
1114 3820 1132 3851 ι
1171 3799 1315 3856 Sane
1345 3801 1602 3857 ducatum
1654 3800 1819 3871 hujus
1861 3800 2140 3873 relig'onis

557 3893 901 3948 consecravit
952 3890 1206 3948 Christus
1236 3900 1399 3964 caput
1443 3881 1692 3949 nostrum
1726 3894 1899 3950 tribus
1948 3892 2141 3949 diebus

557 3984 773 4053 mortis,
800 3984 1239 4052 resurrectionis,
1288 3986 1647 4042 ascensionis.
1678 3984 1891 4053 Passio,
1925 3985 2141 4041 cruciﬁ-

558 4074 671 4144 xio,
719 4078 1017 4149 sepultura,
1064 4088 1237 4135 totum
1287 4088 1372 4136 est
1417 4096 1525 4135 uua
1575 4077 1756 4136 diaeta.
1795 4080 1942 4134 Sicut
1992 4079 2138 4133 enim

1053 4471 1649 4566 DOMINICA
1723 4475 1756 4561 Ι
1853 4472 2156 4565 POST
2224 4472 2750 4568 OCTAVAS
2821 4473 3342 4567 PASCHJE.

636 4733 657 4768 ι
685 4713 800 4786 Ego
846 4728 969 4769 sum
1001 4720 1190 4785 pastor
1234 4713 1434 4770 bonus.
1484 4712 1669 4769 Bonus
1692 4723 1880 4784 pastor
1906 4713 2146 4769 animam
2181 4714 2225 4769 D
2255 4717 2493 4786 pastoris
2521 4717 2590 4774 ad
2617 4715 2979 4774 diﬁ‘erentiam
3008 4710 3328 4772 mercenarii
3357 4703 3434 4762 vel
3467 4693 3601 4755 furit.

564 4823 721 4864 suam
743 4808 837 4864 dat
868 4823 968 4878 pro
994 4806 1190 4864 ovibus
1219 4806 1335 4865 suis
1367 4806 1549 4880 (Joau.
1581 4808 1658 4877 x).
1694 4828 1713 4861 ι
1757 4806 1877 4863 Non
1909 4822 1977 4864 ex
2003 4807 2148 4863 acci-

560 4898 709 4957 denti
734 4900 828 4954 sed
862 4899 1227 4954 cssentialiter
1247 4910 1333 4956 est
1364 4901 1562 4969 bonus,
1596 4900 1691 4972 qui
1720 4898 1951 4957 formam
1985 4896 2145 4953 boni-

559 4989 693 5046 tatis
706 5003 871 5059 quam
900 4988 1179 5045 imitemur
1199 4990 1464 5062 adjnngit,
1488 4992 1707 5047 dicens:
1732 4989 1947 5046 «Bonus
1963 4999 2149 5059 pastor

563 5080 806 5137 animam
854 5094 1011 5134 suam
1054 5080 1148 5135 dat
1195 5095 1295 5151 pro
1340 5082 1539 5137 ovibus
1581 5082 1719 5137 suis.
1751 5100 1771 5133 ι
1828 5079 1979 5136 Fecit
2000 5079 2144 5150 quod

567 5167 801 5231 monuit,
825 5167 1062 5222 ostendit
1085 5170 1231 5239 quod
1255 5170 1447 5240 jussit;
1498 5170 1736 5224 animam
1766 5170 1970 5240 posuit,
2003 5177 2063 5225 ut
2092 5169 2146 5223 in

567 5258 816 5315 sacrario
844 5268 1034 5314 nostro
1056 5274 1257 5329 corpus
1277 5276 1438 5315 suum
1453 5271 1508 5316 et
1529 5261 1849 5333 sanguinem
1890 5270 2145 5328 verteret,

565 5359 623 5408 et
651 5366 783 5408 oves
803 5366 944 5424 quas
968 5351 1259 5408 redimerat
1273 5354 1456 5411 carnis
1476 5369 1592 5411 sua:
1615 5355 1876 5412 alimento
1896 5357 2142 5413 satiaret.

567 5438 812 5499 Primum
840 5452 925 5501 est
945 5444 1217 5500 exteriora
1251 5452 1438 5501 nostra
1482 5447 1913 5505 misericorditer
1952 5449 2149 5505 ovibus

567 5533 912 5606 impendere;
960 5544 1321 5607 postremum,
1351 5537 1399 5593 si
1438 5554 1662 5595 necesse
1699 5541 1790 5607 sit,
1817 5541 2146 5615 pro_eisdem

569 5626 731 5685 mori.
758 5623 913 5684 Unde
925 5625 1165 5685 Ioannes
1191 5629 1246 5684 in
1271 5628 1511 5701 Epistola
1539 5646 1637 5687 sua
1659 5652 1671 5687 :
1695 5631 1881 5690 «Sicut
1898 5632 2153 5689 Christus

570 5719 809 5775 animam
835 5737 991 5777 suam
1019 5736 1119 5793 pro
1146 5720 1306 5778 nobis
1329 5724 1534 5794 posuit,
1571 5724 1651 5781 sic
1679 5735 1730 5781 et
1761 5741 1861 5782 nos
1888 5728 2152 5783 debemus

569 5826 668 5878 pro
692 5809 950 5870 fratribus
970 5830 1172 5886 ponere
1190 5812 1247 5885 (Ι
1272 5814 1431 5871 Joan.
1457 5816 1558 5888 ιιι).
1584 5836 1601 5869 ι
1629 5816 1742 5873 Hoc
1762 5828 1848 5874 est
1870 5818 2152 5889 proprium

1677 359 1999 416 WERNERI
2033 357 2329 415 ABBATIS
2366 356 2425 415 S.
2468 356 2693 415 BLASH

570 478 709 539 (Im.
753 481 937 551 LXIII.)
968 499 988 532 ι
1027 478 1221 546 Edom,
1248 477 1396 549 quod
1442 476 1643 533 dicitur
1691 477 1844 547 rufus
1888 485 1973 533 est
2004 474 2148 531 Esau
2182 479 2225 537 Α
2252 473 2509 530 Christus
2531 472 2704 529 voluit
2724 470 2905 544 ligari,
2930 470 3549 544 cruciﬁgi,pertriduuin
3569 478 3739 547 quia“.

3820 2530 3824 2623 ι

2257 583 2339 634 re,
2365 567 2445 623 sic
2475 582 2582 623 nos
2608 566 2872 622 debemus
2899 580 3097 621 sensus
3127 573 3374 631 nostros,
3401 566 3486 635 qui
3510 579 3613 623 sunt
3640 576 3737 640 porri

2254 658 2373 713 sine
2406 657 2720 729 padagogo,
2748 671 2924 728 equus
2948 672 3182 713 currens
3209 655 3329 711 sine
3349 657 3519 728 auriga
3556 669 3600 714 et
3623 659 3736 730 freno,

2254 765 2286 805 a
2317 759 2571 805 veterana
2593 749 2989 806 consuetudine
3006 748 3323 820 prohibere,
3350 757 3404 804 et
3426 750 3572 807 clavis
3589 751 3737 821 justiti:

2254 841 2308 896 in
2341 857 2505 897 cruce
2543 841 2900 913 poenitentiae,
2959 841 3279 899 immobiles
3322 843 3470 898 valde
3513 845 3736 902 etinsensi-

2253 935 2392 991 biles
2432 951 2497 991 ac
2522 945 2767 992 mortuos
2801 935 3015 991 eﬁicere
3044 943 3106 991 ut
3133 935 3347 990 mundo
3375 935 3735 1007 cruciﬁgamuria

2254 1029 2432 1085 nobis.
2486 1028 2641 1084 Multi
2695 1029 3094 1100 cruciﬁguntur
3166 1029 3378 1084 mundo
3431 1044 3529 1083 non
3580 1031 3735 1086 mundus

2253 1120 2386 1191 ipsis
2417 1121 2587 1176 :tales
2614 1128 2669 1175 et
2693 1120 2934 1192 despecti
2963 1127 3093 1176 sunt
3126 1120 3362 1187 mundo,
3393 1119 3483 1176 sed
3511 1120 3595 1190 ipsi
3617 1131 3735 1175 ainant

2252 1215 2541 1271 mundum.
2581 1214 2647 1268 lli
2672 1215 2878 1271 mundo
2909 1213 3111 1269 mortui
3154 1220 3310 1279 sunt,
3344 1213 3434 1267 sed
3461 1227 3556 1267 non
3582 1213 3735 1268 mundus

2253 1309 2405 1380 ipsis.
2441 1308 2645 1365 Paulus
2676 1318 2736 1364 ut
2763 1318 3192 1380 purgamentum
3248 1305 3436 1361 mundi
3475 1315 3590 1372 erat,
3614 1307 3734 1361 need:

2251 1401 2458 1457 mundo
2497 1402 2745 1457 curabat.
2799 1398 2954 1456 Unde
2994 1401 3070 1455 ait
3100 1416 3115 1453 :
3161 1418 3182 1450 ο
3212 1398 3345 1453 Mihi
3379 1398 3590 1454 mundus
3621 1400 3733 1454 crude

2251 1494 2394 1551 ﬁxus
2419 1503 2504 1551 est
2533 1502 2588 1550 et
2631 1508 2733 1566 ego
2779 1492 2987 1549 mundo
3037 1491 3251 1564 (Colat.
3285 1491 3385 1560 vn).
3412 1510 3431 1542 ι
3469 1490 3559 1558 Qui
3581 1490 3731 1547 siccu-

2249 1585 2472 1642 Christo
2497 1587 2859 1657 cruciﬁgitur,
2907 1584 3132 1641 Christo
3169 1585 3544 1655 consepelitur,
3582 1593 3628 1639 ut
3661 1594 3731 1655 agat

2249 1679 2552 1750 spiritalem
2592 1678 3011 1735 sabbatismum.
3066 1676 3201 1734 Haec
3236 1688 3319 1734 cst
3382 1685 3551 1732 sancta
3595 1675 3730 1746 requies

2249 1783 2413 1839 quam
2444 1769 2702 1840 praecepit
2729 1768 2994 1824 Dominus
3036 1767 3351 1823 obsonari.
3390 1764 3507 1821 llaec
3525 1774 3593 1820 est
3624 1764 3730 1835 prim

2244 1954 2523 2026 passionis
2546 1961 2732 2010 secuta
2766 1961 2850 2009 est
2879 1952 3050 2024 gloria
3087 1961 3144 2008 et
3189 1950 3450 2023 gaudium
3481 1945 3725 2003 resumctio»

2244 2046 2331 2104 nis
2357 2065 2371 2101 :
2396 2045 2485 2103 cui
2512 2054 2567 2102 et
2589 2061 2691 2102 nos
2719 2059 3211 2116 conresurgamus,
3237 2051 3299 2098 ut
3326 2042 3381 2097 in
3410 2060 3428 2092 ι
3456 2037 3726 2095 novitatem:

2243 2139 2590 2194 ambulemus
2620 2136 2795 2209 (Rom.
2827 2136 2925 2209 vt).
2950 2154 2970 2187 ι
2998 2133 3128 2191 Haec
3155 2144 3247 2190 est
3274 2132 3502 2190 secunda
3523 2127 3724 2195 dictabat

2242 2242 2325 2287 est
2343 2230 2521 2287 facere
2534 2230 2763 2287 bonum.
2780 2228 2961 2285 Tertia
2979 2228 3142 2284 diaeta
3158 2235 3249 2283 est
3262 2241 3388 2282 cum
3415 2222 3723 2280 Dominum

2246 2324 2395 2391 dere,
2427 2332 2486 2378 ut
2512 2338 2625 2395 quo
2647 2320 2927 2395 praecessit
2946 2328 3132 2391 caput,
3154 2327 3458 2391 sequantur
3487 2326 3534 2370 et
3552 2311 3721 2369 membra.

2240 2432 2363 2488 qua:
2379 2431 2598 2473 sursum
2619 2424 2745 2471 sunt
2766 2415 3059 2486 quaerendo
3072 2422 3125 2468 et
3152 2410 3437 2483 sapiendo.
3453 2407 3581 2463 Hanc
3591 2404 3723 2461 diem

2241 2507 2371 2564 facit
2390 2507 2575 2579 justus
2603 2507 2822 2577 quando
2850 2520 3085 2577 superna
3110 2500 3540 2573 contemplando,
3559 2491 3721 2566 exprimit

2240 2599 2474 2655 alterum
2525 2597 2755 2653 Paulum
2802 2597 2887 2652 vel
2936 2596 3173 2650 alterum
3248 2592 3548 2653 Martinum,
3587 2585 3720 2640 diem:

2246 2713 2264 2746 ι
2288 2692 2464 2765 Cupio
2504 2691 2753 2760 dissolvi,
2781 2699 2836 2747 et
2870 2705 2993 2746 esse
3013 2704 3140 2745 eum
3161 2687 3389 2743 Christo
3420 2680 3629 2755 (Philipp.
3654 2675 3718 2765 1)οέ

2239 2764 2398 2858 Quod
2453 2799 2537 2844 est
2581 2808 2598 2839 ε
2628 2798 2681 2843 et
2730 2785 2975 2841 inhabita
3027 2784 3081 2839 in
3122 2782 3391 2840 saeculum
3433 2774 3586 2833 saeculi
3614 2764 3717 2840 (Piri.

2240 2880 2450 2950 xxxvi).
2476 2900 2494 2933 ι
2527 2878 2584 2935 Si
2616 2880 2714 2934 has
2743 2877 2933 2934 diaetas
2973 2891 3115 2948 quas
3171 2872 3346 2929 David
3392 2871 3441 2925 in
3482 2868 3717 2956 haerenti:

2246 2993 2265 3026 ι
2294 2972 2513 3029 Declina
2558 2988 2588 3026 a
2644 2971 2788 3026 malo
2830 2977 2886 3025 et
2934 2966 3018 3024 fac
3066 2967 3315 3031 bonum,
3368 2956 3442 3017 et’
3471 2952 3655 3013 inhabile
3688 2952 3717 2999 in

2241 3067 2501 3125 szeculum
2561 3065 2746 3122 saeculi
2796 3063 3004 3136 (ἠφίει),
3052 3081 3071 3115 ι
3129 3061 3532 3118 commemorat,

2245 3252 2351 3308 nisi
2365 3260 2438 3318 te,
2455 3250 2547 3321 qui
2567 3263 2673 3304 non
2705 3247 2851 3302 aliud
2878 3245 2984 3301 nisi
3000 3261 3061 3301 se
3081 3245 3235 3300 dedit
3259 3256 3359 3314 pro
3383 3249 3450 3295 te.
3474 3232 3554 3287 Vel
3579 3229 3637 3283 ba:

2245 3342 2418 3398 diaeta:
2443 3349 2570 3396 sunt
2608 3352 2715 3395 tres
2744 3352 3039 3409 processus
3067 3349 3307 3407 quorum
3330 3331 3522 3404 primus
3542 3328 3603 3379 est
3621 3315 3720 3371 τοῦθ’

2245 3450 2414 3507 quere
2444 3432 2703 3505 peccandi
2732 3430 3191 3487 consuetudinem
3217 3471 3230 3485 .
3264 3427 3404 3483 hanc
3437 3411 3633 3476 concedit
3653 3417 3716 3460 πίω

2247 3528 2479 3584 multum
2511 3527 2710 3581 timens
2744 3525 2881 3595 parti
2908 3539 3043 3580 suae.
3072 3522 3326 3580 Secunda
3374 3518 3588 3574 deserere
3606 3508 3717 3595 suum

2246 3627 2551 3692 peccatum,
2581 3618 2813 3673 ethunc
2857 3616 3108 3673 concedit
3160 3615 3375 3672 Pharao
3420 3605 3504 3665 sed
3530 3594 3717 3691 invitusel

2244 3717 2461 3772 timens.
2493 3715 2682 3773 Restat
2707 3715 2863 3770 tertia
2890 3713 3232 3782 difﬁcillima,
3266 3712 3433 3782 ipsam
3460 3697 3715 3782 «ιιιοίιῑΙΘῘἏἯι

2244 3808 2515 3879 expellere
2558 3823 2680 3878 quae
2726 3815 2814 3862 est
2857 3804 3167 3861 recordatio
3215 3777 3517 3857 affectuosa.
3556 3777 3716 3882 εῇίηξθ

2244 3874 2461 3957 diaetam
2512 3874 2682 3955 invito
2730 3897 3046 3954 adversario
3118 3904 3311 3953 nostro
3376 3874 3715 3960 processerim“

2244 3993 2422 4065 ipsum
2448 4008 2573 4048 cum
2602 3991 2750 4048 omni
2777 3991 2967 4046 militia
2998 3990 3052 4044 in
3086 3989 3318 4043 nihilum
3347 3978 3623 4047 redigt!!!“-

2253 4765 2470 4879 cunque
2496 4808 2767 4881 praepositi
2790 4805 3047 4865 Ecclesiae
3070 4817 3200 4864 sunt
3217 4805 3312 4864 ﬁlii
3333 4804 3452 4859 sunt
3465 4765 3714 4881 pastores-.5“i

2254 4869 2512 4969 pastores.
2526 4869 2805 4970 quomodo
2827 4913 2972 4954 unus
2994 4907 3203 4969 pastor,
3220 4895 3323 4953 nisi
3337 4889 3453 4964 quia
3476 4869 3716 4983 διηπίἚῇ

2255 4958 2500 5046 membra
2532 4958 2696 5046 unius
2730 4958 3176 5061 pastoria-cujus
3222 4995 3347 5046 sunt
3371 4992 3486 5040 oves
3519 4958 3710 5061 Pro"?!

2330 5100 2351 5134 ι
2384 5081 2752 5138 Mercenarius
2813 5091 3017 5151 autem,
3064 5067 3144 5139 ἐι
3178 5082 3272 5155 qui
3320 5089 3421 5134 non
3467 5071 3538 5122 est

2253 5173 2413 5244 cujus
2434 5188 2542 5228 non
2566 5182 2695 5228 sunt
2717 5189 2847 5230 oves
2863 5175 3118 5245 propriae,
3136 5145 3263 5231 vidit
3285 5172 3457 5241 lupum
3476 5145 3710 5251 νείξξθῗῗξ

2253 5225 2555 5320 etdimittit
2579 5279 2712 5318 oves
2755 5274 2810 5319 et
2842 5225 2998 5335 fingit:
3029 5274 3085 5322 et
3104 5225 3273 5338 lupus
3300 5225 3430 5330 rapit
3452 5257 3499 5305 et
3532 5225 3714 5338 dispari"-i

2256 5374 2406 5414 oves.
2472 5356 2844 5413 Mercenarius
2894 5326 3095 5423 autem
3155 5326 3324 5431 fingit,
3359 5326 3483 5420 ’quia
3516 5326 3711 5431 merci:

2255 5452 2370 5507 rius
2398 5459 2501 5518 est,
2525 5460 2581 5506 et
2601 5466 2709 5505 non
2743 5451 2977 5521 pertinet
3029 5453 3095 5507 ad
3130 5467 3250 5507 eum
3280 5449 3343 5505 dc
3383 5410 3712 5525 ovibus-)2":

2255 5560 2472 5615 cunque
2504 5543 2824 5615 praepositus
2847 5543 3104 5600 Ecclesiae
3128 5542 3313 5625 quaerit
3336 5506 3711 5636 temporalianﬂ;

2256 5635 2437 5700 moda,
2500 5644 2553 5690 et
2584 5650 2694 5689 non
2731 5650 2796 5691 ea
2848 5652 2971 5708 qua:
3022 5645 3153 5691 sunt
3178 5615 3399 5691 Christi,
3440 5603 3705 5725 ’³³⁸ᾚέῗῖ

2255 5736 2358 5783 est.
2473 5727 2671 5782 talibus
2690 5727 2823 5782 dicit
2852 5692 3143 5783 Dominus:
3169 5748 3188 5779 ‹
3209 5727 3365 5781 Arnen
3386 5713 3490 5769 dico
3508 5692 3671 5755 V053"

2256 5832 2519 5892 ceperunt
2571 5823 2873 5881 mercedem
2916 5841 3073 5881 suam
3113 5820 3323 5886 (Matth.
3350 5811 3434 5881 vi).
3461 5823 3477 5856 ι
3515 5781 3705 5851 Ἠετίων
