3950 6380
153 450 277 506 εμι
1128 431 1702 489 DEFLORATIONES
1741 430 1840 485 SS.
1884 424 2193 481 PATllUM.
2239 453 2309 463 --
2351 421 2458 475 LIB
2496 419 2514 472 l
3357 415 3464 470 9l‘2

154 565 244 620 rii
322 570 506 619 autem
587 558 886 616 necessarii
957 564 1126 622 sunt,
1190 553 1319 626 quia
1369 567 1464 623 per
1501 565 1597 604 eos
1670 564 1772 601 vox
1807 552 1847 606 Α
1877 543 1970 598 sed
1998 540 2190 612 spiritu
2248 537 2527 593 vobiscum
2583 549 2702 589 sum
2758 532 2983 604 ((Icfoss.
3021 533 3104 604 ιι).
3144 553 3162 585 ι
3204 529 3460 589 Pastores

159 659 395 716 Christi
419 656 658 713 auditur.
684 653 880 709 Audite
899 651 1192 707 Dominum
1218 625 1614 703 monstrantem
1641 657 1778 696 mer-
1879 634 2043 706 igitttr
2091 645 2199 686 non
2241 630 2345 684 sibi
2386 628 2600 698 fugiunt
2641 625 2686 681 si
2729 626 2930 680 cedunt
2979 625 3369 695 persecutioni,
3403 637 3465 680 ut

164 769 459 811 081131³108.

254 864 276 895 ‹
321 843 549 909 εει-ὼε,
599 841 797 913 inquit,
843 851 898 896 et
942 835 1203 894 Pharisaei
1259 847 1426 902 super
1461 825 1777 884 cathedram

164 935 361 1006 Moysi
393 933 652 991 sederunt
681 952 695 999 ;
728 949 851 1004 qua:
871 933 1060 988 dicunt
1103 927 1266 983 facite
1293 944 1308 991 ;
1340 938 1464 994 qua:
1490 930 1670 976 autem
1699 917 1780 971 fa-

163 1027 339 1080 ciunt
372 1025 550 1081 facere
573 1025 740 1079 nolite
766 1023 987 1095 (Matth.
1013 1020 1193 1088 χχιιι).
1227 1037 1244 1070 ι
1281 1014 1420 1083 Quid
1447 1009 1594 1066 aliud
1621 1007 1777 1074 dixit,

167 1116 292 1170 nisi
330 1114 432 1172 Per
455 1114 824 1170 mercennarios
847 1127 1036 1167 vocem
1077 1107 1313 1180 pastoris
1335 1103 1563 1160 audite?
1589 1100 1781 1156 Nullus

167 1209 333 1261 enim
364 1206 737 1262 mercenarius
783 1221 954 1260 ausus
993 1202 1285 1260 estdicere
1315 1197 1514 1269 populo
1542 1194 1775 1250 Christi:

173 1297 308 1354 Tua
344 1315 549 1369 quzere,
584 1314 688 1354 non
721 1314 843 1368 qua:
867 1297 995 1352 Jesu
1039 1293 1263 1350 Christi.
1294 1291 1420 1346 Inde
1448 1303 1578 1358 ergo
1612 1287 1777 1352 laedit,

175 1392 337 1447 unde
364 1391 507 1446 mala
547 1391 696 1457 facit,
728 1407 834 1445 nou
868 1390 1012 1444 unde
1038 1388 1184 1443 bona
1225 1384 1377 1441 dicit.
1406 1382 1632 1437 Botrum
1659 1397 1781 1436 car-

175 1498 276 1553 pe,
314 1482 528 1553 spinam
577 1497 727 1537 cave.
767 1480 964 1536 Botrus
1006 1477 1305 1549 aliquando
1327 1473 1640 1530 conseritur
1662 1471 1777 1542 spi-

178 1575 298 1642 nis,
352 1584 406 1630 et
456 1582 637 1644 portat
684 1573 840 1644 spina
890 1588 997 1628 non
1047 1585 1209 1627 suum
1259 1567 1521 1632 fructum,
1561 1563 1780 1635 quando

178 1667 368 1735 spinis
417 1667 625 1736 palmes
679 1663 964 1720 incumbit.
990 1660 1262 1718 Cathedra
1287 1657 1460 1730 Moysi
1491 1655 1618 1711 vitis
1642 1663 1778 1721 erat,

182 1757 595 1814 Phariszeorum
620 1773 800 1812 mores
827 1755 1017 1825 spinae,
1039 1752 1288 1809 doctrina
1319 1764 1443 1806 vera
1468 1763 1564 1818 per
1586 1747 1778 1812 malos,

181 1850 404 1919 palmes
422 1849 476 1901 in
499 1862 648 1916 sepe,
663 1856 718 1901 et
738 1847 931 1901 botrus
955 1845 1096 1898 inter
1116 1841 1323 1912 spinas.
1343 1840 1515 1894 Caute
1537 1837 1695 1906 elige,
1713 1852 1782 1892 ne

1879 727 1995 795 ipse
2037 722 2334 794 Apostolus
2392 719 2705 776 submissus
2747 717 2801 772 in
2845 725 3029 787 sporta
3078 731 3174 786 per
3217 732 3461 770 murum.

1878 813 2020 870 Oves
2049 827 2285 883 namque
2330 809 2536 881 pastori
2579 809 2631 862 in
2679 807 2819 861 cualo
2855 806 3065 862 sedenti
3123 805 3465 861 orationibus

1879 904 2330 967 commendabat,
2373 917 2431 956 se
2461 908 2645 955 autem
2695 898 2913 953 utilitati
2966 913 3156 953 earum
3207 897 3466 970 fugiendo

1881 998 2154 1063 servabat,
2177 997 2320 1052 sicut
2346 995 2583 1065 quo-.lam
2618 993 2739 1047 loco
2769 992 2877 1046 ait:
2923 1011 2940 1041 ι
2979 991 3198 1046 Manere
3221 992 3273 1045 in
3301 1007 3467 1046 carne

1881 1089 2251 1146 necessarium
2285 1096 2505 1158 pr0pter
2535 1101 2632 1140 vos
2656 1084 2882 1155 (Philip.
2915 1087 2974 1151 ι).
3017 1104 3035 1136 ι
3071 1083 3153 1138 Ab
3177 1084 3295 1154 ipso
3319 1099 3468 1138 nam-

1879 1201 1986 1256 que
2008 1198 2200 1238 omnes
2221 1181 2544 1236 audierant;
2585 1199 2603 1230 ι
2654 1177 2710 1232 Si
2739 1193 2835 1232 vos
2881 1177 3151 1246 persecuti
3181 1176 3384 1232 fuerint
3411 1179 3466 1231 in

1883 1291 1987 1329 una
2012 1274 2254 1340 civitate,
2286 1273 2458 1344 fugite
2502 1273 2554 1325 in
2602 1271 2765 1325 aliam
2801 1269 3017 1340 (.llatth.
3064 1269 3140 1338 x).
3181 1288 3198 1321 ι
3235 1268 3291 1323 ln
3324 1285 3469 1324 mer-

1881 1366 2104 1421 cenario
2151 1381 2282 1436 ergo
2341 1363 2760 1434 reprehenditur
2787 1404 2800 1427 ,
2852 1377 2962 1416 non
3009 1362 3259 1432 corporis
3303 1361 3466 1433 fuga,

1882 1457 1975 1513 sed
2003 1457 2220 1524 mentis,
2254 1466 2307 1510 et
2332 1456 2478 1527 quod
2512 1471 2609 1508 sua
2639 1455 2855 1524 quan-it,
2882 1469 2987 1508 non
3011 1470 3132 1524 quae
3156 1452 3281 1508 Jrsu
3307 1454 3469 1506 Chri-

1882 1549 1970 1604 sti.

1959 1660 1975 1690 ι
2008 1639 2117 1711 Ego
2144 1656 2264 1694 sum
2304 1647 2490 1709 pastor
2521 1639 2716 1703 bonus,
2742 1647 2796 1692 et
2820 1652 3094 1708 cognosco
3125 1651 3276 1691 meas
3299 1645 3352 1690 et
3375 1651 3469 1690 co-

1882 1741 2153 1804 gnoscunt
2177 1747 2262 1787 me
2289 1748 2442 1786 mem.
2459 1752 2474 1782 ι
2505 1730 2790 1801 Cognoseo
2817 1746 2988 1796 meas,
3016 1729 3068 1782 id
3089 1737 3173 1784 est
3195 1728 3392 1800 diligo;
3416 1737 3471 1782 et

1883 1841 2018 1881 mea:
2041 1825 2275 1896 diligunt
2297 1841 2402 1880 me.
2431 1823 2484 1877 In
2509 1823 2668 1878 bonis
2698 1833 2782 1877 cst
2806 1823 3032 1887 ostium,
3062 1821 3341 1886 ostiarius,
3374 1836 3470 1890 pa-

181 1913 323 1995 dnm
358 1913 821 2010 qureris—fructum
848 1937 1056 1991 laceres
1079 1935 1344 1989 mundum
1369 1931 1620 2005 [manum
1636 1927 1703 2001 η,
1723 1938 1777 1984 et
1810 1917 1851 1974 Β
1880 1930 2014 1986 ϐιοῖ’,
2039 1934 2188 1974 ονεεο
2239 1916 2297 1972 Ill
2335 1916 2494 1971 malis
2519 1915 2697 1981 fures;
2736 1916 2974 1971 lall'Ollt‘S
3002 1957 3016 1980 ν
3071 1913 3465 1976 mercenarius.

181 2047 319 2086 cum
361 2031 519 2086 audis
549 2033 688 2086 bona
731 2029 1021 2095 dicentem,
1070 2042 1139 2082 ne
1166 2026 1398 2080 imiteris
1434 2023 1576 2078 mala
1606 2021 1782 2078 facieu

184 2133 324 2180 tem.
355 2125 488 2191 Qua:
507 2124 695 2178 dicunt
716 2122 900 2189 facite,
931 2121 1112 2192 eligite
1141 2135 1311 2186 uvas;
1347 2133 1470 2189 quae
1497 2125 1678 2172 autem
1703 2114 1778 2170 fa-

185 2218 346 2272 ciunt
369 2217 546 2272 facere
569 2217 757 2282 nolite,
781 2224 968 2270 cavete
997 2214 1206 2285 spinas.
1234 2213 1433 2267 Audite
1463 2211 1782 2282 Apostolum

187 2310 261 2364 de
308 2308 664 2363 mercenariis
686 2307 994 2378 loquentem
1025 2325 1037 2359 :
1071 2327 1088 2356 ι
1122 2304 1264 2371 Quid
1296 2303 1441 2358 enim
1465 2302 1594 2355 dum
1632 2299 1783 2355 onmi

191 2401 360 2456 modo
389 2400 505 2455 sive
553 2401 865 2466 occasione,
899 2398 1014 2454 sive
1066 2399 1293 2453 veritate
1337 2395 1540 2451 Christi
1568 2410 1783 2448 annuu-

191 2493 400 2548 tietur?
423 2491 649 2562 (Philip.
679 2495 742 2562 ι.)
781 2511 799 2544 ›
833 2490 1070 2556 Veritas,
1108 2490 1160 2545 id
1181 2498 1265 2545 est
1293 2488 1547 2543 Christus
1579 2503 1607 2540 a
1641 2503 1785 2540 tuer-

195 2585 434 2640 cenariis
485 2585 814 2650 occasione,
863 2600 893 2638 a
953 2583 1077 2638 filiis
1125 2582 1350 2636 veritate
1400 2580 1778 2635 annuntiatur.

196 2678 320 2734 Filii
361 2688 620 2733 aeternam
668 2678 1033 2733 haereditatem
1077 2676 1230 2746 prius
1269 2675 1536 2745 patienter
1583 2688 1783 2743 crispe--

197 2779 368 2837 ctant,
397 2770 720 2826 mercenarii
758 2770 1109 2839 temporalem
1160 2767 1466 2824 mercedem
1520 2764 1784 2821 festinan-

199 2871 282 2918 ter
304 2871 584 2933 emptam.
612 2860 983 2916 Mercenarius
1007 2861 1189 2931 itaque
1216 2867 1300 2915 est
1340 2857 1434 2928 qui
1484 2857 1662 2912 locum
1686 2870 1786 2926 pa-

199 2955 364 3011 storis
391 2963 557 3020 tenet,
585 2954 678 3009 sed
709 2953 921 3009 lucrum
950 2953 1392 3016 animarumnon
1411 2948 1630 3020 quaarit,
1654 2947 1784 3018 quia

199 3047 434 3102 terrenis
471 3046 774 3102 commodis
822 3046 1027 3112 inhiat,
1083 3053 1139 3100 et
1186 3045 1396 3099 honore
1450 3041 1785 3113 praelationis

200 3137 417 3208 gaudet.
476 3135 672 3191 Utrum
723 3146 902 3191 tamen
941 3136 1316 3192 mercenarius
1365 3135 1456 3202 sit,
1501 3150 1610 3190 non
1648 3133 1786 3189 bene

201 3231 558 3299 dignoscitur,
583 3230 687 3285 nisi
717 3245 842 3284 cum
878 3230 1041 3300 lupus
1065 3228 1296 3294 accedit,
1322 3227 1413 3298 qui
1447 3227 1654 3282 indicat
1675 3240 1786 3296 quo

205 3324 387 3377 animo
409 3339 539 3393 grex
570 3339 597 3376 a
630 3338 851 3394 quoque
877 3321 1241 3376 custodiatur.
1276 3319 1438 3374 Venit
1484 3327 1667 3374 autem
1695 3319 1784 3372 lu-

205 3429 306 3483 pus
335 3430 459 3468 cum
495 3415 724 3484 quilibet
777 3413 1013 3483 injustus
1057 3422 1109 3467 et
1140 3422 1323 3482 raptor
1376 3411 1561 3466 fideles
1597 3410 1785 3482 oppri-

206 3505 322 3559 mit.
349 3504 662 3576 Fugitergo
706 3505 800 3575 qui
853 3514 1039 3574 pastor
1086 3519 1209 3558 esse
1248 3503 1554 3568 videbatur,
1597 3512 1784 3558 etnon

205 3606 339 3660 erat,
373 3613 482 3651 non
518 3596 784 3650 mutando
832 3596 1033 3660 locum,
1066 3595 1160 3649 sed
1215 3593 1590 3649 subtrahendo
1643 3594 1789 3648 sola-

209 3688 362 3741 tium.
394 3684 560 3741 Tacet
585 3685 753 3750 enim,
790 3695 844 3739 et
878 3701 985 3738 non
1015 3685 1177 3738 audet
1208 3686 1464 3738 resistere
1490 3684 1784 3753 injustitize.

207 3779 282 3832 De
302 3791 410 3848 quo
447 3791 544 3847 per
600 3778 917 3847 prophetam
966 3775 1196 3830 dicitur:
1235 3793 1254 3826 ι
1294 3773 1412 3828 Non
1463 3776 1790 3830 ascendistis

207 3889 275 3927 ex
317 3871 568 3936 adverso,
603 3886 780 3940 neque
823 3868 1157 3940 opposuistis
1205 3885 1424 3923 murum
1477 3883 1576 3939 pro
1626 3869 1790 3924 domo

211 3964 390 4029 Israel,
422 3974 482 4018 ut
523 3963 743 4018 stari-tis
788 3963 840 4016 iu
893 3961 1078 4032 praelia
1120 3961 1175 4016 in
1207 3960 1295 4016 die
1327 3959 1541 4014 Domini
1568 3958 1785 4031 (Ezech.

210 4058 348 4126 xm).
393 4074 412 4106 ι
452 4055 526 4109 Ex
556 4056 789 4109 adverso
823 4053 1120 4109 ascendere
1148 4061 1232 4108 est
1280 4052 1463 4122 pravis
1502 4051 1670 4105 libera
1702 4066 1792 4103 ra—

213 4150 353 4205 tione
376 4158 668 4204 contraire.
704 4150 921 4200 Murum
955 4161 1231 4216 opponere
1253 4156 1306 4200 et
1337 4155 1482 4200 stare
1525 4149 1578 4199 in
1605 4144 1790 4214 ρι’ωιὶο

213 4244 266 4295 in
291 4241 376 4296 die
405 4239 617 4295 Domini
652 4254 750 4309 pro
777 4239 942 4292 domo
985 4235 1152 4293 lsrael
1186 4247 1289 4304 est,
1321 4253 1444 4293 cum
1471 4245 1525 4292 et
1547 4237 1790 4291 auctori-

215 4341 318 4386 tate
337 4330 564 4401 justitia:
592 4329 775 4384 fideles
810 4338 1002 4383 contra
1050 4343 1432 4399 perversorum
1466 4328 1790 4398 injustitiam

214 4422 570 4477 vindicamus.
628 4418 723 4475 Est
779 4419 945 4474 etiam
1006 4419 1282 4492 malignus
1342 4419 1568 4490 spiritus
1628 4419 1791 4490 lupus

213 4523 414 4569 mentes
445 4529 554 4568 non
580 4528 809 4582 corpora
835 4512 1127 4578 dilaniatis,
1154 4513 1342 4567 caulas
1384 4512 1624 4567 fidelium
1650 4513 1791 4567 assi-

1885 2018 2065 2089 lnpus.
2105 2016 2368 2072 Dominus
2414 2014 2548 2069 dicit
2589 2030 2648 2070 se
2682 2029 2804 2068 esse
2831 2013 3033 2069 ostium
3072 2020 3125 2066 et
3171 2019 3464 2080 pastorem.

1887 2111 1990 2166 Sed
2023 2112 2070 2166 si
2093 2108 2506 2165 consideremus
2537 2106 2920 2177 pr0prietates,
2961 2104 3217 2160 Christus
3241 2118 3340 2157 nec
3375 2117 3473 2172 pa.

1886 2214 2003 2261 stor
2037 2214 2121 2258 est
2144 2243 2160 2267 ,
2195 2217 2294 2256 nec
2324 2201 2549 2264 ostium,
2578 2198 2933 2253 similitudine
2957 2206 3138 2250 autem
3181 2205 3234 2250 et
3264 2203 3470 2265 pastor,

1885 2305 1938 2350 et
1979 2295 2204 2360 ostium,
2235 2303 2289 2348 et
2330 2293 2469 2348 ovis.
2521 2291 2809 2362 Tanquam
2859 2290 3004 2345 enim
3037 2288 3156 2344 ovis
3181 2288 3248 2342 ad
3275 2287 3472 2340 inuno—

1885 2388 2106 2443 landum
2148 2388 2346 2444 ductus
2393 2397 2496 2443 est.
2544 2385 2719 2442 Janua
2759 2396 2843 2442 est
2873 2385 2924 2439 in
2950 2384 3147 2454 capite,
3186 2391 3373 2454 pastor
3416 2382 3473 2435 in

1885 2492 2134 2548 corpore.
2190 2477 2331 2533 Dixit
2381 2476 2572 2532 Petro:
2613 2495 2631 2528 ι
2673 2474 2842 2531 Pasce
2897 2491 3027 2529 oves
3075 2489 3226 2528 meas
3286 2471 3470 2543 (Joan.

1887 2574 2024 2640 xxx).
2065 2589 2084 2621 ›
2114 2568 2281 2636 Quasi
2310 2569 2553 2625 diceret:
2589 2568 2729 2635 Quid
2777 2567 2910 2622 mihi
2940 2565 3115 2632 dabis,
3144 2565 3271 2636 quia
3320 2580 3474 2619 amas

1887 2665 2015 2717 me?
2040 2660 2154 2717 [loc
2181 2663 2248 2717 da
2274 2661 2406 2717 mihi
2435 2681 2447 2716 :
2484 2661 2540 2715 Si
2566 2677 2720 2716 amas
2759 2676 2879 2727 me,
2924 2675 3086 2729 pasce
3116 2675 3246 2714 oves
3297 2675 3470 2714 meas.

1885 2751 1988 2809 Per
2007 2757 2235 2824 jannam
2273 2765 2456 2820 mtra;
2489 2769 2613 2808 nam
2658 2753 2752 2824 qui
2785 2768 2848 2808 ex
2895 2752 2998 2806 aha
3032 2763 3182 2822 parte
3205 2752 3472 2817 ascendit,

1887 2844 1975 2899 ille
1999 2843 2088 2899 fur
2109 2855 2190 2900 est
2236 2853 2291 2900 et
2323 2833 2484 2899 latro.
2537 2843 2593 2898 lu
2627 2845 2712 2900 his
2753 2843 3002 2914 personis
3054 2844 3300 2900 invenies
3333 2860 3474 2916 quos

1885 2937 2104 3009 diligas,
2141 2953 2282 3008 quos
2319 2937 2541 3001 toleres,
2588 2952 2730 3006 quos
2771 2951 2988 2991 caveas.
3037 2933 3355 3008 Diligendus
3391 2948 3476 2991 est

1887 3039 2093 3100 pastor,
2145 3031 2460 3086 tolerandus
2499 3039 2586 3085 est
2629 3029 3024 3097 mercenarius,
3080 3030 3357 3086 cavendus
3391 3041 3478 3086 est

1887 3122 2048 3177 latro.
2095 3121 2465 3178 Mercenarius
2501 3121 2647 3177 enim
2681 3120 2946 3177 canonice
2985 3120 3174 3188 intrat,
3216 3136 3345 3176 vera
3377 3121 3477 3176 do-

1889 3227 1994 3283 cet,
2026 3215 2279 3288 quamvis
2309 3215 2613 3271 intentione
2653 3214 2899 3270 sinistra.
2939 3214 3050 3270 Fur
3073 3231 3202 3270 vero
3225 3216 3367 3271 male
3394 3216 3478 3271 in-

1891 3319 2018 3378 trat,
2052 3311 2188 3366 falsa
2219 3310 2398 3378 docet,
2425 3319 2480 3366 et
2503 3310 2626 3364 ideo
2647 3321 2732 3364 est
2767 3311 3002 3366 alienus.

1965 3424 1984 3456 ι
2027 3402 2181 3460 Sicut
2204 3404 2354 3458 novit
2375 3419 2461 3458 me
2491 3402 2674 3469 Pater,
2706 3411 2762 3457 et
2789 3417 2889 3472 ego
2915 3417 3156 3474 agnosco
3181 3400 3424 3456 Patrem.
3454 3423 3472 3454 ι

1891 3495 2045 3564 Quod
2077 3495 2248 3552 Filius
2277 3496 2524 3568 agnoscit
2547 3494 2762 3551 Patrem
2792 3511 2888 3566 per
2910 3511 3000 3561 se,
3033 3505 3086 3551 et
3115 3485 3286 3551 Deum
3317 3513 3478 3552 netno

1892 3587 2034 3642 videt
2063 3587 2167 3642 nisi
2194 3602 2290 3657 per
2321 3585 2542 3653 Filium,
2589 3584 2943 3642 manifestum
2972 3596 3058 3642 est
3101 3603 3168 3642 ex
3201 3588 3306 3643 hoc
3330 3588 3481 3658 capi—

1893 3682 2007 3737 tulo
2037 3691 2090 3738 et
2111 3697 2176 3736 ex
2201 3681 2321 3752 ejus
2344 3681 2625 3737 canonicis
2647 3680 2922 3751 capitulis.

1967 3793 1987 3826 ι
2017 3773 2084 3828 Ει
2113 3773 2352 3827 animam
2383 3789 2560 3828 meam
2590 3788 2732 3842 pono
2767 3788 2867 3843 pro
2892 3773 3086 3829 ovibus
3113 3774 3271 3830 meis.
3309 3794 3327 3828 ι
3355 3772 3483 3830 Πειξο

1891 3874 1976 3920 est
1997 3863 2247 3934 probatio
2269 3862 2580 3918 dilectionis
2618 3861 2687 3917 ad
2736 3862 2952 3918 Patrem
2997 3874 3053 3919 et
3092 3865 3160 3919 ad
3199 3880 3352 3922 oves.
3387 3865 3483 3921 Sic

1891 3966 1945 4011 et
1969 3955 2162 4010 Petrus
2210 3954 2372 4008 tertio
2413 3955 2679 4010 coutitens
2726 3969 2972 4009 amorem
3009 3955 3233 4024 jubetur
3257 3973 3483 4027 pascere

1891 4063 2023 4103 oves
2038 4089 2053 4114 ,
2079 4056 2132 4102 et
2153 4062 2250 4117 pro
2272 4047 2354 4100 eis
2379 4046 2537 4100 tnori.
2571 4045 2801 4116 .Tenete,
2826 4047 2954 4116 quia
2980 4047 3234 4102 Christus
3257 4056 3341 4102 est
3361 4065 3484 4103 ver-

1892 4141 2046 4207 bum,
2075 4139 2280 4203 anima,
2306 4153 2457 4193 caro.
2486 4137 2605 4193 Non
2644 4137 2940 4195 defuerunt
2973 4139 3212 4195 haeretici
3239 4142 3482 4212 Appelli-

1893 4233 2114 4289 naristae
2135 4231 2264 4288 dicti
2291 4272 2306 4297 ,
2341 4230 2433 4302 qui
2465 4231 2583 4287 ausi
2612 4241 2741 4287 sunt
2761 4231 3131 4312 dogmatizare
3153 4234 3298 4303 quod
3321 4233 3483 4288 Chri-

1894 4337 2015 4382 stus
2037 4341 2146 4380 non
2171 4335 2316 4380 esset
2351 4325 2455 4381 nisi
2487 4323 2746 4391 Verbum,
2777 4333 2832 4380 et
2859 4340 2990 4380 caro
3019 4326 3138 4380 sine
3168 4327 3372 4380 anima.

1971 4439 1989 4472 ι
2028 4419 2095 4474 Et
2121 4419 2258 4474 alias
2289 4435 2418 4476 oves
2453 4419 2627 4474 habeo
2655 4436 2779 4490 quze
2809 4437 2918 4473 non
2953 4428 3084 4475 sunt
3104 4436 3170 4475 ex
3197 4421 3298 4475 hoc
3326 4421 3479 4487 ovili,

1893 4523 1947 4569 et
1969 4514 2090 4569 illas
2123 4522 2336 4583 oportet
2377 4530 2465 4569 me
2520 4514 2811 4580 adducere,
2834 4523 2888 4568 et
2932 4529 3120 4570 vocem
3170 4530 3345 4569 meam
3379 4531 3480 4570 an-

212 4605 312 4660 due
340 4605 632 4661 circuiens.
685 4604 760 4660 De
806 4620 917 4674 quo
966 4602 1205 4659 dicitur:
1253 4603 1316 4657 Et
1346 4602 1606 4675 dispergit
1635 4619 1786 4659 oves.
1821 4625 1866 4682 ι)
1893 4605 2061 4671 dient,
2092 4614 2147 4660 et
2173 4607 2264 4660 fiet
2313 4590 2500 4660 unum.
2524 4606 2666 4661 ovile
2719 4613 2773 4659 et
2824 4623 2966 4661 unus
2995 4621 3203 4676 pastor.
3244 4627 3261 4659 ι
3298 4606 3481 4662 Unum

215 4694 361 4751 Tunc
383 4696 528 4750 enim
555 4695 818 4766 dispergit
836 4712 961 4751 cum
987 4696 1153 4751 alium
1179 4695 1248 4750 ad
1275 4695 1549 4749 luxuriam
1579 4702 1789 4764 pertra-

217 4786 309 4851 hit,
330 4785 494 4839 alium
520 4785 575 4838 in
602 4785 886 4839 avaritiam
903 4785 1172 4850 accendit,
1201 4785 1367 4838 alium
1396 4785 1447 4838 in
1475 4783 1785 4854 superbiam

216 4878 402 4948 erigit:
449 4877 594 4933 hunc
640 4877 841 4932 invidia
895 4877 1158 4943 stimulat,
1210 4878 1361 4932 illum
1406 4875 1621 4933 fallacia
1655 4893 1788 4947 sup-

216 4970 432 5041 plantat.
467 4969 634 5036 Quasi
661 4985 792 5042 ergo
822 4969 983 5040 lupus
1023 4986 1240 5042 gregem
1282 4970 1534 5040 dissipat,
1565 4987 1690 5026 cum
1722 4971 1790 5025 li-

216 5065 353 5119 deles
397 5063 648 5120 diabolus
696 5080 791 5136 per
836 5065 1167 5120 tentationes
1211 5074 1388 5120 necat.
1421 5064 1791 5120 Mercenarius

215 5165 387 5211 autem
419 5156 608 5212 videns
634 5156 822 5226 lupum
855 5154 1012 5226 fugit,
1037 5156 1165 5226 quia
1194 5155 1568 5212 mercenarius
1616 5166 1696 5211 est
1738 5165 1792 5211 et

217 5263 315 5302 non
361 5248 537 5319 diligit
581 5248 636 5302 in
669 5247 865 5304 ovibus
906 5247 1211 5314 Christum,
1243 5248 1336 5303 sed
1367 5248 1454 5304 lac
1490 5257 1544 5303 et
1569 5249 1788 5303 lanam:

216 5351 520 5414 peccantem
567 5357 676 5397 non
720 5341 890 5397 libere
921 5339 1086 5394 audet
1131 5356 1380 5412 arguere,
1413 5341 1793 5396 excommuni-

216 5435 438 5490 candum
456 5451 563 5490 non
578 5436 743 5491 audet
757 5435 1257 5502 excommunicare,
1270 5451 1336 5490 ne
1351 5433 1539 5505 perdat
1553 5449 1795 5490 commo-

217 5526 426 5581 ditatem
459 5527 712 5584 humana:
733 5529 1006 5594 amicitiai,
1038 5541 1091 5585 et
1114 5544 1180 5584 ne
1207 5529 1452 5584 incurrat
1483 5527 1791 5582 molestiam

220 5621 571 5675 lnunanarum
629 5622 1016 5678 amicitiarum.
1068 5621 1228 5693 Fugit
1277 5636 1410 5693 ergo
1459 5620 1586 5690 quia
1630 5629 1790 5686 tacet,

220 5721 346 5767 tacet
376 5713 503 5783 quia
537 5715 724 5782 timet;
764 5714 890 5785 fuga
946 5715 1115 5769 animi
1159 5715 1324 5768 timor
1348 5722 1454 5780 est,
1495 5729 1563 5768 ne
1607 5713 1794 5782 perdat

218 5819 365 5875 quem
385 5805 577 5877 diligit.
596 5807 837 5877 Corpore
854 5815 961 5861 stat
977 5826 988 5860 :
1003 5806 1194 5878 spiritu
1210 5804 1363 5878 fugit.
1389 5805 1547 5872 Quod
1568 5805 1656 5860 ille
1683 5819 1791 5858 non

222 5896 435 5953 faciebat
463 5900 556 5970 qui
583 5900 799 5954 dicebat
833 5918 845 5954 :
892 5919 910 5950 ι
949 5899 1014 5954 Et
1064 5899 1108 5954 si
1154 5914 1384 5971 corpore
1412 5899 1610 5954 absens
1645 5912 1788 5958 sum.

1890 4699 2032 4754 ovile
2057 4708 2142 4755 est
2165 4700 2346 4754 unitas
2377 4699 2431 4753 in
2455 4698 2698 4754 Christo.
2740 4697 2894 4754 Unde
2921 4699 3124 4755 Paulus
3149 4719 3162 4755 :
3196 4720 3214 4754 ι
3252 4699 3368 4772 Ipse
3397 4713 3483 4756 est

1891 4808 1994 4862 pax
2021 4803 2229 4857 nostra,
2261 4792 2354 4861 qui
2416 4791 2541 4846 fecit
2593 4800 2824 4861 utraque
2877 4809 3045 4846 uuutn
3087 4792 3302 4863 (Ep/tes.
3331 4794 3414 4861 ιι).
3456 4815 3474 4843 ι

1893 4883 1970 4937 Ex
2003 4884 2108 4939 hoc
2134 4883 2261 4938 ovili
2289 4882 2496 4937 dictum
2543 4891 2626 4938 est
2654 4883 2721 4936 de
2748 4883 2856 4938 illis
2885 4883 2980 4952 qui
3027 4885 3274 4940 salvandi
3322 4897 3481 4940 erant

1893 4975 1946 5029 in
1989 4973 2175 5035 Israel,
2214 4975 2280 5027 de
2323 4973 2522 5043 quibus
2566 4971 2832 5029 Dominus
2891 4973 3060 5029 dixrt:
3109 4993 3128 5026 (
3187 4975 3305 5028 Non
3355 4993 3480 5031 sum

1893 5066 2096 5120 missus
2133 5065 2238 5120 nisi
2278 5065 2346 5120 ad
2389 5080 2521 5120 oves
2566 5081 2689 5136 quae
2735 5065 3014 5136 pericruut
3066 5067 3264 5123 domus
3318 5067 3484 5125 lsi-azl

1893 5158 2115 5229 (Matth.
2148 5158 2260 5228 xv).
2297 5177 2316 5210 ι
2351 5156 2466 5214 Hoc
2497 5158 2620 5213 ideo
2646 5158 2802 5225 dixit,
2825 5160 2951 5228 quia
2983 5160 3328 5228 praesentiam
3359 5177 3485 5215 cor-

1893 5253 2136 5323 poralem
2181 5267 2291 5306 non
2337 5250 2606 5318 exhibuit,
2651 5249 2756 5304 nisi
2798 5251 3000 5321 pepulo
3032 5251 3153 5316 illi;
3189 5251 3256 5306 ad
3289 5264 3482 5322 gentes

1891 5345 2039 5400 enim
2089 5360 2197 5400 non
2239 5345 2499 5416 perrexit,
2549 5343 2642 5399 sed
2682 5345 2833 5400 misit
2872 5361 3005 5400 suos
3057 5345 3110 5399 in
3141 5345 3342 5416 quibus
3365 5344 3483 5413 ipse

1893 5438 2109 5515 lpcutus
2147 5447 2250 5492 est.

1895 5528 2128 5585 SERMO
2197 5527 2286 5582 DE
2345 5526 2780 5582 ΡΑδτοιιιΒυς
2862 5527 2948 5582 ΕΤ
3012 5526 3484 5584 MERCENARIIS

2356 5619 2590 5687 ATQUE
2630 5619 3018 5676 SUBJECTIS.

1970 5732 1988 5763 ι
2025 5712 2218 5768 Pastor
2267 5713 2446 5770 bonus
2494 5714 2732 5768 animam
2763 5729 2919 5768 suam
2969 5714 3121 5784 ponit
3157 5731 3256 5786 pro
3285 5717 3482 5774 ovibus

1895 5806 2010 5860 suis
2049 5805 2233 5876 (Ιοαιι.
2269 5806 2344 5874 x).
2379 5826 2398 5857 ι
2430 5806 2582 5860 Sicut
2623 5806 2908 5876 pervigilat
2951 5816 3138 5876 pastor
3157 5810 3251 5878 qtti
3283 5819 3478 5866 contra

1896 5899 2097 5956 bestias
2122 5915 2252 5955 oves
2281 5898 2558 5953 custodire
2588 5899 2748 5965 solet,
2779 5898 2849 5952 ita
2874 5908 2928 5954 ct
2964 5899 3057 5956 Dei
3093 5903 3346 5960 sacerdos
3379 5921 3476 5960 su-
