3964 6442
500 382 603 436 943

1605 373 1929 428 WERNEI“
1969 371 2260 425 ABBATlS
2302 371 2359 424 S.
2406 370 2631 454 etas“
3662 378 3748 434 9η

496 510 593 567 pra
629 507 843 564 gregem
873 490 1075 544 Christi
1103 487 1369 543 sollicitus
1416 501 1536 540 esse
1573 486 1751 549 debet,
1778 500 1845 539 ne
1898 485 2079 539 inimi-
2109 488 2151 540 A
2182 499 2286 536 non
2314 485 2629 538 emendare.
2664 485 3014 540 Dormitando
3045 500 3176 539 vero
3203 487 3402 541 oculus
3422 488 3490 543 ad
3518 488 3744 557 plcnisSi-

497 603 596 643 cus
621 594 816 648 vas‘tet,
849 599 915 636 ne
970 588 1287 651 persecutor
1338 578 1585 646 impetat,
1633 593 1698 632 ne
1754 577 2079 647 potentioris

500 680 767 748 cujusque
787 673 1058 744 cupiditas
1080 672 1246 725 vitam
1272 684 1572 739 pauperum
1600 668 1884 738 inquietet.
1920 666 2081 721 Pravi

499 782 743 841 pastores
767 782 876 821 non
902 765 1101 819 habent
1125 778 1313 818 curam
1339 761 1407 815 de
1434 761 1658 828 ovibus;
1688 760 1805 825 sed,
1830 761 1971 815 sicut
2001 760 2081 814 le-

496 863 639 931 gitur
670 860 723 914 in
759 856 1051 927 Evangelio
1103 856 1171 909 de
1218 854 1593 920 mercenariis,
1649 852 1833 908 vident
1892 853 2081 921 lupum

496 952 797 1006 venientem
830 957 883 1003 et
908 948 1145 1020 fugiunt.
1199 943 1355 1000 Tunc
1401 945 1549 1001 enim
1598 943 1832 1015 fugiunt,
1860 943 2082 1013 quando

495 1040 807 1113 potentibus
832 1050 1033 1107 tacent,
1064 1048 1119 1094 et
1157 1039 1316 1093 malis
1339 1038 1598 1092 resistere
1622 1043 1891 1090 metuunt.
1929 1034 2083 1090 Scire

492 1135 693 1192 etenim
748 1133 954 1205 praelati
1007 1132 1227 1196 debent,
1261 1130 1413 1199 quia,
1460 1128 1503 1183 si
1555 1140 1807 1198 perversa
1841 1142 2080 1197 unquam

495 1231 824 1295 perpetrant,
852 1231 932 1277 tot
958 1221 1225 1275 mortibus
1269 1220 1416 1288 digni
1460 1230 1609 1284 sunt,
1642 1227 1771 1290 quot
1799 1218 1865 1272 ad
1895 1217 2081 1272 subdi-

495 1326 579 1369 tos
611 1330 742 1369 suos
770 1313 1091 1383 perditionis
1114 1311 1359 1381 exempla
1390 1310 1785 1366 transmittunt.
1810 1307 1965 1364 Unde
1990 1325 2083 1363 ne-

494 1421 646 1462 cesse
672 1413 755 1460 est
787 1414 845 1459 ut
895 1412 1048 1459 tanto
1100 1418 1158 1459 se
1209 1404 1425 1459 cautius
1460 1418 1489 1457 a
1535 1402 1691 1471 culpa
1749 1400 2079 1474 custodiant,

494 1506 701 1569 quanto
733 1511 828 1567 per
866 1512 1033 1567 prava
1063 1511 1187 1565 qua:
1218 1492 1425 1550 faciunt
1470 1510 1578 1549 non
1619 1494 1718 1548 soli
1750 1494 2078 1548 moriuntur.

492 1589 833 1645 Admonendi
847 1598 974 1644 sunt
993 1587 1087 1653 illi,
1108 1587 1574 1657 scilicetsubjecti,
1589 1602 1657 1640 ne
1673 1585 1971 1641 districtius
1985 1601 2084 1654 pu-

495 1684 736 1749 niaiitnr,
778 1682 823 1736 si
866 1681 1103 1736 absoluti
1141 1679 1366 1750 reperiri
1398 1678 1740 1749 nequiverint
1797 1679 1985 1733 saltem
2017 1677 2085 1732 de

495 1793 593 1844 se;
633 1775 722 1831 isti
759 1775 967 1831 scilicet
1014 1774 1244 1844 prmlati,
1290 1788 1358 1827 ne
1412 1771 1758 1827 subditorum
1810 1771 2083 1826 erratibus

489 1868 822 1938 judiceutur,
854 1866 1015 1921 etiam
1048 1866 1091 1920 si
1127 1880 1185 1919 sc
1205 1864 1317 1934 jam
1346 1864 1412 1917 de
1444 1880 1502 1918 se
1524 1880 1749 1918 securos
1773 1864 2080 1930 inveniant;

495 1962 571 2016 illi
610 1968 841 2015 uttanto
874 1960 1019 2013 circa
1051 1973 1109 2012 se
1148 1955 1440 2012 sollicitius
1482 1956 1664 2010 vivant
1689 2000 1702 2022 ,
1760 1965 1967 2027 quanto
1990 1972 2084 2011 eos

494 2053 669 2107 aliena
706 2065 837 2105 cura
882 2065 990 2103 non
1018 2046 1283 2117 inplicat;
1345 2046 1434 2101 isti
1495 2061 1623 2101 vero
1656 2056 1713 2100 ut
1742 2048 1822 2102 sic
1849 2046 2083 2101 aliorum

494 2160 655 2201 curas
686 2144 959 2213 expleant,
1005 2152 1280 2211 quatenus
1303 2151 1356 2194 et
1401 2155 1530 2195 suas
1561 2155 1723 2210 agere
1780 2155 1889 2194 non
1933 2140 2082 2195 desi—

493 2244 659 2301 stant,
688 2242 742 2289 et
765 2233 844 2288 sie
902 2233 956 2286 in
1016 2230 1235 2302 propria
1263 2231 1629 2287 sollicitudine
1656 2232 1917 2298 ferveant,
1965 2241 2081 2286 uta

494 2327 920 2382 commissorum
944 2324 1191 2379 custodia
1221 2324 1446 2379 minime
1474 2334 1801 2395 torpescant.
1828 2324 1906 2379 llli
1936 2326 2082 2379 enim

493 2420 710 2475 sibimet
731 2417 946 2473 vacanti
974 2417 1174 2473 dicitur
1202 2436 1213 2471 :
1247 2436 1263 2468 ι
1294 2416 1442 2471 Vade
1466 2417 1531 2472 ad
1560 2416 1868 2483 formicam,
1892 2425 2087 2472 eteon-

493 2509 671 2564 sidera
698 2508 815 2563 vias
858 2508 999 2577 ejus,
1033 2507 1205 2578 piger,
1258 2515 1313 2563 et
1346 2507 1498 2563 disce
1548 2508 1873 2578 sapientiam
1898 2507 2079 2576 (Prov.

490 2601 621 2669 νι).›
642 2597 747 2655 Iste
770 2606 952 2654 autem
981 2598 1299 2653 terribiliter
1322 2598 1668 2663 admonetur,
1696 2615 1821 2653 cum
1852 2599 2080 2653 dicitur:

498 2712 514 2743 ι
549 2690 650 2746 Fili
683 2692 779 2757 nti,
813 2691 859 2745 si
910 2691 1271 2760 sp0ponderis
1321 2706 1419 2761 pro
1465 2692 1645 2745 amico
1696 2698 1812 2756 tuo,
1847 2690 2082 2747 detixisti

489 2784 633 2854 apud
702 2792 1020 2837 extraneum
1099 2797 1322 2836 manum
1393 2791 1578 2849 tuam,
1642 2793 1697 2837 et
1760 2783 2085 2853 illaqueatns

490 2893 551 2931 es
602 2875 779 2931 verbis
814 2875 927 2931 oris
963 2874 1076 2941 tui,
1121 2882 1176 2929 et
1225 2882 1419 2945 captus
1462 2875 1697 2946 prapriis
1739 2874 2086 2930 sermonibus

493 2969 705 3035 (ibim).
746 2986 764 3019 ι
803 2966 1083 3037 Spondere
1137 2982 1376 3037 namque
1439 2980 1537 3037 pro
1586 2967 1763 3022 amico
1803 2976 1886 3021 est
1955 2966 2087 3021 alie-

492 3078 617 3114 nam
665 3061 904 3115 animam
960 3058 1014 3113 in
1057 3059 1303 3130 periculo
1356 3075 1471 3114 sua:
1518 3059 1953 3117 conversationis
1991 3076 2087 3117 ac-

2187 589 2334 627 tuum
2382 574 2605 629 ducitur
2654 591 2926 639 somnum,
2976 579 3128 647 quia,
3158 578 3289 631 dum
3321 579 3641 648 plerumque
3671 586 3742 651 qui

2184 678 2402 740 przeest,
2430 670 2637 724 malum
2665 671 2809 740 quod
2834 674 3118 741 cognoscit
3153 688 3262 727 non
3310 682 3546 738 resecat,
3574 675 3635 727 ad
3664 677 3745 733 hoc

2184 763 2519 833 quandoque
2571 763 2911 833 negligentia:
2958 778 3072 818 suae
3120 764 3320 817 merito
3378 766 3651 833 pervenit,
3699 778 3745 823 ut

2184 854 2325 924 quod
2355 868 2385 907 a
2414 852 2677 922 subjectis
2705 854 3043 923 delinquitur
3073 869 3172 909 nec
3202 865 3525 925 cognoscat.

2257 945 2599 999 Admonendi
2653 954 2781 999 sunt
2811 946 2996 1015 itaque
3040 946 3133 1016 qui
3162 956 3427 1016 praesunt,
3470 951 3742 1018 utpercir-

2185 1040 2615 1109 cumSpeetionis
2663 1040 2907 1094 studium
2955 1040 3077 1093 eteli
3106 1041 3365 1094 animalia
3396 1041 3511 1095 lieri
3547 1039 3777 1098 conten-‘

2184 1131 2350 1196 dant;
2377 1132 2566 1186 oculos
2589 1132 2878 1202 pervigiles
2910 1132 3057 1186 intus
3080 1139 3135 1187 et
3163 1133 3217 1186 in
3244 1133 3481 1187 circuitu
3513 1133 3738 1193 habeant.

2186 1224 2566 1294 (Gneconws.)
2594 1222 2826 1280 Ostensa
2859 1225 3062 1295 quippe
3112 1226 3236 1280 eteli
3279 1226 3543 1280 animalia
3588 1227 3638 1281 in
3658 1229 3745 1284 cir-

2186 1318 2334 1373 cuitu
2362 1324 2417 1372 et
2440 1316 2586 1371 intus
2619 1316 2796 1371 oculis
2847 1317 3005 1386 plena
3029 1317 3420 1372 describuntur
3449 1317 3659 1387 (Ezech.
3680 1322 3738 1390 v),

2185 1410 2519 1481 dignumque
2559 1417 2643 1465 est
2682 1419 2742 1463 ut
2789 1411 2973 1465 cuncti
3011 1410 3105 1480 qui
3139 1418 3388 1481 prmsunt
3434 1410 3583 1467 intus
3609 1421 3742 1484 atque

2188 1503 2239 1556 in
2268 1503 2498 1559 circuitu
2536 1503 2725 1558 oculos
2751 1503 3006 1568 habeant,
3035 1510 3311 1574 quatenus
3361 1514 3413 1558 et
3447 1504 3655 1559 interno
3674 1506 3743 1575 ju-

2186 1596 2293 1652 dici
2322 1597 2374 1650 in
2406 1596 2717 1665 semetipsis
2746 1596 2962 1666 placere
2989 1597 3268 1660 studeant,
3295 1604 3349 1650 et
3376 1597 3620 1667 exempla
3646 1598 3742 1652 vita

2186 1689 2427 1743 exterius
2446 1689 2767 1758 pnetwutcs,
2795 1703 2859 1743 ea
2889 1705 3011 1759 quze
3040 1690 3092 1743 in
3126 1689 3250 1743 aliis
3289 1698 3420 1743 sunt
3456 1690 3739 1759 corrigenda

2186 1780 2610 1850 deprehendant.
2653 1779 2992 1835 Admonendi
3046 1790 3174 1835 sunt
3205 1778 3434 1846 subditi,
3467 1796 3535 1836 ne
3564 1797 3740 1851 prapo-

2188 1873 2416 1929 sitorum
2448 1888 2672 1928 suorum
2699 1873 2865 1927 vitam
2909 1882 3113 1928 temere
3136 1874 3409 1944 judicent,
3436 1873 3481 1930 si
3517 1875 3644 1944 quid
3669 1888 3741 1928 eos

2188 1967 2657 2039 foztasse'gerere
2711 1968 3210 2038 reprehensibiliter
3258 1968 3466 2031 vident,
3517 1983 3582 2022 ne
3631 1966 3740 2021 unde

2188 2068 2333 2115 recte
2368 2060 2509 2115 mala
2533 2061 2887 2132 redarguunt,
2920 2059 3045 2114 inde
3074 2075 3171 2131 per
3196 2059 3454 2115 elationis
3481 2059 3739 2128 impulsum

2188 2150 2240 2203 in
2272 2148 2623 2220 profundiora
2651 2160 2985 2221 mergantur.
3013 2148 3357 2205 Admonendi
3383 2157 3511 2203 sunt
3538 2164 3739 2211 ne,cum

2188 2241 2378 2312 culpas
2427 2243 2845 2313 praepositorum
2894 2243 3270 2309 considerant,
3317 2252 3507 2298 contra
3536 2258 3630 2298 eos
3664 2257 3741 2297 au-

2187 2333 2436 2390 daciores
2487 2334 2638 2400 ﬁant,
2692 2334 2785 2389 sed
2834 2335 2914 2389 sic
2969 2334 3015 2389 si
3051 2350 3157 2405 qua
3209 2334 3369 2389 valde
3409 2344 3535 2389 sunt
3580 2350 3739 2390 eorum

2188 2439 2352 2494 prava
2383 2423 2525 2493 apud
2559 2422 2887 2492 semetipsos
2919 2438 3082 2493 Opera
3120 2423 3539 2493 praepositorum
3573 2425 3742 2494 dijudi-

2188 2526 2330 2585 cent,
2361 2528 2418 2572 ut
2446 2526 2627 2570 tamen
2684 2515 2870 2569 divino
2924 2515 3211 2571 constricti
3257 2517 3458 2571 timore
3496 2516 3634 2571 ferre
3661 2519 3741 2571 sub

2187 2613 2267 2668 eis
2305 2612 2496 2681 jngum
2542 2607 2860 2664 reverentia:
2916 2623 3022 2662 non
3074 2617 3355 2663 recusent.
3395 2608 3548 2675 Quod
3580 2610 3741 2664 melius

2188 2704 2550 2766 ostendimus,
2606 2702 2650 2756 si
2691 2699 2861 2754 David
2915 2699 3118 2755 factum
3164 2701 3231 2755 ad
3268 2701 3509 2756 medium
3537 2702 3741 2757 deduca-

2190 2812 2332 2853 mus.
2390 2794 2521 2850 Saul
2566 2793 2767 2864 quippe
2814 2801 3133 2862 persecutor
3184 2808 3311 2847 cum
3336 2793 3406 2848 ad
3437 2794 3740 2864 purgandum

2190 2899 2434 2944 ventrem
2485 2887 2801 2956 Speluncam
2864 2882 3062 2940 fuisset
3102 2885 3408 2955 ingressus,
3452 2886 3559 2939 illic
3602 2885 3739 2943 David

2190 2998 2314 3038 cttm
2347 2981 2482 3035 viris
2527 2979 2642 3035 suis
2695 2979 2871 3033 inerat
2902 2977 2956 3048 (Ι
2996 2976 3123 3048 Reg.
3179 2981 3355 3046 xxiv),
3406 2978 3498 3048 qui
3519 2977 3627 3046 jam
3651 2989 3739 3031 tam

2191 3076 2354 3147 longo
2382 3083 2625 3142 tempore
2675 3070 3073 3141 persecutionis
3124 3070 3246 3141 ejus
3295 3070 3437 3125 mala
3486 3070 3738 3125 tolerabat.

491 3154 690 3223 cipcrc.
745 3151 1160 3223 (GREGORIUS.)
1216 3150 1374 3207 Unde
1428 3160 1483 3206 et
1554 3152 1697 3222 apud
1754 3162 2075 3207 extraneum

2184 3172 2427 3238 Cumque
2449 3180 2574 3221 eum
2592 3163 2695 3218 viri
2724 3163 2791 3219 ad
2816 3162 3121 3218 feriendum
3152 3162 3376 3219 Saulem
3401 3164 3743 3229 accenderent,

493 3244 768 3315 deligitur,
800 3243 929 3316 quia
954 3244 1098 3313 apud
1147 3258 1337 3298 curam
1378 3244 1763 3299 sollicitudinis
1808 3259 1930 3314 quae
1952 3252 2078 3299 ante

492 3337 681 3392 deerat
732 3351 887 3391 mens
933 3336 1154 3406 ligatur.
1214 3334 1410 3390 Verbis
1459 3336 1575 3390 oris
1620 3336 1705 3391 sui
1754 3337 2078 3407 illaqueatus

493 3437 597 3493 est,
627 3444 692 3483 ac
729 3428 963 3500 propriis
987 3427 1336 3483 sermonibus
1362 3442 1576 3498 captus,
1607 3428 1904 3497 quia,dum
1929 3444 2079 3483 corn-

495 3524 679 3581 missis
711 3525 814 3581 sibi
839 3525 1056 3594 cogitur
1104 3524 1246 3578 bona
1297 3522 1500 3589 dicere,
1556 3523 1734 3592 ipsum
1779 3523 1933 3593 prius
1984 3538 2079 3577 nev

492 3632 647 3672 cesse
678 3624 761 3670 est
788 3631 910 3686 qua:
956 3615 1158 3669 dixerit
1203 3613 1503 3668 custodire.
1562 3612 1888 3683 lllaqueatur
1915 3615 2081 3686 igitur

492 3708 674 3763 verbis
704 3708 817 3761 oris
842 3707 950 3772 sui,
977 3707 1107 3759 dum
1133 3705 1343 3760 ratione
1383 3705 1633 3776 exigente
1659 3706 2077 3778 constringitur,

492 3819 563 3856 ne
585 3801 705 3870 ejus
732 3801 840 3853 vita
871 3799 936 3852 ad
961 3799 1107 3852 aliud
1131 3815 1295 3869 quam
1320 3799 1574 3854 admonet
1605 3800 1898 3856 relaxetur.
1927 3799 2080 3857 Unde

492 3892 636 3961 apud
661 3889 971 3945 districtum
994 3888 1235 3959 judicem
1270 3888 1484 3958 cogitur
1517 3897 1664 3944 tanta
1693 3890 1747 3945 in
1781 3907 1947 3961 opere
1976 3907 2076 3946 ex»

492 3984 724 4049 solvere,
761 3990 967 4052 quanta
996 3996 1122 4035 eum
1153 3989 1375 4035 constat
1406 3980 1530 4035 aliis
1562 3997 1695 4037 voce
1726 3984 2075 4053 praecepisse.

492 4073 596 4130 Ubi
626 4085 680 4130 et
708 4075 846 4130 bene
874 4089 997 4127 mox
1032 4073 1347 4130 exhortatio
1376 4075 1651 4141 subditur,
1706 4085 1764 4130 ut
1819 4076 2034 4132 dicatur
2063 4098 2075 4132 :

499 4187 517 4218 ι
547 4166 653 4223 Fac
681 4181 810 4237 ergo
839 4165 986 4236 quod
1016 4166 1158 4233 dico,
1184 4167 1257 4221 ﬁli
1288 4166 1393 4232 mi;
1434 4175 1486 4221 et
1511 4168 1857 4238 temetipsum
1886 4170 2076 4237 libera,

492 4259 620 4329 quia
650 4258 884 4313 incidisti
916 4260 968 4312 in
1003 4273 1229 4313 manum
1280 4258 1514 4329 proximi
1562 4259 1660 4314 tui.
1690 4257 1967 4327 Discurrc,
2001 4261 2072 4316 fe-

493 4349 673 4413 stina;
709 4348 913 4403 suscita
943 4349 1182 4404 amicum
1216 4358 1391 4414 tuum,
1425 4364 1494 4403 ne
1521 4349 1735 4404 dederis
1770 4351 1942 4405 oculis
1970 4352 2078 4407 tuis

493 4455 770 4507 somnum,
827 4456 929 4495 nec
977 4440 1277 4495 dormitent
1327 4440 1599 4510 palpebrae
1645 4451 1751 4496 tute
1809 4443 2009 4511 (ibid.).
2051 4462 2068 4495 ι

2183 3261 2460 3333 fregitcos
2506 3253 2986 3342 responsionibus,
3038 3254 3168 3325 quia
3202 3270 3428 3309 manum
3473 3256 3670 3310 mittere
3694 3256 3741 3308 in

2180 3354 2461 3409 Christum
2494 3346 2709 3403 Domini
2734 3362 2840 3400 non
2865 3346 3143 3401 deberent.
3199 3346 3307 3413 Qui
3354 3357 3524 3402 tamen
3555 3347 3745 3403 occulte

2182 3446 2441 3511 surrexit,
2465 3453 2517 3498 et
2540 3457 2692 3499 oram
2726 3440 3015 3496 cblamidis
3033 3440 3154 3510 ejus
3182 3440 3431 3496 abscidit.
3455 3440 3584 3507 Quid
3607 3440 3740 3494 enim

2182 3552 2279 3608 per
2311 3535 2552 3598 Saulem,
2602 3533 2706 3587 nisi
2734 3532 2861 3587 mali
2889 3539 3159 3595 rectores;
3196 3530 3329 3599 quid
3372 3546 3493 3585 vero
3519 3545 3605 3600 per
3648 3528 3745 3582 Da-

2181 3626 2292 3694 vid,
2339 3625 2443 3681 nisi
2476 3617 2603 3679 hdni
2653 3622 2856 3679 subditi
2902 3621 3305 3691 designantur?
3344 3620 3556 3676 Saulem
3598 3620 3749 3690 igitur

2181 3728 2425 3775 ventrem
2484 3730 2714 3787 purgare
2776 3723 2861 3769 est
2913 3729 3113 3783 pravos
3162 3712 3507 3782 prmposZtos,
3552 3712 3647 3767 hoc
3676 3720 3747 3765 est

2182 3809 2554 3866 mercenarius
2601 3814 2919 3876 conceptam
2969 3806 3022 3859 in
3079 3805 3245 3860 corde
3298 3805 3559 3859 malitiam
3597 3819 3744 3873 usque

2183 3901 2250 3957 ad
2281 3916 2445 3971 opera
2478 3898 2664 3953 miseri
2692 3897 2878 3952 odoris
2905 3896 3217 3965 extendere,
3263 3905 3316 3951 et
3369 3897 3598 3967 cogitata
3622 3893 3744 3965 apud

2186 4007 2245 4046 se
2278 3991 2440 4045 noxia
2485 3988 2642 4043 factis
2671 3987 3035 4043 exterioribus
3062 3987 3418 4057 exsequendo
3446 3997 3741 4042 monstrare.

2182 4081 2353 4148 Quem
2375 4090 2553 4135 tamen
2580 4079 2747 4133 David
2767 4077 2930 4133 ferire
2947 4079 3142 4143 noluit,
3157 4079 3284 4147 quia
3305 4078 3409 4148 piae
3432 4079 3741 4133 subditorum

2182 4182 2393 4229 mentes
2422 4172 2490 4226 ab
2521 4171 2670 4225 omni
2711 4186 2769 4225 se
2801 4180 2951 4239 peste
2975 4170 3394 4227 obtrectationis
3418 4171 3741 4230 abstinentes,

2180 4263 2590 4334 praepositorum
2620 4262 2786 4317 vitam
2812 4262 2961 4315 nullo
2992 4262 3193 4332 linguze
3229 4263 3414 4332 gladio
3443 4263 3739 4334 percutiunt.

2180 4357 2343 4410 etiam
2391 4371 2516 4410 cum
2568 4354 2635 4409 de
2675 4352 3084 4423 imper-lectione
3119 4354 3548 4423 reprehendunt.
3585 4353 3745 4420 Quict

2182 4450 2227 4505 si
2258 4449 2477 4520 quando
2500 4462 2599 4517 pro
2635 4447 2949 4501 inﬁrmitate
2988 4462 3107 4501 sese
3129 4447 3408 4501 abstinere
3435 4448 3523 4502 vix
3543 4454 3744 4517 possunt

491 4530 756 4602 Quisquis
789 4531 936 4585 enim
967 4531 1090 4585 aliis
1131 4531 1186 4585 in
1218 4532 1468 4601 exemplo
1503 4532 1569 4586 ad
1614 4533 1904 4587 vivendum
1938 4550 2075 4604 prm-
2110 4529 2150 4582 Ι)
2178 4552 2235 4597 ιη
2262 4556 2369 4595 non
2412 4548 2654 4595 extrema
2702 4539 2972 4609 quadam,
2999 4548 3163 4609 atque
3209 4539 3488 4594 exteriora
3510 4539 3745 4609 ρτπροεί.

490 4621 735 4690 ponitur,
774 4635 885 4674 non
938 4620 1117 4675 solum
1163 4628 1223 4674 ut
1270 4621 1384 4691 ipse
1412 4620 1646 4691 evigilet,
1697 4624 1790 4677 sed
1824 4624 1985 4677 etiam
2019 4634 2077 4678 ut

494 4720 730 4775 amicum
783 4720 1013 4776 suscitet
1055 4721 1402 4775 admonetur.
1452 4721 1513 4774 Li
1566 4737 1805 4792 namque
1852 4724 2078 4794 vigilare

492 4814 634 4866 bene
655 4812 886 4867 vivendo
919 4828 1025 4867 non
1063 4813 1282 4880 suﬂicit,
1315 4815 1361 4869 si
1412 4831 1521 4869 non
1551 4826 1606 4870 et
1637 4817 1787 4870 illum
1821 4817 1909 4870 cui
1942 4832 2079 4887 prec-

493 4914 576 4960 cst
599 4921 628 4959 a
653 4908 856 4975 peccati
885 4916 1104 4977 torpore
1132 4908 1420 4980 disjungit.
1452 4908 1595 4964 Bene
1633 4921 1814 4964 autem
1842 4910 2074 4965 dicitur:

500 5013 523 5046 ι
551 4993 629 5049 Ne
670 4996 882 5050 dederis
931 5012 1185 5052 somnum
1233 4999 1341 5054 tuis
1405 5000 1609 5067 oculis,
1639 5017 1739 5056 nec
1786 5002 2081 5057 dormitent

496 5086 767 5159 palpebra:
824 5096 948 5143 tuac.
987 5108 1005 5140 ι
1061 5090 1327 5145 Somnqu
1369 5094 1570 5163 quippe
1616 5074 1796 5149 oculis.
1833 5094 1963 5149 dare
1998 5104 2082 5149 est

498 5178 800 5234 intentione
860 5190 1138 5247 cessante,
1200 5184 1544 5240 subditorum
1607 5202 1797 5240 curam
1854 5187 2081 5241 omnino

497 5269 789 5341 negligere.
824 5269 1104 5341 Palpebrae
1134 5290 1262 5329 vero
1291 5276 1613 5339 dormitant,
1645 5294 1768 5331 cum
1794 5278 2083 5349 cogitatio-

501 5377 595 5417 nes
619 5375 820 5418 nostrae
842 5379 905 5419 ca
930 5381 1053 5435 quae
1080 5364 1135 5419 in
1164 5366 1396 5421 subditis
1424 5369 1697 5438 arguenda
1719 5380 2080 5441 cognoscunt,

496 5453 826 5521 pinguedine
885 5456 1227 5527 deprimente
1283 5457 1652 5513 dissimulant.
1722 5459 1887 5515 Plene
1932 5463 2078 5517 enim

495 5543 736 5599 dormire
781 5556 866 5602 est
913 5548 1339 5603 commissorum
1378 5559 1497 5604 acta
1531 5551 1744 5607 nescire
1778 5569 1879 5608 nec
1903 5555 2081 5608 corri-

494 5645 642 5699 gere.
672 5632 793 5689 Non
824 5647 1007 5692 autem
1047 5638 1308 5703 dormire,
1360 5639 1453 5693 sed
1486 5641 1784 5697 dormitare
1829 5653 1930 5706 est,
1960 5660 2083 5713 quae

501 5723 713 5788 guidcm
737 5729 1184 5795 reprehendenda
1211 5740 1339 5784 sunt
1363 5746 1722 5801 cognoscere,
1753 5738 1846 5791 sed
1899 5745 2080 5791 tamen

493 5825 714 5883 propter
768 5819 968 5874 mentis
1016 5820 1233 5874 taedium
1277 5821 1454 5891 dignis
1484 5838 1546 5878 ea
1608 5827 2072 5897 increpationibus

2182 4646 2360 4689 torum
2396 4632 2559 4697 mala,
2594 4633 2687 4687 sed
2731 4642 2910 4686 tamen
2950 4632 3227 4685 humiliter
3256 4631 3567 4701 loquantur,
3608 4628 3747 4699 quasi

2180 4742 2331 4779 oram
2350 4725 2430 4780 cla
2440 4723 2835 4779 midissilenter
2852 4724 3119 4791 incidunt,
3135 4723 3522 4795 videlicetdum
3539 4723 3752 4793 prtefaire

2179 4818 2428 4888 dignitati
2470 4818 2661 4872 saltem
2690 4816 2928 4872 innoxiae
2962 4826 3016 4871 et
3050 4817 3277 4872 latenter
3303 4818 3585 4888 derogant,
3608 4813 3750 4885 quasi

2182 4911 2326 4981 regis
2356 4911 2686 4979 superpositi
2726 4919 2928 4964 vestem
2960 4908 3184 4964 findant.
3221 4908 3329 4963 Sed
3380 4920 3554 4964 tamen
3580 4910 3645 4962 ad
3679 4920 3754 4959 se-

2182 5003 2442 5072 metipsos
2472 5002 2721 5069 redeunt,
2754 5017 2920 5072 seque
2949 5001 3430 5056 vehementissime
3458 5002 3523 5056 de
3565 4997 3755 5053 tenuis-

2184 5094 2309 5148 simi
2339 5095 2487 5149 verbi
2514 5095 2843 5150 laceratione
2868 5095 3294 5164 reprehendunt.
3331 5093 3487 5150 Unde
3510 5094 3642 5148 bene
3659 5090 3755 5146 illic

2183 5190 2445 5260 scriptum
2464 5199 2547 5244 est
2569 5209 2580 5244 :
2607 5209 2623 5240 ι
2637 5190 2766 5245 Post
2792 5192 2904 5245 haec
2925 5188 3088 5243 David
3109 5190 3384 5259 percussit
3404 5205 3500 5244 cor
3521 5202 3676 5243 suum
3698 5200 3755 5239 eo

2182 5279 2668 5350 quodabseidissct
2692 5295 2845 5334 oram
2875 5279 3164 5334 cblamidis
3192 5278 3517 5350 Saul(ibid.)
3549 5299 3570 5329 ι
3607 5276 3756 5329 Facta

2183 5371 2381 5441 quippe
2411 5370 2824 5440 prtepositorum
2849 5370 2962 5423 oris
2983 5370 3163 5439 gladio
3187 5369 3429 5424 ferienda
3466 5385 3569 5423 non
3617 5375 3753 5425 sunt,

2183 5465 2345 5519 etiam
2364 5479 2489 5518 cum
2506 5471 2651 5517 recte
2665 5462 3102 5531 reprehendenda
3122 5461 3461 5531 judicantur.
3478 5457 3757 5528 Siquando

2184 5571 2312 5610 vero
2335 5564 2522 5609 contra
2543 5569 2638 5610 eos
2658 5555 2743 5610 vel
2759 5554 2813 5608 in
2837 5554 3078 5609 minimis
3104 5554 3440 5624 linguabitur
3467 5551 3671 5624 [lingua
3690 5548 3750 5601 la-

2184 5648 2424 5718 bitur?j,
2459 5662 2684 5704 necesse
2712 5656 2797 5701 est
2831 5655 2889 5701 ut
2928 5663 3025 5716 per
3049 5645 3394 5701 afﬂictionem
3434 5629 3760 5715 pwniteutiac

2184 5756 2278 5793 eor
2291 5750 2589 5810 prematur,
2604 5751 2873 5810 quatenus
2891 5740 2956 5793 ad
2973 5740 3160 5794 semeti
3170 5755 3324 5809 psum
3347 5740 3551 5804 redeat,
3568 5749 3627 5792 et
3645 5752 3757 5791 cum

2185 5835 2484 5903 prrepositre
2515 5837 2763 5904 potestati
2793 5836 3097 5906 deliquerit,
3129 5837 3247 5906 ejus
3292 5849 3484 5891 contra
3528 5852 3594 5891 se
3619 5834 3759 5905 judi-
