  <div class='ocr_page' id='page_1' title='image "/cluster/home/n/w/nwhite01/storage/ocr_20150623/157/hvd.32044010248185/478.png"; bbox 0 0 3964 6474; ppageno 0'>
   <div class='ocr_carea' id='block_1_1' title="bbox 277 388 369 447">
    <p class='ocr_par' dir='ltr' id='par_1_1' title="bbox 277 388 369 447">
     <span class='ocr_line' id='line_1_1' title="bbox 277 388 369 447; baseline -0.043 0"><span class='ocrx_word' id='word_1_1' title='bbox 277 388 369 447; x_wconf 69' lang='lat' dir='ltr'><strong>M5</strong></span> 
     </span>
    </p>
   </div>
   <div class='ocr_carea' id='block_1_2' title="bbox 1160 373 2581 435">
    <p class='ocr_par' dir='ltr' id='par_1_2' title="bbox 1160 373 2581 435">
     <span class='ocr_line' id='line_1_2' title="bbox 1160 373 2581 435; baseline 0.006 -8"><span class='ocrx_word' id='word_1_2' title='bbox 1160 373 1733 431; x_wconf 75' lang='lat' dir='ltr'><strong>DEFLORATIONES</strong></span> <span class='ocrx_word' id='word_1_3' title='bbox 1772 376 1872 431; x_wconf 84' lang='lat' dir='ltr'><strong>SS.</strong></span> <span class='ocrx_word' id='word_1_4' title='bbox 1912 375 2221 435; x_wconf 80' lang='lat' dir='ltr'><strong>PATRUM.</strong></span> <span class='ocrx_word' id='word_1_5' title='bbox 2260 408 2327 418; x_wconf 87' lang='lat'><em>--</em></span> <span class='ocrx_word' id='word_1_6' title='bbox 2369 378 2496 433; x_wconf 81' lang='lat' dir='ltr'><strong>LIB.</strong></span> <span class='ocrx_word' id='word_1_7' title='bbox 2540 378 2581 435; x_wconf 90' lang='grc'><strong>1.</strong></span> 
     </span>
    </p>
   </div>
   <div class='ocr_carea' id='block_1_3' title="bbox 3399 391 3502 445">
    <p class='ocr_par' dir='ltr' id='par_1_3' title="bbox 3399 391 3502 445">
     <span class='ocr_line' id='line_1_3' title="bbox 3399 391 3502 445; baseline 0 -1"><span class='ocrx_word' id='word_1_8' title='bbox 3399 391 3502 445; x_wconf 66' lang='grc'><strong>946</strong></span> 
     </span>
    </p>
   </div>
   <div class='ocr_carea' id='block_1_4' title="bbox 271 487 3503 572">
    <p class='ocr_par' dir='ltr' id='par_1_4' title="bbox 271 487 3503 572">
     <span class='ocr_line' id='line_1_4' title="bbox 271 487 3503 572; baseline 0.002 -19"><span class='ocrx_word' id='word_1_9' title='bbox 271 503 401 558; x_wconf 87' lang='lat' dir='ltr'><strong>cium</strong></span> <span class='ocrx_word' id='word_1_10' title='bbox 423 510 449 548; x_wconf 86' lang='lat' dir='ltr'><strong>a</strong></span> <span class='ocrx_word' id='word_1_11' title='bbox 477 506 581 562; x_wconf 88' lang='lat' dir='ltr'><strong>quo</strong></span> <span class='ocrx_word' id='word_1_12' title='bbox 609 487 712 544; x_wconf 82' lang='lat' dir='ltr'><strong>sibi</strong></span> <span class='ocrx_word' id='word_1_13' title='bbox 744 489 956 558; x_wconf 74' lang='lat' dir='ltr'><strong>praelata</strong></span> <span class='ocrx_word' id='word_1_14' title='bbox 978 495 1059 541; x_wconf 92' lang='lat' dir='ltr'><strong>est</strong></span> <span class='ocrx_word' id='word_1_15' title='bbox 1086 487 1485 557; x_wconf 73' lang='lat' dir='ltr'><strong>perhorrescat.</strong></span> <span class='ocrx_word' id='word_1_16' title='bbox 1519 490 1653 546; x_wconf 86' lang='lat' dir='ltr'><strong>Nam</strong></span> <span class='ocrx_word' id='word_1_17' title='bbox 1686 510 1809 549; x_wconf 89' lang='lat' dir='ltr'><strong>cum</strong></span> <span class='ocrx_word' id='word_1_18' title='bbox 1846 509 1883 557; x_wconf 74' lang='grc' dir='ltr'><strong><em>Α</em></strong></span> <span class='ocrx_word' id='word_1_19' title='bbox 1918 503 2107 548; x_wconf 86' lang='lat' dir='ltr'><strong>contra</strong></span> <span class='ocrx_word' id='word_1_20' title='bbox 2135 510 2194 549; x_wconf 89' lang='lat' dir='ltr'><strong>se</strong></span> <span class='ocrx_word' id='word_1_21' title='bbox 2234 503 2287 549; x_wconf 93' lang='lat' dir='ltr'><strong>et</strong></span> <span class='ocrx_word' id='word_1_22' title='bbox 2318 496 2499 549; x_wconf 83' lang='lat' dir='ltr'><strong>Aaron</strong></span> <span class='ocrx_word' id='word_1_23' title='bbox 2552 497 2813 566; x_wconf 80' lang='lat' dir='ltr'><strong>conqueri</strong></span> <span class='ocrx_word' id='word_1_24' title='bbox 2867 499 3126 568; x_wconf 78' lang='lat' dir='ltr'><strong>populum</strong></span> <span class='ocrx_word' id='word_1_25' title='bbox 3158 504 3503 572; x_wconf 77' lang='lat' dir='ltr'><strong>cognovisset</strong></span> 
     </span>
    </p>
   </div>
   <div class='ocr_carea' id='block_1_5' title="bbox 270 579 1806 665">
    <p class='ocr_par' dir='ltr' id='par_1_5' title="bbox 270 579 1806 665">
     <span class='ocr_line' id='line_1_5' title="bbox 270 579 1806 665; baseline -0.001 -25"><span class='ocrx_word' id='word_1_26' title='bbox 270 582 545 665; x_wconf 67' lang='lat' dir='ltr'><strong>praepositis</strong></span> <span class='ocrx_word' id='word_1_27' title='bbox 590 579 973 649; x_wconf 89' lang='lat' dir='ltr'><strong>delinquimus,</strong></span> <span class='ocrx_word' id='word_1_28' title='bbox 1023 579 1142 647; x_wconf 85' lang='lat' dir='ltr'><strong>ejus</strong></span> <span class='ocrx_word' id='word_1_29' title='bbox 1190 581 1521 635; x_wconf 90' lang='lat' dir='ltr'><strong>ordinationi</strong></span> <span class='ocrx_word' id='word_1_30' title='bbox 1569 585 1662 652; x_wconf 86' lang='lat' dir='ltr'><strong>qui</strong></span> <span class='ocrx_word' id='word_1_31' title='bbox 1711 599 1806 638; x_wconf 89' lang='lat' dir='ltr'><strong>eos</strong></span> 
     </span>
    </p>
   </div>
   <div class='ocr_carea' id='block_1_6' title="bbox 269 667 1807 746">
    <p class='ocr_par' dir='ltr' id='par_1_6' title="bbox 269 667 1807 746">
     <span class='ocr_line' id='line_1_6' title="bbox 269 667 1807 746; baseline -0.012 -9"><span class='ocrx_word' id='word_1_32' title='bbox 269 679 408 737; x_wconf 71' lang='lat' dir='ltr'><strong>uobis</strong></span> <span class='ocrx_word' id='word_1_33' title='bbox 431 670 655 746; x_wconf 65' lang='lat' dir='ltr'><strong>praetulit</strong></span> <span class='ocrx_word' id='word_1_34' title='bbox 689 670 989 725; x_wconf 89' lang='lat' dir='ltr'><strong>obviamus.</strong></span> <span class='ocrx_word' id='word_1_35' title='bbox 1032 667 1185 725; x_wconf 86' lang='lat' dir='ltr'><strong>Unde</strong></span> <span class='ocrx_word' id='word_1_36' title='bbox 1213 670 1422 744; x_wconf 80' lang='lat' dir='ltr'><strong>Moyses</strong></span> <span class='ocrx_word' id='word_1_37' title='bbox 1444 690 1661 744; x_wconf 81' lang='lat' dir='ltr'><strong>quoque</strong></span> <span class='ocrx_word' id='word_1_38' title='bbox 1682 691 1807 730; x_wconf 69' lang='lat' dir='ltr'><strong>cum</strong></span> 
     </span>
    </p>
   </div>
   <div class='ocr_carea' id='block_1_7' title="bbox 1917 584 3507 657">
    <p class='ocr_par' dir='ltr' id='par_1_7' title="bbox 1917 584 3507 657">
     <span class='ocr_line' id='line_1_7' title="bbox 1917 584 3507 657; baseline 0.009 -19"><span class='ocrx_word' id='word_1_39' title='bbox 1917 586 2024 639; x_wconf 88' lang='lat' dir='ltr'><strong>ait:</strong></span> <span class='ocrx_word' id='word_1_40' title='bbox 2066 606 2081 635; x_wconf 79' lang='grc' dir='ltr'><strong>ι</strong></span> <span class='ocrx_word' id='word_1_41' title='bbox 2118 584 2229 641; x_wconf 86' lang='lat' dir='ltr'><strong>Nos</strong></span> <span class='ocrx_word' id='word_1_42' title='bbox 2274 587 2417 641; x_wconf 85' lang='lat' dir='ltr'><strong>enim</strong></span> <span class='ocrx_word' id='word_1_43' title='bbox 2455 585 2585 657; x_wconf 90' lang='lat' dir='ltr'><strong>quid</strong></span> <span class='ocrx_word' id='word_1_44' title='bbox 2641 589 2879 645; x_wconf 89' lang='lat' dir='ltr'><strong>sumus?</strong></span> <span class='ocrx_word' id='word_1_45' title='bbox 2908 606 3007 645; x_wconf 91' lang='lat' dir='ltr'><strong>nec</strong></span> <span class='ocrx_word' id='word_1_46' title='bbox 3035 602 3221 647; x_wconf 91' lang='lat' dir='ltr'><strong>contra</strong></span> <span class='ocrx_word' id='word_1_47' title='bbox 3278 609 3377 650; x_wconf 88' lang='lat' dir='ltr'><strong>nos</strong></span> <span class='ocrx_word' id='word_1_48' title='bbox 3420 604 3507 652; x_wconf 89' lang='lat' dir='ltr'><strong>est</strong></span> 
     </span>
    </p>
   </div>
   <div class='ocr_carea' id='block_1_8' title="bbox 1918 679 3497 757">
    <p class='ocr_par' dir='ltr' id='par_1_8' title="bbox 1918 679 3497 757">
     <span class='ocr_line' id='line_1_8' title="bbox 1918 679 3497 757; baseline 0.007 -27"><span class='ocrx_word' id='word_1_49' title='bbox 1918 694 2167 731; x_wconf 81' lang='lat' dir='ltr'><strong>Illul&#39;mlll‘</strong></span> <span class='ocrx_word' id='word_1_50' title='bbox 2188 679 2544 746; x_wconf 88' lang='lat' dir='ltr'><strong>vestrum,sed</strong></span> <span class='ocrx_word' id='word_1_51' title='bbox 2568 691 2755 736; x_wconf 88' lang='lat' dir='ltr'><strong>contra</strong></span> <span class='ocrx_word' id='word_1_52' title='bbox 2776 680 3065 739; x_wconf 85' lang='lat' dir='ltr'><strong>Dominum</strong></span> <span class='ocrx_word' id='word_1_53' title='bbox 3093 684 3288 756; x_wconf 60' lang='lat' dir='ltr'><strong>(Exod.</strong></span> <span class='ocrx_word' id='word_1_54' title='bbox 3310 686 3444 757; x_wconf 80' lang='lat' dir='ltr'><strong>xvi).</strong></span> <span class='ocrx_word' id='word_1_55' title='bbox 3476 705 3497 741; x_wconf 73' lang='grc' dir='ltr'><strong>ι</strong></span> 
     </span>
    </p>
   </div>
   <div class='ocr_carea' id='block_1_9' title="bbox 855 949 2888 1039">
    <p class='ocr_par' dir='ltr' id='par_1_9' title="bbox 855 949 2888 1039">
     <span class='ocr_line' id='line_1_9' title="bbox 855 949 2888 1039; baseline 0.007 -15"><span class='ocrx_word' id='word_1_56' title='bbox 855 949 1359 1030; x_wconf 80' lang='lat' dir='ltr'><strong>DOMINICA</strong></span> <span class='ocrx_word' id='word_1_57' title='bbox 1443 955 1519 1032; x_wconf 91' lang='lat' dir='ltr'><strong>ll</strong></span> <span class='ocrx_word' id='word_1_58' title='bbox 1602 954 1863 1031; x_wconf 89' lang='lat' dir='ltr'>POST</span> <span class='ocrx_word' id='word_1_59' title='bbox 1923 954 2378 1034; x_wconf 81' lang='lat' dir='ltr'><strong>OCTAVAS</strong></span> <span class='ocrx_word' id='word_1_60' title='bbox 2456 954 2888 1039; x_wconf 75' lang='lat' dir='ltr'><strong>PASCH/E.</strong></span> 
     </span>
    </p>
   </div>
   <div class='ocr_carea' id='block_1_10' title="bbox 1500 1129 2230 1192">
    <p class='ocr_par' dir='ltr' id='par_1_10' title="bbox 1500 1129 2230 1192">
     <span class='ocr_line' id='line_1_10' title="bbox 1500 1129 2230 1192; baseline 0.001 -1"><span class='ocrx_word' id='word_1_61' title='bbox 1500 1129 1867 1191; x_wconf 88' lang='lat' dir='ltr'><strong>Secundum</strong></span> <span class='ocrx_word' id='word_1_62' title='bbox 1900 1133 2230 1192; x_wconf 81' lang='lat' dir='ltr'><strong>Joannem</strong></span> 
     </span>
    </p>
   </div>
   <div class='ocr_carea' id='block_1_11' title="bbox 325 1287 1802 1356">
    <p class='ocr_par' dir='ltr' id='par_1_11' title="bbox 325 1287 1802 1356">
     <span class='ocr_line' id='line_1_11' title="bbox 325 1287 1802 1356; baseline 0.001 -13"><span class='ocrx_word' id='word_1_63' title='bbox 325 1312 341 1343; x_wconf 77' lang='grc' dir='ltr'>σ</span> <span class='ocrx_word' id='word_1_64' title='bbox 374 1289 630 1345; x_wconf 79' lang='lat' dir='ltr'><strong>Modicum</strong></span> <span class='ocrx_word' id='word_1_65' title='bbox 665 1297 721 1342; x_wconf 91' lang='lat' dir='ltr'><strong>et</strong></span> <span class='ocrx_word' id='word_1_66' title='bbox 753 1288 865 1356; x_wconf 91' lang='lat' dir='ltr'><strong>jam</strong></span> <span class='ocrx_word' id='word_1_67' title='bbox 898 1301 1006 1341; x_wconf 92' lang='lat' dir='ltr'><strong>non</strong></span> <span class='ocrx_word' id='word_1_68' title='bbox 1047 1287 1296 1343; x_wconf 84' lang='lat' dir='ltr'><strong>videbitis</strong></span> <span class='ocrx_word' id='word_1_69' title='bbox 1337 1304 1457 1356; x_wconf 89' lang='lat' dir='ltr'><strong>me,</strong></span> <span class='ocrx_word' id='word_1_70' title='bbox 1500 1299 1554 1345; x_wconf 92' lang='lat' dir='ltr'><strong>et</strong></span> <span class='ocrx_word' id='word_1_71' title='bbox 1608 1290 1802 1345; x_wconf 86' lang='lat' dir='ltr'><strong>iterum</strong></span> 
     </span>
    </p>
   </div>
   <div class='ocr_carea' id='block_1_12' title="bbox 259 1378 1801 1452">
    <p class='ocr_par' dir='ltr' id='par_1_12' title="bbox 259 1378 1801 1452">
     <span class='ocr_line' id='line_1_12' title="bbox 259 1378 1801 1452; baseline -0.001 -12"><span class='ocrx_word' id='word_1_72' title='bbox 259 1384 528 1447; x_wconf 86' lang='lat' dir='ltr'><strong>modicum,</strong></span> <span class='ocrx_word' id='word_1_73' title='bbox 567 1388 620 1434; x_wconf 91' lang='lat' dir='ltr'><strong>et</strong></span> <span class='ocrx_word' id='word_1_74' title='bbox 662 1378 912 1433; x_wconf 83' lang='lat' dir='ltr'><strong>videbitis</strong></span> <span class='ocrx_word' id='word_1_75' title='bbox 964 1395 1074 1447; x_wconf 91' lang='lat' dir='ltr'><strong>me,</strong></span> <span class='ocrx_word' id='word_1_76' title='bbox 1111 1381 1240 1452; x_wconf 87' lang='lat' dir='ltr'><strong>quia</strong></span> <span class='ocrx_word' id='word_1_77' title='bbox 1281 1381 1421 1435; x_wconf 87' lang='lat' dir='ltr'><strong>vado</strong></span> <span class='ocrx_word' id='word_1_78' title='bbox 1468 1382 1534 1436; x_wconf 92' lang='lat' dir='ltr'><strong>ad</strong></span> <span class='ocrx_word' id='word_1_79' title='bbox 1563 1382 1801 1438; x_wconf 82' lang='lat' dir='ltr'><strong>Patrem.</strong></span> 
     </span>
    </p>
   </div>
   <div class='ocr_carea' id='block_1_13' title="bbox 260 1472 1804 1543">
    <p class='ocr_par' dir='ltr' id='par_1_13' title="bbox 260 1472 1804 1543">
     <span class='ocr_line' id='line_1_13' title="bbox 260 1472 1804 1543; baseline 0 -12"><span class='ocrx_word' id='word_1_80' title='bbox 260 1474 498 1531; x_wconf 82' lang='lat' dir='ltr'><strong>Dixerunt</strong></span> <span class='ocrx_word' id='word_1_81' title='bbox 534 1487 665 1542; x_wconf 88' lang='lat' dir='ltr'><strong>ergo</strong></span> <span class='ocrx_word' id='word_1_82' title='bbox 708 1487 773 1526; x_wconf 80' lang='lat' dir='ltr'><strong>ex</strong></span> <span class='ocrx_word' id='word_1_83' title='bbox 808 1473 1092 1543; x_wconf 81' lang='lat' dir='ltr'><strong>discipulis</strong></span> <span class='ocrx_word' id='word_1_84' title='bbox 1121 1472 1240 1543; x_wconf 88' lang='lat' dir='ltr'><strong>ejus</strong></span> <span class='ocrx_word' id='word_1_85' title='bbox 1266 1473 1332 1527; x_wconf 86' lang='lat' dir='ltr'><strong>ad</strong></span> <span class='ocrx_word' id='word_1_86' title='bbox 1363 1474 1593 1529; x_wconf 83' lang='lat' dir='ltr'><strong>invicem</strong></span> <span class='ocrx_word' id='word_1_87' title='bbox 1625 1474 1804 1541; x_wconf 87' lang='lat' dir='ltr'><strong>:Quid</strong></span> 
     </span>
    </p>
   </div>
   <div class='ocr_carea' id='block_1_14' title="bbox 255 1560 1800 1631">
    <p class='ocr_par' dir='ltr' id='par_1_14' title="bbox 255 1560 1800 1631">
     <span class='ocr_line' id='line_1_14' title="bbox 255 1560 1800 1631; baseline -0.002 -9"><span class='ocrx_word' id='word_1_88' title='bbox 255 1566 328 1622; x_wconf 84' lang='lat' dir='ltr'><strong>est</strong></span> <span class='ocrx_word' id='word_1_89' title='bbox 369 1565 466 1618; x_wconf 91' lang='lat' dir='ltr'><strong>hoc</strong></span> <span class='ocrx_word' id='word_1_90' title='bbox 489 1560 630 1631; x_wconf 90' lang='lat' dir='ltr'><strong>quod</strong></span> <span class='ocrx_word' id='word_1_91' title='bbox 658 1561 789 1616; x_wconf 89' lang='lat' dir='ltr'><strong>dicit</strong></span> <span class='ocrx_word' id='word_1_92' title='bbox 825 1562 1124 1628; x_wconf 87' lang='lat' dir='ltr'><strong>modicum,</strong></span> <span class='ocrx_word' id='word_1_93' title='bbox 1154 1571 1208 1616; x_wconf 90' lang='lat' dir='ltr'><strong>et</strong></span> <span class='ocrx_word' id='word_1_94' title='bbox 1245 1578 1352 1616; x_wconf 87' lang='lat' dir='ltr'><strong>non</strong></span> <span class='ocrx_word' id='word_1_95' title='bbox 1389 1564 1642 1620; x_wconf 79' lang='lat' dir='ltr'><strong>videbitis</strong></span> <span class='ocrx_word' id='word_1_96' title='bbox 1692 1581 1800 1631; x_wconf 89' lang='lat' dir='ltr'><strong>me,</strong></span> 
     </span>
    </p>
   </div>
   <div class='ocr_carea' id='block_1_15' title="bbox 253 1653 1800 1725">
    <p class='ocr_par' dir='ltr' id='par_1_15' title="bbox 253 1653 1800 1725">
     <span class='ocr_line' id='line_1_15' title="bbox 253 1653 1800 1725; baseline 0 -14"><span class='ocrx_word' id='word_1_97' title='bbox 253 1667 297 1712; x_wconf 85' lang='lat' dir='ltr'><strong>et</strong></span> <span class='ocrx_word' id='word_1_98' title='bbox 330 1656 545 1716; x_wconf 89' lang='lat' dir='ltr'><strong>iterum,</strong></span> <span class='ocrx_word' id='word_1_99' title='bbox 576 1653 850 1708; x_wconf 88' lang='lat' dir='ltr'><strong>modicum</strong></span> <span class='ocrx_word' id='word_1_100' title='bbox 892 1663 945 1708; x_wconf 90' lang='lat' dir='ltr'><strong>et</strong></span> <span class='ocrx_word' id='word_1_101' title='bbox 978 1654 1231 1709; x_wconf 83' lang='lat' dir='ltr'><strong>videbitis</strong></span> <span class='ocrx_word' id='word_1_102' title='bbox 1275 1671 1379 1720; x_wconf 91' lang='lat' dir='ltr'><strong>me,</strong></span> <span class='ocrx_word' id='word_1_103' title='bbox 1421 1665 1477 1709; x_wconf 91' lang='lat' dir='ltr'><strong>ct</strong></span> <span class='ocrx_word' id='word_1_104' title='bbox 1503 1655 1634 1725; x_wconf 86' lang='lat' dir='ltr'><strong>quia</strong></span> <span class='ocrx_word' id='word_1_105' title='bbox 1664 1657 1800 1711; x_wconf 88' lang='lat' dir='ltr'><strong>vado</strong></span> 
     </span>
    </p>
   </div>
   <div class='ocr_carea' id='block_1_16' title="bbox 253 1743 1801 1819">
    <p class='ocr_par' dir='ltr' id='par_1_16' title="bbox 253 1743 1801 1819">
     <span class='ocr_line' id='line_1_16' title="bbox 253 1743 1801 1819; baseline -0.001 -14"><span class='ocrx_word' id='word_1_106' title='bbox 253 1749 311 1805; x_wconf 89' lang='lat' dir='ltr'><strong>ad</strong></span> <span class='ocrx_word' id='word_1_107' title='bbox 326 1743 837 1801; x_wconf 87' lang='lat' dir='ltr'><strong>Patrem?Dicebant</strong></span> <span class='ocrx_word' id='word_1_108' title='bbox 872 1761 1036 1817; x_wconf 86' lang='lat' dir='ltr'><strong>ergo:</strong></span> <span class='ocrx_word' id='word_1_109' title='bbox 1063 1746 1204 1814; x_wconf 85' lang='lat' dir='ltr'><strong>Quid</strong></span> <span class='ocrx_word' id='word_1_110' title='bbox 1232 1757 1315 1802; x_wconf 88' lang='lat' dir='ltr'><strong>est</strong></span> <span class='ocrx_word' id='word_1_111' title='bbox 1346 1748 1449 1803; x_wconf 94' lang='lat' dir='ltr'><strong>hoc</strong></span> <span class='ocrx_word' id='word_1_112' title='bbox 1477 1748 1621 1819; x_wconf 91' lang='lat' dir='ltr'><strong>quod</strong></span> <span class='ocrx_word' id='word_1_113' title='bbox 1645 1749 1801 1815; x_wconf 82' lang='lat' dir='ltr'><strong>dicit,</strong></span> 
     </span>
    </p>
   </div>
   <div class='ocr_carea' id='block_1_17' title="bbox 252 1836 1795 1912">
    <p class='ocr_par' dir='ltr' id='par_1_17' title="bbox 252 1836 1795 1912">
     <span class='ocr_line' id='line_1_17' title="bbox 252 1836 1795 1912; baseline -0.003 -15"><span class='ocrx_word' id='word_1_114' title='bbox 252 1838 537 1897; x_wconf 83' lang='lat' dir='ltr'><strong>modicum?</strong></span> <span class='ocrx_word' id='word_1_115' title='bbox 561 1836 847 1893; x_wconf 87' lang='lat' dir='ltr'><strong>Nescimus</strong></span> <span class='ocrx_word' id='word_1_116' title='bbox 896 1839 1026 1909; x_wconf 86' lang='lat' dir='ltr'><strong>quid</strong></span> <span class='ocrx_word' id='word_1_117' title='bbox 1074 1839 1316 1910; x_wconf 85' lang='lat' dir='ltr'><strong>loquitur</strong></span> <span class='ocrx_word' id='word_1_118' title='bbox 1363 1838 1546 1909; x_wconf 85' lang='lat' dir='ltr'><strong>(Joan.</strong></span> <span class='ocrx_word' id='word_1_119' title='bbox 1600 1843 1732 1912; x_wconf 80' lang='lat' dir='ltr'><strong>xvr).</strong></span> <span class='ocrx_word' id='word_1_120' title='bbox 1778 1863 1795 1893; x_wconf 76' lang='grc' dir='ltr'><strong>ι</strong></span> 
     </span>
    </p>
   </div>
   <div class='ocr_carea' id='block_1_18' title="bbox 253 1929 1802 2004">
    <p class='ocr_par' dir='ltr' id='par_1_18' title="bbox 253 1929 1802 2004">
     <span class='ocr_line' id='line_1_18' title="bbox 253 1929 1802 2004; baseline 0.003 -19"><span class='ocrx_word' id='word_1_121' title='bbox 253 1930 352 1986; x_wconf 82' lang='lat' dir='ltr'><strong>Hoc</strong></span> <span class='ocrx_word' id='word_1_122' title='bbox 375 1945 464 1985; x_wconf 89' lang='lat' dir='ltr'><strong>eos</strong></span> <span class='ocrx_word' id='word_1_123' title='bbox 513 1929 783 1995; x_wconf 86' lang='lat' dir='ltr'><strong>movebat,</strong></span> <span class='ocrx_word' id='word_1_124' title='bbox 816 1931 944 2000; x_wconf 91' lang='lat' dir='ltr'><strong>quia</strong></span> <span class='ocrx_word' id='word_1_125' title='bbox 981 1930 1137 1994; x_wconf 79' lang='lat' dir='ltr'><strong>dixit,</strong></span> <span class='ocrx_word' id='word_1_126' title='bbox 1177 1930 1471 1986; x_wconf 83' lang='lat' dir='ltr'><strong>Modicum.</strong></span> <span class='ocrx_word' id='word_1_127' title='bbox 1508 1932 1612 1989; x_wconf 88' lang='lat' dir='ltr'><strong>Sed</strong></span> <span class='ocrx_word' id='word_1_128' title='bbox 1649 1943 1802 2004; x_wconf 80' lang='lat' dir='ltr'><strong>post-</strong></span> 
     </span>
    </p>
   </div>
   <div class='ocr_carea' id='block_1_19' title="bbox 249 2019 1802 2095">
    <p class='ocr_par' dir='ltr' id='par_1_19' title="bbox 249 2019 1802 2095">
     <span class='ocr_line' id='line_1_19' title="bbox 249 2019 1802 2095; baseline 0.001 -17"><span class='ocrx_word' id='word_1_129' title='bbox 249 2039 303 2078; x_wconf 88' lang='lat' dir='ltr'><strong>ea</strong></span> <span class='ocrx_word' id='word_1_130' title='bbox 343 2019 682 2075; x_wconf 89' lang='lat' dir='ltr'><strong>manifestum</strong></span> <span class='ocrx_word' id='word_1_131' title='bbox 736 2020 856 2075; x_wconf 89' lang='lat' dir='ltr'><strong>fuit.</strong></span> <span class='ocrx_word' id='word_1_132' title='bbox 916 2019 1053 2076; x_wconf 85' lang='lat' dir='ltr'><strong>Nam</strong></span> <span class='ocrx_word' id='word_1_133' title='bbox 1103 2031 1224 2093; x_wconf 88' lang='lat' dir='ltr'><strong>post</strong></span> <span class='ocrx_word' id='word_1_134' title='bbox 1273 2023 1553 2092; x_wconf 85' lang='lat' dir='ltr'><strong>paululum</strong></span> <span class='ocrx_word' id='word_1_135' title='bbox 1605 2040 1802 2095; x_wconf 91' lang='lat' dir='ltr'><strong>passus</strong></span> 
     </span>
    </p>
   </div>
   <div class='ocr_carea' id='block_1_20' title="bbox 246 2112 1797 2186">
    <p class='ocr_par' dir='ltr' id='par_1_20' title="bbox 246 2112 1797 2186">
     <span class='ocr_line' id='line_1_20' title="bbox 246 2112 1797 2186; baseline 0.002 -17"><span class='ocrx_word' id='word_1_136' title='bbox 246 2123 334 2179; x_wconf 85' lang='lat' dir='ltr'><strong>est,</strong></span> <span class='ocrx_word' id='word_1_137' title='bbox 376 2120 550 2167; x_wconf 87' lang='lat' dir='ltr'><strong>etnon</strong></span> <span class='ocrx_word' id='word_1_138' title='bbox 600 2112 857 2167; x_wconf 88' lang='lat' dir='ltr'><strong>viderunt</strong></span> <span class='ocrx_word' id='word_1_139' title='bbox 902 2129 1060 2180; x_wconf 90' lang='lat' dir='ltr'><strong>eum;</strong></span> <span class='ocrx_word' id='word_1_140' title='bbox 1103 2130 1297 2171; x_wconf 87' lang='lat' dir='ltr'><strong>rursus</strong></span> <span class='ocrx_word' id='word_1_141' title='bbox 1344 2124 1467 2186; x_wconf 88' lang='lat' dir='ltr'><strong>post</strong></span> <span class='ocrx_word' id='word_1_142' title='bbox 1515 2118 1797 2186; x_wconf 89' lang='lat' dir='ltr'><strong>paululum</strong></span> 
     </span>
    </p>
   </div>
   <div class='ocr_carea' id='block_1_21' title="bbox 244 2202 1801 2270">
    <p class='ocr_par' dir='ltr' id='par_1_21' title="bbox 244 2202 1801 2270">
     <span class='ocr_line' id='line_1_21' title="bbox 244 2202 1801 2270; baseline 0.003 -11"><span class='ocrx_word' id='word_1_143' title='bbox 244 2202 530 2270; x_wconf 77' lang='lat' dir='ltr'><strong>resurrexit,</strong></span> <span class='ocrx_word' id='word_1_144' title='bbox 561 2212 618 2258; x_wconf 91' lang='lat' dir='ltr'><strong>et</strong></span> <span class='ocrx_word' id='word_1_145' title='bbox 643 2205 894 2260; x_wconf 88' lang='lat' dir='ltr'><strong>viderunt</strong></span> <span class='ocrx_word' id='word_1_146' title='bbox 922 2221 1068 2261; x_wconf 90' lang='lat' dir='ltr'><strong>eum.</strong></span> <span class='ocrx_word' id='word_1_147' title='bbox 1124 2204 1219 2262; x_wconf 86' lang='lat' dir='ltr'><strong>Vel</strong></span> <span class='ocrx_word' id='word_1_148' title='bbox 1271 2208 1344 2262; x_wconf 87' lang='lat' dir='ltr'><strong>ita</strong></span> <span class='ocrx_word' id='word_1_149' title='bbox 1373 2228 1385 2263; x_wconf 88' lang='lat'><strong>:</strong></span> <span class='ocrx_word' id='word_1_150' title='bbox 1421 2208 1635 2265; x_wconf 89' lang='lat' dir='ltr'><strong>Modico</strong></span> <span class='ocrx_word' id='word_1_151' title='bbox 1662 2219 1801 2264; x_wconf 92' lang='lat' dir='ltr'><strong>tem-</strong></span> 
     </span>
    </p>
   </div>
   <div class='ocr_carea' id='block_1_22' title="bbox 243 2296 1802 2369">
    <p class='ocr_par' dir='ltr' id='par_1_22' title="bbox 243 2296 1802 2369">
     <span class='ocr_line' id='line_1_22' title="bbox 243 2296 1802 2369; baseline 0.003 -18"><span class='ocrx_word' id='word_1_152' title='bbox 243 2311 356 2367; x_wconf 88' lang='lat' dir='ltr'><strong>pore</strong></span> <span class='ocrx_word' id='word_1_153' title='bbox 382 2310 485 2350; x_wconf 89' lang='lat' dir='ltr'><strong>non</strong></span> <span class='ocrx_word' id='word_1_154' title='bbox 530 2296 788 2351; x_wconf 87' lang='lat' dir='ltr'><strong>viderunt</strong></span> <span class='ocrx_word' id='word_1_155' title='bbox 829 2312 977 2364; x_wconf 89' lang='lat' dir='ltr'><strong>cum,</strong></span> <span class='ocrx_word' id='word_1_156' title='bbox 1047 2298 1177 2353; x_wconf 90' lang='lat' dir='ltr'><strong>dum</strong></span> <span class='ocrx_word' id='word_1_157' title='bbox 1223 2299 1491 2369; x_wconf 87' lang='lat' dir='ltr'><strong>requievit</strong></span> <span class='ocrx_word' id='word_1_158' title='bbox 1520 2301 1575 2355; x_wconf 92' lang='lat' dir='ltr'><strong>in</strong></span> <span class='ocrx_word' id='word_1_159' title='bbox 1605 2317 1802 2357; x_wconf 89' lang='lat' dir='ltr'><strong>monu-</strong></span> 
     </span>
    </p>
   </div>
   <div class='ocr_carea' id='block_1_23' title="bbox 242 2385 1800 2463">
    <p class='ocr_par' dir='ltr' id='par_1_23' title="bbox 242 2385 1800 2463">
     <span class='ocr_line' id='line_1_23' title="bbox 242 2385 1800 2463; baseline 0.004 -22"><span class='ocrx_word' id='word_1_160' title='bbox 242 2396 422 2455; x_wconf 88' lang='lat' dir='ltr'><strong>mento,</strong></span> <span class='ocrx_word' id='word_1_161' title='bbox 443 2395 497 2442; x_wconf 90' lang='lat' dir='ltr'><strong>et</strong></span> <span class='ocrx_word' id='word_1_162' title='bbox 541 2385 766 2442; x_wconf 89' lang='lat' dir='ltr'><strong>modico</strong></span> <span class='ocrx_word' id='word_1_163' title='bbox 801 2395 1044 2458; x_wconf 84' lang='lat' dir='ltr'><strong>tempore</strong></span> <span class='ocrx_word' id='word_1_164' title='bbox 1107 2389 1360 2445; x_wconf 81' lang='lat' dir='ltr'><strong>viderunt</strong></span> <span class='ocrx_word' id='word_1_165' title='bbox 1415 2406 1540 2446; x_wconf 89' lang='lat' dir='ltr'><strong>eum</strong></span> <span class='ocrx_word' id='word_1_166' title='bbox 1581 2394 1800 2463; x_wconf 90' lang='lat' dir='ltr'><strong>quando</strong></span> 
     </span>
    </p>
   </div>
   <div class='ocr_carea' id='block_1_24' title="bbox 240 2478 1794 2551">
    <p class='ocr_par' dir='ltr' id='par_1_24' title="bbox 240 2478 1794 2551">
     <span class='ocr_line' id='line_1_24' title="bbox 240 2478 1794 2551; baseline 0.004 -19"><span class='ocrx_word' id='word_1_167' title='bbox 240 2479 309 2532; x_wconf 73' lang='lat' dir='ltr'><strong>eis</strong></span> <span class='ocrx_word' id='word_1_168' title='bbox 370 2478 625 2547; x_wconf 84' lang='lat' dir='ltr'><strong>apparuit</strong></span> <span class='ocrx_word' id='word_1_169' title='bbox 712 2494 778 2533; x_wconf 71' lang='grc' dir='ltr'><strong>χι,</strong></span> <span class='ocrx_word' id='word_1_170' title='bbox 856 2478 1048 2535; x_wconf 89' lang='lat' dir='ltr'><strong>diebus</strong></span> <span class='ocrx_word' id='word_1_171' title='bbox 1121 2489 1245 2551; x_wconf 88' lang='lat' dir='ltr'><strong>post</strong></span> <span class='ocrx_word' id='word_1_172' title='bbox 1317 2484 1794 2539; x_wconf 85' lang='lat' dir='ltr'><strong>resurrectionem.</strong></span> 
     </span>
    </p>
   </div>
   <div class='ocr_carea' id='block_1_25' title="bbox 239 2566 1798 2645">
    <p class='ocr_par' dir='ltr' id='par_1_25' title="bbox 239 2566 1798 2645">
     <span class='ocr_line' id='line_1_25' title="bbox 239 2566 1798 2645; baseline 0.006 -25"><span class='ocrx_word' id='word_1_173' title='bbox 239 2566 438 2638; x_wconf 86' lang='lat' dir='ltr'><strong>Propter</strong></span> <span class='ocrx_word' id='word_1_174' title='bbox 460 2585 521 2625; x_wconf 87' lang='lat' dir='ltr'><strong>ea</strong></span> <span class='ocrx_word' id='word_1_175' title='bbox 554 2570 780 2625; x_wconf 89' lang='lat' dir='ltr'><strong>modico</strong></span> <span class='ocrx_word' id='word_1_176' title='bbox 812 2578 1053 2640; x_wconf 90' lang='lat' dir='ltr'><strong>tempore</strong></span> <span class='ocrx_word' id='word_1_177' title='bbox 1094 2571 1345 2627; x_wconf 85' lang='lat' dir='ltr'><strong>videbitis</strong></span> <span class='ocrx_word' id='word_1_178' title='bbox 1377 2589 1464 2628; x_wconf 89' lang='lat' dir='ltr'><strong>me</strong></span> <span class='ocrx_word' id='word_1_179' title='bbox 1502 2575 1631 2645; x_wconf 90' lang='lat' dir='ltr'><strong>quia</strong></span> <span class='ocrx_word' id='word_1_180' title='bbox 1656 2575 1798 2629; x_wconf 86' lang='lat' dir='ltr'><strong>vado</strong></span> 
     </span>
    </p>
   </div>
   <div class='ocr_carea' id='block_1_26' title="bbox 240 2659 1794 2732">
    <p class='ocr_par' dir='ltr' id='par_1_26' title="bbox 240 2659 1794 2732">
     <span class='ocr_line' id='line_1_26' title="bbox 240 2659 1794 2732; baseline 0.005 -19"><span class='ocrx_word' id='word_1_181' title='bbox 240 2659 296 2714; x_wconf 83' lang='lat' dir='ltr'><strong>ad</strong></span> <span class='ocrx_word' id='word_1_182' title='bbox 319 2659 541 2728; x_wconf 86' lang='lat' dir='ltr'><strong>Patrem,</strong></span> <span class='ocrx_word' id='word_1_183' title='bbox 570 2662 826 2732; x_wconf 87' lang='lat' dir='ltr'><strong>deposita</strong></span> <span class='ocrx_word' id='word_1_184' title='bbox 854 2662 1186 2718; x_wconf 83' lang='lat' dir='ltr'><strong>mortalitate</strong></span> <span class='ocrx_word' id='word_1_185' title='bbox 1216 2663 1511 2720; x_wconf 86' lang='lat' dir='ltr'><strong>humanam</strong></span> <span class='ocrx_word' id='word_1_186' title='bbox 1538 2674 1794 2721; x_wconf 88' lang='lat' dir='ltr'><strong>naturam</strong></span> 
     </span>
    </p>
   </div>
   <div class='ocr_carea' id='block_1_27' title="bbox 236 2754 1797 2827">
    <p class='ocr_par' dir='ltr' id='par_1_27' title="bbox 236 2754 1797 2827">
     <span class='ocr_line' id='line_1_27' title="bbox 236 2754 1797 2827; baseline 0.002 -16"><span class='ocrx_word' id='word_1_187' title='bbox 236 2755 371 2811; x_wconf 67' lang='lat' dir='ltr'><strong>caelis</strong></span> <span class='ocrx_word' id='word_1_188' title='bbox 408 2755 669 2811; x_wconf 81' lang='lat' dir='ltr'><strong>inferens.</strong></span> <span class='ocrx_word' id='word_1_189' title='bbox 701 2754 858 2823; x_wconf 84' lang='lat' dir='ltr'><strong>Quod</strong></span> <span class='ocrx_word' id='word_1_190' title='bbox 888 2764 1068 2809; x_wconf 89' lang='lat' dir='ltr'><strong>autem</strong></span> <span class='ocrx_word' id='word_1_191' title='bbox 1100 2755 1176 2810; x_wconf 89' lang='lat' dir='ltr'><strong>ait</strong></span> <span class='ocrx_word' id='word_1_192' title='bbox 1207 2774 1221 2810; x_wconf 90' lang='lat'><strong>:</strong></span> <span class='ocrx_word' id='word_1_193' title='bbox 1260 2775 1279 2808; x_wconf 85' lang='grc'><em>‹</em></span> <span class='ocrx_word' id='word_1_194' title='bbox 1313 2756 1380 2811; x_wconf 84' lang='lat' dir='ltr'><strong>Et</strong></span> <span class='ocrx_word' id='word_1_195' title='bbox 1412 2756 1527 2827; x_wconf 89' lang='lat' dir='ltr'><strong>jam</strong></span> <span class='ocrx_word' id='word_1_196' title='bbox 1583 2774 1692 2813; x_wconf 93' lang='lat' dir='ltr'><strong>non</strong></span> <span class='ocrx_word' id='word_1_197' title='bbox 1714 2761 1797 2814; x_wconf 87' lang='lat' dir='ltr'><strong>vi-</strong></span> 
     </span>
    </p>
   </div>
   <div class='ocr_carea' id='block_1_28' title="bbox 236 2847 1795 2921">
    <p class='ocr_par' dir='ltr' id='par_1_28' title="bbox 236 2847 1795 2921">
     <span class='ocr_line' id='line_1_28' title="bbox 236 2847 1795 2921; baseline 0.004 -20"><span class='ocrx_word' id='word_1_198' title='bbox 236 2848 407 2903; x_wconf 85' lang='lat' dir='ltr'><strong>debitis</strong></span> <span class='ocrx_word' id='word_1_199' title='bbox 431 2863 532 2911; x_wconf 88' lang='lat' dir='ltr'><strong>me,</strong></span> <span class='ocrx_word' id='word_1_200' title='bbox 566 2867 591 2899; x_wconf 71' lang='lat' dir='ltr'><strong>s</strong></span> <span class='ocrx_word' id='word_1_201' title='bbox 624 2850 701 2903; x_wconf 91' lang='lat' dir='ltr'><strong>sic</strong></span> <span class='ocrx_word' id='word_1_202' title='bbox 725 2847 1098 2917; x_wconf 86' lang='lat' dir='ltr'><strong>accipiendum</strong></span> <span class='ocrx_word' id='word_1_203' title='bbox 1125 2856 1209 2903; x_wconf 92' lang='lat' dir='ltr'><strong>est</strong></span> <span class='ocrx_word' id='word_1_204' title='bbox 1231 2849 1510 2918; x_wconf 84' lang='lat' dir='ltr'><strong>quomodo</strong></span> <span class='ocrx_word' id='word_1_205' title='bbox 1540 2853 1795 2921; x_wconf 89' lang='lat' dir='ltr'><strong>superius</strong></span> 
     </span>
    </p>
   </div>
   <div class='ocr_carea' id='block_1_29' title="bbox 235 2939 1797 3012">
    <p class='ocr_par' dir='ltr' id='par_1_29' title="bbox 235 2939 1797 3012">
     <span class='ocr_line' id='line_1_29' title="bbox 235 2939 1797 3012; baseline 0.003 -17"><span class='ocrx_word' id='word_1_206' title='bbox 235 2942 335 2995; x_wconf 89' lang='lat' dir='ltr'><strong>ait:</strong></span> <span class='ocrx_word' id='word_1_207' title='bbox 367 2960 382 2993; x_wconf 88' lang='grc'>‹</span> <span class='ocrx_word' id='word_1_208' title='bbox 419 2939 493 2995; x_wconf 89' lang='lat' dir='ltr'><strong>De</strong></span> <span class='ocrx_word' id='word_1_209' title='bbox 519 2941 744 3011; x_wconf 88' lang='lat' dir='ltr'><strong>justitia</strong></span> <span class='ocrx_word' id='word_1_210' title='bbox 803 2953 934 2995; x_wconf 83' lang='lat' dir='ltr'><strong>vero</strong></span> <span class='ocrx_word' id='word_1_211' title='bbox 976 2939 1104 3010; x_wconf 84' lang='lat' dir='ltr'><strong>quia</strong></span> <span class='ocrx_word' id='word_1_212' title='bbox 1148 2941 1215 2996; x_wconf 90' lang='lat' dir='ltr'><strong>ad</strong></span> <span class='ocrx_word' id='word_1_213' title='bbox 1254 2939 1484 2996; x_wconf 85' lang='lat' dir='ltr'><strong>Patrem</strong></span> <span class='ocrx_word' id='word_1_214' title='bbox 1541 2944 1701 3012; x_wconf 88' lang='lat' dir='ltr'><strong>vado,</strong></span> <span class='ocrx_word' id='word_1_215' title='bbox 1742 2952 1797 2999; x_wconf 91' lang='lat' dir='ltr'><strong>et</strong></span> 
     </span>
    </p>
   </div>
   <div class='ocr_carea' id='block_1_30' title="bbox 1911 1292 3495 1363">
    <p class='ocr_par' dir='ltr' id='par_1_30' title="bbox 1911 1292 3495 1363">
     <span class='ocr_line' id='line_1_30' title="bbox 1911 1292 3495 1363; baseline 0.008 -18"><span class='ocrx_word' id='word_1_216' title='bbox 1911 1292 1965 1345; x_wconf 93' lang='lat' dir='ltr'><strong>in</strong></span> <span class='ocrx_word' id='word_1_217' title='bbox 2020 1292 2349 1347; x_wconf 85' lang='lat' dir='ltr'><strong>tentationes</strong></span> <span class='ocrx_word' id='word_1_218' title='bbox 2400 1294 2577 1347; x_wconf 77' lang='lat' dir='ltr'><strong>varias</strong></span> <span class='ocrx_word' id='word_1_219' title='bbox 2624 1294 2943 1350; x_wconf 83' lang='lat' dir='ltr'><strong>inciderent.</strong></span> <span class='ocrx_word' id='word_1_220' title='bbox 2995 1297 3150 1363; x_wconf 90' lang='lat' dir='ltr'><strong>Quod</strong></span> <span class='ocrx_word' id='word_1_221' title='bbox 3180 1309 3361 1355; x_wconf 89' lang='lat' dir='ltr'><strong>autem</strong></span> <span class='ocrx_word' id='word_1_222' title='bbox 3388 1302 3495 1357; x_wconf 77' lang='lat' dir='ltr'><strong>ait:</strong></span> 
     </span>
    </p>
   </div>
   <div class='ocr_carea' id='block_1_31' title="bbox 1912 1380 3495 1459">
    <p class='ocr_par' dir='ltr' id='par_1_31' title="bbox 1912 1380 3495 1459">
     <span class='ocr_line' id='line_1_31' title="bbox 1912 1380 3495 1459; baseline 0.008 -25"><span class='ocrx_word' id='word_1_223' title='bbox 1912 1380 2110 1436; x_wconf 88' lang='lat' dir='ltr'><strong>lterum</strong></span> <span class='ocrx_word' id='word_1_224' title='bbox 2144 1391 2326 1436; x_wconf 91' lang='lat' dir='ltr'><strong>autem</strong></span> <span class='ocrx_word' id='word_1_225' title='bbox 2357 1383 2551 1436; x_wconf 81' lang='lat' dir='ltr'><strong>videbo</strong></span> <span class='ocrx_word' id='word_1_226' title='bbox 2580 1399 2698 1450; x_wconf 84' lang='lat' dir='ltr'><strong>vos,</strong></span> <span class='ocrx_word' id='word_1_227' title='bbox 2729 1394 2782 1439; x_wconf 93' lang='lat' dir='ltr'><strong>et</strong></span> <span class='ocrx_word' id='word_1_228' title='bbox 2820 1386 3074 1458; x_wconf 86' lang='lat' dir='ltr'><strong>gaudebit</strong></span> <span class='ocrx_word' id='word_1_229' title='bbox 3101 1403 3197 1442; x_wconf 87' lang='lat' dir='ltr'><strong>cor</strong></span> <span class='ocrx_word' id='word_1_230' title='bbox 3225 1399 3495 1459; x_wconf 89' lang='lat' dir='ltr'><strong>vestrum,</strong></span> 
     </span>
    </p>
   </div>
   <div class='ocr_carea' id='block_1_32' title="bbox 1907 1472 3500 1547">
    <p class='ocr_par' dir='ltr' id='par_1_32' title="bbox 1907 1472 3500 1547">
     <span class='ocr_line' id='line_1_32' title="bbox 1907 1472 3500 1547; baseline 0.006 -19"><span class='ocrx_word' id='word_1_231' title='bbox 1907 1473 1987 1528; x_wconf 89' lang='lat' dir='ltr'><strong>sic</strong></span> <span class='ocrx_word' id='word_1_232' title='bbox 2032 1472 2392 1545; x_wconf 81' lang='lat' dir='ltr'><strong>intelligitur:</strong></span> <span class='ocrx_word' id='word_1_233' title='bbox 2428 1473 2668 1543; x_wconf 83' lang='lat' dir='ltr'><strong>Eripiam</strong></span> <span class='ocrx_word' id='word_1_234' title='bbox 2709 1490 2805 1530; x_wconf 90' lang='lat' dir='ltr'><strong>vos</strong></span> <span class='ocrx_word' id='word_1_235' title='bbox 2833 1477 2902 1531; x_wconf 92' lang='lat' dir='ltr'><strong>ab</strong></span> <span class='ocrx_word' id='word_1_236' title='bbox 2943 1477 3302 1547; x_wconf 88' lang='lat' dir='ltr'><strong>adversariis,</strong></span> <span class='ocrx_word' id='word_1_237' title='bbox 3339 1496 3500 1537; x_wconf 82' lang='lat' dir='ltr'><strong>coro-</strong></span> 
     </span>
    </p>
   </div>
   <div class='ocr_carea' id='block_1_33' title="bbox 1907 1564 3499 1641">
    <p class='ocr_par' dir='ltr' id='par_1_33' title="bbox 1907 1564 3499 1641">
     <span class='ocr_line' id='line_1_33' title="bbox 1907 1564 3499 1641; baseline 0.008 -23"><span class='ocrx_word' id='word_1_238' title='bbox 1907 1564 2049 1619; x_wconf 90' lang='lat' dir='ltr'><strong>nabo</strong></span> <span class='ocrx_word' id='word_1_239' title='bbox 2096 1580 2192 1619; x_wconf 88' lang='lat' dir='ltr'><strong>vos</strong></span> <span class='ocrx_word' id='word_1_240' title='bbox 2254 1566 2525 1631; x_wconf 87' lang='lat' dir='ltr'><strong>victores,</strong></span> <span class='ocrx_word' id='word_1_241' title='bbox 2576 1567 2819 1636; x_wconf 84' lang='lat' dir='ltr'><strong>probabo</strong></span> <span class='ocrx_word' id='word_1_242' title='bbox 2890 1583 2978 1625; x_wconf 88' lang='lat' dir='ltr'><strong>me</strong></span> <span class='ocrx_word' id='word_1_243' title='bbox 3029 1586 3243 1641; x_wconf 89' lang='lat' dir='ltr'><strong>semper</strong></span> <span class='ocrx_word' id='word_1_244' title='bbox 3294 1574 3499 1631; x_wconf 86' lang='lat' dir='ltr'><strong>vidisse</strong></span> 
     </span>
    </p>
   </div>
   <div class='ocr_carea' id='block_1_34' title="bbox 1908 1656 3497 1734">
    <p class='ocr_par' dir='ltr' id='par_1_34' title="bbox 1908 1656 3497 1734">
     <span class='ocr_line' id='line_1_34' title="bbox 1908 1656 3497 1734; baseline 0.006 -25"><span class='ocrx_word' id='word_1_245' title='bbox 1908 1671 2007 1711; x_wconf 91' lang='lat' dir='ltr'><strong>vos</strong></span> <span class='ocrx_word' id='word_1_246' title='bbox 2032 1665 2323 1712; x_wconf 86' lang='lat' dir='ltr'><strong>certantes.</strong></span> <span class='ocrx_word' id='word_1_247' title='bbox 2371 1656 2435 1711; x_wconf 85' lang='lat' dir='ltr'><strong>Et</strong></span> <span class='ocrx_word' id='word_1_248' title='bbox 2473 1657 2527 1712; x_wconf 90' lang='lat' dir='ltr'><strong>in</strong></span> <span class='ocrx_word' id='word_1_249' title='bbox 2562 1659 2652 1713; x_wconf 91' lang='lat' dir='ltr'><strong>illo</strong></span> <span class='ocrx_word' id='word_1_250' title='bbox 2678 1659 2765 1713; x_wconf 92' lang='lat' dir='ltr'><strong>die</strong></span> <span class='ocrx_word' id='word_1_251' title='bbox 2789 1675 2895 1714; x_wconf 82' lang='lat' dir='ltr'><strong>nou</strong></span> <span class='ocrx_word' id='word_1_252' title='bbox 2927 1661 3188 1731; x_wconf 79' lang='lat' dir='ltr'><strong>rogabitis</strong></span> <span class='ocrx_word' id='word_1_253' title='bbox 3220 1678 3307 1718; x_wconf 90' lang='lat' dir='ltr'><strong>me</strong></span> <span class='ocrx_word' id='word_1_254' title='bbox 3336 1665 3497 1734; x_wconf 87' lang='lat' dir='ltr'><strong>quid-</strong></span> 
     </span>
    </p>
   </div>
   <div class='ocr_carea' id='block_1_35' title="bbox 1906 1747 3498 1823">
    <p class='ocr_par' dir='ltr' id='par_1_35' title="bbox 1906 1747 3498 1823">
     <span class='ocr_line' id='line_1_35' title="bbox 1906 1747 3498 1823; baseline 0.006 -22"><span class='ocrx_word' id='word_1_255' title='bbox 1906 1763 2094 1818; x_wconf 91' lang='lat' dir='ltr'><strong>quam.</strong></span> <span class='ocrx_word' id='word_1_256' title='bbox 2146 1747 2204 1802; x_wconf 82' lang='lat' dir='ltr'><strong>In</strong></span> <span class='ocrx_word' id='word_1_257' title='bbox 2248 1750 2335 1803; x_wconf 91' lang='lat' dir='ltr'><strong>die</strong></span> <span class='ocrx_word' id='word_1_258' title='bbox 2384 1750 2607 1805; x_wconf 89' lang='lat' dir='ltr'><strong>visionis</strong></span> <span class='ocrx_word' id='word_1_259' title='bbox 2640 1760 2857 1806; x_wconf 72' lang='lat' dir='ltr'><strong>mtcrnm</strong></span> <span class='ocrx_word' id='word_1_260' title='bbox 2884 1768 2992 1806; x_wconf 90' lang='lat' dir='ltr'><strong>non</strong></span> <span class='ocrx_word' id='word_1_261' title='bbox 3020 1756 3241 1823; x_wconf 80' lang='lat' dir='ltr'><strong>potetis,</strong></span> <span class='ocrx_word' id='word_1_262' title='bbox 3270 1755 3353 1809; x_wconf 87' lang='lat' dir='ltr'><strong>vel</strong></span> <span class='ocrx_word' id='word_1_263' title='bbox 3387 1769 3498 1810; x_wconf 93' lang='lat' dir='ltr'><strong>non</strong></span> 
     </span>
    </p>
   </div>
   <div class='ocr_carea' id='block_1_36' title="bbox 1907 1838 3499 1916">
    <p class='ocr_par' dir='ltr' id='par_1_36' title="bbox 1907 1838 3499 1916">
     <span class='ocr_line' id='line_1_36' title="bbox 1907 1838 3499 1916; baseline 0.005 -24"><span class='ocrx_word' id='word_1_264' title='bbox 1907 1838 2338 1909; x_wconf 84' lang='lat' dir='ltr'><strong>intcrrogabitis,</strong></span> <span class='ocrx_word' id='word_1_265' title='bbox 2381 1841 2507 1909; x_wconf 87' lang='lat' dir='ltr'><strong>quia</strong></span> <span class='ocrx_word' id='word_1_266' title='bbox 2531 1849 2661 1895; x_wconf 89' lang='lat' dir='ltr'><strong>tunc</strong></span> <span class='ocrx_word' id='word_1_267' title='bbox 2693 1842 2796 1896; x_wconf 91' lang='lat' dir='ltr'><strong>erit</strong></span> <span class='ocrx_word' id='word_1_268' title='bbox 2824 1842 2980 1912; x_wconf 88' lang='lat' dir='ltr'><strong>plena</strong></span> <span class='ocrx_word' id='word_1_269' title='bbox 3013 1846 3252 1916; x_wconf 80' lang='lat' dir='ltr'><strong>cognitio</strong></span> <span class='ocrx_word' id='word_1_270' title='bbox 3273 1854 3326 1900; x_wconf 91' lang='lat' dir='ltr'><strong>et</strong></span> <span class='ocrx_word' id='word_1_271' title='bbox 3348 1846 3499 1901; x_wconf 80' lang='lat' dir='ltr'><strong>solli-</strong></span> 
     </span>
    </p>
   </div>
   <div class='ocr_carea' id='block_1_37' title="bbox 1906 1930 3493 2006">
    <p class='ocr_par' dir='ltr' id='par_1_37' title="bbox 1906 1930 3493 2006">
     <span class='ocr_line' id='line_1_37' title="bbox 1906 1930 3493 2006; baseline 0.003 -18"><span class='ocrx_word' id='word_1_272' title='bbox 1906 1932 2125 1988; x_wconf 87' lang='lat' dir='ltr'><strong>cientia.</strong></span> <span class='ocrx_word' id='word_1_273' title='bbox 2178 1930 2293 1987; x_wconf 85' lang='lat' dir='ltr'><strong>Hoc</strong></span> <span class='ocrx_word' id='word_1_274' title='bbox 2324 1933 2549 1988; x_wconf 88' lang='lat' dir='ltr'><strong>verbum</strong></span> <span class='ocrx_word' id='word_1_275' title='bbox 2590 1935 2734 2005; x_wconf 92' lang='lat' dir='ltr'><strong>quod</strong></span> <span class='ocrx_word' id='word_1_276' title='bbox 2784 1943 2869 1991; x_wconf 85' lang='lat' dir='ltr'><strong>est</strong></span> <span class='ocrx_word' id='word_1_277' title='bbox 2923 1951 3117 2006; x_wconf 89' lang='lat' dir='ltr'><strong>rogare</strong></span> <span class='ocrx_word' id='word_1_278' title='bbox 3154 1952 3261 1992; x_wconf 88' lang='lat' dir='ltr'><strong>non</strong></span> <span class='ocrx_word' id='word_1_279' title='bbox 3314 1938 3493 1994; x_wconf 90' lang='lat' dir='ltr'><strong>solum</strong></span> 
     </span>
    </p>
   </div>
   <div class='ocr_carea' id='block_1_38' title="bbox 1906 2028 3495 2099">
    <p class='ocr_par' dir='ltr' id='par_1_38' title="bbox 1906 2028 3495 2099">
     <span class='ocr_line' id='line_1_38' title="bbox 1906 2028 3495 2099; baseline 0.006 -19"><span class='ocrx_word' id='word_1_280' title='bbox 1906 2034 2117 2095; x_wconf 88' lang='lat' dir='ltr'><strong>petere,</strong></span> <span class='ocrx_word' id='word_1_281' title='bbox 2145 2041 2331 2080; x_wconf 89' lang='lat' dir='ltr'><strong>verum</strong></span> <span class='ocrx_word' id='word_1_282' title='bbox 2355 2028 2518 2082; x_wconf 89' lang='lat' dir='ltr'><strong>etiam</strong></span> <span class='ocrx_word' id='word_1_283' title='bbox 2566 2028 2902 2098; x_wconf 81' lang='lat' dir='ltr'><strong>interrogare</strong></span> <span class='ocrx_word' id='word_1_284' title='bbox 2947 2031 3245 2099; x_wconf 77' lang='lat' dir='ltr'><strong>significat,</strong></span> <span class='ocrx_word' id='word_1_285' title='bbox 3269 2042 3322 2088; x_wconf 89' lang='lat' dir='ltr'><strong>et</strong></span> <span class='ocrx_word' id='word_1_286' title='bbox 3345 2032 3495 2089; x_wconf 70' lang='lat' dir='ltr'><strong>Crte—</strong></span> 
     </span>
    </p>
   </div>
   <div class='ocr_carea' id='block_1_39' title="bbox 1906 2118 3481 2186">
    <p class='ocr_par' dir='ltr' id='par_1_39' title="bbox 1906 2118 3481 2186">
     <span class='ocr_line' id='line_1_39' title="bbox 1906 2118 3481 2186; baseline 0.006 -14"><span class='ocrx_word' id='word_1_287' title='bbox 1906 2132 2030 2172; x_wconf 86' lang='lat' dir='ltr'><strong>cum</strong></span> <span class='ocrx_word' id='word_1_288' title='bbox 2076 2118 2218 2173; x_wconf 86' lang='lat' dir='ltr'><strong>unde</strong></span> <span class='ocrx_word' id='word_1_289' title='bbox 2249 2119 2351 2172; x_wconf 90' lang='lat' dir='ltr'><strong>hoc</strong></span> <span class='ocrx_word' id='word_1_290' title='bbox 2394 2120 2714 2175; x_wconf 83' lang='lat' dir='ltr'><strong>translatum</strong></span> <span class='ocrx_word' id='word_1_291' title='bbox 2748 2130 2850 2186; x_wconf 91' lang='lat' dir='ltr'><strong>est,</strong></span> <span class='ocrx_word' id='word_1_292' title='bbox 2890 2122 2998 2177; x_wconf 90' lang='lat' dir='ltr'><strong>tale</strong></span> <span class='ocrx_word' id='word_1_293' title='bbox 3053 2124 3215 2179; x_wconf 81' lang='lat' dir='ltr'><strong>habet</strong></span> <span class='ocrx_word' id='word_1_294' title='bbox 3257 2125 3481 2181; x_wconf 80' lang='lat' dir='ltr'><strong>verbum</strong></span> 
     </span>
    </p>
   </div>
   <div class='ocr_carea' id='block_1_40' title="bbox 1903 2209 3491 2288">
    <p class='ocr_par' dir='ltr' id='par_1_40' title="bbox 1903 2209 3491 2288">
     <span class='ocr_line' id='line_1_40' title="bbox 1903 2209 3491 2288; baseline 0.006 -26"><span class='ocrx_word' id='word_1_295' title='bbox 1903 2209 2048 2278; x_wconf 91' lang='lat' dir='ltr'><strong>quod</strong></span> <span class='ocrx_word' id='word_1_296' title='bbox 2091 2218 2383 2280; x_wconf 89' lang='lat' dir='ltr'><strong>utrumque</strong></span> <span class='ocrx_word' id='word_1_297' title='bbox 2436 2213 2610 2280; x_wconf 88' lang='lat' dir='ltr'><strong>possit</strong></span> <span class='ocrx_word' id='word_1_298' title='bbox 2672 2213 2920 2284; x_wconf 89' lang='lat' dir='ltr'><strong>intelligi.</strong></span> <span class='ocrx_word' id='word_1_299' title='bbox 2977 2212 3121 2284; x_wconf 82' lang='lat' dir='ltr'><strong>Ergo</strong></span> <span class='ocrx_word' id='word_1_300' title='bbox 3173 2216 3491 2288; x_wconf 89' lang='lat' dir='ltr'><strong>ambiguum</strong></span> 
     </span>
    </p>
   </div>
   <div class='ocr_carea' id='block_1_41' title="bbox 1914 2298 3485 2376">
    <p class='ocr_par' dir='ltr' id='par_1_41' title="bbox 1914 2298 3485 2376">
     <span class='ocr_line' id='line_1_41' title="bbox 1914 2298 3485 2376; baseline 0.006 -22"><span class='ocrx_word' id='word_1_301' title='bbox 1914 2310 2018 2355; x_wconf 89' lang='lat' dir='ltr'><strong>est.</strong></span> <span class='ocrx_word' id='word_1_302' title='bbox 2066 2298 2305 2355; x_wconf 84' lang='lat' dir='ltr'><strong>Possunt</strong></span> <span class='ocrx_word' id='word_1_303' title='bbox 2353 2301 2468 2356; x_wconf 68' lang='lat' dir='ltr'><strong>hare</strong></span> <span class='ocrx_word' id='word_1_304' title='bbox 2516 2311 2569 2356; x_wconf 92' lang='lat' dir='ltr'><strong>et</strong></span> <span class='ocrx_word' id='word_1_305' title='bbox 2601 2303 2672 2356; x_wconf 87' lang='lat' dir='ltr'><strong>ita</strong></span> <span class='ocrx_word' id='word_1_306' title='bbox 2716 2304 2933 2373; x_wconf 78' lang='lat' dir='ltr'><strong>exponi,</strong></span> <span class='ocrx_word' id='word_1_307' title='bbox 2981 2314 3041 2359; x_wconf 90' lang='lat' dir='ltr'><strong>ut</strong></span> <span class='ocrx_word' id='word_1_308' title='bbox 3091 2307 3144 2358; x_wconf 92' lang='lat' dir='ltr'><strong>in</strong></span> <span class='ocrx_word' id='word_1_309' title='bbox 3197 2306 3485 2376; x_wconf 84' lang='lat' dir='ltr'><strong>discipulis</strong></span> 
     </span>
    </p>
   </div>
   <div class='ocr_carea' id='block_1_42' title="bbox 1906 2391 3489 2462">
    <p class='ocr_par' dir='ltr' id='par_1_42' title="bbox 1906 2391 3489 2462">
     <span class='ocr_line' id='line_1_42' title="bbox 1906 2391 3489 2462; baseline 0.004 -16"><span class='ocrx_word' id='word_1_310' title='bbox 1906 2392 2174 2447; x_wconf 79' lang='lat' dir='ltr'><strong>universa:</strong></span> <span class='ocrx_word' id='word_1_311' title='bbox 2247 2393 2501 2462; x_wconf 82' lang='lat' dir='ltr'><strong>loquatur</strong></span> <span class='ocrx_word' id='word_1_312' title='bbox 2554 2391 2807 2449; x_wconf 64' lang='lat' dir='ltr'><strong>Ecclesiae</strong></span> <span class='ocrx_word' id='word_1_313' title='bbox 2871 2394 3154 2462; x_wconf 85' lang='lat' dir='ltr'><strong>Dominus,</strong></span> <span class='ocrx_word' id='word_1_314' title='bbox 3198 2395 3340 2450; x_wconf 84' lang='lat' dir='ltr'><strong>velut</strong></span> <span class='ocrx_word' id='word_1_315' title='bbox 3363 2396 3489 2453; x_wconf 87' lang='lat' dir='ltr'><strong>ibi:</strong></span> 
     </span>
    </p>
   </div>
   <div class='ocr_carea' id='block_1_43' title="bbox 1908 2482 3492 2556">
    <p class='ocr_par' dir='ltr' id='par_1_43' title="bbox 1908 2482 3492 2556">
     <span class='ocr_line' id='line_1_43' title="bbox 1908 2482 3492 2556; baseline 0.004 -22"><span class='ocrx_word' id='word_1_316' title='bbox 1908 2501 1928 2534; x_wconf 68' lang='grc' dir='ltr'><strong>ι</strong></span> <span class='ocrx_word' id='word_1_317' title='bbox 1962 2482 2099 2538; x_wconf 84' lang='lat' dir='ltr'><strong>Ecce</strong></span> <span class='ocrx_word' id='word_1_318' title='bbox 2126 2498 2227 2553; x_wconf 91' lang='lat' dir='ltr'><strong>ego</strong></span> <span class='ocrx_word' id='word_1_319' title='bbox 2254 2483 2540 2538; x_wconf 86' lang='lat' dir='ltr'><strong>vobiscum</strong></span> <span class='ocrx_word' id='word_1_320' title='bbox 2574 2500 2696 2539; x_wconf 91' lang='lat' dir='ltr'><strong>sum</strong></span> <span class='ocrx_word' id='word_1_321' title='bbox 2729 2501 2904 2556; x_wconf 87' lang='lat' dir='ltr'><strong>usque</strong></span> <span class='ocrx_word' id='word_1_322' title='bbox 2945 2486 3011 2540; x_wconf 91' lang='lat' dir='ltr'><strong>ad</strong></span> <span class='ocrx_word' id='word_1_323' title='bbox 3048 2488 3492 2543; x_wconf 85' lang='lat' dir='ltr'><strong>consummatio-</strong></span> 
     </span>
    </p>
   </div>
   <div class='ocr_carea' id='block_1_44' title="bbox 1901 2574 3491 2648">
    <p class='ocr_par' dir='ltr' id='par_1_44' title="bbox 1901 2574 3491 2648">
     <span class='ocr_line' id='line_1_44' title="bbox 1901 2574 3491 2648; baseline 0.005 -20"><span class='ocrx_word' id='word_1_324' title='bbox 1901 2591 2024 2629; x_wconf 89' lang='lat' dir='ltr'><strong>nem</strong></span> <span class='ocrx_word' id='word_1_325' title='bbox 2080 2576 2265 2630; x_wconf 68' lang='lat' dir='ltr'><strong>saeculi</strong></span> <span class='ocrx_word' id='word_1_326' title='bbox 2290 2574 2509 2645; x_wconf 80' lang='lat' dir='ltr'><strong>(Matth.</strong></span> <span class='ocrx_word' id='word_1_327' title='bbox 2539 2577 2753 2647; x_wconf 78' lang='lat' dir='ltr'><strong>xxviii).</strong></span> <span class='ocrx_word' id='word_1_328' title='bbox 2793 2597 2811 2629; x_wconf 75' lang='grc' dir='ltr'><strong>ι</strong></span> <span class='ocrx_word' id='word_1_329' title='bbox 2860 2576 3131 2633; x_wconf 87' lang='lat' dir='ltr'><strong>Modicum</strong></span> <span class='ocrx_word' id='word_1_330' title='bbox 3161 2578 3345 2648; x_wconf 85' lang='lat' dir='ltr'><strong>etjam</strong></span> <span class='ocrx_word' id='word_1_331' title='bbox 3378 2593 3491 2637; x_wconf 90' lang='lat' dir='ltr'><strong>non</strong></span> 
     </span>
    </p>
   </div>
   <div class='ocr_carea' id='block_1_45' title="bbox 1902 2666 3488 2739">
    <p class='ocr_par' dir='ltr' id='par_1_45' title="bbox 1902 2666 3488 2739">
     <span class='ocr_line' id='line_1_45' title="bbox 1902 2666 3488 2739; baseline 0.005 -20"><span class='ocrx_word' id='word_1_332' title='bbox 1902 2666 2156 2721; x_wconf 88' lang='lat' dir='ltr'><strong>videbitis</strong></span> <span class='ocrx_word' id='word_1_333' title='bbox 2196 2682 2304 2733; x_wconf 85' lang='lat' dir='ltr'><strong>me,</strong></span> <span class='ocrx_word' id='word_1_334' title='bbox 2335 2675 2390 2721; x_wconf 91' lang='lat' dir='ltr'><strong>et</strong></span> <span class='ocrx_word' id='word_1_335' title='bbox 2416 2668 2485 2721; x_wconf 89' lang='lat' dir='ltr'><strong>ad</strong></span> <span class='ocrx_word' id='word_1_336' title='bbox 2518 2668 2621 2723; x_wconf 89' lang='lat' dir='ltr'><strong>hoc</strong></span> <span class='ocrx_word' id='word_1_337' title='bbox 2663 2667 2919 2735; x_wconf 78' lang='lat' dir='ltr'><strong>refertur,</strong></span> <span class='ocrx_word' id='word_1_338' title='bbox 2958 2669 3087 2739; x_wconf 88' lang='lat' dir='ltr'><strong>quia</strong></span> <span class='ocrx_word' id='word_1_339' title='bbox 3123 2670 3262 2725; x_wconf 87' lang='lat' dir='ltr'><strong>vado</strong></span> <span class='ocrx_word' id='word_1_340' title='bbox 3286 2670 3352 2726; x_wconf 86' lang='lat' dir='ltr'><strong>ad</strong></span> <span class='ocrx_word' id='word_1_341' title='bbox 3379 2668 3488 2727; x_wconf 84' lang='lat' dir='ltr'><strong>Pa-</strong></span> 
     </span>
    </p>
   </div>
   <div class='ocr_carea' id='block_1_46' title="bbox 1897 2756 3494 2833">
    <p class='ocr_par' dir='ltr' id='par_1_46' title="bbox 1897 2756 3494 2833">
     <span class='ocr_line' id='line_1_46' title="bbox 1897 2756 3494 2833; baseline 0.005 -22"><span class='ocrx_word' id='word_1_342' title='bbox 1897 2767 2056 2811; x_wconf 88' lang='lat' dir='ltr'><strong>trcm.</strong></span> <span class='ocrx_word' id='word_1_343' title='bbox 2096 2756 2287 2813; x_wconf 79' lang='lat' dir='ltr'><strong>Eundo</strong></span> <span class='ocrx_word' id='word_1_344' title='bbox 2317 2757 2524 2813; x_wconf 88' lang='lat' dir='ltr'><strong>scilicet</strong></span> <span class='ocrx_word' id='word_1_345' title='bbox 2548 2758 2613 2813; x_wconf 87' lang='lat' dir='ltr'><strong>ad</strong></span> <span class='ocrx_word' id='word_1_346' title='bbox 2636 2757 3199 2825; x_wconf 85' lang='lat' dir='ltr'><strong>Patrem,subtraham</strong></span> <span class='ocrx_word' id='word_1_347' title='bbox 3232 2775 3494 2833; x_wconf 80' lang='lat' dir='ltr'><strong>corpora-</strong></span> 
     </span>
    </p>
   </div>
   <div class='ocr_carea' id='block_1_47' title="bbox 1898 2848 3493 2915">
    <p class='ocr_par' dir='ltr' id='par_1_47' title="bbox 1898 2848 3493 2915">
     <span class='ocr_line' id='line_1_47' title="bbox 1898 2848 3493 2915; baseline 0.005 -13"><span class='ocrx_word' id='word_1_348' title='bbox 1898 2848 2003 2902; x_wconf 89' lang='lat' dir='ltr'><strong>lem</strong></span> <span class='ocrx_word' id='word_1_349' title='bbox 2063 2848 2350 2915; x_wconf 87' lang='lat' dir='ltr'><strong>visionem,</strong></span> <span class='ocrx_word' id='word_1_350' title='bbox 2398 2858 2457 2904; x_wconf 93' lang='lat' dir='ltr'><strong>ut</strong></span> <span class='ocrx_word' id='word_1_351' title='bbox 2513 2848 2790 2906; x_wconf 87' lang='lat' dir='ltr'><strong>fructuose</strong></span> <span class='ocrx_word' id='word_1_352' title='bbox 2836 2851 3022 2907; x_wconf 87' lang='lat' dir='ltr'><strong>credat</strong></span> <span class='ocrx_word' id='word_1_353' title='bbox 3070 2850 3331 2909; x_wconf 86' lang='lat' dir='ltr'><strong>Ecclesia.</strong></span> <span class='ocrx_word' id='word_1_354' title='bbox 3367 2871 3388 2906; x_wconf 74' lang='grc' dir='ltr'><strong>ι</strong></span> <span class='ocrx_word' id='word_1_355' title='bbox 3425 2853 3493 2910; x_wconf 80' lang='lat' dir='ltr'><strong>Et</strong></span> 
     </span>
    </p>
   </div>
   <div class='ocr_carea' id='block_1_48' title="bbox 1897 2938 3483 3002">
    <p class='ocr_par' dir='ltr' id='par_1_48' title="bbox 1897 2938 3483 3002">
     <span class='ocr_line' id='line_1_48' title="bbox 1897 2938 3483 3002; baseline 0.007 -11"><span class='ocrx_word' id='word_1_356' title='bbox 1897 2938 2092 2992; x_wconf 88' lang='lat' dir='ltr'><strong>iterum</strong></span> <span class='ocrx_word' id='word_1_357' title='bbox 2143 2939 2418 2995; x_wconf 89' lang='lat' dir='ltr'><strong>modicum</strong></span> <span class='ocrx_word' id='word_1_358' title='bbox 2459 2950 2513 2996; x_wconf 90' lang='lat' dir='ltr'><strong>et</strong></span> <span class='ocrx_word' id='word_1_359' title='bbox 2540 2942 2791 2997; x_wconf 89' lang='lat' dir='ltr'><strong>videbitis</strong></span> <span class='ocrx_word' id='word_1_360' title='bbox 2834 2959 2920 2997; x_wconf 91' lang='lat' dir='ltr'><strong>me</strong></span> <span class='ocrx_word' id='word_1_361' title='bbox 2958 2963 2975 2995; x_wconf 75' lang='grc' dir='ltr'><strong>ι</strong></span> <span class='ocrx_word' id='word_1_362' title='bbox 3005 2956 3204 2999; x_wconf 61' lang='lat' dir='ltr'><strong>aeterna</strong></span> <span class='ocrx_word' id='word_1_363' title='bbox 3252 2945 3483 3002; x_wconf 79' lang='lat' dir='ltr'><strong>visione.</strong></span> 
     </span>
    </p>
   </div>
   <div class='ocr_carea' id='block_1_49' title="bbox 229 3029 3488 3109">
    <p class='ocr_par' dir='ltr' id='par_1_49' title="bbox 229 3029 3488 3109">
     <span class='ocr_line' id='line_1_49' title="bbox 229 3029 3488 3109; baseline 0.003 -26"><span class='ocrx_word' id='word_1_364' title='bbox 229 3038 327 3106; x_wconf 80' lang='lat' dir='ltr'><strong>jam</strong></span> <span class='ocrx_word' id='word_1_365' title='bbox 369 3052 470 3092; x_wconf 78' lang='lat' dir='ltr'><strong>non</strong></span> <span class='ocrx_word' id='word_1_366' title='bbox 497 3037 755 3093; x_wconf 67' lang='lat' dir='ltr'><strong>videbitis</strong></span> <span class='ocrx_word' id='word_1_367' title='bbox 782 3052 869 3092; x_wconf 77' lang='lat' dir='ltr'><strong>me</strong></span> <span class='ocrx_word' id='word_1_368' title='bbox 896 3035 1100 3108; x_wconf 55' lang='lat' dir='ltr'><strong>(MM),</strong></span> <span class='ocrx_word' id='word_1_369' title='bbox 1139 3056 1158 3088; x_wconf 76' lang='grc' dir='ltr'><strong>ι</strong></span> <span class='ocrx_word' id='word_1_370' title='bbox 1194 3038 1323 3108; x_wconf 75' lang='lat' dir='ltr'><strong>quia</strong></span> <span class='ocrx_word' id='word_1_371' title='bbox 1351 3037 1560 3094; x_wconf 67' lang='lat' dir='ltr'><strong>scilicet</strong></span> <span class='ocrx_word' id='word_1_372' title='bbox 1588 3050 1794 3096; x_wconf 59' lang='lat' dir='ltr'><strong>moria-</strong></span> <span class='ocrx_word' id='word_1_373' title='bbox 1818 3046 1864 3108; x_wconf 73' lang='grc' dir='ltr'>ο</span> <span class='ocrx_word' id='word_1_374' title='bbox 1897 3029 2165 3086; x_wconf 84' lang='lat' dir='ltr'><strong>Modicum</strong></span> <span class='ocrx_word' id='word_1_375' title='bbox 2196 3034 2494 3087; x_wconf 89' lang='lat' dir='ltr'><strong>secundum</strong></span> <span class='ocrx_word' id='word_1_376' title='bbox 2525 3034 2666 3090; x_wconf 90' lang='lat' dir='ltr'><strong>hanc</strong></span> <span class='ocrx_word' id='word_1_377' title='bbox 2696 3035 3020 3090; x_wconf 86' lang='lat' dir='ltr'><strong>sententiam</strong></span> <span class='ocrx_word' id='word_1_378' title='bbox 3059 3037 3297 3108; x_wconf 78' lang='lat' dir='ltr'><strong>intelligo</strong></span> <span class='ocrx_word' id='word_1_379' title='bbox 3325 3038 3488 3109; x_wconf 85' lang='lat' dir='ltr'><strong>hujus</strong></span> 
     </span>
    </p>
   </div>
   <div class='ocr_carea' id='block_1_50' title="bbox 232 3128 1495 3205">
    <p class='ocr_par' dir='ltr' id='par_1_50' title="bbox 232 3128 1495 3205">
     <span class='ocr_line' id='line_1_50' title="bbox 232 3128 1495 3205; baseline 0 -22"><span class='ocrx_word' id='word_1_380' title='bbox 232 3129 321 3183; x_wconf 88' lang='lat' dir='ltr'><strong>lem</strong></span> <span class='ocrx_word' id='word_1_381' title='bbox 348 3144 465 3184; x_wconf 90' lang='lat' dir='ltr'><strong>eum</strong></span> <span class='ocrx_word' id='word_1_382' title='bbox 494 3145 613 3184; x_wconf 88' lang='lat' dir='ltr'><strong>non</strong></span> <span class='ocrx_word' id='word_1_383' title='bbox 654 3129 889 3200; x_wconf 89' lang='lat' dir='ltr'><strong>amplius</strong></span> <span class='ocrx_word' id='word_1_384' title='bbox 912 3128 1182 3183; x_wconf 88' lang='lat' dir='ltr'><strong>viderent.</strong></span> <span class='ocrx_word' id='word_1_385' title='bbox 1486 3198 1495 3205; x_wconf 82' lang='lat'><em>_</em></span> 
     </span>
    </p>
   </div>
   <div class='ocr_carea' id='block_1_51' title="bbox 294 3219 1788 3293">
    <p class='ocr_par' dir='ltr' id='par_1_51' title="bbox 294 3219 1788 3293">
     <span class='ocr_line' id='line_1_51' title="bbox 294 3219 1788 3293; baseline 0.004 -22"><span class='ocrx_word' id='word_1_386' title='bbox 294 3240 310 3271; x_wconf 82' lang='grc' dir='ltr'><strong>ι</strong></span> <span class='ocrx_word' id='word_1_387' title='bbox 335 3221 597 3293; x_wconf 78' lang='lat' dir='ltr'><strong>Cognovit</strong></span> <span class='ocrx_word' id='word_1_388' title='bbox 623 3230 807 3276; x_wconf 79' lang='lat' dir='ltr'><strong>autem</strong></span> <span class='ocrx_word' id='word_1_389' title='bbox 844 3219 1006 3277; x_wconf 68' lang='lat' dir='ltr'><strong>Iesus</strong></span> <span class='ocrx_word' id='word_1_390' title='bbox 1027 3222 1156 3292; x_wconf 89' lang='lat' dir='ltr'><strong>quia</strong></span> <span class='ocrx_word' id='word_1_391' title='bbox 1186 3222 1439 3278; x_wconf 83' lang='lat' dir='ltr'><strong>volebant</strong></span> <span class='ocrx_word' id='word_1_392' title='bbox 1462 3238 1588 3278; x_wconf 90' lang='lat' dir='ltr'><strong>eum</strong></span> <span class='ocrx_word' id='word_1_393' title='bbox 1619 3222 1788 3278; x_wconf 89' lang='lat' dir='ltr'><strong>inter-</strong></span> 
     </span>
    </p>
   </div>
   <div class='ocr_carea' id='block_1_52' title="bbox 230 3313 1790 3385">
    <p class='ocr_par' dir='ltr' id='par_1_52' title="bbox 230 3313 1790 3385">
     <span class='ocr_line' id='line_1_52' title="bbox 230 3313 1790 3385; baseline 0.001 -18"><span class='ocrx_word' id='word_1_394' title='bbox 230 3329 419 3383; x_wconf 85' lang='lat' dir='ltr'><strong>rogare,</strong></span> <span class='ocrx_word' id='word_1_395' title='bbox 448 3323 497 3368; x_wconf 90' lang='lat' dir='ltr'><strong>et</strong></span> <span class='ocrx_word' id='word_1_396' title='bbox 533 3314 717 3369; x_wconf 81' lang='lat' dir='ltr'><strong>dixit:</strong></span> <span class='ocrx_word' id='word_1_397' title='bbox 765 3313 839 3369; x_wconf 90' lang='lat' dir='ltr'><strong>De</strong></span> <span class='ocrx_word' id='word_1_398' title='bbox 880 3314 982 3370; x_wconf 90' lang='lat' dir='ltr'><strong>hoc</strong></span> <span class='ocrx_word' id='word_1_399' title='bbox 1020 3314 1263 3385; x_wconf 71' lang='lat' dir='ltr'><strong>quaeritis</strong></span> <span class='ocrx_word' id='word_1_400' title='bbox 1293 3314 1435 3368; x_wconf 88' lang='lat' dir='ltr'><strong>inter</strong></span> <span class='ocrx_word' id='word_1_401' title='bbox 1487 3328 1608 3378; x_wconf 84' lang='lat' dir='ltr'><strong>vos,</strong></span> <span class='ocrx_word' id='word_1_402' title='bbox 1662 3313 1790 3383; x_wconf 90' lang='lat' dir='ltr'><strong>quia</strong></span> 
     </span>
    </p>
   </div>
   <div class='ocr_carea' id='block_1_53' title="bbox 228 3402 1786 3471">
    <p class='ocr_par' dir='ltr' id='par_1_53' title="bbox 228 3402 1786 3471">
     <span class='ocr_line' id='line_1_53' title="bbox 228 3402 1786 3471; baseline 0.001 -15"><span class='ocrx_word' id='word_1_403' title='bbox 228 3403 323 3457; x_wconf 81' lang='lat' dir='ltr'><strong>dixi</strong></span> <span class='ocrx_word' id='word_1_404' title='bbox 368 3402 689 3460; x_wconf 81' lang='lat' dir='ltr'><strong>:Modicum</strong></span> <span class='ocrx_word' id='word_1_405' title='bbox 750 3414 804 3459; x_wconf 90' lang='lat' dir='ltr'><strong>et</strong></span> <span class='ocrx_word' id='word_1_406' title='bbox 848 3419 957 3459; x_wconf 88' lang='lat' dir='ltr'><strong>non</strong></span> <span class='ocrx_word' id='word_1_407' title='bbox 1005 3404 1256 3459; x_wconf 89' lang='lat' dir='ltr'><strong>videbitis</strong></span> <span class='ocrx_word' id='word_1_408' title='bbox 1306 3419 1429 3471; x_wconf 89' lang='lat' dir='ltr'><strong>me,</strong></span> <span class='ocrx_word' id='word_1_409' title='bbox 1487 3412 1542 3459; x_wconf 89' lang='lat' dir='ltr'><strong>et</strong></span> <span class='ocrx_word' id='word_1_410' title='bbox 1589 3404 1786 3458; x_wconf 86' lang='lat' dir='ltr'><strong>iterum</strong></span> 
     </span>
    </p>
   </div>
   <div class='ocr_carea' id='block_1_54' title="bbox 228 3496 1790 3564">
    <p class='ocr_par' dir='ltr' id='par_1_54' title="bbox 228 3496 1790 3564">
     <span class='ocr_line' id='line_1_54' title="bbox 228 3496 1790 3564; baseline 0 -14"><span class='ocrx_word' id='word_1_411' title='bbox 228 3498 497 3564; x_wconf 88' lang='lat' dir='ltr'><strong>modicum,</strong></span> <span class='ocrx_word' id='word_1_412' title='bbox 537 3509 599 3554; x_wconf 91' lang='lat' dir='ltr'><strong>et</strong></span> <span class='ocrx_word' id='word_1_413' title='bbox 625 3498 878 3553; x_wconf 89' lang='lat' dir='ltr'><strong>videbitis</strong></span> <span class='ocrx_word' id='word_1_414' title='bbox 907 3513 1014 3552; x_wconf 91' lang='lat' dir='ltr'><strong>me.</strong></span> <span class='ocrx_word' id='word_1_415' title='bbox 1056 3496 1251 3563; x_wconf 84' lang='lat' dir='ltr'><strong>Amen,</strong></span> <span class='ocrx_word' id='word_1_416' title='bbox 1298 3512 1455 3552; x_wconf 90' lang='lat' dir='ltr'><strong>amen</strong></span> <span class='ocrx_word' id='word_1_417' title='bbox 1481 3497 1603 3552; x_wconf 89' lang='lat' dir='ltr'><strong>dico</strong></span> <span class='ocrx_word' id='word_1_418' title='bbox 1634 3496 1790 3551; x_wconf 90' lang='lat' dir='ltr'><strong>vobis</strong></span> 
     </span>
    </p>
   </div>
   <div class='ocr_carea' id='block_1_55' title="bbox 227 3588 1789 3660">
    <p class='ocr_par' dir='ltr' id='par_1_55' title="bbox 227 3588 1789 3660">
     <span class='ocr_line' id='line_1_55' title="bbox 227 3588 1789 3660; baseline 0.001 -17"><span class='ocrx_word' id='word_1_419' title='bbox 227 3590 336 3657; x_wconf 87' lang='lat' dir='ltr'><strong>quia</strong></span> <span class='ocrx_word' id='word_1_420' title='bbox 363 3590 650 3658; x_wconf 89' lang='lat' dir='ltr'><strong>plorabitis</strong></span> <span class='ocrx_word' id='word_1_421' title='bbox 698 3599 753 3645; x_wconf 90' lang='lat' dir='ltr'><strong>et</strong></span> <span class='ocrx_word' id='word_1_422' title='bbox 780 3590 979 3644; x_wconf 85' lang='lat' dir='ltr'><strong>ﬂebitis</strong></span> <span class='ocrx_word' id='word_1_423' title='bbox 1010 3604 1126 3649; x_wconf 89' lang='lat' dir='ltr'><strong>vos.</strong></span> <span class='ocrx_word' id='word_1_424' title='bbox 1151 3588 1389 3643; x_wconf 90' lang='lat' dir='ltr'><strong>mundus</strong></span> <span class='ocrx_word' id='word_1_425' title='bbox 1420 3599 1601 3645; x_wconf 90' lang='lat' dir='ltr'><strong>autem</strong></span> <span class='ocrx_word' id='word_1_426' title='bbox 1651 3606 1789 3660; x_wconf 66' lang='lat' dir='ltr'><strong>gau~</strong></span> 
     </span>
    </p>
   </div>
   <div class='ocr_carea' id='block_1_56' title="bbox 224 3681 1788 3747">
    <p class='ocr_par' dir='ltr' id='par_1_56' title="bbox 224 3681 1788 3747">
     <span class='ocr_line' id='line_1_56' title="bbox 224 3681 1788 3747; baseline 0.003 -12"><span class='ocrx_word' id='word_1_427' title='bbox 224 3681 367 3738; x_wconf 89' lang='lat' dir='ltr'><strong>debit.</strong></span> <span class='ocrx_word' id='word_1_428' title='bbox 390 3683 495 3741; x_wconf 84' lang='lat' dir='ltr'><strong>Vos</strong></span> <span class='ocrx_word' id='word_1_429' title='bbox 511 3694 699 3739; x_wconf 89' lang='lat' dir='ltr'><strong>autem</strong></span> <span class='ocrx_word' id='word_1_430' title='bbox 734 3684 1217 3747; x_wconf 82' lang='lat' dir='ltr'><strong>contristabimini,</strong></span> <span class='ocrx_word' id='word_1_431' title='bbox 1242 3684 1333 3739; x_wconf 91' lang='lat' dir='ltr'><strong>sed</strong></span> <span class='ocrx_word' id='word_1_432' title='bbox 1357 3684 1577 3739; x_wconf 88' lang='lat' dir='ltr'><strong>tristitia</strong></span> <span class='ocrx_word' id='word_1_433' title='bbox 1606 3694 1788 3740; x_wconf 88' lang='lat' dir='ltr'><strong>vestra</strong></span> 
     </span>
    </p>
   </div>
   <div class='ocr_carea' id='block_1_57' title="bbox 223 3775 1790 3847">
    <p class='ocr_par' dir='ltr' id='par_1_57' title="bbox 223 3775 1790 3847">
     <span class='ocr_line' id='line_1_57' title="bbox 223 3775 1790 3847; baseline 0.003 -20"><span class='ocrx_word' id='word_1_434' title='bbox 223 3784 441 3830; x_wconf 86' lang='lat' dir='ltr'><strong>vertetur</strong></span> <span class='ocrx_word' id='word_1_435' title='bbox 474 3776 527 3831; x_wconf 90' lang='lat' dir='ltr'><strong>in</strong></span> <span class='ocrx_word' id='word_1_436' title='bbox 580 3777 865 3847; x_wconf 81' lang='lat' dir='ltr'><strong>gaudium.</strong></span> <span class='ocrx_word' id='word_1_437' title='bbox 905 3795 922 3827; x_wconf 75' lang='grc' dir='ltr'><strong>ι</strong></span> <span class='ocrx_word' id='word_1_438' title='bbox 958 3775 1277 3830; x_wconf 78' lang='lat' dir='ltr'><strong>Contristati</strong></span> <span class='ocrx_word' id='word_1_439' title='bbox 1331 3784 1458 3830; x_wconf 90' lang='lat' dir='ltr'><strong>sunt</strong></span> <span class='ocrx_word' id='word_1_440' title='bbox 1497 3776 1564 3830; x_wconf 88' lang='lat' dir='ltr'><strong>de</strong></span> <span class='ocrx_word' id='word_1_441' title='bbox 1614 3786 1790 3833; x_wconf 90' lang='lat' dir='ltr'><strong>morte</strong></span> 
     </span>
    </p>
   </div>
   <div class='ocr_carea' id='block_1_58' title="bbox 225 3861 1788 3933">
    <p class='ocr_par' dir='ltr' id='par_1_58' title="bbox 225 3861 1788 3933">
     <span class='ocr_line' id='line_1_58' title="bbox 225 3861 1788 3933; baseline 0.005 -18"><span class='ocrx_word' id='word_1_442' title='bbox 225 3861 437 3933; x_wconf 87' lang='lat' dir='ltr'><strong>Domini,</strong></span> <span class='ocrx_word' id='word_1_443' title='bbox 473 3867 566 3921; x_wconf 90' lang='lat' dir='ltr'><strong>sed</strong></span> <span class='ocrx_word' id='word_1_444' title='bbox 600 3882 729 3921; x_wconf 83' lang='lat' dir='ltr'><strong>mox</strong></span> <span class='ocrx_word' id='word_1_445' title='bbox 778 3867 845 3921; x_wconf 93' lang='lat' dir='ltr'><strong>de</strong></span> <span class='ocrx_word' id='word_1_446' title='bbox 871 3867 1273 3921; x_wconf 89' lang='lat' dir='ltr'><strong>resurrectione</strong></span> <span class='ocrx_word' id='word_1_447' title='bbox 1315 3866 1498 3921; x_wconf 76' lang='lat' dir='ltr'><strong>laetati.</strong></span> <span class='ocrx_word' id='word_1_448' title='bbox 1554 3865 1788 3924; x_wconf 81' lang='lat' dir='ltr'><strong>Mundus</strong></span> 
     </span>
    </p>
   </div>
   <div class='ocr_carea' id='block_1_59' title="bbox 222 3957 1787 4032">
    <p class='ocr_par' dir='ltr' id='par_1_59' title="bbox 222 3957 1787 4032">
     <span class='ocr_line' id='line_1_59' title="bbox 222 3957 1787 4032; baseline 0.004 -23"><span class='ocrx_word' id='word_1_449' title='bbox 222 3964 382 4013; x_wconf 88' lang='lat' dir='ltr'><strong>autem</strong></span> <span class='ocrx_word' id='word_1_450' title='bbox 423 3959 704 4032; x_wconf 87' lang='lat' dir='ltr'><strong>signiticat</strong></span> <span class='ocrx_word' id='word_1_451' title='bbox 752 3958 842 4014; x_wconf 91' lang='lat' dir='ltr'><strong>hic</strong></span> <span class='ocrx_word' id='word_1_452' title='bbox 896 3958 1172 4021; x_wconf 89' lang='lat' dir='ltr'><strong>inimicos,</strong></span> <span class='ocrx_word' id='word_1_453' title='bbox 1203 3972 1235 4011; x_wconf 92' lang='lat' dir='ltr'><strong>a</strong></span> <span class='ocrx_word' id='word_1_454' title='bbox 1288 3957 1490 4027; x_wconf 89' lang='lat' dir='ltr'><strong>quibus</strong></span> <span class='ocrx_word' id='word_1_455' title='bbox 1539 3961 1787 4015; x_wconf 85' lang='lat' dir='ltr'><strong>occissus</strong></span> 
     </span>
    </p>
   </div>
   <div class='ocr_carea' id='block_1_60' title="bbox 222 4046 581 4105">
    <p class='ocr_par' dir='ltr' id='par_1_60' title="bbox 222 4046 581 4105">
     <span class='ocr_line' id='line_1_60' title="bbox 222 4046 581 4105; baseline 0.011 -4"><span class='ocrx_word' id='word_1_456' title='bbox 222 4056 293 4102; x_wconf 85' lang='lat' dir='ltr'><strong>est</strong></span> <span class='ocrx_word' id='word_1_457' title='bbox 315 4046 581 4105; x_wconf 84' lang='lat' dir='ltr'><strong>Christus.</strong></span> 
     </span>
    </p>
   </div>
   <div class='ocr_carea' id='block_1_61' title="bbox 284 4137 1789 4209">
    <p class='ocr_par' dir='ltr' id='par_1_61' title="bbox 284 4137 1789 4209">
     <span class='ocr_line' id='line_1_61' title="bbox 284 4137 1789 4209; baseline 0.002 -19"><span class='ocrx_word' id='word_1_458' title='bbox 284 4157 303 4190; x_wconf 74' lang='grc' dir='ltr'><strong>ι</strong></span> <span class='ocrx_word' id='word_1_459' title='bbox 348 4137 537 4194; x_wconf 82' lang='lat' dir='ltr'><strong>Mulier</strong></span> <span class='ocrx_word' id='word_1_460' title='bbox 567 4155 699 4194; x_wconf 87' lang='lat' dir='ltr'><strong>cum</strong></span> <span class='ocrx_word' id='word_1_461' title='bbox 730 4138 872 4209; x_wconf 89' lang='lat' dir='ltr'><strong>parit</strong></span> <span class='ocrx_word' id='word_1_462' title='bbox 929 4137 1207 4193; x_wconf 90' lang='lat' dir='ltr'><strong>tristitiam</strong></span> <span class='ocrx_word' id='word_1_463' title='bbox 1253 4137 1434 4203; x_wconf 87' lang='lat' dir='ltr'><strong>habet,</strong></span> <span class='ocrx_word' id='word_1_464' title='bbox 1483 4137 1611 4208; x_wconf 92' lang='lat' dir='ltr'><strong>quia</strong></span> <span class='ocrx_word' id='word_1_465' title='bbox 1642 4138 1789 4193; x_wconf 90' lang='lat' dir='ltr'><strong>venit</strong></span> 
     </span>
    </p>
   </div>
   <div class='ocr_carea' id='block_1_62' title="bbox 220 4228 1787 4301">
    <p class='ocr_par' dir='ltr' id='par_1_62' title="bbox 220 4228 1787 4301">
     <span class='ocr_line' id='line_1_62' title="bbox 220 4228 1787 4301; baseline -0.001 -17"><span class='ocrx_word' id='word_1_466' title='bbox 220 4231 337 4285; x_wconf 86' lang='lat' dir='ltr'><strong>hora</strong></span> <span class='ocrx_word' id='word_1_467' title='bbox 362 4232 496 4300; x_wconf 89' lang='lat' dir='ltr'><strong>ejus.</strong></span> <span class='ocrx_word' id='word_1_468' title='bbox 515 4233 660 4287; x_wconf 91' lang='lat' dir='ltr'><strong>Cum</strong></span> <span class='ocrx_word' id='word_1_469' title='bbox 688 4244 868 4285; x_wconf 89' lang='lat' dir='ltr'><strong>autem</strong></span> <span class='ocrx_word' id='word_1_470' title='bbox 896 4231 1103 4300; x_wconf 86' lang='lat' dir='ltr'><strong>peperit</strong></span> <span class='ocrx_word' id='word_1_471' title='bbox 1132 4228 1507 4301; x_wconf 85' lang='lat' dir='ltr'><strong>puerum,jam</strong></span> <span class='ocrx_word' id='word_1_472' title='bbox 1535 4246 1642 4284; x_wconf 88' lang='lat' dir='ltr'><strong>non</strong></span> <span class='ocrx_word' id='word_1_473' title='bbox 1673 4246 1787 4284; x_wconf 88' lang='lat' dir='ltr'><strong>me-</strong></span> 
     </span>
    </p>
   </div>
   <div class='ocr_carea' id='block_1_63' title="bbox 216 4322 1786 4394">
    <p class='ocr_par' dir='ltr' id='par_1_63' title="bbox 216 4322 1786 4394">
     <span class='ocr_line' id='line_1_63' title="bbox 216 4322 1786 4394; baseline 0.001 -21"><span class='ocrx_word' id='word_1_474' title='bbox 216 4322 359 4376; x_wconf 87' lang='lat' dir='ltr'><strong>minit</strong></span> <span class='ocrx_word' id='word_1_475' title='bbox 402 4338 679 4393; x_wconf 62' lang='lat' dir='ltr'><strong>pressura:</strong></span> <span class='ocrx_word' id='word_1_476' title='bbox 731 4331 954 4393; x_wconf 91' lang='lat' dir='ltr'><strong>propter</strong></span> <span class='ocrx_word' id='word_1_477' title='bbox 1002 4322 1284 4394; x_wconf 78' lang='lat' dir='ltr'><strong>gaudium,</strong></span> <span class='ocrx_word' id='word_1_478' title='bbox 1327 4322 1454 4392; x_wconf 90' lang='lat' dir='ltr'><strong>quia</strong></span> <span class='ocrx_word' id='word_1_479' title='bbox 1506 4330 1669 4377; x_wconf 89' lang='lat' dir='ltr'><strong>natus</strong></span> <span class='ocrx_word' id='word_1_480' title='bbox 1703 4330 1786 4377; x_wconf 90' lang='lat' dir='ltr'><strong>est</strong></span> 
     </span>
    </p>
   </div>
   <div class='ocr_carea' id='block_1_64' title="bbox 1896 3122 3488 3198">
    <p class='ocr_par' dir='ltr' id='par_1_64' title="bbox 1896 3122 3488 3198">
     <span class='ocr_line' id='line_1_64' title="bbox 1896 3122 3488 3198; baseline 0.006 -23"><span class='ocrx_word' id='word_1_481' title='bbox 1896 3122 2227 3191; x_wconf 86' lang='lat' dir='ltr'><strong>pervolantis</strong></span> <span class='ocrx_word' id='word_1_482' title='bbox 2272 3123 2455 3178; x_wconf 68' lang='lat' dir='ltr'><strong>saeculi</strong></span> <span class='ocrx_word' id='word_1_483' title='bbox 2511 3132 2745 3194; x_wconf 88' lang='lat' dir='ltr'><strong>tempus.</strong></span> <span class='ocrx_word' id='word_1_484' title='bbox 2772 3124 3083 3190; x_wconf 87' lang='lat' dir='ltr'><strong>Plorabitis,</strong></span> <span class='ocrx_word' id='word_1_485' title='bbox 3124 3128 3319 3197; x_wconf 86' lang='lat' dir='ltr'><strong>inquit,</strong></span> <span class='ocrx_word' id='word_1_486' title='bbox 3356 3129 3488 3198; x_wconf 87' lang='lat' dir='ltr'><strong>quia</strong></span> 
     </span>
    </p>
   </div>
   <div class='ocr_carea' id='block_1_65' title="bbox 1893 3214 3486 3286">
    <p class='ocr_par' dir='ltr' id='par_1_65' title="bbox 1893 3214 3486 3286">
     <span class='ocr_line' id='line_1_65' title="bbox 1893 3214 3486 3286; baseline 0.004 -19"><span class='ocrx_word' id='word_1_487' title='bbox 1893 3214 2108 3283; x_wconf 86' lang='lat' dir='ltr'><strong>plorant</strong></span> <span class='ocrx_word' id='word_1_488' title='bbox 2143 3229 2334 3269; x_wconf 89' lang='lat' dir='ltr'><strong>omnes</strong></span> <span class='ocrx_word' id='word_1_489' title='bbox 2391 3215 2518 3270; x_wconf 92' lang='lat' dir='ltr'><strong>boni</strong></span> <span class='ocrx_word' id='word_1_490' title='bbox 2567 3216 2620 3269; x_wconf 90' lang='lat' dir='ltr'><strong>in</strong></span> <span class='ocrx_word' id='word_1_491' title='bbox 2678 3217 2941 3279; x_wconf 71' lang='lat' dir='ltr'><strong>aerumnis</strong></span> <span class='ocrx_word' id='word_1_492' title='bbox 2989 3218 3155 3286; x_wconf 91' lang='lat' dir='ltr'><strong>hujus</strong></span> <span class='ocrx_word' id='word_1_493' title='bbox 3188 3218 3333 3284; x_wconf 64' lang='lat' dir='ltr'><strong>vitae,</strong></span> <span class='ocrx_word' id='word_1_494' title='bbox 3390 3218 3486 3273; x_wconf 86' lang='lat' dir='ltr'><strong>sed</strong></span> 
     </span>
    </p>
   </div>
   <div class='ocr_carea' id='block_1_66' title="bbox 1893 3307 3485 3378">
    <p class='ocr_par' dir='ltr' id='par_1_66' title="bbox 1893 3307 3485 3378">
     <span class='ocr_line' id='line_1_66' title="bbox 1893 3307 3485 3378; baseline 0.003 -20"><span class='ocrx_word' id='word_1_495' title='bbox 1893 3307 2079 3360; x_wconf 83' lang='lat' dir='ltr'><strong>mundi</strong></span> <span class='ocrx_word' id='word_1_496' title='bbox 2101 3317 2373 3362; x_wconf 89' lang='lat' dir='ltr'><strong>amatores</strong></span> <span class='ocrx_word' id='word_1_497' title='bbox 2402 3308 2658 3378; x_wconf 80' lang='lat' dir='ltr'><strong>gaudent.</strong></span> <span class='ocrx_word' id='word_1_498' title='bbox 2684 3308 2960 3364; x_wconf 82' lang='lat' dir='ltr'><strong>Mulierem</strong></span> <span class='ocrx_word' id='word_1_499' title='bbox 2989 3310 3225 3365; x_wconf 88' lang='lat' dir='ltr'><strong>dicimus</strong></span> <span class='ocrx_word' id='word_1_500' title='bbox 3240 3320 3485 3365; x_wconf 88' lang='lat' dir='ltr'><strong>sanctam</strong></span> 
     </span>
    </p>
   </div>
   <div class='ocr_carea' id='block_1_67' title="bbox 1896 3397 3484 3471">
    <p class='ocr_par' dir='ltr' id='par_1_67' title="bbox 1896 3397 3484 3471">
     <span class='ocr_line' id='line_1_67' title="bbox 1896 3397 3484 3471; baseline 0.003 -20"><span class='ocrx_word' id='word_1_501' title='bbox 1896 3397 2194 3454; x_wconf 86' lang='lat' dir='ltr'><strong>Eeelesiam</strong></span> <span class='ocrx_word' id='word_1_502' title='bbox 2239 3407 2460 3469; x_wconf 90' lang='lat' dir='ltr'><strong>propter</strong></span> <span class='ocrx_word' id='word_1_503' title='bbox 2503 3399 2888 3456; x_wconf 81' lang='lat' dir='ltr'><strong>fecunditatem</strong></span> <span class='ocrx_word' id='word_1_504' title='bbox 2938 3401 3207 3456; x_wconf 89' lang='lat' dir='ltr'><strong>bonorum</strong></span> <span class='ocrx_word' id='word_1_505' title='bbox 3232 3415 3484 3471; x_wconf 85' lang='lat' dir='ltr'><strong>operum,</strong></span> 
     </span>
    </p>
   </div>
   <div class='ocr_carea' id='block_1_68' title="bbox 1891 3491 3483 3564">
    <p class='ocr_par' dir='ltr' id='par_1_68' title="bbox 1891 3491 3483 3564">
     <span class='ocr_line' id='line_1_68' title="bbox 1891 3491 3483 3564; baseline 0.001 -18"><span class='ocrx_word' id='word_1_506' title='bbox 1891 3501 1947 3547; x_wconf 90' lang='lat' dir='ltr'><strong>et</strong></span> <span class='ocrx_word' id='word_1_507' title='bbox 1970 3492 2098 3562; x_wconf 89' lang='lat' dir='ltr'><strong>quia</strong></span> <span class='ocrx_word' id='word_1_508' title='bbox 2124 3492 2434 3562; x_wconf 89' lang='lat' dir='ltr'><strong>spirituales</strong></span> <span class='ocrx_word' id='word_1_509' title='bbox 2459 3491 2689 3547; x_wconf 85' lang='lat' dir='ltr'><strong>Domino</strong></span> <span class='ocrx_word' id='word_1_510' title='bbox 2713 3493 2852 3548; x_wconf 80' lang='lat' dir='ltr'><strong>ﬁlios</strong></span> <span class='ocrx_word' id='word_1_511' title='bbox 2881 3493 3103 3564; x_wconf 87' lang='lat' dir='ltr'><strong>gignere</strong></span> <span class='ocrx_word' id='word_1_512' title='bbox 3119 3509 3229 3548; x_wconf 88' lang='lat' dir='ltr'><strong>non</strong></span> <span class='ocrx_word' id='word_1_513' title='bbox 3262 3493 3483 3561; x_wconf 84' lang='lat' dir='ltr'><strong>desiuit,</strong></span> 
     </span>
    </p>
   </div>
   <div class='ocr_carea' id='block_1_69' title="bbox 1891 3585 3483 3656">
    <p class='ocr_par' dir='ltr' id='par_1_69' title="bbox 1891 3585 3483 3656">
     <span class='ocr_line' id='line_1_69' title="bbox 1891 3585 3483 3656; baseline 0 -17"><span class='ocrx_word' id='word_1_514' title='bbox 1891 3586 1984 3656; x_wconf 91' lang='lat' dir='ltr'><strong>qui</strong></span> <span class='ocrx_word' id='word_1_515' title='bbox 2002 3601 2278 3655; x_wconf 90' lang='lat' dir='ltr'><strong>nunquam</strong></span> <span class='ocrx_word' id='word_1_516' title='bbox 2302 3587 2356 3640; x_wconf 92' lang='lat' dir='ltr'><strong>in</strong></span> <span class='ocrx_word' id='word_1_517' title='bbox 2372 3585 2556 3640; x_wconf 88' lang='lat' dir='ltr'><strong>mundi</strong></span> <span class='ocrx_word' id='word_1_518' title='bbox 2575 3586 2967 3642; x_wconf 90' lang='lat' dir='ltr'><strong>tentationibus</strong></span> <span class='ocrx_word' id='word_1_519' title='bbox 2987 3585 3225 3641; x_wconf 83' lang='lat' dir='ltr'><strong>exerceri</strong></span> <span class='ocrx_word' id='word_1_520' title='bbox 3248 3585 3483 3653; x_wconf 85' lang='lat' dir='ltr'><strong>desistit,</strong></span> 
     </span>
    </p>
   </div>
   <div class='ocr_carea' id='block_1_70' title="bbox 1891 3677 3483 3750">
    <p class='ocr_par' dir='ltr' id='par_1_70' title="bbox 1891 3677 3483 3750">
     <span class='ocr_line' id='line_1_70' title="bbox 1891 3677 3483 3750; baseline 0.001 -18"><span class='ocrx_word' id='word_1_521' title='bbox 1891 3678 2132 3750; x_wconf 90' lang='lat' dir='ltr'><strong>quandiu</strong></span> <span class='ocrx_word' id='word_1_522' title='bbox 2190 3680 2243 3732; x_wconf 90' lang='lat' dir='ltr'><strong>in</strong></span> <span class='ocrx_word' id='word_1_523' title='bbox 2298 3679 2503 3733; x_wconf 88' lang='lat' dir='ltr'><strong>mundo</strong></span> <span class='ocrx_word' id='word_1_524' title='bbox 2572 3678 2901 3748; x_wconf 83' lang='lat' dir='ltr'><strong>spiritalium</strong></span> <span class='ocrx_word' id='word_1_525' title='bbox 2966 3678 3233 3733; x_wconf 84' lang='lat' dir='ltr'><strong>virtutum</strong></span> <span class='ocrx_word' id='word_1_526' title='bbox 3297 3677 3483 3748; x_wconf 61' lang='lat' dir='ltr'><strong>profev-</strong></span> 
     </span>
    </p>
   </div>
   <div class='ocr_carea' id='block_1_71' title="bbox 1890 3770 3475 3826">
    <p class='ocr_par' dir='ltr' id='par_1_71' title="bbox 1890 3770 3475 3826">
     <span class='ocr_line' id='line_1_71' title="bbox 1890 3770 3475 3826; baseline 0.001 -1"><span class='ocrx_word' id='word_1_527' title='bbox 1890 3772 2070 3825; x_wconf 88' lang='lat' dir='ltr'><strong>ctibus</strong></span> <span class='ocrx_word' id='word_1_528' title='bbox 2110 3770 2332 3826; x_wconf 91' lang='lat' dir='ltr'><strong>insistit.</strong></span> <span class='ocrx_word' id='word_1_529' title='bbox 2374 3770 2442 3825; x_wconf 84' lang='lat' dir='ltr'><strong>At</strong></span> <span class='ocrx_word' id='word_1_530' title='bbox 2483 3786 2609 3825; x_wconf 91' lang='lat' dir='ltr'><strong>cum</strong></span> <span class='ocrx_word' id='word_1_531' title='bbox 2641 3770 2852 3826; x_wconf 87' lang='lat' dir='ltr'><strong>devicto</strong></span> <span class='ocrx_word' id='word_1_532' title='bbox 2881 3770 3135 3826; x_wconf 90' lang='lat' dir='ltr'><strong>laborum</strong></span> <span class='ocrx_word' id='word_1_533' title='bbox 3174 3770 3475 3826; x_wconf 82' lang='lat' dir='ltr'><strong>certamine</strong></span> 
     </span>
    </p>
   </div>
   <div class='ocr_carea' id='block_1_72' title="bbox 1890 3862 3487 3933">
    <p class='ocr_par' dir='ltr' id='par_1_72' title="bbox 1890 3862 3487 3933">
     <span class='ocr_line' id='line_1_72' title="bbox 1890 3862 3487 3933; baseline 0.001 -17"><span class='ocrx_word' id='word_1_534' title='bbox 1890 3864 1955 3917; x_wconf 91' lang='lat' dir='ltr'><strong>ad</strong></span> <span class='ocrx_word' id='word_1_535' title='bbox 1999 3864 2232 3932; x_wconf 89' lang='lat' dir='ltr'><strong>palmam</strong></span> <span class='ocrx_word' id='word_1_536' title='bbox 2269 3864 2596 3933; x_wconf 89' lang='lat' dir='ltr'><strong>pervenerit,</strong></span> <span class='ocrx_word' id='word_1_537' title='bbox 2636 3862 2747 3931; x_wconf 86' lang='lat' dir='ltr'><strong>jam</strong></span> <span class='ocrx_word' id='word_1_538' title='bbox 2783 3879 2892 3918; x_wconf 88' lang='lat' dir='ltr'><strong>non</strong></span> <span class='ocrx_word' id='word_1_539' title='bbox 2934 3863 3185 3917; x_wconf 88' lang='lat' dir='ltr'><strong>meminit</strong></span> <span class='ocrx_word' id='word_1_540' title='bbox 3211 3877 3487 3931; x_wconf 71' lang='lat' dir='ltr'><strong>pressum</strong></span> 
     </span>
    </p>
   </div>
   <div class='ocr_carea' id='block_1_73' title="bbox 1889 3954 3467 4024">
    <p class='ocr_par' dir='ltr' id='par_1_73' title="bbox 1889 3954 3467 4024">
     <span class='ocr_line' id='line_1_73' title="bbox 1889 3954 3467 4024; baseline -0.001 -16"><span class='ocrx_word' id='word_1_541' title='bbox 1889 3954 2244 4024; x_wconf 58' lang='lat' dir='ltr'><strong>praecedentis</strong></span> <span class='ocrx_word' id='word_1_542' title='bbox 2278 3963 2498 4024; x_wconf 90' lang='lat' dir='ltr'><strong>propter</strong></span> <span class='ocrx_word' id='word_1_543' title='bbox 2546 3955 2804 4023; x_wconf 83' lang='lat' dir='ltr'><strong>gaudium</strong></span> <span class='ocrx_word' id='word_1_544' title='bbox 2855 3963 3123 4023; x_wconf 68' lang='lat' dir='ltr'><strong>perceptae</strong></span> <span class='ocrx_word' id='word_1_545' title='bbox 3149 3954 3467 4008; x_wconf 82' lang='lat' dir='ltr'><strong>retributio-</strong></span> 
     </span>
    </p>
   </div>
   <div class='ocr_carea' id='block_1_74' title="bbox 1889 4043 3485 4115">
    <p class='ocr_par' dir='ltr' id='par_1_74' title="bbox 1889 4043 3485 4115">
     <span class='ocr_line' id='line_1_74' title="bbox 1889 4043 3485 4115; baseline -0.001 -16"><span class='ocrx_word' id='word_1_546' title='bbox 1889 4045 1994 4099; x_wconf 91' lang='lat' dir='ltr'><strong>nis.</strong></span> <span class='ocrx_word' id='word_1_547' title='bbox 2014 4064 2033 4096; x_wconf 73' lang='grc' dir='ltr'><em>ς</em></span> <span class='ocrx_word' id='word_1_548' title='bbox 2056 4043 2172 4099; x_wconf 88' lang='lat' dir='ltr'><strong>Non</strong></span> <span class='ocrx_word' id='word_1_549' title='bbox 2204 4054 2335 4100; x_wconf 89' lang='lat' dir='ltr'><strong>sunt</strong></span> <span class='ocrx_word' id='word_1_550' title='bbox 2361 4045 2503 4100; x_wconf 89' lang='lat' dir='ltr'><strong>enim</strong></span> <span class='ocrx_word' id='word_1_551' title='bbox 2531 4045 2816 4115; x_wconf 68' lang='lat' dir='ltr'><strong>condigna:</strong></span> <span class='ocrx_word' id='word_1_552' title='bbox 2846 4046 3126 4113; x_wconf 89' lang='lat' dir='ltr'><strong>passiones</strong></span> <span class='ocrx_word' id='word_1_553' title='bbox 3149 4043 3315 4112; x_wconf 87' lang='lat' dir='ltr'><strong>hujus</strong></span> <span class='ocrx_word' id='word_1_554' title='bbox 3346 4052 3485 4098; x_wconf 91' lang='lat' dir='ltr'><strong>tem-</strong></span> 
     </span>
    </p>
   </div>
   <div class='ocr_carea' id='block_1_75' title="bbox 1889 4132 3482 4207">
    <p class='ocr_par' dir='ltr' id='par_1_75' title="bbox 1889 4132 3482 4207">
     <span class='ocr_line' id='line_1_75' title="bbox 1889 4132 3482 4207; baseline -0.001 -17"><span class='ocrx_word' id='word_1_555' title='bbox 1889 4137 2038 4207; x_wconf 92' lang='lat' dir='ltr'><strong>poris</strong></span> <span class='ocrx_word' id='word_1_556' title='bbox 2063 4135 2131 4191; x_wconf 89' lang='lat' dir='ltr'><strong>ad</strong></span> <span class='ocrx_word' id='word_1_557' title='bbox 2163 4135 2403 4190; x_wconf 88' lang='lat' dir='ltr'><strong>futuram</strong></span> <span class='ocrx_word' id='word_1_558' title='bbox 2452 4136 2681 4206; x_wconf 86' lang='lat' dir='ltr'><strong>gloriam</strong></span> <span class='ocrx_word' id='word_1_559' title='bbox 2729 4135 2903 4205; x_wconf 83' lang='lat' dir='ltr'><strong>(Rom.</strong></span> <span class='ocrx_word' id='word_1_560' title='bbox 2930 4135 3073 4205; x_wconf 83' lang='lat' dir='ltr'><strong>vrn),</strong></span> <span class='ocrx_word' id='word_1_561' title='bbox 3123 4134 3346 4204; x_wconf 90' lang='lat' dir='ltr'><strong>quando</strong></span> <span class='ocrx_word' id='word_1_562' title='bbox 3369 4132 3482 4189; x_wconf 88' lang='lat' dir='ltr'><strong>Deo</strong></span> 
     </span>
    </p>
   </div>
   <div class='ocr_carea' id='block_1_76' title="bbox 1890 4222 3478 4294">
    <p class='ocr_par' dir='ltr' id='par_1_76' title="bbox 1890 4222 3478 4294">
     <span class='ocr_line' id='line_1_76' title="bbox 1890 4222 3478 4294; baseline -0.003 -12"><span class='ocrx_word' id='word_1_563' title='bbox 1890 4228 2095 4283; x_wconf 89' lang='lat' dir='ltr'><strong>similes</strong></span> <span class='ocrx_word' id='word_1_564' title='bbox 2118 4228 2347 4294; x_wconf 88' lang='lat' dir='ltr'><strong>erimus,</strong></span> <span class='ocrx_word' id='word_1_565' title='bbox 2380 4236 2433 4282; x_wconf 91' lang='lat' dir='ltr'><strong>et</strong></span> <span class='ocrx_word' id='word_1_566' title='bbox 2456 4227 2761 4281; x_wconf 84' lang='lat' dir='ltr'><strong>videbimus</strong></span> <span class='ocrx_word' id='word_1_567' title='bbox 2783 4240 2906 4279; x_wconf 90' lang='lat' dir='ltr'><strong>eum</strong></span> <span class='ocrx_word' id='word_1_568' title='bbox 2936 4224 3097 4279; x_wconf 89' lang='lat' dir='ltr'><strong>sicuti</strong></span> <span class='ocrx_word' id='word_1_569' title='bbox 3122 4233 3203 4278; x_wconf 90' lang='lat' dir='ltr'><strong>est</strong></span> <span class='ocrx_word' id='word_1_570' title='bbox 3232 4222 3287 4288; x_wconf 81' lang='grc'><strong>(1</strong></span> <span class='ocrx_word' id='word_1_571' title='bbox 3313 4222 3478 4279; x_wconf 81' lang='lat' dir='ltr'><strong>Joan.</strong></span> 
     </span>
    </p>
   </div>
   <div class='ocr_carea' id='block_1_77' title="bbox 1891 4312 3483 4388">
    <p class='ocr_par' dir='ltr' id='par_1_77' title="bbox 1891 4312 3483 4388">
     <span class='ocr_line' id='line_1_77' title="bbox 1891 4312 3483 4388; baseline -0.003 -16"><span class='ocrx_word' id='word_1_572' title='bbox 1891 4317 1996 4388; x_wconf 89' lang='grc' dir='ltr'>ιιι),</span> <span class='ocrx_word' id='word_1_573' title='bbox 2023 4337 2041 4370; x_wconf 74' lang='grc' dir='ltr'><strong>ι</strong></span> <span class='ocrx_word' id='word_1_574' title='bbox 2078 4326 2137 4372; x_wconf 85' lang='grc' dir='ltr'><strong>ιιι</strong></span> <span class='ocrx_word' id='word_1_575' title='bbox 2165 4319 2240 4373; x_wconf 87' lang='lat' dir='ltr'><strong>ait</strong></span> <span class='ocrx_word' id='word_1_576' title='bbox 2260 4318 2556 4388; x_wconf 84' lang='lat' dir='ltr'><strong>Apostolus</strong></span> <span class='ocrx_word' id='word_1_577' title='bbox 2586 4317 2638 4370; x_wconf 91' lang='lat' dir='ltr'><strong>in</strong></span> <span class='ocrx_word' id='word_1_578' title='bbox 2661 4317 2888 4386; x_wconf 87' lang='lat' dir='ltr'><strong>epistola</strong></span> <span class='ocrx_word' id='word_1_579' title='bbox 2913 4332 3032 4370; x_wconf 89' lang='lat' dir='ltr'><strong>sua.</strong></span> <span class='ocrx_word' id='word_1_580' title='bbox 3063 4312 3220 4368; x_wconf 87' lang='lat' dir='ltr'><strong>Nunc</strong></span> <span class='ocrx_word' id='word_1_581' title='bbox 3249 4315 3483 4383; x_wconf 88' lang='lat' dir='ltr'><strong>parturit</strong></span> 
     </span>
    </p>
   </div>
   <div class='ocr_carea' id='block_1_78' title="bbox 215 4393 3483 4485">
    <p class='ocr_par' dir='ltr' id='par_1_78' title="bbox 215 4393 3483 4485">
     <span class='ocr_line' id='line_1_78' title="bbox 215 4393 3483 4485; baseline -0.002 -20"><span class='ocrx_word' id='word_1_582' title='bbox 215 4410 365 4468; x_wconf 84' lang='lat' dir='ltr'><strong>homo</strong></span> <span class='ocrx_word' id='word_1_583' title='bbox 386 4416 438 4469; x_wconf 92' lang='lat' dir='ltr'><strong>in</strong></span> <span class='ocrx_word' id='word_1_584' title='bbox 465 4416 791 4471; x_wconf 64' lang='lat' dir='ltr'><strong>mundum.»</strong></span> <span class='ocrx_word' id='word_1_585' title='bbox 811 4393 1019 4469; x_wconf 87' lang='lat' dir='ltr'><strong>Partus</strong></span> <span class='ocrx_word' id='word_1_586' title='bbox 1042 4414 1237 4485; x_wconf 88' lang='lat' dir='ltr'><strong>gaudio</strong></span> <span class='ocrx_word' id='word_1_587' title='bbox 1262 4423 1631 4484; x_wconf 87' lang='lat' dir='ltr'><strong>comparatur,</strong></span> <span class='ocrx_word' id='word_1_588' title='bbox 1658 4422 1787 4469; x_wconf 91' lang='lat' dir='ltr'><strong>tunc</strong></span> <span class='ocrx_word' id='word_1_589' title='bbox 1822 4393 1865 4446; x_wconf 77' lang='grc' dir='ltr'><strong>Ῑ)</strong></span> <span class='ocrx_word' id='word_1_590' title='bbox 1891 4410 2131 4466; x_wconf 81' lang='lat' dir='ltr'><strong>Ecclesia</strong></span> <span class='ocrx_word' id='word_1_591' title='bbox 2159 4411 2422 4481; x_wconf 81' lang='lat' dir='ltr'><strong>gemendo</strong></span> <span class='ocrx_word' id='word_1_592' title='bbox 2438 4408 2612 4481; x_wconf 84' lang='lat' dir='ltr'><strong>(Rom.</strong></span> <span class='ocrx_word' id='word_1_593' title='bbox 2633 4409 2778 4480; x_wconf 78' lang='lat' dir='ltr'><strong>vin),</strong></span> <span class='ocrx_word' id='word_1_594' title='bbox 2797 4418 2928 4463; x_wconf 89' lang='lat' dir='ltr'><strong>tunc</strong></span> <span class='ocrx_word' id='word_1_595' title='bbox 2946 4408 3121 4478; x_wconf 86' lang='lat' dir='ltr'><strong>pariet</strong></span> <span class='ocrx_word' id='word_1_596' title='bbox 3138 4406 3391 4461; x_wconf 70' lang='lat' dir='ltr'><strong>lretando.</strong></span> <span class='ocrx_word' id='word_1_597' title='bbox 3416 4404 3483 4460; x_wconf 88' lang='lat' dir='ltr'><strong>Et</strong></span> 
     </span>
    </p>
   </div>
   <div class='ocr_carea' id='block_1_79' title="bbox 212 4496 1841 4575">
    <p class='ocr_par' dir='ltr' id='par_1_79' title="bbox 212 4496 1841 4575">
     <span class='ocr_line' id='line_1_79' title="bbox 212 4496 1841 4575; baseline 0.001 -20"><span class='ocrx_word' id='word_1_598' title='bbox 212 4505 371 4574; x_wconf 82' lang='lat' dir='ltr'><strong>magis</strong></span> <span class='ocrx_word' id='word_1_599' title='bbox 400 4506 628 4575; x_wconf 88' lang='lat' dir='ltr'><strong>quando</strong></span> <span class='ocrx_word' id='word_1_600' title='bbox 676 4521 785 4560; x_wconf 90' lang='lat' dir='ltr'><strong>non</strong></span> <span class='ocrx_word' id='word_1_601' title='bbox 815 4504 1013 4575; x_wconf 88' lang='lat' dir='ltr'><strong>puella,</strong></span> <span class='ocrx_word' id='word_1_602' title='bbox 1046 4503 1139 4559; x_wconf 90' lang='lat' dir='ltr'><strong>sed</strong></span> <span class='ocrx_word' id='word_1_603' title='bbox 1192 4518 1327 4574; x_wconf 89' lang='lat' dir='ltr'><strong>puer</strong></span> <span class='ocrx_word' id='word_1_604' title='bbox 1354 4504 1618 4558; x_wconf 89' lang='lat' dir='ltr'><strong>nascitur.</strong></span> <span class='ocrx_word' id='word_1_605' title='bbox 1646 4505 1783 4558; x_wconf 87' lang='lat' dir='ltr'><strong>Gau-</strong></span> <span class='ocrx_word' id='word_1_606' title='bbox 1826 4496 1841 4511; x_wconf 81' lang='grc'><strong><em>⁸</em></strong></span> 
     </span>
    </p>
   </div>
   <div class='ocr_carea' id='block_1_80' title="bbox 211 4580 1787 4666">
    <p class='ocr_par' dir='ltr' id='par_1_80' title="bbox 211 4580 1787 4666">
     <span class='ocr_line' id='line_1_80' title="bbox 211 4580 1787 4666; baseline 0.004 -21"><span class='ocrx_word' id='word_1_607' title='bbox 211 4591 346 4648; x_wconf 88' lang='lat' dir='ltr'><strong>dium</strong></span> <span class='ocrx_word' id='word_1_608' title='bbox 372 4596 487 4666; x_wconf 88' lang='lat' dir='ltr'><strong>ipse</strong></span> <span class='ocrx_word' id='word_1_609' title='bbox 515 4606 605 4653; x_wconf 91' lang='lat' dir='ltr'><strong>est</strong></span> <span class='ocrx_word' id='word_1_610' title='bbox 642 4596 917 4664; x_wconf 88' lang='lat' dir='ltr'><strong>Christus,</strong></span> <span class='ocrx_word' id='word_1_611' title='bbox 963 4597 1028 4650; x_wconf 89' lang='lat' dir='ltr'><strong>de</strong></span> <span class='ocrx_word' id='word_1_612' title='bbox 1047 4580 1173 4666; x_wconf 42' lang='lat' dir='ltr'><strong>.quo</strong></span> <span class='ocrx_word' id='word_1_613' title='bbox 1201 4595 1533 4666; x_wconf 81' lang='lat' dir='ltr'><strong>Apostolus:</strong></span> <span class='ocrx_word' id='word_1_614' title='bbox 1573 4614 1591 4647; x_wconf 81' lang='grc' dir='ltr'><strong>ι</strong></span> <span class='ocrx_word' id='word_1_615' title='bbox 1627 4596 1787 4651; x_wconf 88' lang='lat' dir='ltr'><strong>Chri-</strong></span> 
     </span>
    </p>
   </div>
   <div class='ocr_carea' id='block_1_81' title="bbox 210 4686 1786 4760">
    <p class='ocr_par' dir='ltr' id='par_1_81' title="bbox 210 4686 1786 4760">
     <span class='ocr_line' id='line_1_81' title="bbox 210 4686 1786 4760; baseline 0.003 -22"><span class='ocrx_word' id='word_1_616' title='bbox 210 4694 337 4751; x_wconf 85' lang='lat' dir='ltr'><strong>stus,</strong></span> <span class='ocrx_word' id='word_1_617' title='bbox 367 4687 566 4759; x_wconf 88' lang='lat' dir='ltr'><strong>inquit,</strong></span> <span class='ocrx_word' id='word_1_618' title='bbox 613 4703 906 4760; x_wconf 79' lang='lat' dir='ltr'><strong>resurgens</strong></span> <span class='ocrx_word' id='word_1_619' title='bbox 932 4703 963 4741; x_wconf 94' lang='lat' dir='ltr'><strong>a</strong></span> <span class='ocrx_word' id='word_1_620' title='bbox 995 4687 1226 4742; x_wconf 88' lang='lat' dir='ltr'><strong>mortuis</strong></span> <span class='ocrx_word' id='word_1_621' title='bbox 1268 4686 1379 4757; x_wconf 85' lang='lat' dir='ltr'><strong>jam</strong></span> <span class='ocrx_word' id='word_1_622' title='bbox 1410 4703 1517 4742; x_wconf 89' lang='lat' dir='ltr'><strong>non</strong></span> <span class='ocrx_word' id='word_1_623' title='bbox 1545 4688 1786 4742; x_wconf 86' lang='lat' dir='ltr'><strong>moritur</strong></span> 
     </span>
    </p>
   </div>
   <div class='ocr_carea' id='block_1_82' title="bbox 210 4776 559 4849">
    <p class='ocr_par' dir='ltr' id='par_1_82' title="bbox 210 4776 559 4849">
     <span class='ocr_line' id='line_1_82' title="bbox 210 4776 559 4849; baseline 0.006 -18"><span class='ocrx_word' id='word_1_624' title='bbox 210 4776 371 4847; x_wconf 80' lang='lat' dir='ltr'><strong>(Rom.</strong></span> <span class='ocrx_word' id='word_1_625' title='bbox 398 4782 499 4849; x_wconf 79' lang='lat' dir='ltr'><strong>vi).</strong></span> <span class='ocrx_word' id='word_1_626' title='bbox 538 4800 559 4833; x_wconf 72' lang='grc' dir='ltr'><strong>ι</strong></span> 
     </span>
    </p>
   </div>
   <div class='ocr_carea' id='block_1_83' title="bbox 275 4870 1785 4942">
    <p class='ocr_par' dir='ltr' id='par_1_83' title="bbox 275 4870 1785 4942">
     <span class='ocr_line' id='line_1_83' title="bbox 275 4870 1785 4942; baseline 0.002 -20"><span class='ocrx_word' id='word_1_627' title='bbox 275 4890 292 4921; x_wconf 74' lang='grc' dir='ltr'><strong>ι</strong></span> <span class='ocrx_word' id='word_1_628' title='bbox 324 4870 389 4925; x_wconf 85' lang='lat' dir='ltr'><strong>Et</strong></span> <span class='ocrx_word' id='word_1_629' title='bbox 417 4888 520 4928; x_wconf 90' lang='lat' dir='ltr'><strong>vos</strong></span> <span class='ocrx_word' id='word_1_630' title='bbox 556 4887 705 4927; x_wconf 89' lang='lat' dir='ltr'><strong>nunc</strong></span> <span class='ocrx_word' id='word_1_631' title='bbox 734 4871 951 4942; x_wconf 87' lang='lat' dir='ltr'><strong>quidem</strong></span> <span class='ocrx_word' id='word_1_632' title='bbox 979 4870 1252 4926; x_wconf 88' lang='lat' dir='ltr'><strong>tristitiam</strong></span> <span class='ocrx_word' id='word_1_633' title='bbox 1315 4871 1546 4937; x_wconf 87' lang='lat' dir='ltr'><strong>habetis,</strong></span> <span class='ocrx_word' id='word_1_634' title='bbox 1591 4870 1785 4925; x_wconf 84' lang='lat' dir='ltr'><strong>iterum</strong></span> 
     </span>
    </p>
   </div>
   <div class='ocr_carea' id='block_1_84' title="bbox 206 4962 1787 5035">
    <p class='ocr_par' dir='ltr' id='par_1_84' title="bbox 206 4962 1787 5035">
     <span class='ocr_line' id='line_1_84' title="bbox 206 4962 1787 5035; baseline 0 -18"><span class='ocrx_word' id='word_1_635' title='bbox 206 4971 374 5019; x_wconf 81' lang='lat' dir='ltr'><strong>autem</strong></span> <span class='ocrx_word' id='word_1_636' title='bbox 405 4965 605 5020; x_wconf 88' lang='lat' dir='ltr'><strong>videbo</strong></span> <span class='ocrx_word' id='word_1_637' title='bbox 641 4980 758 5032; x_wconf 89' lang='lat' dir='ltr'><strong>vos,</strong></span> <span class='ocrx_word' id='word_1_638' title='bbox 786 4973 839 5018; x_wconf 91' lang='lat' dir='ltr'><strong>et</strong></span> <span class='ocrx_word' id='word_1_639' title='bbox 866 4963 1122 5035; x_wconf 83' lang='lat' dir='ltr'><strong>gaudebit</strong></span> <span class='ocrx_word' id='word_1_640' title='bbox 1149 4980 1245 5018; x_wconf 92' lang='lat' dir='ltr'><strong>cor</strong></span> <span class='ocrx_word' id='word_1_641' title='bbox 1268 4974 1532 5019; x_wconf 88' lang='lat' dir='ltr'><strong>vestrum.</strong></span> <span class='ocrx_word' id='word_1_642' title='bbox 1564 4962 1628 5018; x_wconf 84' lang='lat' dir='ltr'><strong>Et</strong></span> <span class='ocrx_word' id='word_1_643' title='bbox 1652 4981 1787 5035; x_wconf 60' lang='lat' dir='ltr'><strong>gau—</strong></span> 
     </span>
    </p>
   </div>
   <div class='ocr_carea' id='block_1_85' title="bbox 204 5053 1776 5112">
    <p class='ocr_par' dir='ltr' id='par_1_85' title="bbox 204 5053 1776 5112">
     <span class='ocr_line' id='line_1_85' title="bbox 204 5053 1776 5112; baseline -0.001 -4"><span class='ocrx_word' id='word_1_644' title='bbox 204 5053 343 5109; x_wconf 86' lang='lat' dir='ltr'><strong>dium</strong></span> <span class='ocrx_word' id='word_1_645' title='bbox 390 5063 642 5112; x_wconf 88' lang='lat' dir='ltr'><strong>vestrum</strong></span> <span class='ocrx_word' id='word_1_646' title='bbox 688 5070 850 5110; x_wconf 80' lang='lat' dir='ltr'><strong>neruo</strong></span> <span class='ocrx_word' id='word_1_647' title='bbox 881 5054 1031 5109; x_wconf 90' lang='lat' dir='ltr'><strong>tollet</strong></span> <span class='ocrx_word' id='word_1_648' title='bbox 1057 5070 1087 5109; x_wconf 91' lang='lat' dir='ltr'><strong>a</strong></span> <span class='ocrx_word' id='word_1_649' title='bbox 1114 5054 1291 5109; x_wconf 90' lang='lat' dir='ltr'><strong>vobis.</strong></span> <span class='ocrx_word' id='word_1_650' title='bbox 1334 5075 1351 5106; x_wconf 73' lang='grc' dir='ltr'><strong>ι</strong></span> <span class='ocrx_word' id='word_1_651' title='bbox 1394 5054 1659 5109; x_wconf 86' lang='lat' dir='ltr'><strong>Dominus</strong></span> <span class='ocrx_word' id='word_1_652' title='bbox 1689 5071 1776 5108; x_wconf 82' lang='lat' dir='ltr'><strong>ex-</strong></span> 
     </span>
    </p>
   </div>
   <div class='ocr_carea' id='block_1_86' title="bbox 205 5146 1786 5220">
    <p class='ocr_par' dir='ltr' id='par_1_86' title="bbox 205 5146 1786 5220">
     <span class='ocr_line' id='line_1_86' title="bbox 205 5146 1786 5220; baseline 0 -20"><span class='ocrx_word' id='word_1_653' title='bbox 205 5147 350 5214; x_wconf 83' lang='lat' dir='ltr'><strong>ponit</strong></span> <span class='ocrx_word' id='word_1_654' title='bbox 389 5149 711 5220; x_wconf 88' lang='lat' dir='ltr'><strong>paradigma</strong></span> <span class='ocrx_word' id='word_1_655' title='bbox 744 5147 889 5217; x_wconf 90' lang='lat' dir='ltr'><strong>quod</strong></span> <span class='ocrx_word' id='word_1_656' title='bbox 948 5148 1015 5202; x_wconf 92' lang='lat' dir='ltr'><strong>de</strong></span> <span class='ocrx_word' id='word_1_657' title='bbox 1056 5147 1283 5202; x_wconf 89' lang='lat' dir='ltr'><strong>muliere</strong></span> <span class='ocrx_word' id='word_1_658' title='bbox 1324 5148 1629 5217; x_wconf 83' lang='lat' dir='ltr'><strong>proposuit.</strong></span> <span class='ocrx_word' id='word_1_659' title='bbox 1662 5146 1786 5201; x_wconf 91' lang='lat' dir='ltr'><strong>Tri-</strong></span> 
     </span>
    </p>
   </div>
   <div class='ocr_carea' id='block_1_87' title="bbox 203 5238 1786 5310">
    <p class='ocr_par' dir='ltr' id='par_1_87' title="bbox 203 5238 1786 5310">
     <span class='ocr_line' id='line_1_87' title="bbox 203 5238 1786 5310; baseline 0.001 -18"><span class='ocrx_word' id='word_1_660' title='bbox 203 5238 400 5294; x_wconf 90' lang='lat' dir='ltr'><strong>stitiam</strong></span> <span class='ocrx_word' id='word_1_661' title='bbox 439 5241 595 5294; x_wconf 89' lang='lat' dir='ltr'><strong>enim</strong></span> <span class='ocrx_word' id='word_1_662' title='bbox 664 5240 976 5294; x_wconf 89' lang='lat' dir='ltr'><strong>habuerunt</strong></span> <span class='ocrx_word' id='word_1_663' title='bbox 1026 5239 1259 5310; x_wconf 76' lang='lat' dir='ltr'><strong>apostoli</strong></span> <span class='ocrx_word' id='word_1_664' title='bbox 1314 5254 1480 5309; x_wconf 85' lang='lat' dir='ltr'><strong>passo</strong></span> <span class='ocrx_word' id='word_1_665' title='bbox 1533 5238 1786 5305; x_wconf 87' lang='lat' dir='ltr'><strong>Domino,</strong></span> 
     </span>
    </p>
   </div>
   <div class='ocr_carea' id='block_1_88' title="bbox 202 5332 1789 5404">
    <p class='ocr_par' dir='ltr' id='par_1_88' title="bbox 202 5332 1789 5404">
     <span class='ocr_line' id='line_1_88' title="bbox 202 5332 1789 5404; baseline -0.001 -19"><span class='ocrx_word' id='word_1_666' title='bbox 202 5332 289 5385; x_wconf 87' lang='lat' dir='ltr'><strong>sed</strong></span> <span class='ocrx_word' id='word_1_667' title='bbox 325 5342 551 5403; x_wconf 87' lang='lat' dir='ltr'><strong>peracta</strong></span> <span class='ocrx_word' id='word_1_668' title='bbox 610 5333 1028 5389; x_wconf 89' lang='lat' dir='ltr'><strong>resurrectionis</strong></span> <span class='ocrx_word' id='word_1_669' title='bbox 1079 5334 1249 5403; x_wconf 81' lang='lat' dir='ltr'><strong>gloria</strong></span> <span class='ocrx_word' id='word_1_670' title='bbox 1282 5332 1457 5404; x_wconf 83' lang='lat' dir='ltr'><strong>gavisi</strong></span> <span class='ocrx_word' id='word_1_671' title='bbox 1519 5340 1648 5385; x_wconf 88' lang='lat' dir='ltr'><strong>sunt</strong></span> <span class='ocrx_word' id='word_1_672' title='bbox 1668 5333 1789 5385; x_wconf 74' lang='lat' dir='ltr'><strong>viso</strong></span> 
     </span>
    </p>
   </div>
   <div class='ocr_carea' id='block_1_89' title="bbox 198 5421 1785 5496">
    <p class='ocr_par' dir='ltr' id='par_1_89' title="bbox 198 5421 1785 5496">
     <span class='ocr_line' id='line_1_89' title="bbox 198 5421 1785 5496; baseline 0.001 -20"><span class='ocrx_word' id='word_1_673' title='bbox 198 5421 447 5480; x_wconf 87' lang='lat' dir='ltr'><strong>Domino.</strong></span> <span class='ocrx_word' id='word_1_674' title='bbox 511 5424 581 5478; x_wconf 84' lang='lat' dir='ltr'><strong>Et</strong></span> <span class='ocrx_word' id='word_1_675' title='bbox 618 5426 876 5496; x_wconf 87' lang='lat' dir='ltr'><strong>gaudium</strong></span> <span class='ocrx_word' id='word_1_676' title='bbox 929 5441 1122 5480; x_wconf 87' lang='lat' dir='ltr'><strong>eorum</strong></span> <span class='ocrx_word' id='word_1_677' title='bbox 1175 5440 1280 5479; x_wconf 90' lang='lat' dir='ltr'><strong>non</strong></span> <span class='ocrx_word' id='word_1_678' title='bbox 1331 5424 1538 5479; x_wconf 90' lang='lat' dir='ltr'><strong>tollitur</strong></span> <span class='ocrx_word' id='word_1_679' title='bbox 1572 5422 1640 5477; x_wconf 91' lang='lat' dir='ltr'><strong>ab</strong></span> <span class='ocrx_word' id='word_1_680' title='bbox 1686 5424 1785 5489; x_wconf 87' lang='lat' dir='ltr'><strong>eis,</strong></span> 
     </span>
    </p>
   </div>
   <div class='ocr_carea' id='block_1_90' title="bbox 198 5515 1789 5589">
    <p class='ocr_par' dir='ltr' id='par_1_90' title="bbox 198 5515 1789 5589">
     <span class='ocr_line' id='line_1_90' title="bbox 198 5515 1789 5589; baseline -0.001 -19"><span class='ocrx_word' id='word_1_681' title='bbox 198 5517 341 5586; x_wconf 90' lang='lat' dir='ltr'><strong>quia,</strong></span> <span class='ocrx_word' id='word_1_682' title='bbox 368 5529 423 5574; x_wconf 89' lang='lat' dir='ltr'><strong>et</strong></span> <span class='ocrx_word' id='word_1_683' title='bbox 453 5518 502 5574; x_wconf 91' lang='lat' dir='ltr'><strong>si</strong></span> <span class='ocrx_word' id='word_1_684' title='bbox 540 5518 884 5589; x_wconf 88' lang='lat' dir='ltr'><strong>postmodum</strong></span> <span class='ocrx_word' id='word_1_685' title='bbox 909 5517 1311 5588; x_wconf 89' lang='lat' dir='ltr'><strong>persecutiones</strong></span> <span class='ocrx_word' id='word_1_686' title='bbox 1335 5532 1433 5587; x_wconf 91' lang='lat' dir='ltr'><strong>pro</strong></span> <span class='ocrx_word' id='word_1_687' title='bbox 1456 5515 1657 5572; x_wconf 91' lang='lat' dir='ltr'><strong>Christi</strong></span> <span class='ocrx_word' id='word_1_688' title='bbox 1689 5532 1789 5570; x_wconf 85' lang='lat' dir='ltr'><strong>no-</strong></span> 
     </span>
    </p>
   </div>
   <div class='ocr_carea' id='block_1_91' title="bbox 200 5610 1791 5683">
    <p class='ocr_par' dir='ltr' id='par_1_91' title="bbox 200 5610 1791 5683">
     <span class='ocr_line' id='line_1_91' title="bbox 200 5610 1791 5683; baseline 0.001 -21"><span class='ocrx_word' id='word_1_689' title='bbox 200 5610 343 5667; x_wconf 88' lang='lat' dir='ltr'><strong>mine</strong></span> <span class='ocrx_word' id='word_1_690' title='bbox 368 5628 434 5667; x_wconf 91' lang='lat' dir='ltr'><strong>ac</strong></span> <span class='ocrx_word' id='word_1_691' title='bbox 466 5621 746 5668; x_wconf 89' lang='lat' dir='ltr'><strong>tormenta</strong></span> <span class='ocrx_word' id='word_1_692' title='bbox 795 5611 940 5683; x_wconf 90' lang='lat' dir='ltr'><strong>passi</strong></span> <span class='ocrx_word' id='word_1_693' title='bbox 989 5620 1138 5675; x_wconf 87' lang='lat' dir='ltr'><strong>sunt,</strong></span> <span class='ocrx_word' id='word_1_694' title='bbox 1180 5626 1275 5679; x_wconf 89' lang='lat' dir='ltr'><strong>spe</strong></span> <span class='ocrx_word' id='word_1_695' title='bbox 1312 5620 1491 5665; x_wconf 89' lang='lat' dir='ltr'><strong>tamen</strong></span> <span class='ocrx_word' id='word_1_696' title='bbox 1540 5626 1791 5664; x_wconf 76' lang='lat' dir='ltr'><strong>resurre-</strong></span> 
     </span>
    </p>
   </div>
   <div class='ocr_carea' id='block_1_92' title="bbox 195 5702 1787 5769">
    <p class='ocr_par' dir='ltr' id='par_1_92' title="bbox 195 5702 1787 5769">
     <span class='ocr_line' id='line_1_92' title="bbox 195 5702 1787 5769; baseline 0.001 -15"><span class='ocrx_word' id='word_1_697' title='bbox 195 5702 389 5759; x_wconf 91' lang='lat' dir='ltr'><strong>ctionis</strong></span> <span class='ocrx_word' id='word_1_698' title='bbox 438 5716 493 5760; x_wconf 83' lang='lat' dir='ltr'><strong>et</strong></span> <span class='ocrx_word' id='word_1_699' title='bbox 547 5705 771 5760; x_wconf 88' lang='lat' dir='ltr'><strong>visionis</strong></span> <span class='ocrx_word' id='word_1_700' title='bbox 816 5704 962 5759; x_wconf 89' lang='lat' dir='ltr'><strong>illius</strong></span> <span class='ocrx_word' id='word_1_701' title='bbox 1012 5704 1259 5769; x_wconf 87' lang='lat' dir='ltr'><strong>accensi,</strong></span> <span class='ocrx_word' id='word_1_702' title='bbox 1289 5704 1519 5758; x_wconf 85' lang='lat' dir='ltr'><strong>libenter</strong></span> <span class='ocrx_word' id='word_1_703' title='bbox 1560 5702 1787 5757; x_wconf 86' lang='lat' dir='ltr'><strong>adversa</strong></span> 
     </span>
    </p>
   </div>
   <div class='ocr_carea' id='block_1_93' title="bbox 192 5795 1785 5866">
    <p class='ocr_par' dir='ltr' id='par_1_93' title="bbox 192 5795 1785 5866">
     <span class='ocr_line' id='line_1_93' title="bbox 192 5795 1785 5866; baseline -0.003 -12"><span class='ocrx_word' id='word_1_704' title='bbox 192 5809 422 5856; x_wconf 67' lang='lat' dir='ltr'><strong>dumque</strong></span> <span class='ocrx_word' id='word_1_705' title='bbox 458 5797 731 5863; x_wconf 81' lang='lat' dir='ltr'><strong>ferebant,</strong></span> <span class='ocrx_word' id='word_1_706' title='bbox 768 5798 878 5853; x_wconf 86' lang='lat' dir='ltr'><strong>imo</strong></span> <span class='ocrx_word' id='word_1_707' title='bbox 926 5795 1184 5866; x_wconf 81' lang='lat' dir='ltr'><strong>gaudium</strong></span> <span class='ocrx_word' id='word_1_708' title='bbox 1232 5796 1615 5852; x_wconf 77' lang='lat' dir='ltr'><strong>existimabant.</strong></span> <span class='ocrx_word' id='word_1_709' title='bbox 1662 5812 1785 5851; x_wconf 81' lang='lat' dir='ltr'><strong>cum</strong></span> 
     </span>
    </p>
   </div>
   <div class='ocr_carea' id='block_1_94' title="bbox 1890 4496 3481 4572">
    <p class='ocr_par' dir='ltr' id='par_1_94' title="bbox 1890 4496 3481 4572">
     <span class='ocr_line' id='line_1_94' title="bbox 1890 4496 3481 4572; baseline -0.003 -16"><span class='ocrx_word' id='word_1_710' title='bbox 1890 4501 2010 4557; x_wconf 91' lang='lat' dir='ltr'><strong>ideo</strong></span> <span class='ocrx_word' id='word_1_711' title='bbox 2065 4503 2392 4567; x_wconf 88' lang='lat' dir='ltr'><strong>masculum,</strong></span> <span class='ocrx_word' id='word_1_712' title='bbox 2417 4502 2545 4572; x_wconf 90' lang='lat' dir='ltr'><strong>quia</strong></span> <span class='ocrx_word' id='word_1_713' title='bbox 2592 4501 2659 4555; x_wconf 86' lang='lat' dir='ltr'><strong>ad</strong></span> <span class='ocrx_word' id='word_1_714' title='bbox 2709 4499 2946 4555; x_wconf 89' lang='lat' dir='ltr'><strong>fructum</strong></span> <span class='ocrx_word' id='word_1_715' title='bbox 3006 4496 3481 4566; x_wconf 84' lang='lat' dir='ltr'><strong>contemplationis</strong></span> 
     </span>
    </p>
   </div>
   <div class='ocr_carea' id='block_1_95' title="bbox 1892 4590 3489 4650">
    <p class='ocr_par' dir='ltr' id='par_1_95' title="bbox 1892 4590 3489 4650">
     <span class='ocr_line' id='line_1_95' title="bbox 1892 4590 3489 4650; baseline -0.006 0"><span class='ocrx_word' id='word_1_716' title='bbox 1892 4603 2087 4650; x_wconf 89' lang='lat' dir='ltr'><strong>cuncta</strong></span> <span class='ocrx_word' id='word_1_717' title='bbox 2101 4593 2273 4649; x_wconf 83' lang='lat' dir='ltr'><strong>ollicia</strong></span> <span class='ocrx_word' id='word_1_718' title='bbox 2292 4596 2600 4649; x_wconf 79' lang='lat' dir='ltr'><strong>referuntur</strong></span> <span class='ocrx_word' id='word_1_719' title='bbox 2620 4593 2871 4649; x_wconf 88' lang='lat' dir='ltr'><strong>actionis.</strong></span> <span class='ocrx_word' id='word_1_720' title='bbox 2893 4591 2959 4645; x_wconf 86' lang='lat' dir='ltr'><strong>Et</strong></span> <span class='ocrx_word' id='word_1_721' title='bbox 2982 4590 3126 4646; x_wconf 91' lang='lat' dir='ltr'><strong>sicut</strong></span> <span class='ocrx_word' id='word_1_722' title='bbox 3140 4590 3335 4644; x_wconf 89' lang='lat' dir='ltr'><strong>mulier</strong></span> <span class='ocrx_word' id='word_1_723' title='bbox 3351 4598 3489 4643; x_wconf 81' lang='lat' dir='ltr'><strong>nato.</strong></span> 
     </span>
    </p>
   </div>
   <div class='ocr_carea' id='block_1_96' title="bbox 1889 4683 3479 4748">
    <p class='ocr_par' dir='ltr' id='par_1_96' title="bbox 1889 4683 3479 4748">
     <span class='ocr_line' id='line_1_96' title="bbox 1889 4683 3479 4748; baseline -0.003 -6"><span class='ocrx_word' id='word_1_724' title='bbox 1889 4687 1945 4742; x_wconf 92' lang='lat' dir='ltr'><strong>in</strong></span> <span class='ocrx_word' id='word_1_725' title='bbox 1981 4687 2128 4743; x_wconf 92' lang='lat' dir='ltr'><strong>hunc</strong></span> <span class='ocrx_word' id='word_1_726' title='bbox 2162 4687 2427 4742; x_wconf 87' lang='lat' dir='ltr'><strong>nmndum</strong></span> <span class='ocrx_word' id='word_1_727' title='bbox 2462 4687 2683 4742; x_wconf 90' lang='lat' dir='ltr'><strong>homine</strong></span> <span class='ocrx_word' id='word_1_728' title='bbox 2721 4686 2954 4748; x_wconf 72' lang='lat' dir='ltr'><strong>laetatur,</strong></span> <span class='ocrx_word' id='word_1_729' title='bbox 2979 4686 3051 4739; x_wconf 90' lang='lat' dir='ltr'><strong>ita</strong></span> <span class='ocrx_word' id='word_1_730' title='bbox 3085 4683 3325 4739; x_wconf 83' lang='lat' dir='ltr'><strong>Ecclesia</strong></span> <span class='ocrx_word' id='word_1_731' title='bbox 3348 4692 3479 4738; x_wconf 87' lang='lat' dir='ltr'><strong>nato</strong></span> 
     </span>
    </p>
   </div>
   <div class='ocr_carea' id='block_1_97' title="bbox 1891 4773 3489 4849">
    <p class='ocr_par' dir='ltr' id='par_1_97' title="bbox 1891 4773 3489 4849">
     <span class='ocr_line' id='line_1_97' title="bbox 1891 4773 3489 4849; baseline -0.001 -16"><span class='ocrx_word' id='word_1_732' title='bbox 1891 4779 1944 4833; x_wconf 89' lang='lat' dir='ltr'><strong>in</strong></span> <span class='ocrx_word' id='word_1_733' title='bbox 1978 4781 2144 4835; x_wconf 85' lang='lat' dir='ltr'><strong>vitam</strong></span> <span class='ocrx_word' id='word_1_734' title='bbox 2177 4781 2418 4835; x_wconf 90' lang='lat' dir='ltr'><strong>futuram</strong></span> <span class='ocrx_word' id='word_1_735' title='bbox 2451 4779 2652 4849; x_wconf 89' lang='lat' dir='ltr'><strong>populo</strong></span> <span class='ocrx_word' id='word_1_736' title='bbox 2692 4779 3060 4835; x_wconf 86' lang='lat' dir='ltr'><strong>exsultatione</strong></span> <span class='ocrx_word' id='word_1_737' title='bbox 3085 4777 3341 4846; x_wconf 88' lang='lat' dir='ltr'><strong>repletur.</strong></span> <span class='ocrx_word' id='word_1_738' title='bbox 3367 4773 3489 4831; x_wconf 73' lang='lat' dir='ltr'><strong>Pro.</strong></span> 
     </span>
    </p>
   </div>
   <div class='ocr_carea' id='block_1_98' title="bbox 1888 4870 3482 4943">
    <p class='ocr_par' dir='ltr' id='par_1_98' title="bbox 1888 4870 3482 4943">
     <span class='ocr_line' id='line_1_98' title="bbox 1888 4870 3482 4943; baseline -0.002 -16"><span class='ocrx_word' id='word_1_739' title='bbox 1888 4889 1993 4943; x_wconf 91' lang='lat' dir='ltr'><strong>qua</strong></span> <span class='ocrx_word' id='word_1_740' title='bbox 2046 4873 2324 4929; x_wconf 88' lang='lat' dir='ltr'><strong>nativitate</strong></span> <span class='ocrx_word' id='word_1_741' title='bbox 2356 4874 2587 4927; x_wconf 88' lang='lat' dir='ltr'><strong>multum</strong></span> <span class='ocrx_word' id='word_1_742' title='bbox 2636 4873 2893 4927; x_wconf 87' lang='lat' dir='ltr'><strong>laborans</strong></span> <span class='ocrx_word' id='word_1_743' title='bbox 2922 4880 2976 4926; x_wconf 90' lang='lat' dir='ltr'><strong>et</strong></span> <span class='ocrx_word' id='word_1_744' title='bbox 3005 4885 3227 4942; x_wconf 85' lang='lat' dir='ltr'><strong>gemens</strong></span> <span class='ocrx_word' id='word_1_745' title='bbox 3249 4870 3304 4924; x_wconf 90' lang='lat' dir='ltr'><strong>in</strong></span> <span class='ocrx_word' id='word_1_746' title='bbox 3333 4883 3482 4938; x_wconf 55' lang='lat' dir='ltr'><strong>prmo.</strong></span> 
     </span>
    </p>
   </div>
   <div class='ocr_carea' id='block_1_99' title="bbox 1890 4962 3483 5035">
    <p class='ocr_par' dir='ltr' id='par_1_99' title="bbox 1890 4962 3483 5035">
     <span class='ocr_line' id='line_1_99' title="bbox 1890 4962 3483 5035; baseline 0.003 -16"><span class='ocrx_word' id='word_1_747' title='bbox 1890 4965 2029 5019; x_wconf 86' lang='lat' dir='ltr'><strong>senti</strong></span> <span class='ocrx_word' id='word_1_748' title='bbox 2080 4964 2236 5034; x_wconf 90' lang='lat' dir='ltr'><strong>quasi</strong></span> <span class='ocrx_word' id='word_1_749' title='bbox 2295 4964 2607 5035; x_wconf 88' lang='lat' dir='ltr'><strong>parturiens</strong></span> <span class='ocrx_word' id='word_1_750' title='bbox 2654 4964 2818 5019; x_wconf 89' lang='lat' dir='ltr'><strong>dolet.</strong></span> <span class='ocrx_word' id='word_1_751' title='bbox 2872 4962 2983 5019; x_wconf 87' lang='lat' dir='ltr'><strong>Nec</strong></span> <span class='ocrx_word' id='word_1_752' title='bbox 3034 4978 3234 5020; x_wconf 88' lang='lat' dir='ltr'><strong>novum</strong></span> <span class='ocrx_word' id='word_1_753' title='bbox 3275 4962 3483 5033; x_wconf 24' lang='lat' dir='ltr'><strong>cuique)</strong></span> 
     </span>
    </p>
   </div>
   <div class='ocr_carea' id='block_1_100' title="bbox 1888 5056 3481 5126">
    <p class='ocr_par' dir='ltr' id='par_1_100' title="bbox 1888 5056 3481 5126">
     <span class='ocr_line' id='line_1_100' title="bbox 1888 5056 3481 5126; baseline 0.002 -16"><span class='ocrx_word' id='word_1_754' title='bbox 1888 5058 2109 5111; x_wconf 81' lang='lat' dir='ltr'><strong>deberet</strong></span> <span class='ocrx_word' id='word_1_755' title='bbox 2145 5057 2340 5121; x_wconf 87' lang='lat' dir='ltr'><strong>videri,</strong></span> <span class='ocrx_word' id='word_1_756' title='bbox 2397 5058 2442 5112; x_wconf 90' lang='lat' dir='ltr'><strong>si</strong></span> <span class='ocrx_word' id='word_1_757' title='bbox 2475 5065 2638 5111; x_wconf 88' lang='lat' dir='ltr'><strong>natus</strong></span> <span class='ocrx_word' id='word_1_758' title='bbox 2694 5057 2912 5111; x_wconf 87' lang='lat' dir='ltr'><strong>dicatur</strong></span> <span class='ocrx_word' id='word_1_759' title='bbox 2956 5057 3052 5126; x_wconf 92' lang='lat' dir='ltr'><strong>qui</strong></span> <span class='ocrx_word' id='word_1_760' title='bbox 3095 5072 3163 5111; x_wconf 79' lang='lat' dir='ltr'><strong>ex</strong></span> <span class='ocrx_word' id='word_1_761' title='bbox 3207 5057 3312 5111; x_wconf 89' lang='lat' dir='ltr'><strong>hac</strong></span> <span class='ocrx_word' id='word_1_762' title='bbox 3361 5056 3481 5113; x_wconf 83' lang='lat' dir='ltr'><strong>vita,</strong></span> 
     </span>
    </p>
   </div>
   <div class='ocr_carea' id='block_1_101' title="bbox 1891 5147 3474 5219">
    <p class='ocr_par' dir='ltr' id='par_1_101' title="bbox 1891 5147 3474 5219">
     <span class='ocr_line' id='line_1_101' title="bbox 1891 5147 3474 5219; baseline 0.001 -17"><span class='ocrx_word' id='word_1_763' title='bbox 1891 5147 2233 5218; x_wconf 85' lang='lat' dir='ltr'><strong>migraverit.</strong></span> <span class='ocrx_word' id='word_1_764' title='bbox 2292 5147 2577 5214; x_wconf 89' lang='lat' dir='ltr'><strong>Quomodo</strong></span> <span class='ocrx_word' id='word_1_765' title='bbox 2605 5148 2749 5202; x_wconf 85' lang='lat' dir='ltr'><strong>enim</strong></span> <span class='ocrx_word' id='word_1_766' title='bbox 2781 5147 2931 5205; x_wconf 87' lang='lat' dir='ltr'><strong>nasci</strong></span> <span class='ocrx_word' id='word_1_767' title='bbox 2964 5147 3164 5205; x_wconf 90' lang='lat' dir='ltr'><strong>dicitur</strong></span> <span class='ocrx_word' id='word_1_768' title='bbox 3194 5163 3317 5204; x_wconf 89' lang='lat' dir='ltr'><strong>cum</strong></span> <span class='ocrx_word' id='word_1_769' title='bbox 3344 5147 3474 5219; x_wconf 81' lang='lat' dir='ltr'><strong>quis</strong></span> 
     </span>
    </p>
   </div>
   <div class='ocr_carea' id='block_1_102' title="bbox 1888 5239 3479 5309">
    <p class='ocr_par' dir='ltr' id='par_1_102' title="bbox 1888 5239 3479 5309">
     <span class='ocr_line' id='line_1_102' title="bbox 1888 5239 3479 5309; baseline -0.001 -16"><span class='ocrx_word' id='word_1_770' title='bbox 1888 5239 1955 5293; x_wconf 90' lang='lat' dir='ltr'><strong>de</strong></span> <span class='ocrx_word' id='word_1_771' title='bbox 1993 5247 2148 5294; x_wconf 89' lang='lat' dir='ltr'><strong>utero</strong></span> <span class='ocrx_word' id='word_1_772' title='bbox 2187 5239 2380 5294; x_wconf 88' lang='lat' dir='ltr'><strong>matris</strong></span> <span class='ocrx_word' id='word_1_773' title='bbox 2422 5239 2716 5309; x_wconf 84' lang='lat' dir='ltr'><strong>egreditur,</strong></span> <span class='ocrx_word' id='word_1_774' title='bbox 2754 5241 2829 5294; x_wconf 86' lang='lat' dir='ltr'><strong>ita</strong></span> <span class='ocrx_word' id='word_1_775' title='bbox 2873 5240 3037 5294; x_wconf 90' lang='lat' dir='ltr'><strong>etiam</strong></span> <span class='ocrx_word' id='word_1_776' title='bbox 3087 5248 3265 5309; x_wconf 90' lang='lat' dir='ltr'><strong>potest</strong></span> <span class='ocrx_word' id='word_1_777' title='bbox 3305 5248 3479 5293; x_wconf 19' lang='lat' dir='ltr'><strong>natus.</strong></span> 
     </span>
    </p>
   </div>
   <div class='ocr_carea' id='block_1_103' title="bbox 1889 5330 3469 5401">
    <p class='ocr_par' dir='ltr' id='par_1_103' title="bbox 1889 5330 3469 5401">
     <span class='ocr_line' id='line_1_103' title="bbox 1889 5330 3469 5401; baseline 0 -16"><span class='ocrx_word' id='word_1_778' title='bbox 1889 5330 2169 5401; x_wconf 85' lang='lat' dir='ltr'><strong>appellari,</strong></span> <span class='ocrx_word' id='word_1_779' title='bbox 2203 5332 2295 5401; x_wconf 90' lang='lat' dir='ltr'><strong>qui</strong></span> <span class='ocrx_word' id='word_1_780' title='bbox 2347 5332 2561 5386; x_wconf 90' lang='lat' dir='ltr'><strong>solutus</strong></span> <span class='ocrx_word' id='word_1_781' title='bbox 2609 5348 2640 5387; x_wconf 88' lang='lat' dir='ltr'><strong>a</strong></span> <span class='ocrx_word' id='word_1_782' title='bbox 2682 5332 2920 5387; x_wconf 89' lang='lat' dir='ltr'><strong>vinculis</strong></span> <span class='ocrx_word' id='word_1_783' title='bbox 2968 5332 3152 5387; x_wconf 86' lang='lat' dir='ltr'><strong>carnis</strong></span> <span class='ocrx_word' id='word_1_784' title='bbox 3187 5331 3254 5385; x_wconf 89' lang='lat' dir='ltr'><strong>ad</strong></span> <span class='ocrx_word' id='word_1_785' title='bbox 3291 5331 3469 5385; x_wconf 90' lang='lat' dir='ltr'><strong>lucem</strong></span> 
     </span>
    </p>
   </div>
   <div class='ocr_carea' id='block_1_104' title="bbox 1890 5420 3471 5480">
    <p class='ocr_par' dir='ltr' id='par_1_104' title="bbox 1890 5420 3471 5480">
     <span class='ocr_line' id='line_1_104' title="bbox 1890 5420 3471 5480; baseline -0.003 -1"><span class='ocrx_word' id='word_1_786' title='bbox 1890 5424 2218 5479; x_wconf 91' lang='lat' dir='ltr'><strong>sublimatur</strong></span> <span class='ocrx_word' id='word_1_787' title='bbox 2259 5433 2540 5478; x_wconf 61' lang='lat' dir='ltr'><strong>aeternam.</strong></span> <span class='ocrx_word' id='word_1_788' title='bbox 2567 5422 2721 5480; x_wconf 89' lang='lat' dir='ltr'><strong>Unde</strong></span> <span class='ocrx_word' id='word_1_789' title='bbox 2750 5440 2868 5480; x_wconf 92' lang='lat' dir='ltr'><strong>mos</strong></span> <span class='ocrx_word' id='word_1_790' title='bbox 2892 5423 3299 5479; x_wconf 89' lang='lat' dir='ltr'><strong>ecclesiasticus</strong></span> <span class='ocrx_word' id='word_1_791' title='bbox 3328 5420 3471 5475; x_wconf 82' lang='lat' dir='ltr'><strong>obti-</strong></span> 
     </span>
    </p>
   </div>
   <div class='ocr_carea' id='block_1_105' title="bbox 1891 5505 3466 5586">
    <p class='ocr_par' dir='ltr' id='par_1_105' title="bbox 1891 5505 3466 5586">
     <span class='ocr_line' id='line_1_105' title="bbox 1891 5505 3466 5586; baseline -0.004 -15"><span class='ocrx_word' id='word_1_792' title='bbox 1891 5505 2010 5571; x_wconf 79' lang='lat' dir='ltr'><strong>nuit</strong></span> <span class='ocrx_word' id='word_1_793' title='bbox 2054 5525 2110 5570; x_wconf 92' lang='lat' dir='ltr'><strong>ut</strong></span> <span class='ocrx_word' id='word_1_794' title='bbox 2158 5516 2276 5571; x_wconf 89' lang='lat' dir='ltr'><strong>dies</strong></span> <span class='ocrx_word' id='word_1_795' title='bbox 2310 5524 2608 5586; x_wconf 86' lang='lat' dir='ltr'><strong>martyrum</strong></span> <span class='ocrx_word' id='word_1_796' title='bbox 2669 5516 2783 5569; x_wconf 86' lang='lat' dir='ltr'><strong>sive</strong></span> <span class='ocrx_word' id='word_1_797' title='bbox 2837 5513 3214 5569; x_wconf 88' lang='lat' dir='ltr'><strong>confessorum</strong></span> <span class='ocrx_word' id='word_1_798' title='bbox 3240 5510 3466 5579; x_wconf 88' lang='lat' dir='ltr'><strong>Christi,</strong></span> 
     </span>
    </p>
   </div>
   <div class='ocr_carea' id='block_1_106' title="bbox 1890 5603 3468 5680">
    <p class='ocr_par' dir='ltr' id='par_1_106' title="bbox 1890 5603 3468 5680">
     <span class='ocr_line' id='line_1_106' title="bbox 1890 5603 3468 5680; baseline -0.005 -16"><span class='ocrx_word' id='word_1_799' title='bbox 1890 5610 1944 5664; x_wconf 89' lang='lat' dir='ltr'><strong>in</strong></span> <span class='ocrx_word' id='word_1_800' title='bbox 2001 5608 2201 5680; x_wconf 89' lang='lat' dir='ltr'><strong>quibus</strong></span> <span class='ocrx_word' id='word_1_801' title='bbox 2228 5608 2295 5663; x_wconf 87' lang='lat' dir='ltr'><strong>de</strong></span> <span class='ocrx_word' id='word_1_802' title='bbox 2336 5607 2537 5663; x_wconf 58' lang='lat' dir='ltr'><strong>sarculo</strong></span> <span class='ocrx_word' id='word_1_803' title='bbox 2596 5608 2948 5669; x_wconf 84' lang='lat' dir='ltr'><strong>transierunt,</strong></span> <span class='ocrx_word' id='word_1_804' title='bbox 3007 5603 3227 5659; x_wconf 85' lang='lat' dir='ltr'><strong>Natales</strong></span> <span class='ocrx_word' id='word_1_805' title='bbox 3259 5603 3468 5657; x_wconf 88' lang='lat' dir='ltr'><strong>vocite-</strong></span> 
     </span>
    </p>
   </div>
   <div class='ocr_carea' id='block_1_107' title="bbox 1888 5692 3470 5768">
    <p class='ocr_par' dir='ltr' id='par_1_107' title="bbox 1888 5692 3470 5768">
     <span class='ocr_line' id='line_1_107' title="bbox 1888 5692 3470 5768; baseline -0.004 -14"><span class='ocrx_word' id='word_1_806' title='bbox 1888 5715 2032 5764; x_wconf 87' lang='lat' dir='ltr'><strong>mus,</strong></span> <span class='ocrx_word' id='word_1_807' title='bbox 2077 5713 2375 5768; x_wconf 87' lang='lat' dir='ltr'><strong>eorumque</strong></span> <span class='ocrx_word' id='word_1_808' title='bbox 2422 5699 2687 5753; x_wconf 79' lang='lat' dir='ltr'><strong>solemnia</strong></span> <span class='ocrx_word' id='word_1_809' title='bbox 2739 5712 2847 5750; x_wconf 88' lang='lat' dir='ltr'><strong>non</strong></span> <span class='ocrx_word' id='word_1_810' title='bbox 2880 5693 3151 5760; x_wconf 82' lang='lat' dir='ltr'><strong>funebria,</strong></span> <span class='ocrx_word' id='word_1_811' title='bbox 3189 5692 3281 5748; x_wconf 81' lang='lat' dir='ltr'><strong>sed</strong></span> <span class='ocrx_word' id='word_1_812' title='bbox 3313 5699 3470 5748; x_wconf 77' lang='lat' dir='ltr'><strong>nata-</strong></span> 
     </span>
    </p>
   </div>
   <div class='ocr_carea' id='block_1_108' title="bbox 1888 5788 2631 5862">
    <p class='ocr_par' dir='ltr' id='par_1_108' title="bbox 1888 5788 2631 5862">
     <span class='ocr_line' id='line_1_108' title="bbox 1888 5788 2631 5862; baseline -0.007 -15"><span class='ocrx_word' id='word_1_813' title='bbox 1888 5792 1999 5847; x_wconf 90' lang='lat' dir='ltr'><strong>litia</strong></span> <span class='ocrx_word' id='word_1_814' title='bbox 2027 5790 2295 5845; x_wconf 87' lang='lat' dir='ltr'><strong>dicantur.</strong></span> <span class='ocrx_word' id='word_1_815' title='bbox 2332 5788 2588 5862; x_wconf 87' lang='lat' dir='ltr'><strong>Sequitur</strong></span> <span class='ocrx_word' id='word_1_816' title='bbox 2618 5807 2631 5842; x_wconf 90' lang='lat'><strong>:</strong></span> 
     </span>
    </p>
   </div>
  </div>
