3950 6380
454 286 558 341 947

1565 279 1890 335 WI‘IRNERI
1931 282 2222 337 ABBATIS
2263 281 2320 336 S.
2362 279 2581 335 BLASII

3616 280 3728 335 913

527 419 548 452 ε
571 396 638 452 Et
652 413 750 454 vos
765 398 982 468 quidem
1000 397 1271 453 tristitiam
1295 396 1555 452 habetis.»
1583 394 1772 451 Omnis
1793 396 2032 453 Ecclesia
2064 404 2105 459 Α
2137 413 2398 469 sponsum
2441 405 2525 451 est
2559 394 2728 466 Moysi
2777 411 2963 450 verum
3009 405 3114 462 est,
3161 395 3289 467 quia
3322 412 3484 451 nemo
3538 406 3730 466 potest

452 507 550 562 per
597 490 763 557 hujus
822 490 948 545 vita:
1011 490 1224 544 labores
1282 500 1336 544 et
1384 487 1664 558 angustias
1717 488 1783 542 ad
1828 497 2030 543 :eterna

451 583 674 654 praemia
706 582 1004 637 caelestium
1023 581 1343 652 gaudiorum
1374 580 1563 646 tendit,
1581 580 1707 650 quia
1728 599 1746 632 ι
1769 595 1862 650 per
1887 581 2030 634 mul-

453 685 537 730 tas
556 673 956 738 tribulationes,
980 681 1037 727 ut
1058 673 1134 727 ait
1151 671 1460 743 Apostolus,
1478 680 1685 742 oportet
1706 686 1805 726 nos
1829 672 2032 726 intrare

453 767 507 818 in
535 779 762 834 regnum
791 762 884 817 Dei
916 762 1224 831 (.4ct..x1v).
1266 780 1284 812 ι
1314 760 1510 816 Dieens
1547 759 1808 814 Dominus
1835 759 2029 815 iterum

457 875 475 906 ι
505 864 558 910 et
587 855 782 910 videbo
811 869 908 908 vos
945 873 963 905 ι
1014 853 1314 908 secundum
1344 852 1608 922 promittit
1633 851 1947 916 adventum,
1976 851 2030 904 in

451 962 562 1016 quo
609 947 922 1002 universam
984 945 1188 1000 videbit
1233 945 1528 1000 Ecclesiam
1569 943 1636 998 ad
1676 959 2032 999 remuneran-

449 1037 580 1090 dum
616 1051 678 1090 ex
713 1037 944 1108 integro.
985 1036 1049 1090 Et
1078 1037 1203 1106 quia
1223 1035 1274 1090 in
1323 1035 1654 1106 plenitudine
1675 1035 1820 1090 illius
1851 1034 2032 1105 gaudii

452 1142 561 1180 non
610 1127 928 1196 rogabimus
994 1128 1179 1193 modo,
1237 1127 1527 1197 petendum
1553 1135 1632 1181 est
1665 1135 1725 1180 ut
1755 1126 1880 1180 illuc
1905 1141 2031 1196 per-

451 1218 757 1273 veniamus.

825 1305 1057 1362 SERMO
1095 1305 1182 1359 DE
1222 1304 1494 1361 VISIONE
1533 1306 1662 1362 DEI.

526 1399 582 1455 Si
615 1400 814 1470 quaeris
839 1409 1020 1454 utrum
1045 1399 1188 1455 Deus
1233 1401 1407 1470 possit
1459 1400 1650 1468 videri,
1686 1401 2030 1472 respondeo:

451 1491 660 1547 Potest.
720 1490 776 1546 Si
813 1491 1015 1562 quaeris
1061 1490 1203 1546 unde
1251 1491 1444 1556 sciam,
1509 1493 1817 1563 respondeo
1853 1491 2030 1559 :Quia

453 1583 509 1635 in
538 1582 822 1638 verissima
849 1583 1127 1652 Scriptura
1165 1581 1399 1653 legitur:
1443 1601 1461 1635 ι
1497 1581 1643 1638 Beati
1681 1583 1885 1639 mundo
1912 1599 2034 1639 cor-

453 1675 542 1740 de,
595 1673 854 1742 quoniam
895 1673 997 1742 ipsi
1039 1672 1212 1727 Deum
1256 1674 1518 1729 videbunt
1566 1675 1785 1746 (Matth.
1817 1679 1892 1746 v),
1926 1695 1944 1727 ι
1980 1686 2034 1732 et

2133 490 2315 544 videre
2354 488 2548 543 faciem
2599 485 2713 554 Dei,
2743 495 2798 543 et
2825 488 3008 544 vivere
3040 488 3234 559 (Exod.
3296 493 3519 559 xxxm);
3549 491 3607 545 id
3642 500 3732 546 est

2133 596 2295 635 nemo
2332 589 2508 650 potest
2552 595 2676 635 eum
2721 579 2775 634 in
2823 580 2927 637 hac
2973 565 3080 636 vita
3120 582 3312 637 vivens
3356 582 3545 636 videre
3578 583 3732 637 sicut

2131 681 2233 726 est.
2285 669 2422 725 Nam
2473 671 2628 726 multi
2668 671 2939 738 viderunt,
2986 672 3250 742 sedquod
3295 673 3558 728 voluntas
3607 675 3725 729 ele-

2133 763 2229 834 git,
2270 777 2378 816 non
2409 762 2554 832 quod
2586 773 2781 816 natura
2811 761 3086 818 formavit.
3122 762 3177 817 Si
3210 765 3415 834 quaeris
3434 767 3730 836 quomodo

2131 865 2256 904 eum
2310 850 2444 904 vidit
2473 851 2554 904 vel
2583 850 2718 904 Cain
2751 851 3074 918 sceleratus,
3118 852 3339 921 quando
3370 853 3440 907 de
3467 869 3582 907 suo
3603 869 3727 908 sce-

2134 942 2243 996 lere
2281 941 2350 996 ab
2396 941 2490 996 illo
2537 942 2900 1014 intermgatus
2943 951 2996 998 et
3020 942 3296 1013 judicatus
3334 953 3451 1010 est;
3484 945 3578 998 vel
3608 945 3728 1014 ipse

2133 1035 2296 1089 etiam
2324 1035 2597 1100 diabolus,
2645 1035 2866 1105 quando
2916 1035 3063 1090 venit
3109 1050 3234 1090 eum
3283 1036 3492 1105 angelis
3551 1047 3730 1092 utco-

2131 1145 2248 1184 ram
2285 1131 2377 1185 illo
2409 1130 2713 1194 assisteret;
2767 1130 2849 1184 vel
2879 1150 2896 1182 ι
2942 1130 3079 1184 beati
3116 1130 3528 1197 mundicordes,
3588 1147 3730 1200 quo-

2136 1223 2281 1277 niam
2315 1222 2417 1292 ipsi
2450 1221 2620 1276 Deum
2657 1223 2916 1278 videbunt
2947 1222 3166 1292 (Matth.
3202 1224 3278 1293 v),
3313 1241 3330 1273 ο
3365 1224 3724 1294 respondeo:

2133 1343 2201 1353 —-
2222 1313 2328 1369 hoc
2349 1329 2456 1368 non
2480 1329 2602 1370 esse
2621 1329 2984 1385 consequens,
3005 1323 3066 1369 ut
3094 1315 3259 1371 etiam
3290 1315 3518 1370 videant
3549 1315 3728 1371 Deum

2133 1405 2225 1476 qui
2281 1421 2443 1462 voces
2491 1405 2561 1460 ab
2619 1420 2686 1461 eo
2733 1405 2908 1461 factas
2955 1406 3249 1476 aliquando
3303 1407 3567 1462 audiunt.
3619 1407 3730 1464 Ne-

2133 1513 2240 1567 que
2270 1499 2418 1553 enim
2464 1497 2716 1553 viderunt
2742 1499 2962 1569 quando
2997 1500 3134 1555 dixit
3178 1499 3275 1554 ad-
3307 1499 3512 1556 Filium
3545 1519 3564 1557 :
3601 1521 3618 1552 ι
3661 1499 3732 1556 Et

2133 1587 2449 1656 clarilicavi,
2505 1597 2559 1644 et
2612 1588 2806 1644 iterum
2848 1589 3159 1646 clarificaho
3191 1589 3373 1661 (Joan.
3427 1593 3560 1661 xu),
3599 1613 3620 1644 ι

2206 1677 2592 1735 Verumtamen
2635 1694 2745 1734 non
2793 1694 2915 1735 esse
2964 1679 3303 1747 mirandum,
3341 1681 3386 1736 si
3421 1681 3730 1752 aliquando

454 1773 647 1819 eietera
706 1765 856 1818 talia.
917 1763 974 1818 Si
1024 1763 1226 1835 quieris
1289 1765 1563 1834 quomodo
1616 1766 1908 1822 invisibilis
1960 1768 2032 1823 sit
2063 1766 2297 1827 Betiam
2339 1787 2445 1826 non
2497 1771 2883 1826 mundicordes
2925 1771 3142 1827 videant
3196 1771 3364 1827 Deum
3416 1773 3474 1827 in
3543 1777 3732 1844 specie

453 1861 655 1925 dictus,
687 1859 732 1914 si
761 1858 931 1914 videri
958 1869 1152 1930 potest,
1197 1860 1499 1930 respondeo
1537 1861 1860 1918 invisibilem
1914 1877 2035 1918 esse

454 1961 670 2007 natura.
727 1951 949 2007 Videtur
978 1962 1183 2021 autem,
1223 1969 1346 2010 eum
1393 1955 1528 2022 vult,
1556 1956 1699 2011 sicut
1722 1957 1858 2011 vult.
1903 1955 2034 2012 Plu-

455 2043 610 2098 rimis
645 2043 790 2098 enim
823 2043 974 2098 visus
999 2052 1084 2098 est
1119 2059 1228 2098 non
1262 2044 1422 2100 sicuti
1456 2055 1559 2112 est,
1597 2046 1691 2101 sed
1715 2045 1864 2116 quali
1909 2061 2035 2116 spe-

453 2133 536 2187 cie
577 2132 652 2186 illi
701 2132 902 2202 placuit
955 2149 1236 2204 apparere.
1292 2134 1430 2201 Quid
1463 2144 1548 2190 est
1585 2151 1715 2206 ergo
1754 2136 1901 2207 quod
1944 2152 2036 2192 ea-

452 2227 575 2280 dem
625 2227 756 2280 dicit
791 2228 1090 2282 auctoritas
1123 2247 1136 2282 :
1169 2247 1186 2279 ι
1217 2227 1387 2284 Deum
1439 2243 1600 2285 nemo
1627 2230 1760 2285 vidit
1795 2247 2034 2301 unquam

455 2313 641 2382 (Joan.
694 2316 788 2384 iv).
828 2335 846 2367 ι
878 2315 942 2370 Ει
989 2317 1134 2386 quod
1182 2317 1414 2387 amplius
1463 2319 1674 2390 planius
1713 2320 2032 2390 explicans:

377 2447 383 2456 .
460 2425 480 2457 ι
511 2404 682 2473 Quem
733 2421 918 2473 nemo,
962 2408 1159 2478 inquit,
1210 2409 1493 2465 hominum
1538 2410 1690 2475 vidit,
1722 2426 1823 2466 nec
1851 2410 2036 2466 videre

453 2510 632 2572 potest
651 2500 700 2572 (l
725 2501 884 2556 Joan.
912 2503 1004 2573 tv).
1020 2523 1038 2555 ι
1061 2501 1348 2570 Quomodo
1365 2519 1494 2575 ergo
1516 2505 1651 2560 vidit
1675 2505 1845 2560 Deum
1865 2505 2036 2559 Abra-

453 2599 604 2665 ham,
635 2598 802 2665 lsaac,
849 2598 1033 2666 Jacob,
1079 2599 1201 2668 Joh,
1246 2599 1480 2672 Moyses,
1521 2599 1797 2665 Micbaaas,
1844 2597 2034 2665 Isaias,

453 2701 510 2746 et
547 2691 710 2761 siqui
758 2691 847 2746 alii
907 2702 1046 2748 sunt.
1092 2693 1159 2748 de
1211 2692 1414 2764 quibus
1486 2693 1836 2748 veracissima
1887 2691 2035 2748 Scri-

455 2790 620 2851 ptura
670 2792 901 2838 testatur
947 2789 1093 2854 quod
1144 2783 1313 2838 Deum
1371 2798 1530 2838 nemo
1579 2785 1862 2840 hominum
1927 2801 2034 2840 un-

454 2889 620 2944 quam
662 2874 814 2940 vidit,
866 2891 966 2930 nec
995 2875 1177 2931 videre
1217 2884 1416 2946 potest.
1449 2875 1639 2948 Magna
1671 2877 1898 2947 quaestio
1928 2885 2034 2944 est,

455 2969 732 3038 quomodo
755 2985 862 3025 non
885 2970 1305 3026 sitcontrarium
1334 2971 1480 3042 quod
1512 2981 1589 3026 tot
1612 2973 1822 3043 antiqui
1861 2972 2032 3028 Deum

455 3064 730 3130 viderunt,
773 3064 818 3120 si
863 3063 1032 3120 Deum
1065 3079 1226 3119 nemo
1263 3065 1396 3120 vidit
1426 3081 1690 3135 unquam,
1719 3065 1846 3136 quia
1872 3079 2034 3120 nemo

457 3156 746 3212 hominum
792 3157 948 3221 vidit,
999 3173 1118 3228 nec,
1163 3158 1343 3212 videre
1389 3166 1587 3227 potest.
1645 3158 1802 3213 Certe
1859 3157 2031 3213 refelli

457 3261 564 3300 non
595 3254 794 3316 potest,
817 3246 949 3302 dicit
973 3247 1318 3313 Ambrosius,
1343 3248 1425 3302 vel
1457 3247 1669 3302 Patrem
1702 3249 1783 3302 vel
1811 3246 2029 3314 Filium,

456 3339 540 3391 vel
561 3347 706 3393 certe
728 3337 991 3408 Spiritum
1022 3349 1291 3407 sanetum,
1314 3340 1358 3395 si
1388 3351 1567 3395 tamen
1590 3351 1674 3395 est
1703 3341 1875 3396 sancti
1911 3339 2030 3412 Spi-

457 3431 596 3487 ritus
616 3430 774 3499 visio,
799 3447 860 3486 ea
885 3432 1064 3502 specie
1087 3432 1266 3488 videre
1287 3431 1570 3504 [viduvii],
1594 3449 1757 3504 quam
1781 3433 2032 3490 voluntas

456 3522 699 3594 elegerit,
730 3539 838 3578 non
869 3532 1063 3580 natura
1096 3521 1428 3579 formaverit.
1463 3521 1733 3590 Quoniam
1769 3522 2031 3594 Spiritum

459 3631 678 3684 quoque
703 3616 881 3670 visum
913 3615 1213 3685 accipimus
1241 3616 1294 3669 in
1328 3617 1604 3683 columba,
1633 3626 1686 3671 et
1715 3616 1837 3672 ideo
1860 3617 2030 3672 Deum

461 3719 624 3760 nemo
672 3704 805 3760 vidit
844 3721 1107 3776 unquam,
1145 3706 1273 3775 quia
1319 3722 1437 3761 eam
1476 3724 1597 3778 quae
1625 3707 1678 3762 in
1727 3708 1837 3764 Deo
1878 3709 2034 3764 habi-

461 3804 540 3850 tat
587 3794 976 3863 plenitudinem
1044 3795 1288 3863 deitatis,
1346 3812 1507 3853 nemo
1575 3799 1814 3868 aspexit,
1874 3815 2034 3855 nemo

462 3894 643 3940 mente
684 3894 780 3940 aut
819 3885 992 3941 oculis
1040 3887 1470 3956 comprehcndit.
1531 3886 1681 3943 Unde
1721 3886 1932 3959 Moyses
1959 3891 2036 3945 ait

461 3976 596 4044 Deo,
635 3993 758 4032 cum
783 3993 892 4048 quo
937 3978 1146 4034 amicus
1203 3979 1400 4044 amico,
1437 3978 1573 4034 facie
1606 3979 1676 4034 ad
1709 3977 1904 4034 faciem
1953 3979 2034 4033 lo-

459 4072 772 4140 quebatur:
813 4090 832 4123 (
869 4069 924 4125 Si
990 4071 1172 4126 inveni
1231 4072 1457 4142 gratiam
1525 4078 1648 4128 ante
1695 4081 1763 4136 te.
1810 4070 2036 4126 ostende

461 4161 594 4216 mihi
646 4163 988 4232 temetipsum
1019 4162 1214 4232 (Exod.
1256 4163 1464 4232 xxxrv).
1503 4181 1521 4214 ι
1549 4162 1690 4228 Quid
1721 4163 1892 4233 ergo?
1921 4162 2032 4228 ille,

459 4270 569 4309 non
617 4264 735 4309 erat
769 4255 901 4324 ipse.
929 4253 984 4309 Si
1028 4270 1136 4310 non
1187 4263 1331 4310 esset
1379 4255 1514 4323 ipse,
1556 4270 1665 4309 non
1711 4254 1760 4308 ei
1807 4254 2032 4319 diceret,

460 4344 698 4399 Ostende
723 4343 855 4398 mihi
883 4345 1247 4414 temetipsum,
1275 4345 1390 4409 sed,
1415 4343 1652 4399 Ostende
1674 4343 1808 4398 mihi
1838 4341 2032 4398 Deum.

2134 1878 2300 1934 quam
2338 1863 2591 1917 voluntas
2648 1861 2768 1931 ejus
2801 1861 3006 1929 fecerit,
3067 1863 3265 1917 latente
3320 1863 3619 1931 invisibili,
3672 1874 3728 1919 et

2136 1951 2278 2023 apud
2303 1968 2361 2008 se
2383 1951 2812 2008 incommutablli
2842 1961 3095 2008 manente
3121 1962 3336 2008 natura.
3369 1984 3448 1994 —
3475 1954 3540 2008 Si
3571 1973 3728 2025 qua:-

2136 2047 2214 2102 ris
2245 2057 2426 2102 utrum
2471 2046 2633 2102 etiam
2685 2045 2842 2102 sicuti
2873 2045 3078 2100 dictum
3111 2055 3193 2101 est
3222 2046 3522 2116 aliquando
3553 2049 3734 2117 possit

2136 2137 2329 2203 videri,
2364 2135 2666 2206 respondeo
2703 2155 2714 2189 :
2750 2135 2901 2191 Filiis
2944 2135 3046 2190 hoc
3094 2151 3216 2191 esse
3261 2137 3634 2206 promissum,
3663 2139 3736 2192 de

2136 2229 2336 2299 quibus
2375 2228 2629 2283 dictum:
2675 2247 2693 2278 ι
2747 2225 2964 2282 Scimus
2996 2227 3146 2297 quia,
3197 2243 3320 2282 cum
3379 2232 3730 2299 apparuerit,

2136 2321 2341 2376 similes
2387 2319 2437 2374 ei
2476 2320 2702 2384 erimus,
2742 2317 3002 2387 quoniam
3034 2318 3341 2374 videbimus
3383 2335 3514 2374 eum
3565 2321 3732 2376 sicuti

2139 2422 2223 2468 est
2253 2411 2435 2483 (Joan.
2484 2412 2588 2482 ιιι).
2631 2431 2648 2462 ι
2700 2410 2815 2465 Non
2846 2410 2990 2464 enim
3035 2410 3299 2480 quaeritur
3328 2413 3628 2480 quomodo
3653 2416 3734 2465 vi-

2135 2506 2326 2560 deatur
2369 2503 2531 2570 Deus,
2584 2519 2692 2557 non
2734 2518 2799 2557 ea
2853 2501 3050 2571 specie,
3085 2517 3194 2572 qua
3243 2501 3298 2556 in
3357 2502 3468 2556 isto
3517 2504 3736 2557 saeculo

2136 2598 2308 2651 voluit
2359 2596 2688 2666 quibusdam
2740 2611 3022 2666 apparere,
3060 2609 3154 2652 sed
3186 2594 3468 2665 quomodo
3528 2595 3728 2650 videa-

2136 2699 2224 2746 tur
2273 2691 2325 2745 in
2361 2690 2452 2746 illo
2483 2705 2672 2760 regno,
2702 2689 2792 2744 ubi
2836 2705 2962 2744 eum
2994 2689 3089 2744 filii
3117 2689 3236 2759 ejus
3270 2688 3538 2742 videbunt
3559 2689 3732 2744 sicuti

2135 2792 2237 2838 est.
2297 2781 2451 2837 Tunc
2501 2780 2702 2852 quippe
2753 2779 3042 2836 satiabitur
3090 2779 3331 2834 inhonis
3374 2779 3728 2834 desiderium

2135 2890 2346 2930 eorum.
2397 2873 2517 2929 Non
2561 2875 2705 2930 enim
2737 2871 2942 2942 indigni
2985 2871 3155 2926 Deum
3197 2870 3484 2934 videbunt,
3509 2872 3582 2924 de
3607 2872 3732 2940 qni-

2137 2971 2240 3023 bus
2263 2967 2466 3023 dictum
2499 2973 2624 3021 est:
2663 2982 2682 3016 ‹
2720 2963 2965 3018 Tollatnr
3007 2963 3228 3033 impius,
3262 2976 3329 3015 ne
3371 2961 3564 3014 videat
3611 2962 3731 3015 cla-

2138 3062 2350 3116 ritatem
2387 3059 2500 3114 Dei.
2533 3079 2552 3111 ι
2581 3057 2791 3126 Quibus
2827 3056 2991 3112 etiam
3023 3055 3232 3112 dicetur
3268 3072 3280 3109 :
3317 3071 3336 3105 ι
3389 3052 3491 3118 Ite,
3547 3053 3607 3106 in
3653 3053 3732 3123 ig-

2139 3168 2260 3208 nem
2319 3161 2605 3216 aeternum,
2637 3150 2731 3220 qui
2770 3157 3107 3222 prmparatus
3147 3155 3229 3203 est
3262 3145 3488 3200 diabolo
3546 3155 3608 3199 et
3631 3161 3732 3198 an-

2136 3244 2268 3316 gelis
2313 3244 2433 3314 ejus
2465 3242 2680 3315 (Matth.
2719 3241 2868 3310 xxv).
2933 3240 3193 3294 Promisit
3241 3237 3385 3293 Deus
3435 3251 3498 3291 se
3534 3247 3731 3291 osten-

2137 3351 2324 3390 surum
2369 3333 2719 3389 dilectoribus
2775 3333 2911 3396 suis,
2957 3345 3082 3386 cum
3136 3329 3294 3383 Patre
3321 3343 3494 3381 unum
3522 3325 3728 3389 Deum,

2135 3443 2244 3482 non
2285 3425 2558 3496 quomodo
2589 3425 2644 3479 in
2681 3426 2785 3479 hoc
2840 3423 3041 3479 s:eculo
3087 3422 3142 3476 in
3171 3435 3399 3490 corpore
3444 3419 3609 3473 visus
3642 3427 3728 3472 est

2136 3535 2164 3576 a
2195 3518 2353 3575 bonis
2389 3525 2444 3572 et
2471 3516 2650 3583 malis,
2695 3524 2750 3572 et
2779 3516 2831 3569 in
2876 3513 3082 3585 judicio
3136 3512 3282 3568 enim
3338 3509 3551 3577 futuro,
3613 3524 3724 3580 quo

2136 3614 2215 3666 sic
2243 3620 2503 3666 venturus
2536 3622 2642 3674 εει,
2685 3605 2962 3678 quomodo
3011 3605 3162 3660 visus
3189 3612 3276 3660 est
3323 3603 3443 3657 iens
3492 3601 3552 3656 in
3604 3616 3723 3656 co:-

2135 3703 2271 3766 lum,
2321 3702 2426 3757 hoc
2472 3713 2556 3758 est
2593 3701 2647 3755 in
2698 3700 2884 3756 eadem
2933 3697 3106 3753 forma
3137 3694 3231 3753 ﬁlii
3263 3694 3527 3750 hominis.
3563 3689 3730 3747 Eam-

2135 3795 2256 3849 dem
2284 3794 2465 3864 itaque
2500 3792 2730 3849 formam
2784 3791 3063 3857 videbunt,
3091 3788 3290 3859 quibus
3313 3787 3570 3841 dicturus
3601 3795 3722 3841 est:

2143 3906 2160 3937 ι
2192 3885 2404 3940 Esurivi
2425 3927 2439 3951 ,
2471 3893 2522 3940 et
2555 3899 2662 3939 non
2693 3883 2918 3939 dedistis
2945 3881 3079 3936 mihi
3103 3879 3433 3937 manducare
3463 3877 3676 3948 (ibid.),
3698 3895 3719 3928 ι

2136 3987 2190 4032 et
2226 3977 2352 4047 quia
2379 3975 2548 4030 Judaei
2583 3975 2838 4029 videbunt
2875 3973 2929 4026 in
2952 3986 3114 4042 quem
3139 3977 3486 4041 pupugeruut
3524 3969 3722 4038 (Apoc.

2137 4071 2200 4138 ι),
2253 4085 2362 4123 non
2410 4069 2555 4124 illam
2604 4067 2698 4124 Dei
2754 4066 3007 4128 formam,
3056 4066 3111 4120 in
3156 4080 3264 4134 qua
3304 4078 3412 4119 non
3480 4063 3727 4116 arbitra-

2139 4171 2226 4218 tus
2266 4170 2349 4216 est
2395 4161 2638 4231 rapinam
2693 4174 2818 4214 esse
2870 4157 3096 4228 aequalis
3157 4155 3268 4210 Deo
3317 4154 3588 4223 (Philipp.
3639 4156 3726 4222 ιι).

2137 4253 2192 4308 In
2245 4253 2334 4310 illa
2394 4253 2482 4308 die
2551 4262 2681 4309 tune
2748 4251 3008 4305 videbunt
3062 4247 3266 4312 Deum,
3297 4245 3409 4316 -qui
3461 4245 3729 4299 videbunt

2137 4349 2278 4402 sicut
2321 4355 2424 4401 est.
2481 4343 2592 4399 Nec
2633 4345 2753 4398 ideo
2783 4341 3062 4407 videbunt,
3113 4339 3239 4409 quia
3283 4351 3552 4406 pauperes
3617 4336 3730 4406 spi-

461 4435 528 4490 Et
556 4447 735 4491 tamen
782 4437 828 4490 si
859 4436 978 4505 ejus
1026 4435 1770 4505 naturainsubstantiamque
1819 4434 2036 4503 conspi-
2069 4453 2112 4506 ι)
2141 4441 2246 4496 ritu
2289 4440 2344 4494 in
2382 4439 2483 4494 hac
2512 4437 2621 4492 vita
2674 4438 2909 4502 fuerunt,
2957 4435 3085 4506 quia
3136 4433 3314 4498 mites,
3366 4431 3497 4501 quia
3529 4429 3732 4499 lugen-

461 4540 627 4594 ccret,
666 4529 838 4583 multo
881 4528 1065 4583 minus
1102 4528 1307 4584 diceret
1333 4547 1345 4581 :
1375 4526 1611 4583 Ostende
1664 4526 1797 4580 mihi
1847 4533 2038 4581 temet-

462 4627 667 4696 ipsum.
718 4623 834 4694 Ipse
867 4639 995 4696 ergo
1041 4633 1158 4680 erat
1191 4624 1242 4681 in
1275 4638 1336 4680 ea
1380 4624 1579 4693 Specie,
1620 4638 1727 4692 qua
1781 4636 2040 4690 apparere

460 4719 730 4774 voluerat.
803 4716 921 4772 Non
973 4727 1154 4773 autem
1206 4719 1320 4787 ipse
1369 4716 1666 4786 apparebat
1727 4714 1781 4767 in
1843 4723 2038 4767 natura

462 4812 701 4881 propria,
736 4827 902 4883 quam
952 4810 1161 4882 Moyses
1219 4811 1400 4866 videre
1430 4808 1702 4879 cupiebat.
1737 4805 1810 4860 Ea
1840 4805 2039 4876 quippe

465 4904 806 4976 promittitur
845 4903 1050 4960 sanctis
1095 4905 1148 4960 in
1189 4905 1290 4962 alia
1345 4904 1474 4960 vita.
1537 4899 1691 4956 Unde
1741 4899 1886 4972 quod
1948 4914 2034 4952 re-

2063 5042 2134 5052 -η

2142 4541 2245 4598 tes,
2273 4541 2326 4586 et
2354 4541 2579 4597 caetera;
2627 4531 2719 4585 sed
2752 4530 2880 4600 quia
2942 4527 3147 4582 mundo
3197 4533 3327 4581 sunt
3362 4523 3547 4578 corde.
3605 4523 3732 4589 Quo

2141 4624 2346 4680 mundo
2375 4624 2536 4679 corde
2560 4622 2848 4686 videbitur,
2876 4621 2968 4691 qui
2997 4635 3096 4674 nec
3121 4620 3175 4672 in
3207 4618 3326 4672 loco
3354 4616 3598 4680 videtur,
3630 4630 3733 4670 nec

2142 4716 2316 4770 oculis
2347 4715 2720 4784 corporalibus
2775 4713 3007 4777 videtur,
3042 4726 3141 4766 nec
3175 4709 3544 4766 conscribitur
3576 4711 3730 4775 visu,

2143 4823 2242 4863 nec
2267 4817 2411 4861 tactu
2450 4815 2684 4872 tenetur,
2721 4821 2818 4863 nec
2869 4805 3085 4860 auditur
3125 4803 3309 4870 affatu,
3353 4819 3455 4858 nec
3487 4803 3734 4860 sentitur

2144 4899 2380 4992 incessu.

1610 5185 2114 5265 DOMINICA
2188 5183 2596 5260 TERTIA.

1740 5363 2102 5426 Secundum
2133 5365 2468 5425 Joannem.

542 5554 563 5590 ι
599 5534 750 5594 Vado
798 5536 864 5593 ad
908 5550 1034 5591 cum
1087 5532 1178 5604 qui
1216 5547 1301 5588 me
1357 5531 1524 5596 misit,
1575 5540 1628 5586 ct
1669 5546 1828 5586 nemo
1859 5547 1922 5584 ex
1949 5545 2044 5583 vo-

465 5635 554 5693 bis
597 5633 892 5702 interrogat
939 5643 1027 5684 me
1063 5647 1074 5682 :
1107 5626 1225 5695 Quo
1263 5628 1462 5685 vadis?
1499 5647 1516 5678 ι
1556 5625 1737 5696 (Joan.
1774 5626 1910 5696 xvi.)
1957 5623 2044 5680 Si-

468 5728 685 5798 gnificat
731 5743 789 5784 sc
825 5736 934 5783 tam
975 5720 1261 5782 manifeste
1310 5724 1536 5789 iturum,
1571 5731 1629 5777 ut
1661 5737 1769 5776 non
1803 5735 1940 5790 opus
1965 5718 2043 5773 fo-

2151 5536 2234 5580 ret
2275 5526 2612 5595 interrogare
2653 5539 2763 5594 quo
2813 5521 2933 5578 iret.
2991 5519 3262 5576 Videbunt
3303 5523 3450 5574 enim
3502 5522 3557 5575 in
3585 5523 3734 5578 nube

2149 5619 2550 5683 ascendentem,
2597 5616 2728 5671 certi
2769 5615 2836 5670 de
2881 5613 3076 5686 gloria,
3113 5612 3205 5682 qui
3261 5611 3414 5682 prius
3463 5615 3732 5683 pra-dicta

2149 5713 2400 5785 passione
2431 5711 2756 5784 quaesieram
2790 5727 2801 5763 :
2849 5707 3096 5774 Domine,
3125 5722 3234 5776 quo
3267 5705 3456 5761 vadis"
