  <div class='ocr_page' id='page_1' title='image "/cluster/home/n/w/nwhite01/storage/ocr_20150623/157/hvd.32044010248185/480.png"; bbox 0 0 3950 6380; ppageno 0'>
   <div class='ocr_carea' id='block_1_1' title="bbox 272 290 378 352">
    <p class='ocr_par' dir='ltr' id='par_1_1' title="bbox 272 290 378 352">
     <span class='ocr_line' id='line_1_1' title="bbox 272 290 378 352; baseline -0.019 0"><span class='ocrx_word' id='word_1_1' title='bbox 272 290 378 352; x_wconf 72' lang='grc' dir='ltr'><strong>θιο</strong></span> 
     </span>
    </p>
   </div>
   <div class='ocr_carea' id='block_1_2' title="bbox 1195 278 2617 343">
    <p class='ocr_par' dir='ltr' id='par_1_2' title="bbox 1195 278 2617 343">
     <span class='ocr_line' id='line_1_2' title="bbox 1195 278 2617 343; baseline -0.003 -1"><span class='ocrx_word' id='word_1_2' title='bbox 1195 280 1774 343; x_wconf 58' lang='grc' dir='ltr'><strong>οεηοιιλτιοθιεε</strong></span> <span class='ocrx_word' id='word_1_3' title='bbox 1814 283 1916 340; x_wconf 84' lang='lat' dir='ltr'><strong>SS.</strong></span> <span class='ocrx_word' id='word_1_4' title='bbox 1956 282 2265 342; x_wconf 70' lang='lat' dir='ltr'><strong>PATRUH.</strong></span> <span class='ocrx_word' id='word_1_5' title='bbox 2303 313 2375 326; x_wconf 91' lang='lat'><strong><em>—</em></strong></span> <span class='ocrx_word' id='word_1_6' title='bbox 2413 278 2543 339; x_wconf 80' lang='lat' dir='ltr'><strong>LIB.</strong></span> <span class='ocrx_word' id='word_1_7' title='bbox 2581 281 2617 338; x_wconf 79' lang='grc' dir='ltr'><strong>Ι.</strong></span> 
     </span>
    </p>
   </div>
   <div class='ocr_carea' id='block_1_3' title="bbox 3436 280 3546 342">
    <p class='ocr_par' dir='ltr' id='par_1_3' title="bbox 3436 280 3546 342">
     <span class='ocr_line' id='line_1_3' title="bbox 3436 280 3546 342; baseline -0.009 0"><span class='ocrx_word' id='word_1_8' title='bbox 3436 280 3546 342; x_wconf 66' lang='grc' dir='ltr'><strong>θδΰ</strong></span> 
     </span>
    </p>
   </div>
   <div class='ocr_carea' id='block_1_4' title="bbox 351 392 3545 474">
    <p class='ocr_par' dir='ltr' id='par_1_4' title="bbox 351 392 3545 474">
     <span class='ocr_line' id='line_1_4' title="bbox 351 392 3545 474; baseline -0.002 -17"><span class='ocrx_word' id='word_1_9' title='bbox 351 426 371 457; x_wconf 72' lang='grc' dir='ltr'><strong>ι</strong></span> <span class='ocrx_word' id='word_1_10' title='bbox 410 401 515 459; x_wconf 87' lang='lat' dir='ltr'><strong>Sed</strong></span> <span class='ocrx_word' id='word_1_11' title='bbox 547 401 675 474; x_wconf 84' lang='lat' dir='ltr'><strong>quia</strong></span> <span class='ocrx_word' id='word_1_12' title='bbox 706 401 823 457; x_wconf 65' lang='lat' dir='ltr'><strong>haec</strong></span> <span class='ocrx_word' id='word_1_13' title='bbox 865 399 1080 455; x_wconf 80' lang='lat' dir='ltr'><strong>loculus</strong></span> <span class='ocrx_word' id='word_1_14' title='bbox 1126 414 1248 455; x_wconf 89' lang='lat' dir='ltr'><strong>sum</strong></span> <span class='ocrx_word' id='word_1_15' title='bbox 1296 399 1472 465; x_wconf 93' lang='lat' dir='ltr'><strong>vobis,</strong></span> <span class='ocrx_word' id='word_1_16' title='bbox 1503 398 1724 455; x_wconf 75' lang='lat' dir='ltr'><strong>tristitia</strong></span> <span class='ocrx_word' id='word_1_17' title='bbox 1756 397 1857 453; x_wconf 85' lang='lat' dir='ltr'><strong>im-</strong></span> <span class='ocrx_word' id='word_1_18' title='bbox 1890 404 1935 460; x_wconf 80' lang='grc' dir='ltr'><strong>Α</strong></span> <span class='ocrx_word' id='word_1_19' title='bbox 1965 396 2208 452; x_wconf 79' lang='lat' dir='ltr'><strong>futurum</strong></span> <span class='ocrx_word' id='word_1_20' title='bbox 2247 395 2538 467; x_wconf 86' lang='lat' dir='ltr'><strong>judicium,</strong></span> <span class='ocrx_word' id='word_1_21' title='bbox 2566 410 2634 450; x_wconf 86' lang='lat' dir='ltr'><strong>ne</strong></span> <span class='ocrx_word' id='word_1_22' title='bbox 2661 410 2783 449; x_wconf 85' lang='lat' dir='ltr'><strong>cum</strong></span> <span class='ocrx_word' id='word_1_23' title='bbox 2813 392 3054 466; x_wconf 80' lang='lat' dir='ltr'><strong>principe</strong></span> <span class='ocrx_word' id='word_1_24' title='bbox 3081 397 3266 452; x_wconf 88' lang='lat' dir='ltr'><strong>mumli</strong></span> <span class='ocrx_word' id='word_1_25' title='bbox 3294 395 3545 468; x_wconf 81' lang='lat' dir='ltr'><strong>judicen-</strong></span> 
     </span>
    </p>
   </div>
   <div class='ocr_carea' id='block_1_5' title="bbox 273 490 1854 569">
    <p class='ocr_par' dir='ltr' id='par_1_5' title="bbox 273 490 1854 569">
     <span class='ocr_line' id='line_1_5' title="bbox 273 490 1854 569; baseline -0.006 -17"><span class='ocrx_word' id='word_1_26' title='bbox 273 497 446 569; x_wconf 79' lang='lat' dir='ltr'><strong>plevit</strong></span> <span class='ocrx_word' id='word_1_27' title='bbox 494 511 592 551; x_wconf 82' lang='lat' dir='ltr'><strong>cor</strong></span> <span class='ocrx_word' id='word_1_28' title='bbox 644 502 908 550; x_wconf 89' lang='lat' dir='ltr'><strong>vestrum.</strong></span> <span class='ocrx_word' id='word_1_29' title='bbox 947 511 965 544; x_wconf 75' lang='grc' dir='ltr'><strong>ι</strong></span> <span class='ocrx_word' id='word_1_30' title='bbox 1001 490 1443 548; x_wconf 88' lang='lat' dir='ltr'><strong>Contristabatur</strong></span> <span class='ocrx_word' id='word_1_31' title='bbox 1471 492 1748 546; x_wconf 86' lang='lat' dir='ltr'><strong>humanus</strong></span> <span class='ocrx_word' id='word_1_32' title='bbox 1771 490 1854 544; x_wconf 69' lang='lat' dir='ltr'><strong>al-</strong></span> 
     </span>
    </p>
   </div>
   <div class='ocr_carea' id='block_1_6' title="bbox 275 581 1857 659">
    <p class='ocr_par' dir='ltr' id='par_1_6' title="bbox 275 581 1857 659">
     <span class='ocr_line' id='line_1_6' title="bbox 275 581 1857 659; baseline -0.006 -15"><span class='ocrx_word' id='word_1_33' title='bbox 275 588 469 657; x_wconf 77' lang='lat' dir='ltr'><strong>lectus,</strong></span> <span class='ocrx_word' id='word_1_34' title='bbox 511 586 639 659; x_wconf 87' lang='lat' dir='ltr'><strong>quia</strong></span> <span class='ocrx_word' id='word_1_35' title='bbox 679 583 918 641; x_wconf 82' lang='lat' dir='ltr'><strong>carnalis</strong></span> <span class='ocrx_word' id='word_1_36' title='bbox 947 582 1298 639; x_wconf 87' lang='lat' dir='ltr'><strong>desolabatur</strong></span> <span class='ocrx_word' id='word_1_37' title='bbox 1326 581 1554 637; x_wconf 79' lang='lat' dir='ltr'><strong>aﬂ‘ectus</strong></span> <span class='ocrx_word' id='word_1_38' title='bbox 1584 581 1669 636; x_wconf 89' lang='lat' dir='ltr'><strong>vel</strong></span> <span class='ocrx_word' id='word_1_39' title='bbox 1695 596 1857 651; x_wconf 87' lang='lat' dir='ltr'><strong>aspe-</strong></span> 
     </span>
    </p>
   </div>
   <div class='ocr_carea' id='block_1_7' title="bbox 271 673 1857 749">
    <p class='ocr_par' dir='ltr' id='par_1_7' title="bbox 271 673 1857 749">
     <span class='ocr_line' id='line_1_7' title="bbox 271 673 1857 749; baseline -0.006 -10"><span class='ocrx_word' id='word_1_40' title='bbox 271 692 417 740; x_wconf 89' lang='lat' dir='ltr'><strong>ctus.</strong></span> <span class='ocrx_word' id='word_1_41' title='bbox 448 699 467 734; x_wconf 75' lang='grc' dir='ltr'><strong>ι</strong></span> <span class='ocrx_word' id='word_1_42' title='bbox 501 678 606 736; x_wconf 87' lang='lat' dir='ltr'><strong>Sed</strong></span> <span class='ocrx_word' id='word_1_43' title='bbox 649 694 750 749; x_wconf 89' lang='lat' dir='ltr'><strong>ego</strong></span> <span class='ocrx_word' id='word_1_44' title='bbox 792 676 1072 733; x_wconf 81' lang='lat' dir='ltr'><strong>veritatem</strong></span> <span class='ocrx_word' id='word_1_45' title='bbox 1101 676 1225 731; x_wconf 87' lang='lat' dir='ltr'><strong>dico</strong></span> <span class='ocrx_word' id='word_1_46' title='bbox 1272 674 1429 731; x_wconf 83' lang='lat' dir='ltr'><strong>vobis</strong></span> <span class='ocrx_word' id='word_1_47' title='bbox 1464 692 1477 730; x_wconf 93' lang='lat'><strong>:</strong></span> <span class='ocrx_word' id='word_1_48' title='bbox 1511 673 1739 745; x_wconf 80' lang='lat' dir='ltr'><strong>Expedit</strong></span> <span class='ocrx_word' id='word_1_49' title='bbox 1763 689 1857 730; x_wconf 84' lang='lat' dir='ltr'><strong>vo-</strong></span> 
     </span>
    </p>
   </div>
   <div class='ocr_carea' id='block_1_8' title="bbox 274 762 1855 840">
    <p class='ocr_par' dir='ltr' id='par_1_8' title="bbox 274 762 1855 840">
     <span class='ocr_line' id='line_1_8' title="bbox 274 762 1855 840; baseline -0.006 -14"><span class='ocrx_word' id='word_1_50' title='bbox 274 772 355 827; x_wconf 91' lang='lat' dir='ltr'><strong>bis</strong></span> <span class='ocrx_word' id='word_1_51' title='bbox 374 779 429 827; x_wconf 92' lang='lat' dir='ltr'><strong>ut</strong></span> <span class='ocrx_word' id='word_1_52' title='bbox 451 786 552 840; x_wconf 93' lang='lat' dir='ltr'><strong>ego</strong></span> <span class='ocrx_word' id='word_1_53' title='bbox 580 769 793 823; x_wconf 86' lang='lat' dir='ltr'><strong>vadam.</strong></span> <span class='ocrx_word' id='word_1_54' title='bbox 813 764 869 820; x_wconf 89' lang='lat' dir='ltr'><strong>Si</strong></span> <span class='ocrx_word' id='word_1_55' title='bbox 888 766 1033 820; x_wconf 88' lang='lat' dir='ltr'><strong>enim</strong></span> <span class='ocrx_word' id='word_1_56' title='bbox 1056 779 1164 820; x_wconf 90' lang='lat' dir='ltr'><strong>non</strong></span> <span class='ocrx_word' id='word_1_57' title='bbox 1183 764 1391 833; x_wconf 81' lang='lat' dir='ltr'><strong>abiero,</strong></span> <span class='ocrx_word' id='word_1_58' title='bbox 1417 762 1729 820; x_wconf 88' lang='lat' dir='ltr'><strong>Paracletus</strong></span> <span class='ocrx_word' id='word_1_59' title='bbox 1747 777 1855 819; x_wconf 90' lang='lat' dir='ltr'><strong>non</strong></span> 
     </span>
    </p>
   </div>
   <div class='ocr_carea' id='block_1_9' title="bbox 277 853 1855 924">
    <p class='ocr_par' dir='ltr' id='par_1_9' title="bbox 277 853 1855 924">
     <span class='ocr_line' id='line_1_9' title="bbox 277 853 1855 924; baseline -0.005 -7"><span class='ocrx_word' id='word_1_60' title='bbox 277 862 459 917; x_wconf 91' lang='lat' dir='ltr'><strong>veniet</strong></span> <span class='ocrx_word' id='word_1_61' title='bbox 509 860 576 916; x_wconf 90' lang='lat' dir='ltr'><strong>ad</strong></span> <span class='ocrx_word' id='word_1_62' title='bbox 606 876 722 915; x_wconf 89' lang='lat' dir='ltr'><strong>vos.</strong></span> <span class='ocrx_word' id='word_1_63' title='bbox 785 858 845 913; x_wconf 87' lang='lat' dir='ltr'><strong>Si</strong></span> <span class='ocrx_word' id='word_1_64' title='bbox 875 867 1055 912; x_wconf 78' lang='lat' dir='ltr'><strong>autem</strong></span> <span class='ocrx_word' id='word_1_65' title='bbox 1088 855 1296 924; x_wconf 84' lang='lat' dir='ltr'><strong>abiero,</strong></span> <span class='ocrx_word' id='word_1_66' title='bbox 1345 855 1558 911; x_wconf 86' lang='lat' dir='ltr'><strong>mittam</strong></span> <span class='ocrx_word' id='word_1_67' title='bbox 1606 869 1732 911; x_wconf 91' lang='lat' dir='ltr'><strong>eum</strong></span> <span class='ocrx_word' id='word_1_68' title='bbox 1788 853 1855 910; x_wconf 91' lang='lat' dir='ltr'><strong>ad</strong></span> 
     </span>
    </p>
   </div>
   <div class='ocr_carea' id='block_1_10' title="bbox 267 946 1854 1020">
    <p class='ocr_par' dir='ltr' id='par_1_10' title="bbox 267 946 1854 1020">
     <span class='ocr_line' id='line_1_10' title="bbox 267 946 1854 1020; baseline -0.004 -12"><span class='ocrx_word' id='word_1_69' title='bbox 267 969 387 1011; x_wconf 89' lang='lat' dir='ltr'><strong>vos.</strong></span> <span class='ocrx_word' id='word_1_70' title='bbox 417 974 437 1007; x_wconf 74' lang='grc' dir='ltr'><strong>ι</strong></span> <span class='ocrx_word' id='word_1_71' title='bbox 496 952 554 1009; x_wconf 91' lang='lat' dir='ltr'><strong>Si</strong></span> <span class='ocrx_word' id='word_1_72' title='bbox 614 953 873 1008; x_wconf 89' lang='lat' dir='ltr'><strong>alimenta</strong></span> <span class='ocrx_word' id='word_1_73' title='bbox 937 959 1121 1008; x_wconf 88' lang='lat' dir='ltr'><strong>tenera</strong></span> <span class='ocrx_word' id='word_1_74' title='bbox 1187 946 1389 1020; x_wconf 83' lang='lat' dir='ltr'><strong>quibus</strong></span> <span class='ocrx_word' id='word_1_75' title='bbox 1441 963 1541 1004; x_wconf 88' lang='lat' dir='ltr'><strong>vos</strong></span> <span class='ocrx_word' id='word_1_76' title='bbox 1592 946 1701 1003; x_wconf 91' lang='lat' dir='ltr'><strong>alui</strong></span> <span class='ocrx_word' id='word_1_77' title='bbox 1745 961 1854 1002; x_wconf 91' lang='lat' dir='ltr'><strong>non</strong></span> 
     </span>
    </p>
   </div>
   <div class='ocr_carea' id='block_1_11' title="bbox 267 1035 1855 1114">
    <p class='ocr_par' dir='ltr' id='par_1_11' title="bbox 267 1035 1855 1114">
     <span class='ocr_line' id='line_1_11' title="bbox 267 1035 1855 1114; baseline -0.007 -13"><span class='ocrx_word' id='word_1_78' title='bbox 267 1045 615 1114; x_wconf 82' lang='lat' dir='ltr'><strong>subtraxero,</strong></span> <span class='ocrx_word' id='word_1_79' title='bbox 645 1043 879 1100; x_wconf 90' lang='lat' dir='ltr'><strong>solidum</strong></span> <span class='ocrx_word' id='word_1_80' title='bbox 940 1043 1122 1099; x_wconf 89' lang='lat' dir='ltr'><strong>cibum</strong></span> <span class='ocrx_word' id='word_1_81' title='bbox 1175 1054 1284 1095; x_wconf 86' lang='lat' dir='ltr'><strong>non</strong></span> <span class='ocrx_word' id='word_1_82' title='bbox 1333 1037 1603 1094; x_wconf 89' lang='lat' dir='ltr'><strong>esurietis.</strong></span> <span class='ocrx_word' id='word_1_83' title='bbox 1646 1035 1706 1091; x_wconf 90' lang='lat' dir='ltr'><strong>Si</strong></span> <span class='ocrx_word' id='word_1_84' title='bbox 1734 1050 1855 1092; x_wconf 86' lang='lat' dir='ltr'><strong>car-</strong></span> 
     </span>
    </p>
   </div>
   <div class='ocr_carea' id='block_1_12' title="bbox 266 1127 1853 1202">
    <p class='ocr_par' dir='ltr' id='par_1_12' title="bbox 266 1127 1853 1202">
     <span class='ocr_line' id='line_1_12' title="bbox 266 1127 1853 1202; baseline -0.006 -10"><span class='ocrx_word' id='word_1_85' title='bbox 266 1137 376 1192; x_wconf 88' lang='lat' dir='ltr'><strong>nali</strong></span> <span class='ocrx_word' id='word_1_86' title='bbox 432 1135 724 1192; x_wconf 84' lang='lat' dir='ltr'><strong>carnaliter</strong></span> <span class='ocrx_word' id='word_1_87' title='bbox 770 1133 1140 1200; x_wconf 75' lang='lat' dir='ltr'><strong>adhzeseritis,</strong></span> <span class='ocrx_word' id='word_1_88' title='bbox 1193 1146 1422 1202; x_wconf 86' lang='lat' dir='ltr'><strong>capaces</strong></span> <span class='ocrx_word' id='word_1_89' title='bbox 1473 1127 1700 1200; x_wconf 87' lang='lat' dir='ltr'><strong>spiritus</strong></span> <span class='ocrx_word' id='word_1_90' title='bbox 1741 1144 1853 1182; x_wconf 89' lang='lat' dir='ltr'><strong>non</strong></span> 
     </span>
    </p>
   </div>
   <div class='ocr_carea' id='block_1_13' title="bbox 262 1216 1854 1294">
    <p class='ocr_par' dir='ltr' id='par_1_13' title="bbox 262 1216 1854 1294">
     <span class='ocr_line' id='line_1_13' title="bbox 262 1216 1854 1294; baseline -0.009 -10"><span class='ocrx_word' id='word_1_91' title='bbox 262 1227 437 1284; x_wconf 85' lang='lat' dir='ltr'><strong>eritis.</strong></span> <span class='ocrx_word' id='word_1_92' title='bbox 469 1226 677 1283; x_wconf 85' lang='lat' dir='ltr'><strong>Sensus</strong></span> <span class='ocrx_word' id='word_1_93' title='bbox 696 1235 808 1282; x_wconf 87' lang='lat' dir='ltr'><strong>est:</strong></span> <span class='ocrx_word' id='word_1_94' title='bbox 838 1223 960 1280; x_wconf 88' lang='lat' dir='ltr'><strong>Non</strong></span> <span class='ocrx_word' id='word_1_95' title='bbox 990 1222 1219 1294; x_wconf 88' lang='lat' dir='ltr'><strong>potestis</strong></span> <span class='ocrx_word' id='word_1_96' title='bbox 1256 1221 1414 1291; x_wconf 82' lang='lat' dir='ltr'><strong>plane</strong></span> <span class='ocrx_word' id='word_1_97' title='bbox 1453 1234 1650 1289; x_wconf 82' lang='lat' dir='ltr'><strong>capere</strong></span> <span class='ocrx_word' id='word_1_98' title='bbox 1678 1216 1854 1288; x_wconf 90' lang='lat' dir='ltr'><strong>Spiri-</strong></span> 
     </span>
    </p>
   </div>
   <div class='ocr_carea' id='block_1_14' title="bbox 262 1311 1842 1391">
    <p class='ocr_par' dir='ltr' id='par_1_14' title="bbox 262 1311 1842 1391">
     <span class='ocr_line' id='line_1_14' title="bbox 262 1311 1842 1391; baseline -0.008 -16"><span class='ocrx_word' id='word_1_99' title='bbox 262 1329 381 1376; x_wconf 91' lang='lat' dir='ltr'><strong>tum</strong></span> <span class='ocrx_word' id='word_1_100' title='bbox 436 1318 679 1391; x_wconf 89' lang='lat' dir='ltr'><strong>quaudiu</strong></span> <span class='ocrx_word' id='word_1_101' title='bbox 723 1317 1025 1374; x_wconf 90' lang='lat' dir='ltr'><strong>secundum</strong></span> <span class='ocrx_word' id='word_1_102' title='bbox 1083 1329 1305 1371; x_wconf 88' lang='lat' dir='ltr'><strong>carnem</strong></span> <span class='ocrx_word' id='word_1_103' title='bbox 1350 1327 1473 1367; x_wconf 92' lang='lat' dir='ltr'><strong>sum</strong></span> <span class='ocrx_word' id='word_1_104' title='bbox 1534 1311 1842 1366; x_wconf 84' lang='lat' dir='ltr'><strong>vobiscum.</strong></span> 
     </span>
    </p>
   </div>
   <div class='ocr_carea' id='block_1_15' title="bbox 265 1400 1849 1483">
    <p class='ocr_par' dir='ltr' id='par_1_15' title="bbox 265 1400 1849 1483">
     <span class='ocr_line' id='line_1_15' title="bbox 265 1400 1849 1483; baseline -0.007 -16"><span class='ocrx_word' id='word_1_105' title='bbox 265 1408 421 1467; x_wconf 86' lang='lat' dir='ltr'><strong>Unde</strong></span> <span class='ocrx_word' id='word_1_106' title='bbox 451 1411 645 1483; x_wconf 90' lang='lat' dir='ltr'><strong>illequi</strong></span> <span class='ocrx_word' id='word_1_107' title='bbox 684 1416 979 1481; x_wconf 90' lang='lat' dir='ltr'><strong>acceperat</strong></span> <span class='ocrx_word' id='word_1_108' title='bbox 1010 1407 1302 1480; x_wconf 87' lang='lat' dir='ltr'><strong>Spiritum,</strong></span> <span class='ocrx_word' id='word_1_109' title='bbox 1356 1403 1574 1475; x_wconf 89' lang='lat' dir='ltr'><strong>inquit:</strong></span> <span class='ocrx_word' id='word_1_110' title='bbox 1615 1419 1635 1454; x_wconf 69' lang='grc' dir='ltr'><strong>ι</strong></span> <span class='ocrx_word' id='word_1_111' title='bbox 1692 1400 1759 1455; x_wconf 83' lang='grc' dir='ltr'>Ει</span> <span class='ocrx_word' id='word_1_112' title='bbox 1801 1401 1849 1456; x_wconf 91' lang='lat' dir='ltr'><strong>si</strong></span> 
     </span>
    </p>
   </div>
   <div class='ocr_carea' id='block_1_16' title="bbox 261 1492 1851 1562">
    <p class='ocr_par' dir='ltr' id='par_1_16' title="bbox 261 1492 1851 1562">
     <span class='ocr_line' id='line_1_16' title="bbox 261 1492 1851 1562; baseline -0.007 -5"><span class='ocrx_word' id='word_1_113' title='bbox 261 1501 577 1559; x_wconf 84' lang='lat' dir='ltr'><strong>noverimus</strong></span> <span class='ocrx_word' id='word_1_114' title='bbox 608 1500 907 1557; x_wconf 91' lang='lat' dir='ltr'><strong>secundum</strong></span> <span class='ocrx_word' id='word_1_115' title='bbox 953 1513 1173 1555; x_wconf 90' lang='lat' dir='ltr'><strong>carnem</strong></span> <span class='ocrx_word' id='word_1_116' title='bbox 1220 1495 1532 1562; x_wconf 86' lang='lat' dir='ltr'><strong>Christum;</strong></span> <span class='ocrx_word' id='word_1_117' title='bbox 1580 1492 1676 1549; x_wconf 89' lang='lat' dir='ltr'><strong>sed</strong></span> <span class='ocrx_word' id='word_1_118' title='bbox 1703 1506 1851 1547; x_wconf 90' lang='lat' dir='ltr'><strong>nunc</strong></span> 
     </span>
    </p>
   </div>
   <div class='ocr_carea' id='block_1_17' title="bbox 252 1587 1817 1662">
    <p class='ocr_par' dir='ltr' id='par_1_17' title="bbox 252 1587 1817 1662">
     <span class='ocr_line' id='line_1_17' title="bbox 252 1587 1817 1662; baseline -0.006 -16"><span class='ocrx_word' id='word_1_119' title='bbox 252 1591 370 1662; x_wconf 84' lang='lat' dir='ltr'><strong>jam</strong></span> <span class='ocrx_word' id='word_1_120' title='bbox 394 1608 501 1647; x_wconf 91' lang='lat' dir='ltr'><strong>non</strong></span> <span class='ocrx_word' id='word_1_121' title='bbox 533 1591 789 1647; x_wconf 87' lang='lat' dir='ltr'><strong>novimus</strong></span> <span class='ocrx_word' id='word_1_122' title='bbox 821 1587 911 1660; x_wconf 85' lang='grc' dir='ltr'><strong>(ΙΙ</strong></span> <span class='ocrx_word' id='word_1_123' title='bbox 943 1587 1070 1645; x_wconf 92' lang='lat' dir='ltr'><strong>Cor.</strong></span> <span class='ocrx_word' id='word_1_124' title='bbox 1106 1592 1183 1658; x_wconf 89' lang='lat' dir='ltr'><strong>v).</strong></span> <span class='ocrx_word' id='word_1_125' title='bbox 1227 1606 1247 1639; x_wconf 73' lang='grc' dir='ltr'><strong>ι</strong></span> <span class='ocrx_word' id='word_1_126' title='bbox 1814 1602 1817 1605; x_wconf 51' lang='grc' dir='ltr'>ν</span> 
     </span>
    </p>
   </div>
   <div class='ocr_carea' id='block_1_18' title="bbox 339 1677 1848 1752">
    <p class='ocr_par' dir='ltr' id='par_1_18' title="bbox 339 1677 1848 1752">
     <span class='ocr_line' id='line_1_18' title="bbox 339 1677 1848 1752; baseline -0.005 -16"><span class='ocrx_word' id='word_1_127' title='bbox 339 1704 357 1736; x_wconf 74' lang='grc' dir='ltr'><strong>ι</strong></span> <span class='ocrx_word' id='word_1_128' title='bbox 396 1684 612 1741; x_wconf 86' lang='lat' dir='ltr'><strong>Etcum</strong></span> <span class='ocrx_word' id='word_1_129' title='bbox 639 1683 849 1739; x_wconf 89' lang='lat' dir='ltr'><strong>venerit</strong></span> <span class='ocrx_word' id='word_1_130' title='bbox 885 1682 974 1736; x_wconf 90' lang='lat' dir='ltr'><strong>ille</strong></span> <span class='ocrx_word' id='word_1_131' title='bbox 1002 1688 1193 1752; x_wconf 88' lang='lat' dir='ltr'><strong>arguet</strong></span> <span class='ocrx_word' id='word_1_132' title='bbox 1216 1678 1479 1734; x_wconf 90' lang='lat' dir='ltr'><strong>mundum</strong></span> <span class='ocrx_word' id='word_1_133' title='bbox 1516 1677 1583 1733; x_wconf 94' lang='lat' dir='ltr'><strong>de</strong></span> <span class='ocrx_word' id='word_1_134' title='bbox 1623 1682 1848 1747; x_wconf 86' lang='lat' dir='ltr'><strong>peccato</strong></span> 
     </span>
    </p>
   </div>
   <div class='ocr_carea' id='block_1_19' title="bbox 1963 486 3540 559">
    <p class='ocr_par' dir='ltr' id='par_1_19' title="bbox 1963 486 3540 559">
     <span class='ocr_line' id='line_1_19' title="bbox 1963 486 3540 559; baseline 0.001 -15"><span class='ocrx_word' id='word_1_135' title='bbox 1963 498 2069 544; x_wconf 83' lang='lat' dir='ltr'><strong>tur.</strong></span> <span class='ocrx_word' id='word_1_136' title='bbox 2113 488 2296 544; x_wconf 88' lang='lat' dir='ltr'><strong>Claret</strong></span> <span class='ocrx_word' id='word_1_137' title='bbox 2337 489 2466 559; x_wconf 90' lang='lat' dir='ltr'><strong>quia</strong></span> <span class='ocrx_word' id='word_1_138' title='bbox 2509 486 2679 543; x_wconf 80' lang='lat' dir='ltr'><strong>Filius</strong></span> <span class='ocrx_word' id='word_1_139' title='bbox 2734 486 2826 542; x_wconf 88' lang='lat' dir='ltr'><strong>Dei</strong></span> <span class='ocrx_word' id='word_1_140' title='bbox 2877 503 3000 542; x_wconf 90' lang='lat' dir='ltr'><strong>eum</strong></span> <span class='ocrx_word' id='word_1_141' title='bbox 3040 498 3185 544; x_wconf 87' lang='lat' dir='ltr'><strong>esset</strong></span> <span class='ocrx_word' id='word_1_142' title='bbox 3231 489 3285 544; x_wconf 93' lang='lat' dir='ltr'><strong>iu</strong></span> <span class='ocrx_word' id='word_1_143' title='bbox 3334 492 3540 545; x_wconf 86' lang='lat' dir='ltr'><strong>mundo</strong></span> 
     </span>
    </p>
   </div>
   <div class='ocr_carea' id='block_1_20' title="bbox 1960 578 3543 653">
    <p class='ocr_par' dir='ltr' id='par_1_20' title="bbox 1960 578 3543 653">
     <span class='ocr_line' id='line_1_20' title="bbox 1960 578 3543 653; baseline 0.001 -18"><span class='ocrx_word' id='word_1_144' title='bbox 1960 580 2221 653; x_wconf 78' lang='lat' dir='ltr'><strong>arguebat</strong></span> <span class='ocrx_word' id='word_1_145' title='bbox 2248 579 2535 647; x_wconf 90' lang='lat' dir='ltr'><strong>mundum,</strong></span> <span class='ocrx_word' id='word_1_146' title='bbox 2578 578 2632 634; x_wconf 91' lang='lat' dir='ltr'><strong>id</strong></span> <span class='ocrx_word' id='word_1_147' title='bbox 2659 587 2742 634; x_wconf 90' lang='lat' dir='ltr'><strong>est</strong></span> <span class='ocrx_word' id='word_1_148' title='bbox 2790 587 3087 635; x_wconf 88' lang='lat' dir='ltr'><strong>sectatores</strong></span> <span class='ocrx_word' id='word_1_149' title='bbox 3118 580 3304 635; x_wconf 89' lang='lat' dir='ltr'><strong>mundi</strong></span> <span class='ocrx_word' id='word_1_150' title='bbox 3329 581 3394 635; x_wconf 88' lang='lat' dir='ltr'><strong>de</strong></span> <span class='ocrx_word' id='word_1_151' title='bbox 3418 598 3543 652; x_wconf 78' lang='lat' dir='ltr'><strong>prc—</strong></span> 
     </span>
    </p>
   </div>
   <div class='ocr_carea' id='block_1_21' title="bbox 1959 672 3542 745">
    <p class='ocr_par' dir='ltr' id='par_1_21' title="bbox 1959 672 3542 745">
     <span class='ocr_line' id='line_1_21' title="bbox 1959 672 3542 745; baseline 0 -15"><span class='ocrx_word' id='word_1_152' title='bbox 1959 687 2082 730; x_wconf 84' lang='lat' dir='ltr'><strong>cato</strong></span> <span class='ocrx_word' id='word_1_153' title='bbox 2124 689 2238 730; x_wconf 69' lang='lat' dir='ltr'><strong>suae</strong></span> <span class='ocrx_word' id='word_1_154' title='bbox 2266 672 2703 739; x_wconf 88' lang='lat' dir='ltr'><strong>incredulitatis;</strong></span> <span class='ocrx_word' id='word_1_155' title='bbox 2749 673 2815 728; x_wconf 91' lang='lat' dir='ltr'><strong>de</strong></span> <span class='ocrx_word' id='word_1_156' title='bbox 2837 673 3074 745; x_wconf 80' lang='lat' dir='ltr'><strong>justitia,</strong></span> <span class='ocrx_word' id='word_1_157' title='bbox 3106 674 3230 744; x_wconf 90' lang='lat' dir='ltr'><strong>quia</strong></span> <span class='ocrx_word' id='word_1_158' title='bbox 3261 689 3384 730; x_wconf 89' lang='lat' dir='ltr'><strong>eum</strong></span> <span class='ocrx_word' id='word_1_159' title='bbox 3424 677 3542 730; x_wconf 88' lang='lat' dir='ltr'><strong>imi-</strong></span> 
     </span>
    </p>
   </div>
   <div class='ocr_carea' id='block_1_22' title="bbox 1958 765 3537 840">
    <p class='ocr_par' dir='ltr' id='par_1_22' title="bbox 1958 765 3537 840">
     <span class='ocr_line' id='line_1_22' title="bbox 1958 765 3537 840; baseline 0.001 -17"><span class='ocrx_word' id='word_1_160' title='bbox 1958 767 2062 823; x_wconf 90' lang='lat' dir='ltr'><strong>tari</strong></span> <span class='ocrx_word' id='word_1_161' title='bbox 2095 768 2350 825; x_wconf 91' lang='lat' dir='ltr'><strong>nolebant</strong></span> <span class='ocrx_word' id='word_1_162' title='bbox 2379 785 2394 836; x_wconf 90' lang='lat'><strong>;</strong></span> <span class='ocrx_word' id='word_1_163' title='bbox 2432 767 2500 824; x_wconf 90' lang='lat' dir='ltr'><strong>de</strong></span> <span class='ocrx_word' id='word_1_164' title='bbox 2525 765 2757 838; x_wconf 85' lang='lat' dir='ltr'><strong>judicio,</strong></span> <span class='ocrx_word' id='word_1_165' title='bbox 2804 767 2934 839; x_wconf 88' lang='lat' dir='ltr'><strong>quia</strong></span> <span class='ocrx_word' id='word_1_166' title='bbox 2970 767 3272 835; x_wconf 86' lang='lat' dir='ltr'><strong>diabolum,</strong></span> <span class='ocrx_word' id='word_1_167' title='bbox 3304 769 3396 840; x_wconf 93' lang='lat' dir='ltr'><strong>qui</strong></span> <span class='ocrx_word' id='word_1_168' title='bbox 3423 768 3537 840; x_wconf 84' lang='lat' dir='ltr'><strong>jam</strong></span> 
     </span>
    </p>
   </div>
   <div class='ocr_carea' id='block_1_23' title="bbox 1952 858 3537 932">
    <p class='ocr_par' dir='ltr' id='par_1_23' title="bbox 1952 858 3537 932">
     <span class='ocr_line' id='line_1_23' title="bbox 1952 858 3537 932; baseline 0.003 -19"><span class='ocrx_word' id='word_1_169' title='bbox 1952 859 2231 932; x_wconf 86' lang='lat' dir='ltr'><strong>judicatus</strong></span> <span class='ocrx_word' id='word_1_170' title='bbox 2271 869 2326 915; x_wconf 90' lang='lat' dir='ltr'><strong>et</strong></span> <span class='ocrx_word' id='word_1_171' title='bbox 2361 859 2757 915; x_wconf 85' lang='lat' dir='ltr'><strong>condemnatus</strong></span> <span class='ocrx_word' id='word_1_172' title='bbox 2801 868 2938 925; x_wconf 89' lang='lat' dir='ltr'><strong>erat,</strong></span> <span class='ocrx_word' id='word_1_173' title='bbox 2989 868 3368 930; x_wconf 76' lang='lat' dir='ltr'><strong>sequerentur.</strong></span> <span class='ocrx_word' id='word_1_174' title='bbox 3429 858 3537 917; x_wconf 89' lang='lat' dir='ltr'><strong>Sed</strong></span> 
     </span>
    </p>
   </div>
   <div class='ocr_carea' id='block_1_24' title="bbox 1958 950 3533 1023">
    <p class='ocr_par' dir='ltr' id='par_1_24' title="bbox 1958 950 3533 1023">
     <span class='ocr_line' id='line_1_24' title="bbox 1958 950 3533 1023; baseline 0.001 -16"><span class='ocrx_word' id='word_1_175' title='bbox 1958 966 2069 1007; x_wconf 90' lang='lat' dir='ltr'><strong>non</strong></span> <span class='ocrx_word' id='word_1_176' title='bbox 2125 952 2245 1008; x_wconf 86' lang='lat' dir='ltr'><strong>sine</strong></span> <span class='ocrx_word' id='word_1_177' title='bbox 2278 966 2448 1007; x_wconf 90' lang='lat' dir='ltr'><strong>causa</strong></span> <span class='ocrx_word' id='word_1_178' title='bbox 2476 950 2736 1023; x_wconf 89' lang='lat' dir='ltr'><strong>Spiritum</strong></span> <span class='ocrx_word' id='word_1_179' title='bbox 2769 965 2891 1006; x_wconf 91' lang='lat' dir='ltr'><strong>cum</strong></span> <span class='ocrx_word' id='word_1_180' title='bbox 2946 952 3171 1019; x_wconf 87' lang='lat' dir='ltr'><strong>veniret,</strong></span> <span class='ocrx_word' id='word_1_181' title='bbox 3235 952 3340 1008; x_wconf 90' lang='lat' dir='ltr'><strong>hoc</strong></span> <span class='ocrx_word' id='word_1_182' title='bbox 3390 952 3533 1008; x_wconf 86' lang='lat' dir='ltr'><strong>idem</strong></span> 
     </span>
    </p>
   </div>
   <div class='ocr_carea' id='block_1_25' title="bbox 1954 1042 3537 1114">
    <p class='ocr_par' dir='ltr' id='par_1_25' title="bbox 1954 1042 3537 1114">
     <span class='ocr_line' id='line_1_25' title="bbox 1954 1042 3537 1114; baseline -0.001 -16"><span class='ocrx_word' id='word_1_183' title='bbox 1954 1042 2088 1098; x_wconf 89' lang='lat' dir='ltr'><strong>dicit</strong></span> <span class='ocrx_word' id='word_1_184' title='bbox 2136 1050 2408 1106; x_wconf 87' lang='lat' dir='ltr'><strong>acturum,</strong></span> <span class='ocrx_word' id='word_1_185' title='bbox 2462 1043 2589 1113; x_wconf 86' lang='lat' dir='ltr'><strong>quia</strong></span> <span class='ocrx_word' id='word_1_186' title='bbox 2642 1057 2739 1113; x_wconf 89' lang='lat' dir='ltr'><strong>per</strong></span> <span class='ocrx_word' id='word_1_187' title='bbox 2782 1045 2901 1112; x_wconf 90' lang='lat' dir='ltr'><strong>ejus</strong></span> <span class='ocrx_word' id='word_1_188' title='bbox 2937 1043 3366 1114; x_wconf 54' lang='lat' dir='ltr'><strong>,inspirationem</strong></span> <span class='ocrx_word' id='word_1_189' title='bbox 3410 1058 3537 1099; x_wconf 86' lang='lat' dir='ltr'><strong>cor-</strong></span> 
     </span>
    </p>
   </div>
   <div class='ocr_carea' id='block_1_26' title="bbox 1956 1133 3539 1205">
    <p class='ocr_par' dir='ltr' id='par_1_26' title="bbox 1956 1133 3539 1205">
     <span class='ocr_line' id='line_1_26' title="bbox 1956 1133 3539 1205; baseline 0.001 -16"><span class='ocrx_word' id='word_1_190' title='bbox 1956 1133 2298 1190; x_wconf 86' lang='lat' dir='ltr'><strong>roborandus</strong></span> <span class='ocrx_word' id='word_1_191' title='bbox 2354 1142 2473 1189; x_wconf 90' lang='lat' dir='ltr'><strong>erat</strong></span> <span class='ocrx_word' id='word_1_192' title='bbox 2522 1134 2739 1191; x_wconf 87' lang='lat' dir='ltr'><strong>animus</strong></span> <span class='ocrx_word' id='word_1_193' title='bbox 2781 1133 3171 1205; x_wconf 86' lang='lat' dir='ltr'><strong>discipulorum</strong></span> <span class='ocrx_word' id='word_1_194' title='bbox 3207 1178 3224 1203; x_wconf 90' lang='lat'><strong>,</strong></span> <span class='ocrx_word' id='word_1_195' title='bbox 3268 1152 3335 1190; x_wconf 89' lang='lat' dir='ltr'><strong>nc</strong></span> <span class='ocrx_word' id='word_1_196' title='bbox 3384 1153 3539 1191; x_wconf 85' lang='lat' dir='ltr'><strong>mun-</strong></span> 
     </span>
    </p>
   </div>
   <div class='ocr_carea' id='block_1_27' title="bbox 1953 1224 3532 1298">
    <p class='ocr_par' dir='ltr' id='par_1_27' title="bbox 1953 1224 3532 1298">
     <span class='ocr_line' id='line_1_27' title="bbox 1953 1224 3532 1298; baseline 0.003 -19"><span class='ocrx_word' id='word_1_197' title='bbox 1953 1224 2106 1290; x_wconf 88' lang='lat' dir='ltr'><strong>dum,</strong></span> <span class='ocrx_word' id='word_1_198' title='bbox 2135 1224 2228 1295; x_wconf 93' lang='lat' dir='ltr'><strong>qui</strong></span> <span class='ocrx_word' id='word_1_199' title='bbox 2279 1234 2469 1279; x_wconf 90' lang='lat' dir='ltr'><strong>contra</strong></span> <span class='ocrx_word' id='word_1_200' title='bbox 2525 1240 2584 1280; x_wconf 89' lang='lat' dir='ltr'><strong>se</strong></span> <span class='ocrx_word' id='word_1_201' title='bbox 2648 1224 2930 1293; x_wconf 75' lang='lat' dir='ltr'><strong>fremebat,</strong></span> <span class='ocrx_word' id='word_1_202' title='bbox 2975 1242 3204 1298; x_wconf 83' lang='lat' dir='ltr'><strong>arguere</strong></span> <span class='ocrx_word' id='word_1_203' title='bbox 3263 1229 3532 1284; x_wconf 86' lang='lat' dir='ltr'><strong>timerent.</strong></span> 
     </span>
    </p>
   </div>
   <div class='ocr_carea' id='block_1_28' title="bbox 1951 1313 3539 1389">
    <p class='ocr_par' dir='ltr' id='par_1_28' title="bbox 1951 1313 3539 1389">
     <span class='ocr_line' id='line_1_28' title="bbox 1951 1313 3539 1389; baseline 0.004 -20"><span class='ocrx_word' id='word_1_204' title='bbox 1951 1313 2235 1371; x_wconf 83' lang='lat' dir='ltr'><strong>Judicatus</strong></span> <span class='ocrx_word' id='word_1_205' title='bbox 2274 1325 2358 1372; x_wconf 84' lang='lat' dir='ltr'><strong>est</strong></span> <span class='ocrx_word' id='word_1_206' title='bbox 2378 1317 2628 1372; x_wconf 89' lang='lat' dir='ltr'><strong>diabolus</strong></span> <span class='ocrx_word' id='word_1_207' title='bbox 2657 1333 2686 1371; x_wconf 88' lang='lat' dir='ltr'><strong>a</strong></span> <span class='ocrx_word' id='word_1_208' title='bbox 2716 1316 2968 1385; x_wconf 89' lang='lat' dir='ltr'><strong>Domino,</strong></span> <span class='ocrx_word' id='word_1_209' title='bbox 3016 1334 3140 1374; x_wconf 90' lang='lat' dir='ltr'><strong>cum</strong></span> <span class='ocrx_word' id='word_1_210' title='bbox 3192 1327 3242 1373; x_wconf 92' lang='lat' dir='ltr'><strong>et</strong></span> <span class='ocrx_word' id='word_1_211' title='bbox 3272 1319 3388 1389; x_wconf 89' lang='lat' dir='ltr'><strong>ipse</strong></span> <span class='ocrx_word' id='word_1_212' title='bbox 3435 1321 3539 1374; x_wconf 78' lang='lat' dir='ltr'><strong>da:-</strong></span> 
     </span>
    </p>
   </div>
   <div class='ocr_carea' id='block_1_29' title="bbox 1952 1407 3538 1479">
    <p class='ocr_par' dir='ltr' id='par_1_29' title="bbox 1952 1407 3538 1479">
     <span class='ocr_line' id='line_1_29' title="bbox 1952 1407 3538 1479; baseline 0.002 -18"><span class='ocrx_word' id='word_1_213' title='bbox 1952 1408 2134 1462; x_wconf 90' lang='lat' dir='ltr'><strong>monia</strong></span> <span class='ocrx_word' id='word_1_214' title='bbox 2163 1407 2403 1478; x_wconf 84' lang='lat' dir='ltr'><strong>ejiceret,</strong></span> <span class='ocrx_word' id='word_1_215' title='bbox 2447 1417 2500 1463; x_wconf 92' lang='lat' dir='ltr'><strong>et</strong></span> <span class='ocrx_word' id='word_1_216' title='bbox 2527 1407 2814 1478; x_wconf 88' lang='lat' dir='ltr'><strong>discipulis</strong></span> <span class='ocrx_word' id='word_1_217' title='bbox 2870 1409 3023 1464; x_wconf 89' lang='lat' dir='ltr'><strong>daret</strong></span> <span class='ocrx_word' id='word_1_218' title='bbox 3065 1418 3386 1479; x_wconf 76' lang='lat' dir='ltr'><strong>potestatrm</strong></span> <span class='ocrx_word' id='word_1_219' title='bbox 3428 1411 3538 1467; x_wconf 83' lang='lat' dir='ltr'><strong>cal-</strong></span> 
     </span>
    </p>
   </div>
   <div class='ocr_carea' id='block_1_30' title="bbox 1949 1495 3077 1565">
    <p class='ocr_par' dir='ltr' id='par_1_30' title="bbox 1949 1495 3077 1565">
     <span class='ocr_line' id='line_1_30' title="bbox 1949 1495 3077 1565; baseline 0.002 -14"><span class='ocrx_word' id='word_1_220' title='bbox 1949 1495 2108 1551; x_wconf 91' lang='lat' dir='ltr'><strong>candi</strong></span> <span class='ocrx_word' id='word_1_221' title='bbox 2138 1510 2302 1565; x_wconf 87' lang='lat' dir='ltr'><strong>super</strong></span> <span class='ocrx_word' id='word_1_222' title='bbox 2321 1512 2540 1552; x_wconf 89' lang='lat' dir='ltr'><strong>omnem</strong></span> <span class='ocrx_word' id='word_1_223' title='bbox 2568 1497 2822 1553; x_wconf 79' lang='lat' dir='ltr'><strong>virtutem</strong></span> <span class='ocrx_word' id='word_1_224' title='bbox 2848 1498 3077 1553; x_wconf 90' lang='lat' dir='ltr'><strong>inimici.</strong></span> 
     </span>
    </p>
   </div>
   <div class='ocr_carea' id='block_1_31' title="bbox 2027 1585 3535 1657">
    <p class='ocr_par' dir='ltr' id='par_1_31' title="bbox 2027 1585 3535 1657">
     <span class='ocr_line' id='line_1_31' title="bbox 2027 1585 3535 1657; baseline 0.005 -18"><span class='ocrx_word' id='word_1_225' title='bbox 2027 1605 2045 1639; x_wconf 75' lang='lat' dir='ltr'><strong>t</strong></span> <span class='ocrx_word' id='word_1_226' title='bbox 2098 1585 2291 1643; x_wconf 82' lang='lat' dir='ltr'><strong>Adhuc</strong></span> <span class='ocrx_word' id='word_1_227' title='bbox 2344 1589 2515 1644; x_wconf 89' lang='lat' dir='ltr'><strong>multa</strong></span> <span class='ocrx_word' id='word_1_228' title='bbox 2566 1588 2744 1645; x_wconf 91' lang='lat' dir='ltr'><strong>habeo</strong></span> <span class='ocrx_word' id='word_1_229' title='bbox 2796 1588 2948 1646; x_wconf 89' lang='lat' dir='ltr'><strong>vobis</strong></span> <span class='ocrx_word' id='word_1_230' title='bbox 2993 1590 3173 1646; x_wconf 85' lang='lat' dir='ltr'><strong>dicere</strong></span> <span class='ocrx_word' id='word_1_231' title='bbox 3221 1608 3236 1657; x_wconf 88' lang='lat'><strong>;</strong></span> <span class='ocrx_word' id='word_1_232' title='bbox 3281 1591 3373 1647; x_wconf 85' lang='lat' dir='ltr'><strong>sed</strong></span> <span class='ocrx_word' id='word_1_233' title='bbox 3424 1606 3535 1646; x_wconf 90' lang='lat' dir='ltr'><strong>non</strong></span> 
     </span>
    </p>
   </div>
   <div class='ocr_carea' id='block_1_32' title="bbox 1948 1678 3534 1754">
    <p class='ocr_par' dir='ltr' id='par_1_32' title="bbox 1948 1678 3534 1754">
     <span class='ocr_line' id='line_1_32' title="bbox 1948 1678 3534 1754; baseline 0.003 -20"><span class='ocrx_word' id='word_1_234' title='bbox 1948 1678 2176 1749; x_wconf 88' lang='lat' dir='ltr'><strong>potestis</strong></span> <span class='ocrx_word' id='word_1_235' title='bbox 2197 1688 2417 1750; x_wconf 86' lang='lat' dir='ltr'><strong>portare</strong></span> <span class='ocrx_word' id='word_1_236' title='bbox 2445 1680 2629 1736; x_wconf 93' lang='lat' dir='ltr'><strong>modo.</strong></span> <span class='ocrx_word' id='word_1_237' title='bbox 2669 1699 2687 1732; x_wconf 74' lang='grc' dir='ltr'><strong>ι</strong></span> <span class='ocrx_word' id='word_1_238' title='bbox 2709 1679 2827 1736; x_wconf 83' lang='grc' dir='ltr'>Νοιι</span> <span class='ocrx_word' id='word_1_239' title='bbox 2852 1690 2936 1737; x_wconf 90' lang='lat' dir='ltr'><strong>est</strong></span> <span class='ocrx_word' id='word_1_240' title='bbox 2959 1691 3146 1738; x_wconf 86' lang='lat' dir='ltr'><strong>contra</strong></span> <span class='ocrx_word' id='word_1_241' title='bbox 3171 1683 3238 1739; x_wconf 87' lang='lat' dir='ltr'><strong>ad</strong></span> <span class='ocrx_word' id='word_1_242' title='bbox 3264 1683 3366 1738; x_wconf 90' lang='lat' dir='ltr'><strong>hoc</strong></span> <span class='ocrx_word' id='word_1_243' title='bbox 3387 1685 3534 1754; x_wconf 82' lang='lat' dir='ltr'><strong>quod</strong></span> 
     </span>
    </p>
   </div>
   <div class='ocr_carea' id='block_1_33' title="bbox 255 1758 3533 1847">
    <p class='ocr_par' dir='ltr' id='par_1_33' title="bbox 255 1758 3533 1847">
     <span class='ocr_line' id='line_1_33' title="bbox 255 1758 3533 1847; baseline -0.001 -14"><span class='ocrx_word' id='word_1_244' title='bbox 255 1788 313 1834; x_wconf 90' lang='lat' dir='ltr'><strong>ct</strong></span> <span class='ocrx_word' id='word_1_245' title='bbox 343 1778 408 1832; x_wconf 88' lang='lat' dir='ltr'><strong>de</strong></span> <span class='ocrx_word' id='word_1_246' title='bbox 434 1777 646 1847; x_wconf 87' lang='lat' dir='ltr'><strong>justitia</strong></span> <span class='ocrx_word' id='word_1_247' title='bbox 675 1784 728 1831; x_wconf 93' lang='lat' dir='ltr'><strong>et</strong></span> <span class='ocrx_word' id='word_1_248' title='bbox 756 1776 824 1830; x_wconf 91' lang='lat' dir='ltr'><strong>de</strong></span> <span class='ocrx_word' id='word_1_249' title='bbox 857 1774 1087 1846; x_wconf 88' lang='lat' dir='ltr'><strong>judicio.</strong></span> <span class='ocrx_word' id='word_1_250' title='bbox 1124 1792 1144 1826; x_wconf 68' lang='grc' dir='ltr'><strong>ι</strong></span> <span class='ocrx_word' id='word_1_251' title='bbox 1177 1772 1588 1843; x_wconf 73' lang='grc' dir='ltr'>(Αιιςιιετιιωε.)</span> <span class='ocrx_word' id='word_1_252' title='bbox 1626 1768 1740 1825; x_wconf 90' lang='lat' dir='ltr'><strong>Hoc</strong></span> <span class='ocrx_word' id='word_1_253' title='bbox 1766 1776 1851 1825; x_wconf 86' lang='lat' dir='ltr'><strong>est</strong></span> <span class='ocrx_word' id='word_1_254' title='bbox 1880 1758 1922 1813; x_wconf 83' lang='grc' dir='ltr'><strong>Β</strong></span> <span class='ocrx_word' id='word_1_255' title='bbox 1952 1772 2205 1842; x_wconf 86' lang='lat' dir='ltr'><strong>superius</strong></span> <span class='ocrx_word' id='word_1_256' title='bbox 2225 1773 2381 1840; x_wconf 77' lang='lat' dir='ltr'><strong>dixit,</strong></span> <span class='ocrx_word' id='word_1_257' title='bbox 2413 1796 2432 1826; x_wconf 61' lang='lat' dir='ltr'>q</span> <span class='ocrx_word' id='word_1_258' title='bbox 2452 1774 2633 1828; x_wconf 89' lang='lat' dir='ltr'><strong>omnia</strong></span> <span class='ocrx_word' id='word_1_259' title='bbox 2671 1789 2793 1844; x_wconf 74' lang='lat' dir='ltr'><strong>quze</strong></span> <span class='ocrx_word' id='word_1_260' title='bbox 2814 1774 2994 1828; x_wconf 87' lang='lat' dir='ltr'><strong>audivi</strong></span> <span class='ocrx_word' id='word_1_261' title='bbox 3020 1790 3049 1829; x_wconf 90' lang='lat' dir='ltr'><strong>a</strong></span> <span class='ocrx_word' id='word_1_262' title='bbox 3077 1773 3233 1831; x_wconf 83' lang='lat' dir='ltr'><strong>Patre</strong></span> <span class='ocrx_word' id='word_1_263' title='bbox 3255 1792 3376 1831; x_wconf 88' lang='lat' dir='ltr'><strong>meo</strong></span> <span class='ocrx_word' id='word_1_264' title='bbox 3407 1786 3533 1833; x_wconf 87' lang='lat' dir='ltr'><strong>nota</strong></span> 
     </span>
    </p>
   </div>
   <div class='ocr_carea' id='block_1_34' title="bbox 254 1861 1843 1936">
    <p class='ocr_par' dir='ltr' id='par_1_34' title="bbox 254 1861 1843 1936">
     <span class='ocr_line' id='line_1_34' title="bbox 254 1861 1843 1936; baseline -0.006 -11"><span class='ocrx_word' id='word_1_265' title='bbox 254 1869 408 1925; x_wconf 87' lang='lat' dir='ltr'><strong>dabit</strong></span> <span class='ocrx_word' id='word_1_266' title='bbox 436 1868 615 1936; x_wconf 90' lang='lat' dir='ltr'><strong>vobis,</strong></span> <span class='ocrx_word' id='word_1_267' title='bbox 676 1866 872 1922; x_wconf 90' lang='lat' dir='ltr'><strong>timore</strong></span> <span class='ocrx_word' id='word_1_268' title='bbox 909 1864 1159 1936; x_wconf 90' lang='lat' dir='ltr'><strong>depulso,</strong></span> <span class='ocrx_word' id='word_1_269' title='bbox 1201 1863 1507 1918; x_wconf 88' lang='lat' dir='ltr'><strong>libertatem</strong></span> <span class='ocrx_word' id='word_1_270' title='bbox 1561 1861 1843 1933; x_wconf 75' lang='lat' dir='ltr'><strong>arguendi.</strong></span> 
     </span>
    </p>
   </div>
   <div class='ocr_carea' id='block_1_35' title="bbox 255 1954 1845 2031">
    <p class='ocr_par' dir='ltr' id='par_1_35' title="bbox 255 1954 1845 2031">
     <span class='ocr_line' id='line_1_35' title="bbox 255 1954 1845 2031; baseline -0.004 -17"><span class='ocrx_word' id='word_1_271' title='bbox 255 1960 649 2031; x_wconf 89' lang='lat' dir='ltr'><strong>luscparabilia</strong></span> <span class='ocrx_word' id='word_1_272' title='bbox 710 1968 841 2017; x_wconf 91' lang='lat' dir='ltr'><strong>sunt</strong></span> <span class='ocrx_word' id='word_1_273' title='bbox 869 1973 1034 2029; x_wconf 90' lang='lat' dir='ltr'><strong>opera</strong></span> <span class='ocrx_word' id='word_1_274' title='bbox 1087 1956 1393 2023; x_wconf 87' lang='lat' dir='ltr'><strong>Trinitatis,</strong></span> <span class='ocrx_word' id='word_1_275' title='bbox 1442 1955 1536 2011; x_wconf 78' lang='lat' dir='ltr'><strong>Sed</strong></span> <span class='ocrx_word' id='word_1_276' title='bbox 1567 1954 1845 2025; x_wconf 86' lang='lat' dir='ltr'><strong>sigillatim</strong></span> 
     </span>
    </p>
   </div>
   <div class='ocr_carea' id='block_1_36' title="bbox 250 2046 1847 2121">
    <p class='ocr_par' dir='ltr' id='par_1_36' title="bbox 250 2046 1847 2121">
     <span class='ocr_line' id='line_1_36' title="bbox 250 2046 1847 2121; baseline -0.004 -16"><span class='ocrx_word' id='word_1_277' title='bbox 250 2052 710 2106; x_wconf 82' lang='lat' dir='ltr'><strong>conum-udantur</strong></span> <span class='ocrx_word' id='word_1_278' title='bbox 730 2066 995 2121; x_wconf 70' lang='lat' dir='ltr'><strong>personas,</strong></span> <span class='ocrx_word' id='word_1_279' title='bbox 1030 2058 1090 2105; x_wconf 92' lang='lat' dir='ltr'><strong>ut</strong></span> <span class='ocrx_word' id='word_1_280' title='bbox 1123 2049 1243 2105; x_wconf 87' lang='lat' dir='ltr'><strong>sine</strong></span> <span class='ocrx_word' id='word_1_281' title='bbox 1268 2046 1613 2115; x_wconf 86' lang='lat' dir='ltr'><strong>confusione,</strong></span> <span class='ocrx_word' id='word_1_282' title='bbox 1642 2055 1697 2103; x_wconf 88' lang='lat' dir='ltr'><strong>et</strong></span> <span class='ocrx_word' id='word_1_283' title='bbox 1724 2047 1847 2101; x_wconf 88' lang='lat' dir='ltr'><strong>nni-</strong></span> 
     </span>
    </p>
   </div>
   <div class='ocr_carea' id='block_1_37' title="bbox 251 2142 1045 2215">
    <p class='ocr_par' dir='ltr' id='par_1_37' title="bbox 251 2142 1045 2215">
     <span class='ocr_line' id='line_1_37' title="bbox 251 2142 1045 2215; baseline 0 -17"><span class='ocrx_word' id='word_1_284' title='bbox 251 2154 340 2199; x_wconf 88' lang='lat' dir='ltr'><strong>Ias</strong></span> <span class='ocrx_word' id='word_1_285' title='bbox 371 2144 703 2215; x_wconf 75' lang='lat' dir='ltr'><strong>intelligatur</strong></span> <span class='ocrx_word' id='word_1_286' title='bbox 730 2152 784 2198; x_wconf 92' lang='lat' dir='ltr'><strong>et</strong></span> <span class='ocrx_word' id='word_1_287' title='bbox 809 2142 1045 2198; x_wconf 88' lang='lat' dir='ltr'><strong>trinitas.</strong></span> 
     </span>
    </p>
   </div>
   <div class='ocr_carea' id='block_1_38' title="bbox 331 2232 1840 2307">
    <p class='ocr_par' dir='ltr' id='par_1_38' title="bbox 331 2232 1840 2307">
     <span class='ocr_line' id='line_1_38' title="bbox 331 2232 1840 2307; baseline -0.001 -18"><span class='ocrx_word' id='word_1_288' title='bbox 331 2256 350 2289; x_wconf 77' lang='grc' dir='ltr'><strong>ι</strong></span> <span class='ocrx_word' id='word_1_289' title='bbox 390 2236 464 2292; x_wconf 88' lang='lat' dir='ltr'><strong>De</strong></span> <span class='ocrx_word' id='word_1_290' title='bbox 512 2244 737 2307; x_wconf 88' lang='lat' dir='ltr'><strong>peccato</strong></span> <span class='ocrx_word' id='word_1_291' title='bbox 765 2234 990 2306; x_wconf 85' lang='lat' dir='ltr'><strong>quidem</strong></span> <span class='ocrx_word' id='word_1_292' title='bbox 1042 2234 1171 2306; x_wconf 89' lang='lat' dir='ltr'><strong>quia</strong></span> <span class='ocrx_word' id='word_1_293' title='bbox 1225 2248 1336 2289; x_wconf 88' lang='lat' dir='ltr'><strong>non</strong></span> <span class='ocrx_word' id='word_1_294' title='bbox 1387 2232 1615 2289; x_wconf 89' lang='lat' dir='ltr'><strong>credunt</strong></span> <span class='ocrx_word' id='word_1_295' title='bbox 1647 2232 1701 2288; x_wconf 92' lang='lat' dir='ltr'><strong>in</strong></span> <span class='ocrx_word' id='word_1_296' title='bbox 1732 2247 1840 2288; x_wconf 91' lang='lat' dir='ltr'><strong>me.</strong></span> 
     </span>
    </p>
   </div>
   <div class='ocr_carea' id='block_1_39' title="bbox 250 2322 1843 2398">
    <p class='ocr_par' dir='ltr' id='par_1_39' title="bbox 250 2322 1843 2398">
     <span class='ocr_line' id='line_1_39' title="bbox 250 2322 1843 2398; baseline -0.003 -18"><span class='ocrx_word' id='word_1_297' title='bbox 250 2325 330 2383; x_wconf 89' lang='lat' dir='ltr'><strong>De</strong></span> <span class='ocrx_word' id='word_1_298' title='bbox 353 2327 566 2398; x_wconf 86' lang='lat' dir='ltr'><strong>justitia</strong></span> <span class='ocrx_word' id='word_1_299' title='bbox 589 2343 738 2394; x_wconf 83' lang='lat' dir='ltr'><strong>vero,</strong></span> <span class='ocrx_word' id='word_1_300' title='bbox 765 2327 893 2398; x_wconf 81' lang='lat' dir='ltr'><strong>quia</strong></span> <span class='ocrx_word' id='word_1_301' title='bbox 923 2327 990 2382; x_wconf 84' lang='lat' dir='ltr'><strong>ad</strong></span> <span class='ocrx_word' id='word_1_302' title='bbox 1034 2324 1254 2381; x_wconf 85' lang='lat' dir='ltr'><strong>Patrem</strong></span> <span class='ocrx_word' id='word_1_303' title='bbox 1284 2325 1445 2393; x_wconf 89' lang='lat' dir='ltr'><strong>vado,</strong></span> <span class='ocrx_word' id='word_1_304' title='bbox 1475 2333 1530 2380; x_wconf 89' lang='lat' dir='ltr'><strong>et</strong></span> <span class='ocrx_word' id='word_1_305' title='bbox 1570 2322 1683 2395; x_wconf 83' lang='lat' dir='ltr'><strong>jam</strong></span> <span class='ocrx_word' id='word_1_306' title='bbox 1733 2336 1843 2377; x_wconf 85' lang='lat' dir='ltr'><strong>non</strong></span> 
     </span>
    </p>
   </div>
   <div class='ocr_carea' id='block_1_40' title="bbox 251 2416 1845 2489">
    <p class='ocr_par' dir='ltr' id='par_1_40' title="bbox 251 2416 1845 2489">
     <span class='ocr_line' id='line_1_40' title="bbox 251 2416 1845 2489; baseline -0.002 -16"><span class='ocrx_word' id='word_1_307' title='bbox 251 2417 507 2474; x_wconf 85' lang='lat' dir='ltr'><strong>videbitis</strong></span> <span class='ocrx_word' id='word_1_308' title='bbox 530 2434 636 2475; x_wconf 89' lang='lat' dir='ltr'><strong>me.</strong></span> <span class='ocrx_word' id='word_1_309' title='bbox 659 2438 677 2471; x_wconf 72' lang='grc' dir='ltr'><strong>ι</strong></span> <span class='ocrx_word' id='word_1_310' title='bbox 715 2416 771 2473; x_wconf 89' lang='lat' dir='ltr'><strong>Si</strong></span> <span class='ocrx_word' id='word_1_311' title='bbox 794 2418 1090 2488; x_wconf 89' lang='lat' dir='ltr'><strong>aliquando</strong></span> <span class='ocrx_word' id='word_1_312' title='bbox 1117 2417 1304 2488; x_wconf 83' lang='lat' dir='ltr'><strong>justus</strong></span> <span class='ocrx_word' id='word_1_313' title='bbox 1333 2417 1581 2489; x_wconf 77' lang='lat' dir='ltr'><strong>arguitur</strong></span> <span class='ocrx_word' id='word_1_314' title='bbox 1601 2417 1669 2473; x_wconf 90' lang='lat' dir='ltr'><strong>de</strong></span> <span class='ocrx_word' id='word_1_315' title='bbox 1717 2430 1845 2487; x_wconf 86' lang='lat' dir='ltr'><strong>pec-</strong></span> 
     </span>
    </p>
   </div>
   <div class='ocr_carea' id='block_1_41' title="bbox 248 2506 1841 2581">
    <p class='ocr_par' dir='ltr' id='par_1_41' title="bbox 248 2506 1841 2581">
     <span class='ocr_line' id='line_1_41' title="bbox 248 2506 1841 2581; baseline -0.001 -16"><span class='ocrx_word' id='word_1_316' title='bbox 248 2517 395 2576; x_wconf 87' lang='lat' dir='ltr'><strong>cato,</strong></span> <span class='ocrx_word' id='word_1_317' title='bbox 420 2509 669 2581; x_wconf 80' lang='lat' dir='ltr'><strong>arguitur</strong></span> <span class='ocrx_word' id='word_1_318' title='bbox 715 2525 822 2565; x_wconf 87' lang='lat' dir='ltr'><strong>nou</strong></span> <span class='ocrx_word' id='word_1_319' title='bbox 873 2509 939 2565; x_wconf 91' lang='lat' dir='ltr'><strong>de</strong></span> <span class='ocrx_word' id='word_1_320' title='bbox 968 2509 1202 2581; x_wconf 83' lang='lat' dir='ltr'><strong>justitia.</strong></span> <span class='ocrx_word' id='word_1_321' title='bbox 1245 2507 1384 2563; x_wconf 87' lang='lat' dir='ltr'><strong>llinc</strong></span> <span class='ocrx_word' id='word_1_322' title='bbox 1425 2506 1689 2578; x_wconf 88' lang='lat' dir='ltr'><strong>scriptum</strong></span> <span class='ocrx_word' id='word_1_323' title='bbox 1721 2517 1841 2563; x_wconf 89' lang='lat' dir='ltr'><strong>est:</strong></span> 
     </span>
    </p>
   </div>
   <div class='ocr_carea' id='block_1_42' title="bbox 254 2596 1842 2671">
    <p class='ocr_par' dir='ltr' id='par_1_42' title="bbox 254 2596 1842 2671">
     <span class='ocr_line' id='line_1_42' title="bbox 254 2596 1842 2671; baseline -0.001 -18"><span class='ocrx_word' id='word_1_324' title='bbox 254 2618 279 2653; x_wconf 72' lang='grc' dir='ltr'><strong>ι</strong></span> <span class='ocrx_word' id='word_1_325' title='bbox 309 2596 429 2656; x_wconf 83' lang='grc' dir='ltr'>Νοιι</span> <span class='ocrx_word' id='word_1_326' title='bbox 462 2610 547 2656; x_wconf 90' lang='lat' dir='ltr'><strong>est</strong></span> <span class='ocrx_word' id='word_1_327' title='bbox 599 2600 784 2671; x_wconf 86' lang='lat' dir='ltr'><strong>justus</strong></span> <span class='ocrx_word' id='word_1_328' title='bbox 836 2599 890 2655; x_wconf 91' lang='lat' dir='ltr'><strong>in</strong></span> <span class='ocrx_word' id='word_1_329' title='bbox 937 2608 1080 2655; x_wconf 86' lang='lat' dir='ltr'><strong>terra</strong></span> <span class='ocrx_word' id='word_1_330' title='bbox 1122 2618 1137 2654; x_wconf 89' lang='lat'><strong>:</strong></span> <span class='ocrx_word' id='word_1_331' title='bbox 1183 2600 1277 2671; x_wconf 90' lang='lat' dir='ltr'><strong>qui</strong></span> <span class='ocrx_word' id='word_1_332' title='bbox 1325 2597 1490 2654; x_wconf 79' lang='lat' dir='ltr'><strong>faciat</strong></span> <span class='ocrx_word' id='word_1_333' title='bbox 1525 2599 1752 2663; x_wconf 90' lang='lat' dir='ltr'><strong>bonum,</strong></span> <span class='ocrx_word' id='word_1_334' title='bbox 1788 2605 1842 2652; x_wconf 88' lang='lat' dir='ltr'><strong>et</strong></span> 
     </span>
    </p>
   </div>
   <div class='ocr_carea' id='block_1_43' title="bbox 249 2689 1840 2765">
    <p class='ocr_par' dir='ltr' id='par_1_43' title="bbox 249 2689 1840 2765">
     <span class='ocr_line' id='line_1_43' title="bbox 249 2689 1840 2765; baseline -0.001 -18"><span class='ocrx_word' id='word_1_335' title='bbox 249 2711 360 2747; x_wconf 85' lang='lat' dir='ltr'><strong>nou</strong></span> <span class='ocrx_word' id='word_1_336' title='bbox 401 2701 588 2763; x_wconf 86' lang='lat' dir='ltr'><strong>peccet</strong></span> <span class='ocrx_word' id='word_1_337' title='bbox 638 2692 843 2760; x_wconf 77' lang='lat' dir='ltr'><strong>(Ecclc.</strong></span> <span class='ocrx_word' id='word_1_338' title='bbox 884 2693 1003 2765; x_wconf 89' lang='lat' dir='ltr'><strong>vu).</strong></span> <span class='ocrx_word' id='word_1_339' title='bbox 1029 2713 1047 2745; x_wconf 74' lang='grc' dir='ltr'><strong>ι</strong></span> <span class='ocrx_word' id='word_1_340' title='bbox 1082 2691 1214 2747; x_wconf 88' lang='lat' dir='ltr'><strong>item</strong></span> <span class='ocrx_word' id='word_1_341' title='bbox 1249 2710 1262 2747; x_wconf 90' lang='lat'><strong>:</strong></span> <span class='ocrx_word' id='word_1_342' title='bbox 1301 2711 1319 2743; x_wconf 78' lang='grc' dir='ltr'><strong>ι</strong></span> <span class='ocrx_word' id='word_1_343' title='bbox 1347 2689 1472 2746; x_wconf 80' lang='lat' dir='ltr'><strong>Noli</strong></span> <span class='ocrx_word' id='word_1_344' title='bbox 1497 2689 1840 2760; x_wconf 81' lang='lat' dir='ltr'><strong>cﬁicijustus</strong></span> 
     </span>
    </p>
   </div>
   <div class='ocr_carea' id='block_1_44' title="bbox 250 2781 1840 2857">
    <p class='ocr_par' dir='ltr' id='par_1_44' title="bbox 250 2781 1840 2857">
     <span class='ocr_line' id='line_1_44' title="bbox 250 2781 1840 2857; baseline -0.003 -17"><span class='ocrx_word' id='word_1_345' title='bbox 250 2786 482 2841; x_wconf 89' lang='lat' dir='ltr'><strong>multum</strong></span> <span class='ocrx_word' id='word_1_346' title='bbox 509 2785 710 2857; x_wconf 58' lang='lat' dir='ltr'><strong>(ibid).</strong></span> <span class='ocrx_word' id='word_1_347' title='bbox 737 2804 758 2839; x_wconf 72' lang='grc' dir='ltr'><strong>ι</strong></span> <span class='ocrx_word' id='word_1_348' title='bbox 794 2783 912 2841; x_wconf 84' lang='lat' dir='ltr'><strong>Non</strong></span> <span class='ocrx_word' id='word_1_349' title='bbox 939 2797 1025 2842; x_wconf 90' lang='lat' dir='ltr'><strong>est</strong></span> <span class='ocrx_word' id='word_1_350' title='bbox 1052 2786 1143 2843; x_wconf 91' lang='lat' dir='ltr'><strong>hic</strong></span> <span class='ocrx_word' id='word_1_351' title='bbox 1171 2793 1357 2841; x_wconf 90' lang='lat' dir='ltr'><strong>notata</strong></span> <span class='ocrx_word' id='word_1_352' title='bbox 1376 2782 1592 2855; x_wconf 89' lang='lat' dir='ltr'><strong>justitia</strong></span> <span class='ocrx_word' id='word_1_353' title='bbox 1622 2781 1840 2853; x_wconf 87' lang='lat' dir='ltr'><strong>sapien-</strong></span> 
     </span>
    </p>
   </div>
   <div class='ocr_carea' id='block_1_45' title="bbox 249 2874 1838 2948">
    <p class='ocr_par' dir='ltr' id='par_1_45' title="bbox 249 2874 1838 2948">
     <span class='ocr_line' id='line_1_45' title="bbox 249 2874 1838 2948; baseline 0 -18"><span class='ocrx_word' id='word_1_354' title='bbox 249 2877 344 2945; x_wconf 87' lang='lat' dir='ltr'><strong>tis,</strong></span> <span class='ocrx_word' id='word_1_355' title='bbox 373 2878 466 2933; x_wconf 89' lang='lat' dir='ltr'><strong>sed</strong></span> <span class='ocrx_word' id='word_1_356' title='bbox 505 2876 762 2947; x_wconf 84' lang='lat' dir='ltr'><strong>superbia</strong></span> <span class='ocrx_word' id='word_1_357' title='bbox 818 2878 1224 2948; x_wconf 77' lang='lat' dir='ltr'><strong>przesumeutis.</strong></span> <span class='ocrx_word' id='word_1_358' title='bbox 1254 2875 1360 2944; x_wconf 92' lang='lat' dir='ltr'><strong>Qui</strong></span> <span class='ocrx_word' id='word_1_359' title='bbox 1390 2876 1536 2931; x_wconf 90' lang='lat' dir='ltr'><strong>enim</strong></span> <span class='ocrx_word' id='word_1_360' title='bbox 1581 2876 1641 2930; x_wconf 88' lang='lat' dir='ltr'><strong>ﬁt</strong></span> <span class='ocrx_word' id='word_1_361' title='bbox 1697 2874 1838 2930; x_wconf 87' lang='lat' dir='ltr'><strong>mul-</strong></span> 
     </span>
    </p>
   </div>
   <div class='ocr_carea' id='block_1_46' title="bbox 246 2968 1835 3041">
    <p class='ocr_par' dir='ltr' id='par_1_46' title="bbox 246 2968 1835 3041">
     <span class='ocr_line' id='line_1_46' title="bbox 246 2968 1835 3041; baseline 0.001 -18"><span class='ocrx_word' id='word_1_362' title='bbox 246 2978 364 3024; x_wconf 89' lang='lat' dir='ltr'><strong>tum</strong></span> <span class='ocrx_word' id='word_1_363' title='bbox 391 2970 595 3040; x_wconf 88' lang='lat' dir='ltr'><strong>justus,</strong></span> <span class='ocrx_word' id='word_1_364' title='bbox 620 2969 742 3039; x_wconf 87' lang='lat' dir='ltr'><strong>ipso</strong></span> <span class='ocrx_word' id='word_1_365' title='bbox 770 2970 941 3025; x_wconf 87' lang='lat' dir='ltr'><strong>nimio</strong></span> <span class='ocrx_word' id='word_1_366' title='bbox 998 2972 1058 3026; x_wconf 91' lang='lat' dir='ltr'><strong>ﬁt</strong></span> <span class='ocrx_word' id='word_1_367' title='bbox 1098 2970 1358 3041; x_wconf 87' lang='lat' dir='ltr'><strong>injustus.</strong></span> <span class='ocrx_word' id='word_1_368' title='bbox 1398 2968 1629 3024; x_wconf 84' lang='lat' dir='ltr'><strong>Multum</strong></span> <span class='ocrx_word' id='word_1_369' title='bbox 1652 2978 1835 3025; x_wconf 91' lang='lat' dir='ltr'><strong>autem</strong></span> 
     </span>
    </p>
   </div>
   <div class='ocr_carea' id='block_1_47' title="bbox 247 3062 1835 3134">
    <p class='ocr_par' dir='ltr' id='par_1_47' title="bbox 247 3062 1835 3134">
     <span class='ocr_line' id='line_1_47' title="bbox 247 3062 1835 3134; baseline 0.001 -17"><span class='ocrx_word' id='word_1_370' title='bbox 247 3062 379 3118; x_wconf 78' lang='lat' dir='ltr'><strong>facit</strong></span> <span class='ocrx_word' id='word_1_371' title='bbox 405 3063 613 3134; x_wconf 84' lang='lat' dir='ltr'><strong>justum</strong></span> <span class='ocrx_word' id='word_1_372' title='bbox 647 3063 742 3134; x_wconf 91' lang='lat' dir='ltr'><strong>qui</strong></span> <span class='ocrx_word' id='word_1_373' title='bbox 770 3063 906 3119; x_wconf 88' lang='lat' dir='ltr'><strong>dicit</strong></span> <span class='ocrx_word' id='word_1_374' title='bbox 937 3079 996 3119; x_wconf 89' lang='lat' dir='ltr'><strong>se</strong></span> <span class='ocrx_word' id='word_1_375' title='bbox 1035 3079 1143 3118; x_wconf 92' lang='lat' dir='ltr'><strong>non</strong></span> <span class='ocrx_word' id='word_1_376' title='bbox 1179 3064 1379 3119; x_wconf 89' lang='lat' dir='ltr'><strong>habere</strong></span> <span class='ocrx_word' id='word_1_377' title='bbox 1403 3073 1709 3134; x_wconf 89' lang='lat' dir='ltr'><strong>peccatum,</strong></span> <span class='ocrx_word' id='word_1_378' title='bbox 1741 3070 1835 3118; x_wconf 91' lang='lat' dir='ltr'><strong>aut</strong></span> 
     </span>
    </p>
   </div>
   <div class='ocr_carea' id='block_1_48' title="bbox 1948 1862 3535 1938">
    <p class='ocr_par' dir='ltr' id='par_1_48' title="bbox 1948 1862 3535 1938">
     <span class='ocr_line' id='line_1_48' title="bbox 1948 1862 3535 1938; baseline 0.004 -21"><span class='ocrx_word' id='word_1_379' title='bbox 1948 1862 2050 1919; x_wconf 76' lang='lat' dir='ltr'><strong>feci</strong></span> <span class='ocrx_word' id='word_1_380' title='bbox 2076 1863 2232 1919; x_wconf 88' lang='lat' dir='ltr'><strong>vobis</strong></span> <span class='ocrx_word' id='word_1_381' title='bbox 2272 1862 2454 1934; x_wconf 86' lang='lat' dir='ltr'><strong>(Joan.</strong></span> <span class='ocrx_word' id='word_1_382' title='bbox 2490 1864 2606 1935; x_wconf 76' lang='lat' dir='ltr'><strong>xv),</strong></span> <span class='ocrx_word' id='word_1_383' title='bbox 2637 1882 2655 1916; x_wconf 78' lang='grc' dir='ltr'><strong>ι</strong></span> <span class='ocrx_word' id='word_1_384' title='bbox 2693 1864 2822 1935; x_wconf 87' lang='lat' dir='ltr'><strong>quia</strong></span> <span class='ocrx_word' id='word_1_385' title='bbox 2853 1864 3030 1919; x_wconf 90' lang='lat' dir='ltr'><strong>simile</strong></span> <span class='ocrx_word' id='word_1_386' title='bbox 3058 1873 3140 1920; x_wconf 88' lang='lat' dir='ltr'><strong>est</strong></span> <span class='ocrx_word' id='word_1_387' title='bbox 3172 1865 3249 1919; x_wconf 91' lang='lat' dir='ltr'><strong>illi</strong></span> <span class='ocrx_word' id='word_1_388' title='bbox 3298 1867 3535 1938; x_wconf 88' lang='lat' dir='ltr'><strong>prophe-</strong></span> 
     </span>
    </p>
   </div>
   <div class='ocr_carea' id='block_1_49' title="bbox 1945 1953 2929 2027">
    <p class='ocr_par' dir='ltr' id='par_1_49' title="bbox 1945 1953 2929 2027">
     <span class='ocr_line' id='line_1_49' title="bbox 1945 1953 2929 2027; baseline 0.001 -17"><span class='ocrx_word' id='word_1_389' title='bbox 1945 1955 2055 2011; x_wconf 91' lang='lat' dir='ltr'><strong>tico</strong></span> <span class='ocrx_word' id='word_1_390' title='bbox 2080 1974 2094 2010; x_wconf 89' lang='lat'><strong>:</strong></span> <span class='ocrx_word' id='word_1_391' title='bbox 2123 1953 2228 2023; x_wconf 88' lang='lat' dir='ltr'><strong>Qui</strong></span> <span class='ocrx_word' id='word_1_392' title='bbox 2267 1955 2395 2012; x_wconf 81' lang='lat' dir='ltr'><strong>fecit</strong></span> <span class='ocrx_word' id='word_1_393' title='bbox 2423 1971 2545 2027; x_wconf 79' lang='lat' dir='ltr'><strong>quae</strong></span> <span class='ocrx_word' id='word_1_394' title='bbox 2575 1956 2755 2012; x_wconf 85' lang='lat' dir='ltr'><strong>futura</strong></span> <span class='ocrx_word' id='word_1_395' title='bbox 2782 1964 2929 2011; x_wconf 89' lang='lat' dir='ltr'><strong>sunt.</strong></span> 
     </span>
    </p>
   </div>
   <div class='ocr_carea' id='block_1_50' title="bbox 2028 2045 3535 2118">
    <p class='ocr_par' dir='ltr' id='par_1_50' title="bbox 2028 2045 3535 2118">
     <span class='ocr_line' id='line_1_50' title="bbox 2028 2045 3535 2118; baseline 0.002 -19"><span class='ocrx_word' id='word_1_396' title='bbox 2028 2067 2047 2099; x_wconf 73' lang='grc' dir='ltr'><strong>ι</strong></span> <span class='ocrx_word' id='word_1_397' title='bbox 2081 2046 2223 2103; x_wconf 89' lang='lat' dir='ltr'><strong>Cum</strong></span> <span class='ocrx_word' id='word_1_398' title='bbox 2258 2056 2440 2104; x_wconf 83' lang='lat' dir='ltr'><strong>autem</strong></span> <span class='ocrx_word' id='word_1_399' title='bbox 2490 2047 2711 2104; x_wconf 81' lang='lat' dir='ltr'><strong>venerit‘</strong></span> <span class='ocrx_word' id='word_1_400' title='bbox 2734 2045 2975 2118; x_wconf 91' lang='lat' dir='ltr'><strong>Spiritus</strong></span> <span class='ocrx_word' id='word_1_401' title='bbox 3025 2048 3268 2104; x_wconf 87' lang='lat' dir='ltr'><strong>veritatis</strong></span> <span class='ocrx_word' id='word_1_402' title='bbox 3316 2047 3535 2106; x_wconf 84' lang='lat' dir='ltr'><strong>docebit</strong></span> 
     </span>
    </p>
   </div>
   <div class='ocr_carea' id='block_1_51' title="bbox 1943 2138 3531 2206">
    <p class='ocr_par' dir='ltr' id='par_1_51' title="bbox 1943 2138 3531 2206">
     <span class='ocr_line' id='line_1_51' title="bbox 1943 2138 3531 2206; baseline 0.003 -13"><span class='ocrx_word' id='word_1_403' title='bbox 1943 2155 2043 2194; x_wconf 91' lang='lat' dir='ltr'><strong>vos</strong></span> <span class='ocrx_word' id='word_1_404' title='bbox 2092 2154 2312 2196; x_wconf 89' lang='lat' dir='ltr'><strong>omnem</strong></span> <span class='ocrx_word' id='word_1_405' title='bbox 2361 2139 2664 2197; x_wconf 88' lang='lat' dir='ltr'><strong>veritatem.</strong></span> <span class='ocrx_word' id='word_1_406' title='bbox 2690 2158 2709 2192; x_wconf 75' lang='grc' dir='ltr'><strong>ι</strong></span> <span class='ocrx_word' id='word_1_407' title='bbox 2742 2138 2975 2206; x_wconf 84' lang='lat' dir='ltr'><strong>Quidam</strong></span> <span class='ocrx_word' id='word_1_408' title='bbox 3017 2140 3232 2196; x_wconf 87' lang='lat' dir='ltr'><strong>codices</strong></span> <span class='ocrx_word' id='word_1_409' title='bbox 3283 2141 3531 2198; x_wconf 88' lang='lat' dir='ltr'><strong>habent:</strong></span> 
     </span>
    </p>
   </div>
   <div class='ocr_carea' id='block_1_52' title="bbox 1950 2230 3535 2290">
    <p class='ocr_par' dir='ltr' id='par_1_52' title="bbox 1950 2230 3535 2290">
     <span class='ocr_line' id='line_1_52' title="bbox 1950 2230 3535 2290; baseline 0.004 -7"><span class='ocrx_word' id='word_1_410' title='bbox 1950 2250 1970 2283; x_wconf 75' lang='grc' dir='ltr'>ί</span> <span class='ocrx_word' id='word_1_411' title='bbox 2008 2230 2248 2288; x_wconf 88' lang='lat' dir='ltr'><strong>Deducet</strong></span> <span class='ocrx_word' id='word_1_412' title='bbox 2276 2248 2372 2289; x_wconf 89' lang='lat' dir='ltr'><strong>vos</strong></span> <span class='ocrx_word' id='word_1_413' title='bbox 2402 2231 2455 2287; x_wconf 91' lang='lat' dir='ltr'><strong>in</strong></span> <span class='ocrx_word' id='word_1_414' title='bbox 2489 2233 2637 2288; x_wconf 82' lang='lat' dir='ltr'><strong>omni</strong></span> <span class='ocrx_word' id='word_1_415' title='bbox 2667 2233 2911 2289; x_wconf 84' lang='lat' dir='ltr'><strong>veritate.</strong></span> <span class='ocrx_word' id='word_1_416' title='bbox 2940 2252 2959 2285; x_wconf 73' lang='grc' dir='ltr'><strong><em>ο</em></strong></span> <span class='ocrx_word' id='word_1_417' title='bbox 2992 2230 3143 2287; x_wconf 86' lang='lat' dir='ltr'><strong>Unde</strong></span> <span class='ocrx_word' id='word_1_418' title='bbox 3177 2232 3306 2288; x_wconf 91' lang='lat' dir='ltr'><strong>illud</strong></span> <span class='ocrx_word' id='word_1_419' title='bbox 3334 2250 3348 2287; x_wconf 92' lang='lat'><strong>:</strong></span> <span class='ocrx_word' id='word_1_420' title='bbox 3378 2251 3399 2287; x_wconf 73' lang='grc' dir='ltr'><strong>ι</strong></span> <span class='ocrx_word' id='word_1_421' title='bbox 3428 2232 3535 2290; x_wconf 81' lang='lat' dir='ltr'><strong>De—</strong></span> 
     </span>
    </p>
   </div>
   <div class='ocr_carea' id='block_1_53' title="bbox 1943 2321 3530 2395">
    <p class='ocr_par' dir='ltr' id='par_1_53' title="bbox 1943 2321 3530 2395">
     <span class='ocr_line' id='line_1_53' title="bbox 1943 2321 3530 2395; baseline 0.003 -19"><span class='ocrx_word' id='word_1_422' title='bbox 1943 2321 2050 2379; x_wconf 91' lang='lat' dir='ltr'><strong>duc</strong></span> <span class='ocrx_word' id='word_1_423' title='bbox 2080 2339 2188 2392; x_wconf 88' lang='lat' dir='ltr'><strong>me,</strong></span> <span class='ocrx_word' id='word_1_424' title='bbox 2233 2322 2481 2391; x_wconf 87' lang='lat' dir='ltr'><strong>Domine,</strong></span> <span class='ocrx_word' id='word_1_425' title='bbox 2525 2324 2576 2378; x_wconf 90' lang='lat' dir='ltr'><strong>in</strong></span> <span class='ocrx_word' id='word_1_426' title='bbox 2623 2325 2705 2379; x_wconf 74' lang='lat' dir='ltr'><strong>via</strong></span> <span class='ocrx_word' id='word_1_427' title='bbox 2738 2334 2849 2390; x_wconf 89' lang='lat' dir='ltr'><strong>tua,</strong></span> <span class='ocrx_word' id='word_1_428' title='bbox 2879 2332 2934 2380; x_wconf 89' lang='lat' dir='ltr'><strong>et</strong></span> <span class='ocrx_word' id='word_1_429' title='bbox 2984 2323 3257 2395; x_wconf 85' lang='lat' dir='ltr'><strong>ingrediar</strong></span> <span class='ocrx_word' id='word_1_430' title='bbox 3300 2324 3354 2379; x_wconf 89' lang='lat' dir='ltr'><strong>iu</strong></span> <span class='ocrx_word' id='word_1_431' title='bbox 3384 2326 3530 2381; x_wconf 63' lang='lat' dir='ltr'><strong>veri«</strong></span> 
     </span>
    </p>
   </div>
   <div class='ocr_carea' id='block_1_54' title="bbox 1942 2414 3531 2487">
    <p class='ocr_par' dir='ltr' id='par_1_54' title="bbox 1942 2414 3531 2487">
     <span class='ocr_line' id='line_1_54' title="bbox 1942 2414 3531 2487; baseline 0.002 -18"><span class='ocrx_word' id='word_1_432' title='bbox 1942 2424 2052 2471; x_wconf 85' lang='lat' dir='ltr'><strong>tate</strong></span> <span class='ocrx_word' id='word_1_433' title='bbox 2078 2424 2169 2471; x_wconf 91' lang='lat' dir='ltr'><strong>tua</strong></span> <span class='ocrx_word' id='word_1_434' title='bbox 2194 2414 2367 2486; x_wconf 78' lang='grc' dir='ltr'><strong>(Ρεαι.</strong></span> <span class='ocrx_word' id='word_1_435' title='bbox 2387 2418 2606 2487; x_wconf 63' lang='lat' dir='ltr'><strong>exuv).</strong></span> <span class='ocrx_word' id='word_1_436' title='bbox 2633 2437 2650 2469; x_wconf 79' lang='grc' dir='ltr'><strong>ι</strong></span> <span class='ocrx_word' id='word_1_437' title='bbox 2674 2415 2788 2471; x_wconf 79' lang='lat' dir='ltr'><strong>Non</strong></span> <span class='ocrx_word' id='word_1_438' title='bbox 2818 2416 3055 2472; x_wconf 88' lang='lat' dir='ltr'><strong>arbitror</strong></span> <span class='ocrx_word' id='word_1_439' title='bbox 3076 2416 3217 2472; x_wconf 88' lang='lat' dir='ltr'><strong>hanc</strong></span> <span class='ocrx_word' id='word_1_440' title='bbox 3247 2416 3531 2472; x_wconf 90' lang='lat' dir='ltr'><strong>veritatem</strong></span> 
     </span>
    </p>
   </div>
   <div class='ocr_carea' id='block_1_55' title="bbox 1941 2506 3532 2579">
    <p class='ocr_par' dir='ltr' id='par_1_55' title="bbox 1941 2506 3532 2579">
     <span class='ocr_line' id='line_1_55' title="bbox 1941 2506 3532 2579; baseline 0.001 -19"><span class='ocrx_word' id='word_1_441' title='bbox 1941 2521 2104 2576; x_wconf 87' lang='lat' dir='ltr'><strong>posse</strong></span> <span class='ocrx_word' id='word_1_442' title='bbox 2133 2506 2395 2577; x_wconf 89' lang='lat' dir='ltr'><strong>compleri</strong></span> <span class='ocrx_word' id='word_1_443' title='bbox 2425 2507 2478 2561; x_wconf 91' lang='lat' dir='ltr'><strong>in</strong></span> <span class='ocrx_word' id='word_1_444' title='bbox 2511 2508 2613 2564; x_wconf 91' lang='lat' dir='ltr'><strong>hac</strong></span> <span class='ocrx_word' id='word_1_445' title='bbox 2644 2509 2773 2563; x_wconf 88' lang='lat' dir='ltr'><strong>vita.</strong></span> <span class='ocrx_word' id='word_1_446' title='bbox 2797 2506 2948 2564; x_wconf 88' lang='lat' dir='ltr'><strong>Unde</strong></span> <span class='ocrx_word' id='word_1_447' title='bbox 2975 2507 3302 2579; x_wconf 77' lang='lat' dir='ltr'><strong>Apostolus:</strong></span> <span class='ocrx_word' id='word_1_448' title='bbox 3324 2527 3344 2560; x_wconf 74' lang='grc' dir='ltr'><strong>ι</strong></span> <span class='ocrx_word' id='word_1_449' title='bbox 3375 2506 3532 2564; x_wconf 82' lang='lat' dir='ltr'><strong>Nunc</strong></span> 
     </span>
    </p>
   </div>
   <div class='ocr_carea' id='block_1_56' title="bbox 1941 2600 3533 2670">
    <p class='ocr_par' dir='ltr' id='par_1_56' title="bbox 1941 2600 3533 2670">
     <span class='ocr_line' id='line_1_56' title="bbox 1941 2600 3533 2670; baseline 0.002 -18"><span class='ocrx_word' id='word_1_450' title='bbox 1941 2612 2006 2652; x_wconf 73' lang='lat' dir='ltr'><strong>ex</strong></span> <span class='ocrx_word' id='word_1_451' title='bbox 2041 2605 2196 2667; x_wconf 88' lang='lat' dir='ltr'><strong>parte</strong></span> <span class='ocrx_word' id='word_1_452' title='bbox 2230 2612 2527 2669; x_wconf 81' lang='lat' dir='ltr'><strong>cognosco,</strong></span> <span class='ocrx_word' id='word_1_453' title='bbox 2561 2606 2689 2654; x_wconf 87' lang='lat' dir='ltr'><strong>tunc</strong></span> <span class='ocrx_word' id='word_1_454' title='bbox 2726 2607 2907 2654; x_wconf 83' lang='lat' dir='ltr'><strong>autem</strong></span> <span class='ocrx_word' id='word_1_455' title='bbox 2953 2615 3278 2670; x_wconf 83' lang='lat' dir='ltr'><strong>cognoscam</strong></span> <span class='ocrx_word' id='word_1_456' title='bbox 3307 2600 3453 2656; x_wconf 86' lang='lat' dir='ltr'><strong>sicut</strong></span> <span class='ocrx_word' id='word_1_457' title='bbox 3476 2608 3533 2655; x_wconf 82' lang='lat' dir='ltr'><strong>et</strong></span> 
     </span>
    </p>
   </div>
   <div class='ocr_carea' id='block_1_57' title="bbox 1939 2689 3532 2762">
    <p class='ocr_par' dir='ltr' id='par_1_57' title="bbox 1939 2689 3532 2762">
     <span class='ocr_line' id='line_1_57' title="bbox 1939 2689 3532 2762; baseline 0.002 -17"><span class='ocrx_word' id='word_1_458' title='bbox 1939 2704 2042 2761; x_wconf 87' lang='lat' dir='ltr'><strong>ego</strong></span> <span class='ocrx_word' id='word_1_459' title='bbox 2066 2692 2318 2762; x_wconf 85' lang='lat' dir='ltr'><strong>cognitus</strong></span> <span class='ocrx_word' id='word_1_460' title='bbox 2363 2707 2484 2747; x_wconf 91' lang='lat' dir='ltr'><strong>sum</strong></span> <span class='ocrx_word' id='word_1_461' title='bbox 2537 2689 2591 2761; x_wconf 88' lang='grc'><strong>(1</strong></span> <span class='ocrx_word' id='word_1_462' title='bbox 2623 2690 2745 2746; x_wconf 87' lang='lat' dir='ltr'><strong>Cor.</strong></span> <span class='ocrx_word' id='word_1_463' title='bbox 2790 2692 2933 2761; x_wconf 77' lang='lat' dir='ltr'><strong>xm).</strong></span> <span class='ocrx_word' id='word_1_464' title='bbox 2976 2711 2995 2745; x_wconf 74' lang='grc' dir='ltr'><strong>ι</strong></span> <span class='ocrx_word' id='word_1_465' title='bbox 3027 2692 3163 2759; x_wconf 90' lang='lat' dir='ltr'><strong>Quis</strong></span> <span class='ocrx_word' id='word_1_466' title='bbox 3186 2691 3332 2747; x_wconf 88' lang='lat' dir='ltr'><strong>enim</strong></span> <span class='ocrx_word' id='word_1_467' title='bbox 3364 2694 3532 2748; x_wconf 88' lang='lat' dir='ltr'><strong>homo</strong></span> 
     </span>
    </p>
   </div>
   <div class='ocr_carea' id='block_1_58' title="bbox 1939 2782 3529 2857">
    <p class='ocr_par' dir='ltr' id='par_1_58' title="bbox 1939 2782 3529 2857">
     <span class='ocr_line' id='line_1_58' title="bbox 1939 2782 3529 2857; baseline 0.001 -17"><span class='ocrx_word' id='word_1_468' title='bbox 1939 2784 2084 2840; x_wconf 89' lang='lat' dir='ltr'><strong>sicut</strong></span> <span class='ocrx_word' id='word_1_469' title='bbox 2127 2784 2304 2854; x_wconf 87' lang='lat' dir='ltr'><strong>angeli</strong></span> <span class='ocrx_word' id='word_1_470' title='bbox 2333 2784 2477 2855; x_wconf 88' lang='lat' dir='ltr'><strong>sapit</strong></span> <span class='ocrx_word' id='word_1_471' title='bbox 2506 2782 2853 2839; x_wconf 88' lang='lat' dir='ltr'><strong>Trinitatem.</strong></span> <span class='ocrx_word' id='word_1_472' title='bbox 2886 2783 3162 2851; x_wconf 66' lang='lat' dir='ltr'><strong>Quaeritur</strong></span> <span class='ocrx_word' id='word_1_473' title='bbox 3203 2793 3386 2840; x_wconf 85' lang='lat' dir='ltr'><strong>utrum</strong></span> <span class='ocrx_word' id='word_1_474' title='bbox 3413 2785 3529 2857; x_wconf 77' lang='lat' dir='ltr'><strong>Spi-</strong></span> 
     </span>
    </p>
   </div>
   <div class='ocr_carea' id='block_1_59' title="bbox 1937 2876 3530 2947">
    <p class='ocr_par' dir='ltr' id='par_1_59' title="bbox 1937 2876 3530 2947">
     <span class='ocr_line' id='line_1_59' title="bbox 1937 2876 3530 2947; baseline 0.001 -17"><span class='ocrx_word' id='word_1_475' title='bbox 1937 2877 2167 2932; x_wconf 87' lang='lat' dir='ltr'><strong>rituales</strong></span> <span class='ocrx_word' id='word_1_476' title='bbox 2194 2877 2445 2933; x_wconf 88' lang='lat' dir='ltr'><strong>homines</strong></span> <span class='ocrx_word' id='word_1_477' title='bbox 2473 2876 2682 2947; x_wconf 90' lang='lat' dir='ltr'><strong>aliquid</strong></span> <span class='ocrx_word' id='word_1_478' title='bbox 2728 2876 2965 2932; x_wconf 88' lang='lat' dir='ltr'><strong>habeant</strong></span> <span class='ocrx_word' id='word_1_479' title='bbox 3001 2877 3056 2931; x_wconf 89' lang='lat' dir='ltr'><strong>in</strong></span> <span class='ocrx_word' id='word_1_480' title='bbox 3089 2876 3338 2933; x_wconf 90' lang='lat' dir='ltr'><strong>doctrina</strong></span> <span class='ocrx_word' id='word_1_481' title='bbox 3381 2876 3530 2947; x_wconf 87' lang='lat' dir='ltr'><strong>quod</strong></span> 
     </span>
    </p>
   </div>
   <div class='ocr_carea' id='block_1_60' title="bbox 1938 2966 3531 3037">
    <p class='ocr_par' dir='ltr' id='par_1_60' title="bbox 1938 2966 3531 3037">
     <span class='ocr_line' id='line_1_60' title="bbox 1938 2966 3531 3037; baseline -0.001 -13"><span class='ocrx_word' id='word_1_482' title='bbox 1938 2967 2253 3024; x_wconf 87' lang='lat' dir='ltr'><strong>carnalibus</strong></span> <span class='ocrx_word' id='word_1_483' title='bbox 2282 2974 2517 3035; x_wconf 89' lang='lat' dir='ltr'><strong>taceant,</strong></span> <span class='ocrx_word' id='word_1_484' title='bbox 2546 2976 2601 3023; x_wconf 89' lang='lat' dir='ltr'><strong>et</strong></span> <span class='ocrx_word' id='word_1_485' title='bbox 2645 2966 2984 3037; x_wconf 84' lang='lat' dir='ltr'><strong>spiritalibus</strong></span> <span class='ocrx_word' id='word_1_486' title='bbox 3026 2966 3232 3023; x_wconf 89' lang='lat' dir='ltr'><strong>dicant.</strong></span> <span class='ocrx_word' id='word_1_487' title='bbox 3294 2966 3351 3022; x_wconf 90' lang='lat' dir='ltr'><strong>Si</strong></span> <span class='ocrx_word' id='word_1_488' title='bbox 3375 2966 3531 3023; x_wconf 77' lang='lat' dir='ltr'><strong>dixe-</strong></span> 
     </span>
    </p>
   </div>
   <div class='ocr_carea' id='block_1_61' title="bbox 1937 3057 3524 3130">
    <p class='ocr_par' dir='ltr' id='par_1_61' title="bbox 1937 3057 3524 3130">
     <span class='ocr_line' id='line_1_61' title="bbox 1937 3057 3524 3130; baseline 0.002 -16"><span class='ocrx_word' id='word_1_489' title='bbox 1937 3059 2112 3116; x_wconf 91' lang='lat' dir='ltr'><strong>rimus</strong></span> <span class='ocrx_word' id='word_1_490' title='bbox 2139 3076 2265 3128; x_wconf 86' lang='lat' dir='ltr'><strong>non,</strong></span> <span class='ocrx_word' id='word_1_491' title='bbox 2296 3059 2562 3116; x_wconf 83' lang='lat' dir='ltr'><strong>oliieietur</strong></span> <span class='ocrx_word' id='word_1_492' title='bbox 2621 3058 2755 3113; x_wconf 90' lang='lat' dir='ltr'><strong>illud</strong></span> <span class='ocrx_word' id='word_1_493' title='bbox 2801 3058 3047 3130; x_wconf 87' lang='lat' dir='ltr'><strong>Apostoli</strong></span> <span class='ocrx_word' id='word_1_494' title='bbox 3073 3059 3142 3114; x_wconf 92' lang='lat' dir='ltr'><strong>ad</strong></span> <span class='ocrx_word' id='word_1_495' title='bbox 3167 3057 3524 3117; x_wconf 86' lang='lat' dir='ltr'><strong>Corinthios:</strong></span> 
     </span>
    </p>
   </div>
   <div class='ocr_carea' id='block_1_62' title="bbox 244 3125 3529 3227">
    <p class='ocr_par' dir='ltr' id='par_1_62' title="bbox 244 3125 3529 3227">
     <span class='ocr_line' id='line_1_62' title="bbox 244 3125 3529 3227; baseline -0 -18"><span class='ocrx_word' id='word_1_496' title='bbox 244 3156 339 3227; x_wconf 88' lang='lat' dir='ltr'><strong>qui</strong></span> <span class='ocrx_word' id='word_1_497' title='bbox 368 3125 427 3211; x_wconf 77' lang='lat' dir='ltr'><strong>se</strong></span> <span class='ocrx_word' id='word_1_498' title='bbox 475 3164 631 3225; x_wconf 91' lang='lat' dir='ltr'><strong>putat</strong></span> <span class='ocrx_word' id='word_1_499' title='bbox 664 3125 786 3211; x_wconf 69' lang='grc' dir='ltr'>ἰιοιι</span> <span class='ocrx_word' id='word_1_500' title='bbox 826 3156 999 3227; x_wconf 87' lang='lat' dir='ltr'><strong>gratia</strong></span> <span class='ocrx_word' id='word_1_501' title='bbox 1031 3154 1148 3224; x_wconf 87' lang='lat' dir='ltr'><strong>Dei,</strong></span> <span class='ocrx_word' id='word_1_502' title='bbox 1184 3154 1278 3211; x_wconf 89' lang='lat' dir='ltr'><strong>sed</strong></span> <span class='ocrx_word' id='word_1_503' title='bbox 1319 3125 1420 3210; x_wconf 75' lang='lat' dir='ltr'><strong>sua</strong></span> <span class='ocrx_word' id='word_1_504' title='bbox 1456 3125 1734 3209; x_wconf 81' lang='lat' dir='ltr'><strong>voluntate</strong></span> <span class='ocrx_word' id='word_1_505' title='bbox 1760 3153 1835 3209; x_wconf 83' lang='lat' dir='ltr'><strong>ef-</strong></span> <span class='ocrx_word' id='word_1_506' title='bbox 1859 3125 1901 3183; x_wconf 65' lang='grc' dir='ltr'><strong>δ</strong></span> <span class='ocrx_word' id='word_1_507' title='bbox 1941 3170 1960 3204; x_wconf 74' lang='grc' dir='ltr'><strong>ι</strong></span> <span class='ocrx_word' id='word_1_508' title='bbox 1987 3150 2108 3209; x_wconf 86' lang='grc' dir='ltr'>Νοιι</span> <span class='ocrx_word' id='word_1_509' title='bbox 2159 3125 2312 3223; x_wconf 81' lang='lat' dir='ltr'><strong>potui</strong></span> <span class='ocrx_word' id='word_1_510' title='bbox 2348 3151 2504 3208; x_wconf 90' lang='lat' dir='ltr'><strong>vobis</strong></span> <span class='ocrx_word' id='word_1_511' title='bbox 2557 3151 2743 3221; x_wconf 90' lang='lat' dir='ltr'><strong>loqui,</strong></span> <span class='ocrx_word' id='word_1_512' title='bbox 2786 3125 2945 3223; x_wconf 70' lang='lat' dir='ltr'><strong>quasi</strong></span> <span class='ocrx_word' id='word_1_513' title='bbox 3001 3150 3339 3223; x_wconf 86' lang='lat' dir='ltr'><strong>spiritalibus</strong></span> <span class='ocrx_word' id='word_1_514' title='bbox 3362 3194 3377 3220; x_wconf 95' lang='lat'><strong>,</strong></span> <span class='ocrx_word' id='word_1_515' title='bbox 3430 3152 3529 3209; x_wconf 89' lang='lat' dir='ltr'><strong>sed</strong></span> 
     </span>
    </p>
   </div>
   <div class='ocr_carea' id='block_1_63' title="bbox 245 3246 1830 3320">
    <p class='ocr_par' dir='ltr' id='par_1_63' title="bbox 245 3246 1830 3320">
     <span class='ocr_line' id='line_1_63' title="bbox 245 3246 1830 3320; baseline 0.001 -21"><span class='ocrx_word' id='word_1_516' title='bbox 245 3246 332 3301; x_wconf 91' lang='lat' dir='ltr'><strong>ﬁci</strong></span> <span class='ocrx_word' id='word_1_517' title='bbox 366 3246 597 3317; x_wconf 91' lang='lat' dir='ltr'><strong>justum.</strong></span> <span class='ocrx_word' id='word_1_518' title='bbox 653 3249 917 3320; x_wconf 80' lang='lat' dir='ltr'><strong>Arguitur</strong></span> <span class='ocrx_word' id='word_1_519' title='bbox 972 3247 1157 3318; x_wconf 87' lang='lat' dir='ltr'><strong>itaque</strong></span> <span class='ocrx_word' id='word_1_520' title='bbox 1204 3247 1443 3303; x_wconf 90' lang='lat' dir='ltr'><strong>mundus</strong></span> <span class='ocrx_word' id='word_1_521' title='bbox 1489 3246 1556 3302; x_wconf 91' lang='lat' dir='ltr'><strong>de</strong></span> <span class='ocrx_word' id='word_1_522' title='bbox 1585 3255 1830 3317; x_wconf 88' lang='lat' dir='ltr'><strong>peccato,</strong></span> 
     </span>
    </p>
   </div>
   <div class='ocr_carea' id='block_1_64' title="bbox 243 3338 1828 3412">
    <p class='ocr_par' dir='ltr' id='par_1_64' title="bbox 243 3338 1828 3412">
     <span class='ocr_line' id='line_1_64' title="bbox 243 3338 1828 3412; baseline 0.001 -19"><span class='ocrx_word' id='word_1_523' title='bbox 243 3338 372 3409; x_wconf 89' lang='lat' dir='ltr'><strong>quia</strong></span> <span class='ocrx_word' id='word_1_524' title='bbox 405 3356 513 3395; x_wconf 84' lang='lat' dir='ltr'><strong>non</strong></span> <span class='ocrx_word' id='word_1_525' title='bbox 552 3341 727 3397; x_wconf 88' lang='lat' dir='ltr'><strong>credit</strong></span> <span class='ocrx_word' id='word_1_526' title='bbox 756 3341 810 3394; x_wconf 91' lang='lat' dir='ltr'><strong>iu</strong></span> <span class='ocrx_word' id='word_1_527' title='bbox 868 3338 1190 3407; x_wconf 80' lang='lat' dir='ltr'><strong>Christum;</strong></span> <span class='ocrx_word' id='word_1_528' title='bbox 1233 3340 1484 3412; x_wconf 85' lang='lat' dir='ltr'><strong>arguitur</strong></span> <span class='ocrx_word' id='word_1_529' title='bbox 1522 3339 1591 3395; x_wconf 90' lang='lat' dir='ltr'><strong>de</strong></span> <span class='ocrx_word' id='word_1_530' title='bbox 1618 3338 1828 3410; x_wconf 85' lang='lat' dir='ltr'><strong>justitia</strong></span> 
     </span>
    </p>
   </div>
   <div class='ocr_carea' id='block_1_65' title="bbox 241 3428 1832 3500">
    <p class='ocr_par' dir='ltr' id='par_1_65' title="bbox 241 3428 1832 3500">
     <span class='ocr_line' id='line_1_65' title="bbox 241 3428 1832 3500; baseline 0.004 -20"><span class='ocrx_word' id='word_1_531' title='bbox 241 3430 608 3498; x_wconf 89' lang='lat' dir='ltr'><strong>quorumdam</strong></span> <span class='ocrx_word' id='word_1_532' title='bbox 633 3429 973 3485; x_wconf 88' lang='lat' dir='ltr'><strong>credentium</strong></span> <span class='ocrx_word' id='word_1_533' title='bbox 1010 3447 1024 3496; x_wconf 88' lang='lat'><strong>;</strong></span> <span class='ocrx_word' id='word_1_534' title='bbox 1065 3445 1193 3485; x_wconf 87' lang='lat' dir='ltr'><strong>nam</strong></span> <span class='ocrx_word' id='word_1_535' title='bbox 1223 3428 1467 3485; x_wconf 87' lang='lat' dir='ltr'><strong>ﬁdelium</strong></span> <span class='ocrx_word' id='word_1_536' title='bbox 1494 3431 1832 3500; x_wconf 86' lang='lat' dir='ltr'><strong>comparatio</strong></span> 
     </span>
    </p>
   </div>
   <div class='ocr_carea' id='block_1_66' title="bbox 241 3520 1832 3592">
    <p class='ocr_par' dir='ltr' id='par_1_66' title="bbox 241 3520 1832 3592">
     <span class='ocr_line' id='line_1_66' title="bbox 241 3520 1832 3592; baseline 0.003 -17"><span class='ocrx_word' id='word_1_537' title='bbox 241 3529 328 3576; x_wconf 88' lang='lat' dir='ltr'><strong>est</strong></span> <span class='ocrx_word' id='word_1_538' title='bbox 354 3520 654 3577; x_wconf 84' lang='lat' dir='ltr'><strong>inﬁdelium</strong></span> <span class='ocrx_word' id='word_1_539' title='bbox 687 3521 1039 3592; x_wconf 84' lang='lat' dir='ltr'><strong>vituperatio.</strong></span> <span class='ocrx_word' id='word_1_540' title='bbox 1091 3520 1300 3576; x_wconf 89' lang='lat' dir='ltr'><strong>Sensus</strong></span> <span class='ocrx_word' id='word_1_541' title='bbox 1344 3530 1463 3578; x_wconf 91' lang='lat' dir='ltr'><strong>est:</strong></span> <span class='ocrx_word' id='word_1_542' title='bbox 1504 3520 1625 3577; x_wconf 87' lang='lat' dir='ltr'><strong>Erit</strong></span> <span class='ocrx_word' id='word_1_543' title='bbox 1651 3531 1832 3579; x_wconf 86' lang='lat' dir='ltr'><strong>vestra</strong></span> 
     </span>
    </p>
   </div>
   <div class='ocr_carea' id='block_1_67' title="bbox 235 3613 1828 3685">
    <p class='ocr_par' dir='ltr' id='par_1_67' title="bbox 235 3613 1828 3685">
     <span class='ocr_line' id='line_1_67' title="bbox 235 3613 1828 3685; baseline 0.002 -18"><span class='ocrx_word' id='word_1_544' title='bbox 235 3614 450 3684; x_wconf 82' lang='lat' dir='ltr'><strong>justitia</strong></span> <span class='ocrx_word' id='word_1_545' title='bbox 479 3629 587 3685; x_wconf 90' lang='lat' dir='ltr'><strong>qua</strong></span> <span class='ocrx_word' id='word_1_546' title='bbox 615 3613 853 3669; x_wconf 88' lang='lat' dir='ltr'><strong>mundus</strong></span> <span class='ocrx_word' id='word_1_547' title='bbox 879 3613 1150 3685; x_wconf 85' lang='lat' dir='ltr'><strong>arguitur,</strong></span> <span class='ocrx_word' id='word_1_548' title='bbox 1177 3614 1305 3683; x_wconf 89' lang='lat' dir='ltr'><strong>quia</strong></span> <span class='ocrx_word' id='word_1_549' title='bbox 1335 3614 1402 3669; x_wconf 87' lang='lat' dir='ltr'><strong>ad</strong></span> <span class='ocrx_word' id='word_1_550' title='bbox 1428 3613 1647 3669; x_wconf 88' lang='lat' dir='ltr'><strong>Patrem</strong></span> <span class='ocrx_word' id='word_1_551' title='bbox 1671 3615 1828 3682; x_wconf 88' lang='lat' dir='ltr'><strong>vado,</strong></span> 
     </span>
    </p>
   </div>
   <div class='ocr_carea' id='block_1_68' title="bbox 240 3703 1832 3775">
    <p class='ocr_par' dir='ltr' id='par_1_68' title="bbox 240 3703 1832 3775">
     <span class='ocr_line' id='line_1_68' title="bbox 240 3703 1832 3775; baseline 0.001 -17"><span class='ocrx_word' id='word_1_552' title='bbox 240 3712 298 3759; x_wconf 76' lang='lat' dir='ltr'><strong>et</strong></span> <span class='ocrx_word' id='word_1_553' title='bbox 324 3703 439 3775; x_wconf 88' lang='lat' dir='ltr'><strong>jam</strong></span> <span class='ocrx_word' id='word_1_554' title='bbox 497 3718 606 3759; x_wconf 90' lang='lat' dir='ltr'><strong>non</strong></span> <span class='ocrx_word' id='word_1_555' title='bbox 637 3703 890 3759; x_wconf 87' lang='lat' dir='ltr'><strong>videbitis</strong></span> <span class='ocrx_word' id='word_1_556' title='bbox 917 3718 1025 3771; x_wconf 90' lang='lat' dir='ltr'><strong>me,</strong></span> <span class='ocrx_word' id='word_1_557' title='bbox 1080 3703 1210 3774; x_wconf 89' lang='lat' dir='ltr'><strong>quia</strong></span> <span class='ocrx_word' id='word_1_558' title='bbox 1243 3703 1297 3758; x_wconf 92' lang='lat' dir='ltr'><strong>in</strong></span> <span class='ocrx_word' id='word_1_559' title='bbox 1336 3719 1462 3759; x_wconf 92' lang='lat' dir='ltr'><strong>eum</strong></span> <span class='ocrx_word' id='word_1_560' title='bbox 1515 3719 1678 3775; x_wconf 90' lang='lat' dir='ltr'><strong>quem</strong></span> <span class='ocrx_word' id='word_1_561' title='bbox 1722 3720 1832 3760; x_wconf 86' lang='lat' dir='ltr'><strong>non</strong></span> 
     </span>
    </p>
   </div>
   <div class='ocr_carea' id='block_1_69' title="bbox 241 3792 1829 3861">
    <p class='ocr_par' dir='ltr' id='par_1_69' title="bbox 241 3792 1829 3861">
     <span class='ocr_line' id='line_1_69' title="bbox 241 3792 1829 3861; baseline 0 -12"><span class='ocrx_word' id='word_1_562' title='bbox 241 3794 500 3850; x_wconf 89' lang='lat' dir='ltr'><strong>videbitis</strong></span> <span class='ocrx_word' id='word_1_563' title='bbox 529 3793 786 3851; x_wconf 85' lang='lat' dir='ltr'><strong>credetis.</strong></span> <span class='ocrx_word' id='word_1_564' title='bbox 821 3792 1054 3861; x_wconf 89' lang='lat' dir='ltr'><strong>Quando</strong></span> <span class='ocrx_word' id='word_1_565' title='bbox 1094 3802 1277 3848; x_wconf 88' lang='lat' dir='ltr'><strong>autem</strong></span> <span class='ocrx_word' id='word_1_566' title='bbox 1323 3809 1412 3849; x_wconf 90' lang='lat' dir='ltr'><strong>me</strong></span> <span class='ocrx_word' id='word_1_567' title='bbox 1440 3792 1717 3861; x_wconf 88' lang='lat' dir='ltr'><strong>videbitis,</strong></span> <span class='ocrx_word' id='word_1_568' title='bbox 1749 3793 1829 3849; x_wconf 86' lang='lat' dir='ltr'><strong>vi-</strong></span> 
     </span>
    </p>
   </div>
   <div class='ocr_carea' id='block_1_70' title="bbox 240 3883 1857 3952">
    <p class='ocr_par' dir='ltr' id='par_1_70' title="bbox 240 3883 1857 3952">
     <span class='ocr_line' id='line_1_70' title="bbox 240 3883 1857 3952; baseline -0.001 -12"><span class='ocrx_word' id='word_1_569' title='bbox 240 3884 436 3940; x_wconf 85' lang='lat' dir='ltr'><strong>debitis</strong></span> <span class='ocrx_word' id='word_1_570' title='bbox 463 3898 550 3939; x_wconf 90' lang='lat' dir='ltr'><strong>me</strong></span> <span class='ocrx_word' id='word_1_571' title='bbox 577 3899 687 3939; x_wconf 88' lang='lat' dir='ltr'><strong>nou</strong></span> <span class='ocrx_word' id='word_1_572' title='bbox 736 3884 997 3938; x_wconf 83' lang='lat' dir='ltr'><strong>humilem</strong></span> <span class='ocrx_word' id='word_1_573' title='bbox 1029 3891 1087 3939; x_wconf 93' lang='lat' dir='ltr'><strong>ut</strong></span> <span class='ocrx_word' id='word_1_574' title='bbox 1132 3883 1316 3950; x_wconf 91' lang='lat' dir='ltr'><strong>modo,</strong></span> <span class='ocrx_word' id='word_1_575' title='bbox 1360 3883 1455 3939; x_wconf 90' lang='lat' dir='ltr'><strong>sed</strong></span> <span class='ocrx_word' id='word_1_576' title='bbox 1501 3883 1776 3940; x_wconf 77' lang='lat' dir='ltr'><strong>excelsum</strong></span> <span class='ocrx_word' id='word_1_577' title='bbox 1812 3888 1857 3952; x_wconf 75' lang='lat'><strong>;&#39;</strong></span> 
     </span>
    </p>
   </div>
   <div class='ocr_carea' id='block_1_71' title="bbox 242 3975 1829 4047">
    <p class='ocr_par' dir='ltr' id='par_1_71' title="bbox 242 3975 1829 4047">
     <span class='ocr_line' id='line_1_71' title="bbox 242 3975 1829 4047; baseline 0 -16"><span class='ocrx_word' id='word_1_578' title='bbox 242 3992 351 4032; x_wconf 87' lang='lat' dir='ltr'><strong>non</strong></span> <span class='ocrx_word' id='word_1_579' title='bbox 381 3976 691 4045; x_wconf 90' lang='lat' dir='ltr'><strong>mortalem,</strong></span> <span class='ocrx_word' id='word_1_580' title='bbox 717 3977 809 4033; x_wconf 86' lang='lat' dir='ltr'><strong>sed</strong></span> <span class='ocrx_word' id='word_1_581' title='bbox 834 3976 1264 4047; x_wconf 89' lang='lat' dir='ltr'><strong>sempiternum;</strong></span> <span class='ocrx_word' id='word_1_582' title='bbox 1294 3990 1402 4030; x_wconf 90' lang='lat' dir='ltr'><strong>non</strong></span> <span class='ocrx_word' id='word_1_583' title='bbox 1449 3975 1829 4047; x_wconf 74' lang='lat' dir='ltr'><strong>iudicandum,</strong></span> 
     </span>
    </p>
   </div>
   <div class='ocr_carea' id='block_1_72' title="bbox 241 4068 1833 4141">
    <p class='ocr_par' dir='ltr' id='par_1_72' title="bbox 241 4068 1833 4141">
     <span class='ocr_line' id='line_1_72' title="bbox 241 4068 1833 4141; baseline -0.002 -15"><span class='ocrx_word' id='word_1_584' title='bbox 241 4069 334 4126; x_wconf 87' lang='lat' dir='ltr'><strong>sed</strong></span> <span class='ocrx_word' id='word_1_585' title='bbox 357 4069 728 4141; x_wconf 73' lang='lat' dir='ltr'><strong>iudicaturum</strong></span> <span class='ocrx_word' id='word_1_586' title='bbox 764 4089 778 4125; x_wconf 88' lang='lat'><strong>:</strong></span> <span class='ocrx_word' id='word_1_587' title='bbox 803 4078 857 4125; x_wconf 91' lang='lat' dir='ltr'><strong>et</strong></span> <span class='ocrx_word' id='word_1_588' title='bbox 887 4069 954 4125; x_wconf 89' lang='lat' dir='ltr'><strong>de</strong></span> <span class='ocrx_word' id='word_1_589' title='bbox 1003 4069 1105 4126; x_wconf 92' lang='lat' dir='ltr'><strong>hac</strong></span> <span class='ocrx_word' id='word_1_590' title='bbox 1151 4068 1257 4125; x_wconf 86' lang='lat' dir='ltr'><strong>ﬁde</strong></span> <span class='ocrx_word' id='word_1_591' title='bbox 1285 4079 1466 4125; x_wconf 89' lang='lat' dir='ltr'><strong>vestra</strong></span> <span class='ocrx_word' id='word_1_592' title='bbox 1497 4068 1639 4125; x_wconf 86' lang='lat' dir='ltr'><strong>idem</strong></span> <span class='ocrx_word' id='word_1_593' title='bbox 1666 4068 1833 4140; x_wconf 85' lang='lat' dir='ltr'><strong>justi-</strong></span> 
     </span>
    </p>
   </div>
   <div class='ocr_carea' id='block_1_73' title="bbox 234 4160 1833 4241">
    <p class='ocr_par' dir='ltr' id='par_1_73' title="bbox 234 4160 1833 4241">
     <span class='ocr_line' id='line_1_73' title="bbox 234 4160 1833 4241; baseline -0.001 -23"><span class='ocrx_word' id='word_1_594' title='bbox 234 4162 315 4241; x_wconf 28' lang='lat' dir='ltr'><strong>.tia</strong></span> <span class='ocrx_word' id='word_1_595' title='bbox 340 4172 536 4235; x_wconf 89' lang='lat' dir='ltr'><strong>arguet</strong></span> <span class='ocrx_word' id='word_1_596' title='bbox 584 4163 824 4234; x_wconf 87' lang='lat' dir='ltr'><strong>Spiritus</strong></span> <span class='ocrx_word' id='word_1_597' title='bbox 853 4171 1081 4220; x_wconf 88' lang='lat' dir='ltr'><strong>sanctus</strong></span> <span class='ocrx_word' id='word_1_598' title='bbox 1130 4162 1466 4218; x_wconf 89' lang='lat' dir='ltr'><strong>incredulos.</strong></span> <span class='ocrx_word' id='word_1_599' title='bbox 1494 4160 1719 4233; x_wconf 31' lang='lat' dir='ltr'><strong>ldemtin</strong></span> <span class='ocrx_word' id='word_1_600' title='bbox 1745 4176 1833 4217; x_wconf 89' lang='lat' dir='ltr'><strong>se-</strong></span> 
     </span>
    </p>
   </div>
   <div class='ocr_carea' id='block_1_74' title="bbox 241 4253 1828 4327">
    <p class='ocr_par' dir='ltr' id='par_1_74' title="bbox 241 4253 1828 4327">
     <span class='ocr_line' id='line_1_74' title="bbox 241 4253 1828 4327; baseline -0.001 -16"><span class='ocrx_word' id='word_1_601' title='bbox 241 4254 420 4311; x_wconf 89' lang='lat' dir='ltr'><strong>cundo</strong></span> <span class='ocrx_word' id='word_1_602' title='bbox 444 4256 584 4311; x_wconf 89' lang='lat' dir='ltr'><strong>libro</strong></span> <span class='ocrx_word' id='word_1_603' title='bbox 618 4254 698 4311; x_wconf 89' lang='lat' dir='ltr'><strong>De</strong></span> <span class='ocrx_word' id='word_1_604' title='bbox 733 4255 1007 4326; x_wconf 91' lang='lat' dir='ltr'><strong>baptismo</strong></span> <span class='ocrx_word' id='word_1_605' title='bbox 1038 4256 1419 4327; x_wconf 88' lang='lat' dir='ltr'><strong>parvulorum.</strong></span> <span class='ocrx_word' id='word_1_606' title='bbox 1449 4253 1583 4321; x_wconf 78' lang='lat' dir='ltr'><strong>Quae</strong></span> <span class='ocrx_word' id='word_1_607' title='bbox 1607 4263 1693 4310; x_wconf 90' lang='lat' dir='ltr'><strong>est</strong></span> <span class='ocrx_word' id='word_1_608' title='bbox 1726 4254 1828 4310; x_wconf 89' lang='lat' dir='ltr'><strong>ista</strong></span> 
     </span>
    </p>
   </div>
   <div class='ocr_carea' id='block_1_75' title="bbox 236 4344 1829 4418">
    <p class='ocr_par' dir='ltr' id='par_1_75' title="bbox 236 4344 1829 4418">
     <span class='ocr_line' id='line_1_75' title="bbox 236 4344 1829 4418; baseline 0 -17"><span class='ocrx_word' id='word_1_609' title='bbox 236 4344 470 4416; x_wconf 89' lang='lat' dir='ltr'><strong>justitia,</strong></span> <span class='ocrx_word' id='word_1_610' title='bbox 502 4362 633 4418; x_wconf 91' lang='lat' dir='ltr'><strong>qua,</strong></span> <span class='ocrx_word' id='word_1_611' title='bbox 685 4361 811 4403; x_wconf 90' lang='lat' dir='ltr'><strong>cum</strong></span> <span class='ocrx_word' id='word_1_612' title='bbox 847 4362 973 4403; x_wconf 88' lang='lat' dir='ltr'><strong>eum</strong></span> <span class='ocrx_word' id='word_1_613' title='bbox 1026 4362 1136 4402; x_wconf 90' lang='lat' dir='ltr'><strong>non</strong></span> <span class='ocrx_word' id='word_1_614' title='bbox 1168 4347 1435 4414; x_wconf 89' lang='lat' dir='ltr'><strong>viderent,</strong></span> <span class='ocrx_word' id='word_1_615' title='bbox 1466 4346 1707 4402; x_wconf 90' lang='lat' dir='ltr'><strong>mundus</strong></span> <span class='ocrx_word' id='word_1_616' title='bbox 1737 4360 1829 4401; x_wconf 86' lang='lat' dir='ltr'><strong>ar-</strong></span> 
     </span>
    </p>
   </div>
   <div class='ocr_carea' id='block_1_76' title="bbox 239 4437 1830 4510">
    <p class='ocr_par' dir='ltr' id='par_1_76' title="bbox 239 4437 1830 4510">
     <span class='ocr_line' id='line_1_76' title="bbox 239 4437 1830 4510; baseline 0 -18"><span class='ocrx_word' id='word_1_617' title='bbox 239 4446 513 4509; x_wconf 81' lang='lat' dir='ltr'><strong>gueretur,</strong></span> <span class='ocrx_word' id='word_1_618' title='bbox 566 4437 671 4494; x_wconf 89' lang='lat' dir='ltr'><strong>nisi</strong></span> <span class='ocrx_word' id='word_1_619' title='bbox 723 4453 786 4494; x_wconf 90' lang='lat' dir='ltr'><strong>ea</strong></span> <span class='ocrx_word' id='word_1_620' title='bbox 820 4454 928 4510; x_wconf 93' lang='lat' dir='ltr'><strong>qua</strong></span> <span class='ocrx_word' id='word_1_621' title='bbox 968 4438 1153 4510; x_wconf 85' lang='lat' dir='ltr'><strong>justus</strong></span> <span class='ocrx_word' id='word_1_622' title='bbox 1202 4454 1271 4494; x_wconf 77' lang='lat' dir='ltr'><strong>ex</strong></span> <span class='ocrx_word' id='word_1_623' title='bbox 1322 4438 1447 4504; x_wconf 90' lang='lat' dir='ltr'><strong>ﬁde,</strong></span> <span class='ocrx_word' id='word_1_624' title='bbox 1494 4446 1550 4492; x_wconf 90' lang='lat' dir='ltr'><strong>et</strong></span> <span class='ocrx_word' id='word_1_625' title='bbox 1591 4451 1697 4507; x_wconf 88' lang='lat' dir='ltr'><strong>qua</strong></span> <span class='ocrx_word' id='word_1_626' title='bbox 1728 4451 1830 4492; x_wconf 90' lang='lat' dir='ltr'><strong>nos</strong></span> 
     </span>
    </p>
   </div>
   <div class='ocr_carea' id='block_1_77' title="bbox 239 4528 1827 4601">
    <p class='ocr_par' dir='ltr' id='par_1_77' title="bbox 239 4528 1827 4601">
     <span class='ocr_line' id='line_1_77' title="bbox 239 4528 1827 4601; baseline 0.001 -19"><span class='ocrx_word' id='word_1_627' title='bbox 239 4544 344 4595; x_wconf 86' lang='lat' dir='ltr'><strong>non</strong></span> <span class='ocrx_word' id='word_1_628' title='bbox 386 4529 741 4600; x_wconf 88' lang='lat' dir='ltr'><strong>respicientes</strong></span> <span class='ocrx_word' id='word_1_629' title='bbox 770 4545 894 4601; x_wconf 74' lang='lat' dir='ltr'><strong>quae</strong></span> <span class='ocrx_word' id='word_1_630' title='bbox 922 4529 1198 4597; x_wconf 87' lang='lat' dir='ltr'><strong>videntur,</strong></span> <span class='ocrx_word' id='word_1_631' title='bbox 1222 4528 1317 4586; x_wconf 91' lang='lat' dir='ltr'><strong>sed</strong></span> <span class='ocrx_word' id='word_1_632' title='bbox 1347 4544 1468 4599; x_wconf 63' lang='lat' dir='ltr'><strong>quae</strong></span> <span class='ocrx_word' id='word_1_633' title='bbox 1499 4544 1607 4583; x_wconf 90' lang='lat' dir='ltr'><strong>non</strong></span> <span class='ocrx_word' id='word_1_634' title='bbox 1637 4528 1827 4583; x_wconf 90' lang='lat' dir='ltr'><strong>viden-</strong></span> 
     </span>
    </p>
   </div>
   <div class='ocr_carea' id='block_1_78' title="bbox 240 4618 1828 4692">
    <p class='ocr_par' dir='ltr' id='par_1_78' title="bbox 240 4618 1828 4692">
     <span class='ocr_line' id='line_1_78' title="bbox 240 4618 1828 4692; baseline 0.001 -19"><span class='ocrx_word' id='word_1_635' title='bbox 240 4627 326 4674; x_wconf 92' lang='lat' dir='ltr'><strong>tur</strong></span> <span class='ocrx_word' id='word_1_636' title='bbox 350 4619 547 4691; x_wconf 86' lang='lat' dir='ltr'><strong>spiritu</strong></span> <span class='ocrx_word' id='word_1_637' title='bbox 571 4628 626 4675; x_wconf 90' lang='lat' dir='ltr'><strong>ct</strong></span> <span class='ocrx_word' id='word_1_638' title='bbox 654 4620 777 4688; x_wconf 90' lang='lat' dir='ltr'><strong>ﬁde,</strong></span> <span class='ocrx_word' id='word_1_639' title='bbox 811 4636 961 4692; x_wconf 90' lang='lat' dir='ltr'><strong>spem</strong></span> <span class='ocrx_word' id='word_1_640' title='bbox 985 4620 1210 4692; x_wconf 60' lang='lat' dir='ltr'><strong>iustitiae</strong></span> <span class='ocrx_word' id='word_1_641' title='bbox 1240 4619 1668 4691; x_wconf 75' lang='lat' dir='ltr'><strong>exspectamus?</strong></span> <span class='ocrx_word' id='word_1_642' title='bbox 1703 4639 1721 4671; x_wconf 87' lang='grc'><strong>‹</strong></span> <span class='ocrx_word' id='word_1_643' title='bbox 1751 4618 1828 4675; x_wconf 91' lang='lat' dir='ltr'><strong>De</strong></span> 
     </span>
    </p>
   </div>
   <div class='ocr_carea' id='block_1_79' title="bbox 236 4711 1829 4784">
    <p class='ocr_par' dir='ltr' id='par_1_79' title="bbox 236 4711 1829 4784">
     <span class='ocr_line' id='line_1_79' title="bbox 236 4711 1829 4784; baseline 0 -18"><span class='ocrx_word' id='word_1_644' title='bbox 236 4711 443 4782; x_wconf 87' lang='lat' dir='ltr'><strong>judicio</strong></span> <span class='ocrx_word' id='word_1_645' title='bbox 473 4723 654 4768; x_wconf 85' lang='lat' dir='ltr'><strong>autem</strong></span> <span class='ocrx_word' id='word_1_646' title='bbox 705 4713 836 4784; x_wconf 84' lang='lat' dir='ltr'><strong>quia</strong></span> <span class='ocrx_word' id='word_1_647' title='bbox 886 4714 1140 4784; x_wconf 86' lang='lat' dir='ltr'><strong>princeps</strong></span> <span class='ocrx_word' id='word_1_648' title='bbox 1186 4712 1352 4784; x_wconf 87' lang='lat' dir='ltr'><strong>hujus</strong></span> <span class='ocrx_word' id='word_1_649' title='bbox 1380 4712 1569 4768; x_wconf 90' lang='lat' dir='ltr'><strong>mundi</strong></span> <span class='ocrx_word' id='word_1_650' title='bbox 1596 4712 1709 4783; x_wconf 84' lang='lat' dir='ltr'><strong>jam</strong></span> <span class='ocrx_word' id='word_1_651' title='bbox 1737 4711 1829 4782; x_wconf 84' lang='lat' dir='ltr'><strong>ju-</strong></span> 
     </span>
    </p>
   </div>
   <div class='ocr_carea' id='block_1_80' title="bbox 238 4804 1825 4877">
    <p class='ocr_par' dir='ltr' id='par_1_80' title="bbox 238 4804 1825 4877">
     <span class='ocr_line' id='line_1_80' title="bbox 238 4804 1825 4877; baseline 0.002 -19"><span class='ocrx_word' id='word_1_652' title='bbox 238 4805 452 4861; x_wconf 85' lang='lat' dir='ltr'><strong>dicatus</strong></span> <span class='ocrx_word' id='word_1_653' title='bbox 479 4819 581 4862; x_wconf 82' lang='lat' dir='ltr'><strong>est.</strong></span> <span class='ocrx_word' id='word_1_654' title='bbox 617 4824 636 4858; x_wconf 75' lang='grc' dir='ltr'><strong>ι</strong></span> <span class='ocrx_word' id='word_1_655' title='bbox 664 4804 928 4877; x_wconf 85' lang='lat' dir='ltr'><strong>Princeps</strong></span> <span class='ocrx_word' id='word_1_656' title='bbox 977 4806 1165 4862; x_wconf 90' lang='lat' dir='ltr'><strong>mundi</strong></span> <span class='ocrx_word' id='word_1_657' title='bbox 1194 4815 1281 4862; x_wconf 89' lang='lat' dir='ltr'><strong>est</strong></span> <span class='ocrx_word' id='word_1_658' title='bbox 1303 4804 1576 4873; x_wconf 89' lang='lat' dir='ltr'><strong>diabolus,</strong></span> <span class='ocrx_word' id='word_1_659' title='bbox 1602 4806 1667 4862; x_wconf 89' lang='lat' dir='ltr'><strong>de</strong></span> <span class='ocrx_word' id='word_1_660' title='bbox 1714 4821 1825 4877; x_wconf 90' lang='lat' dir='ltr'><strong>quo</strong></span> 
     </span>
    </p>
   </div>
   <div class='ocr_carea' id='block_1_81' title="bbox 241 4895 1826 4969">
    <p class='ocr_par' dir='ltr' id='par_1_81' title="bbox 241 4895 1826 4969">
     <span class='ocr_line' id='line_1_81' title="bbox 241 4895 1826 4969; baseline 0.001 -18"><span class='ocrx_word' id='word_1_661' title='bbox 241 4895 365 4951; x_wconf 92' lang='lat' dir='ltr'><strong>alibi</strong></span> <span class='ocrx_word' id='word_1_662' title='bbox 394 4916 408 4952; x_wconf 89' lang='lat'><strong>:</strong></span> <span class='ocrx_word' id='word_1_663' title='bbox 441 4917 459 4949; x_wconf 85' lang='grc'><strong>‹</strong></span> <span class='ocrx_word' id='word_1_664' title='bbox 488 4896 628 4953; x_wconf 86' lang='lat' dir='ltr'><strong>Ecce</strong></span> <span class='ocrx_word' id='word_1_665' title='bbox 658 4899 805 4953; x_wconf 88' lang='lat' dir='ltr'><strong>venit</strong></span> <span class='ocrx_word' id='word_1_666' title='bbox 829 4898 1083 4969; x_wconf 86' lang='lat' dir='ltr'><strong>princeps</strong></span> <span class='ocrx_word' id='word_1_667' title='bbox 1131 4898 1298 4967; x_wconf 81' lang='lat' dir='ltr'><strong>hujus</strong></span> <span class='ocrx_word' id='word_1_668' title='bbox 1326 4898 1539 4965; x_wconf 89' lang='lat' dir='ltr'><strong>mundi,</strong></span> <span class='ocrx_word' id='word_1_669' title='bbox 1566 4907 1622 4952; x_wconf 91' lang='lat' dir='ltr'><strong>et</strong></span> <span class='ocrx_word' id='word_1_670' title='bbox 1657 4897 1723 4951; x_wconf 77' lang='lat' dir='ltr'><strong>in</strong></span> <span class='ocrx_word' id='word_1_671' title='bbox 1740 4912 1826 4953; x_wconf 89' lang='lat' dir='ltr'><strong>me</strong></span> 
     </span>
    </p>
   </div>
   <div class='ocr_carea' id='block_1_82' title="bbox 238 4988 1829 5062">
    <p class='ocr_par' dir='ltr' id='par_1_82' title="bbox 238 4988 1829 5062">
     <span class='ocr_line' id='line_1_82' title="bbox 238 4988 1829 5062; baseline 0.001 -21"><span class='ocrx_word' id='word_1_672' title='bbox 238 5002 343 5043; x_wconf 88' lang='lat' dir='ltr'><strong>non</strong></span> <span class='ocrx_word' id='word_1_673' title='bbox 386 4988 550 5046; x_wconf 88' lang='lat' dir='ltr'><strong>habet</strong></span> <span class='ocrx_word' id='word_1_674' title='bbox 582 4991 882 5062; x_wconf 89' lang='lat' dir='ltr'><strong>quidquam</strong></span> <span class='ocrx_word' id='word_1_675' title='bbox 925 4988 1110 5060; x_wconf 83' lang='lat' dir='ltr'><strong>(Joan.</strong></span> <span class='ocrx_word' id='word_1_676' title='bbox 1160 4992 1296 5060; x_wconf 75' lang='lat' dir='ltr'><strong>xiv).</strong></span> <span class='ocrx_word' id='word_1_677' title='bbox 1327 5008 1345 5041; x_wconf 75' lang='grc' dir='ltr'><strong>ι</strong></span> <span class='ocrx_word' id='word_1_678' title='bbox 1400 4989 1638 5047; x_wconf 80' lang='lat' dir='ltr'><strong>Mundus</strong></span> <span class='ocrx_word' id='word_1_679' title='bbox 1688 4990 1829 5045; x_wconf 78' lang='lat' dir='ltr'><strong>acci-</strong></span> 
     </span>
    </p>
   </div>
   <div class='ocr_carea' id='block_1_83' title="bbox 237 5081 1826 5152">
    <p class='ocr_par' dir='ltr' id='par_1_83' title="bbox 237 5081 1826 5152">
     <span class='ocr_line' id='line_1_83' title="bbox 237 5081 1826 5152; baseline 0.003 -17"><span class='ocrx_word' id='word_1_680' title='bbox 237 5081 383 5152; x_wconf 86' lang='lat' dir='ltr'><strong>pitur</strong></span> <span class='ocrx_word' id='word_1_681' title='bbox 403 5091 457 5137; x_wconf 87' lang='lat' dir='ltr'><strong>et</strong></span> <span class='ocrx_word' id='word_1_682' title='bbox 489 5084 542 5138; x_wconf 90' lang='lat' dir='ltr'><strong>in</strong></span> <span class='ocrx_word' id='word_1_683' title='bbox 569 5083 713 5138; x_wconf 89' lang='lat' dir='ltr'><strong>bono</strong></span> <span class='ocrx_word' id='word_1_684' title='bbox 758 5092 814 5138; x_wconf 88' lang='lat' dir='ltr'><strong>et</strong></span> <span class='ocrx_word' id='word_1_685' title='bbox 839 5083 893 5138; x_wconf 92' lang='lat' dir='ltr'><strong>in</strong></span> <span class='ocrx_word' id='word_1_686' title='bbox 918 5084 1083 5138; x_wconf 90' lang='lat' dir='ltr'><strong>malo.</strong></span> <span class='ocrx_word' id='word_1_687' title='bbox 1109 5081 1247 5138; x_wconf 80' lang='lat' dir='ltr'><strong>Nam</strong></span> <span class='ocrx_word' id='word_1_688' title='bbox 1278 5083 1424 5139; x_wconf 87' lang='lat' dir='ltr'><strong>sicut</strong></span> <span class='ocrx_word' id='word_1_689' title='bbox 1471 5083 1638 5138; x_wconf 91' lang='lat' dir='ltr'><strong>arbor</strong></span> <span class='ocrx_word' id='word_1_690' title='bbox 1679 5083 1826 5140; x_wconf 81' lang='lat' dir='ltr'><strong>foliis</strong></span> 
     </span>
    </p>
   </div>
   <div class='ocr_carea' id='block_1_84' title="bbox 236 5176 1825 5249">
    <p class='ocr_par' dir='ltr' id='par_1_84' title="bbox 236 5176 1825 5249">
     <span class='ocr_line' id='line_1_84' title="bbox 236 5176 1825 5249; baseline 0.001 -19"><span class='ocrx_word' id='word_1_691' title='bbox 236 5183 287 5230; x_wconf 88' lang='lat' dir='ltr'><strong>et</strong></span> <span class='ocrx_word' id='word_1_692' title='bbox 314 5176 512 5247; x_wconf 88' lang='lat' dir='ltr'><strong>pomis,</strong></span> <span class='ocrx_word' id='word_1_693' title='bbox 545 5192 672 5232; x_wconf 88' lang='lat' dir='ltr'><strong>area</strong></span> <span class='ocrx_word' id='word_1_694' title='bbox 705 5176 864 5248; x_wconf 91' lang='lat' dir='ltr'><strong>pallis</strong></span> <span class='ocrx_word' id='word_1_695' title='bbox 888 5187 942 5232; x_wconf 90' lang='lat' dir='ltr'><strong>et</strong></span> <span class='ocrx_word' id='word_1_696' title='bbox 970 5177 1178 5249; x_wconf 85' lang='lat' dir='ltr'><strong>grauis,</strong></span> <span class='ocrx_word' id='word_1_697' title='bbox 1222 5177 1297 5232; x_wconf 88' lang='lat' dir='ltr'><strong>ita</strong></span> <span class='ocrx_word' id='word_1_698' title='bbox 1342 5176 1594 5233; x_wconf 87' lang='lat' dir='ltr'><strong>ﬁdelibus</strong></span> <span class='ocrx_word' id='word_1_699' title='bbox 1621 5188 1675 5232; x_wconf 91' lang='lat' dir='ltr'><strong>et</strong></span> <span class='ocrx_word' id='word_1_700' title='bbox 1703 5177 1825 5231; x_wconf 83' lang='lat' dir='ltr'><strong>inﬁ-</strong></span> 
     </span>
    </p>
   </div>
   <div class='ocr_carea' id='block_1_85' title="bbox 238 5267 1821 5341">
    <p class='ocr_par' dir='ltr' id='par_1_85' title="bbox 238 5267 1821 5341">
     <span class='ocr_line' id='line_1_85' title="bbox 238 5267 1821 5341; baseline 0.002 -19"><span class='ocrx_word' id='word_1_701' title='bbox 238 5267 448 5325; x_wconf 88' lang='lat' dir='ltr'><strong>delibus</strong></span> <span class='ocrx_word' id='word_1_702' title='bbox 468 5270 663 5341; x_wconf 86' lang='lat' dir='ltr'><strong>plenus</strong></span> <span class='ocrx_word' id='word_1_703' title='bbox 683 5280 770 5326; x_wconf 90' lang='lat' dir='ltr'><strong>est</strong></span> <span class='ocrx_word' id='word_1_704' title='bbox 818 5270 1079 5326; x_wconf 90' lang='lat' dir='ltr'><strong>mundus.</strong></span> <span class='ocrx_word' id='word_1_705' title='bbox 1119 5268 1409 5326; x_wconf 84' lang='lat' dir='ltr'><strong>Judicatus</strong></span> <span class='ocrx_word' id='word_1_706' title='bbox 1437 5278 1522 5326; x_wconf 81' lang='lat' dir='ltr'><strong>est</strong></span> <span class='ocrx_word' id='word_1_707' title='bbox 1548 5269 1821 5337; x_wconf 85' lang='lat' dir='ltr'><strong>diabolus,</strong></span> 
     </span>
    </p>
   </div>
   <div class='ocr_carea' id='block_1_86' title="bbox 240 5360 1824 5437">
    <p class='ocr_par' dir='ltr' id='par_1_86' title="bbox 240 5360 1824 5437">
     <span class='ocr_line' id='line_1_86' title="bbox 240 5360 1824 5437; baseline 0.001 -21"><span class='ocrx_word' id='word_1_708' title='bbox 240 5360 288 5416; x_wconf 89' lang='lat' dir='ltr'><strong>id</strong></span> <span class='ocrx_word' id='word_1_709' title='bbox 317 5371 401 5419; x_wconf 91' lang='lat' dir='ltr'><strong>est</strong></span> <span class='ocrx_word' id='word_1_710' title='bbox 441 5362 649 5434; x_wconf 87' lang='lat' dir='ltr'><strong>judicio</strong></span> <span class='ocrx_word' id='word_1_711' title='bbox 695 5364 837 5437; x_wconf 88' lang='lat' dir='ltr'><strong>ignis</strong></span> <span class='ocrx_word' id='word_1_712' title='bbox 882 5364 1071 5420; x_wconf 76' lang='lat' dir='ltr'><strong>:eterni</strong></span> <span class='ocrx_word' id='word_1_713' title='bbox 1113 5365 1436 5421; x_wconf 89' lang='lat' dir='ltr'><strong>destinatus.</strong></span> <span class='ocrx_word' id='word_1_714' title='bbox 1471 5362 1687 5420; x_wconf 84' lang='lat' dir='ltr'><strong>Judicio</strong></span> <span class='ocrx_word' id='word_1_715' title='bbox 1734 5380 1824 5418; x_wconf 81' lang='lat' dir='ltr'><strong>ar-</strong></span> 
     </span>
    </p>
   </div>
   <div class='ocr_carea' id='block_1_87' title="bbox 219 5444 1824 5530">
    <p class='ocr_par' dir='ltr' id='par_1_87' title="bbox 219 5444 1824 5530">
     <span class='ocr_line' id='line_1_87' title="bbox 219 5444 1824 5530; baseline 0.003 -23"><span class='ocrx_word' id='word_1_716' title='bbox 219 5444 418 5525; x_wconf 64' lang='lat' dir='ltr'><strong>guitur</strong></span> <span class='ocrx_word' id='word_1_717' title='bbox 460 5457 717 5525; x_wconf 87' lang='lat' dir='ltr'><strong>mundus,</strong></span> <span class='ocrx_word' id='word_1_718' title='bbox 772 5459 994 5529; x_wconf 87' lang='lat' dir='ltr'><strong>quando</strong></span> <span class='ocrx_word' id='word_1_719' title='bbox 1043 5474 1169 5514; x_wconf 91' lang='lat' dir='ltr'><strong>cum</strong></span> <span class='ocrx_word' id='word_1_720' title='bbox 1198 5473 1302 5514; x_wconf 91' lang='lat' dir='ltr'><strong>suo</strong></span> <span class='ocrx_word' id='word_1_721' title='bbox 1341 5457 1587 5530; x_wconf 88' lang='lat' dir='ltr'><strong>principe</strong></span> <span class='ocrx_word' id='word_1_722' title='bbox 1615 5457 1824 5528; x_wconf 81' lang='lat' dir='ltr'><strong>judica-</strong></span> 
     </span>
    </p>
   </div>
   <div class='ocr_carea' id='block_1_88' title="bbox 219 5532 1824 5625">
    <p class='ocr_par' dir='ltr' id='par_1_88' title="bbox 219 5532 1824 5625">
     <span class='ocr_line' id='line_1_88' title="bbox 219 5532 1824 5625; baseline 0.004 -24"><span class='ocrx_word' id='word_1_723' title='bbox 219 5532 343 5601; x_wconf 14' lang='lat' dir='ltr'><strong>itur.</strong></span> <span class='ocrx_word' id='word_1_724' title='bbox 366 5546 605 5604; x_wconf 87' lang='lat' dir='ltr'><strong>Credant</strong></span> <span class='ocrx_word' id='word_1_725' title='bbox 640 5550 824 5621; x_wconf 90' lang='lat' dir='ltr'><strong>itaque</strong></span> <span class='ocrx_word' id='word_1_726' title='bbox 852 5552 1126 5620; x_wconf 88' lang='lat' dir='ltr'><strong>homines,</strong></span> <span class='ocrx_word' id='word_1_727' title='bbox 1171 5568 1239 5609; x_wconf 92' lang='lat' dir='ltr'><strong>ne</strong></span> <span class='ocrx_word' id='word_1_728' title='bbox 1260 5561 1583 5625; x_wconf 88' lang='lat' dir='ltr'><strong>arguantur.</strong></span> <span class='ocrx_word' id='word_1_729' title='bbox 1615 5549 1824 5607; x_wconf 85' lang='lat' dir='ltr'><strong>Trans-</strong></span> 
     </span>
    </p>
   </div>
   <div class='ocr_carea' id='block_1_89' title="bbox 240 5638 1822 5716">
    <p class='ocr_par' dir='ltr' id='par_1_89' title="bbox 240 5638 1822 5716">
     <span class='ocr_line' id='line_1_89' title="bbox 240 5638 1822 5716; baseline 0.004 -23"><span class='ocrx_word' id='word_1_730' title='bbox 240 5648 361 5693; x_wconf 90' lang='lat' dir='ltr'><strong>eaut</strong></span> <span class='ocrx_word' id='word_1_731' title='bbox 390 5638 444 5694; x_wconf 92' lang='lat' dir='ltr'><strong>in</strong></span> <span class='ocrx_word' id='word_1_732' title='bbox 475 5657 764 5698; x_wconf 89' lang='lat' dir='ltr'><strong>numerum</strong></span> <span class='ocrx_word' id='word_1_733' title='bbox 817 5643 1081 5711; x_wconf 87' lang='lat' dir='ltr'><strong>ﬁdelium,</strong></span> <span class='ocrx_word' id='word_1_734' title='bbox 1103 5661 1171 5702; x_wconf 90' lang='lat' dir='ltr'><strong>ue</strong></span> <span class='ocrx_word' id='word_1_735' title='bbox 1192 5652 1494 5716; x_wconf 88' lang='lat' dir='ltr'><strong>arguantur</strong></span> <span class='ocrx_word' id='word_1_736' title='bbox 1517 5643 1586 5700; x_wconf 90' lang='lat' dir='ltr'><strong>de</strong></span> <span class='ocrx_word' id='word_1_737' title='bbox 1608 5643 1822 5714; x_wconf 87' lang='lat' dir='ltr'><strong>justitia</strong></span> 
     </span>
    </p>
   </div>
   <div class='ocr_carea' id='block_1_90' title="bbox 238 5734 1819 5807">
    <p class='ocr_par' dir='ltr' id='par_1_90' title="bbox 238 5734 1819 5807">
     <span class='ocr_line' id='line_1_90' title="bbox 238 5734 1819 5807; baseline 0.006 -21"><span class='ocrx_word' id='word_1_738' title='bbox 238 5747 424 5788; x_wconf 82' lang='lat' dir='ltr'><strong>eorum</strong></span> <span class='ocrx_word' id='word_1_739' title='bbox 476 5750 615 5807; x_wconf 87' lang='lat' dir='ltr'><strong>quos</strong></span> <span class='ocrx_word' id='word_1_740' title='bbox 661 5734 992 5805; x_wconf 82' lang='lat' dir='ltr'><strong>justiﬁcatos</strong></span> <span class='ocrx_word' id='word_1_741' title='bbox 1053 5754 1163 5794; x_wconf 87' lang='lat' dir='ltr'><strong>non</strong></span> <span class='ocrx_word' id='word_1_742' title='bbox 1220 5739 1523 5796; x_wconf 87' lang='lat' dir='ltr'><strong>imitantur.</strong></span> <span class='ocrx_word' id='word_1_743' title='bbox 1579 5735 1819 5795; x_wconf 86' lang='lat' dir='ltr'><strong>Cavcaut</strong></span> 
     </span>
    </p>
   </div>
   <div class='ocr_carea' id='block_1_91' title="bbox 1936 3240 3530 3315">
    <p class='ocr_par' dir='ltr' id='par_1_91' title="bbox 1936 3240 3530 3315">
     <span class='ocr_line' id='line_1_91' title="bbox 1936 3240 3530 3315; baseline -0.001 -16"><span class='ocrx_word' id='word_1_744' title='bbox 1936 3242 2097 3315; x_wconf 89' lang='lat' dir='ltr'><strong>quasi</strong></span> <span class='ocrx_word' id='word_1_745' title='bbox 2144 3243 2458 3299; x_wconf 88' lang='lat' dir='ltr'><strong>carnalibus</strong></span> <span class='ocrx_word' id='word_1_746' title='bbox 2489 3241 2541 3309; x_wconf 88' lang='grc'><strong>(1</strong></span> <span class='ocrx_word' id='word_1_747' title='bbox 2577 3240 2700 3298; x_wconf 85' lang='lat' dir='ltr'><strong>Cor.</strong></span> <span class='ocrx_word' id='word_1_748' title='bbox 2734 3242 2838 3315; x_wconf 86' lang='grc' dir='ltr'>ιιι).</span> <span class='ocrx_word' id='word_1_749' title='bbox 2867 3261 2886 3295; x_wconf 74' lang='grc' dir='ltr'><strong>ι</strong></span> <span class='ocrx_word' id='word_1_750' title='bbox 2926 3240 2985 3298; x_wconf 91' lang='lat' dir='ltr'><strong>Si</strong></span> <span class='ocrx_word' id='word_1_751' title='bbox 3010 3252 3194 3299; x_wconf 85' lang='lat' dir='ltr'><strong>autem</strong></span> <span class='ocrx_word' id='word_1_752' title='bbox 3222 3241 3530 3299; x_wconf 77' lang='lat' dir='ltr'><strong>dixerimus</strong></span> 
     </span>
    </p>
   </div>
   <div class='ocr_carea' id='block_1_92' title="bbox 1931 3334 3530 3399">
    <p class='ocr_par' dir='ltr' id='par_1_92' title="bbox 1931 3334 3530 3399">
     <span class='ocr_line' id='line_1_92' title="bbox 1931 3334 3530 3399; baseline 0.004 -11"><span class='ocrx_word' id='word_1_753' title='bbox 1931 3335 2122 3392; x_wconf 80' lang='lat' dir='ltr'><strong>habent</strong></span> <span class='ocrx_word' id='word_1_754' title='bbox 2149 3378 2165 3399; x_wconf 84' lang='lat'><strong>,</strong></span> <span class='ocrx_word' id='word_1_755' title='bbox 2223 3334 2527 3391; x_wconf 89' lang='lat' dir='ltr'><strong>timendum</strong></span> <span class='ocrx_word' id='word_1_756' title='bbox 2595 3344 2771 3391; x_wconf 89' lang='lat' dir='ltr'><strong>estne</strong></span> <span class='ocrx_word' id='word_1_757' title='bbox 2820 3336 2925 3392; x_wconf 90' lang='lat' dir='ltr'><strong>sub</strong></span> <span class='ocrx_word' id='word_1_758' title='bbox 2974 3336 3079 3394; x_wconf 89' lang='lat' dir='ltr'><strong>hac</strong></span> <span class='ocrx_word' id='word_1_759' title='bbox 3127 3337 3418 3394; x_wconf 86' lang='lat' dir='ltr'><strong>occasione</strong></span> <span class='ocrx_word' id='word_1_760' title='bbox 3472 3338 3530 3394; x_wconf 89' lang='lat' dir='ltr'><strong>in</strong></span> 
     </span>
    </p>
   </div>
   <div class='ocr_carea' id='block_1_93' title="bbox 1932 3427 3525 3503">
    <p class='ocr_par' dir='ltr' id='par_1_93' title="bbox 1932 3427 3525 3503">
     <span class='ocr_line' id='line_1_93' title="bbox 1932 3427 3525 3503; baseline 0.001 -19"><span class='ocrx_word' id='word_1_761' title='bbox 1932 3429 2164 3485; x_wconf 86' lang='lat' dir='ltr'><strong>occultis</strong></span> <span class='ocrx_word' id='word_1_762' title='bbox 2210 3427 2420 3484; x_wconf 79' lang='lat' dir='ltr'><strong>nefaria</strong></span> <span class='ocrx_word' id='word_1_763' title='bbox 2469 3428 2721 3484; x_wconf 89' lang='lat' dir='ltr'><strong>doceant.</strong></span> <span class='ocrx_word' id='word_1_764' title='bbox 2776 3427 2892 3485; x_wconf 89' lang='lat' dir='ltr'><strong>lloc</strong></span> <span class='ocrx_word' id='word_1_765' title='bbox 2936 3429 3102 3502; x_wconf 83' lang='lat' dir='ltr'><strong>igitur</strong></span> <span class='ocrx_word' id='word_1_766' title='bbox 3154 3431 3525 3503; x_wconf 63' lang='lat' dir='ltr'><strong>praecognito,</strong></span> 
     </span>
    </p>
   </div>
   <div class='ocr_carea' id='block_1_94' title="bbox 1932 3520 3531 3594">
    <p class='ocr_par' dir='ltr' id='par_1_94' title="bbox 1932 3520 3531 3594">
     <span class='ocr_line' id='line_1_94' title="bbox 1932 3520 3531 3594; baseline 0.004 -21"><span class='ocrx_word' id='word_1_767' title='bbox 1932 3521 2076 3591; x_wconf 91' lang='lat' dir='ltr'><strong>quod</strong></span> <span class='ocrx_word' id='word_1_768' title='bbox 2102 3536 2167 3577; x_wconf 89' lang='lat' dir='ltr'><strong>ea</strong></span> <span class='ocrx_word' id='word_1_769' title='bbox 2196 3535 2321 3591; x_wconf 77' lang='lat' dir='ltr'><strong>qua:</strong></span> <span class='ocrx_word' id='word_1_770' title='bbox 2342 3520 2507 3577; x_wconf 89' lang='lat' dir='ltr'><strong>simul</strong></span> <span class='ocrx_word' id='word_1_771' title='bbox 2532 3520 2762 3576; x_wconf 89' lang='lat' dir='ltr'><strong>audiunt</strong></span> <span class='ocrx_word' id='word_1_772' title='bbox 2797 3522 3071 3593; x_wconf 85' lang='lat' dir='ltr'><strong>spiritales</strong></span> <span class='ocrx_word' id='word_1_773' title='bbox 3095 3532 3256 3594; x_wconf 90' lang='lat' dir='ltr'><strong>atque</strong></span> <span class='ocrx_word' id='word_1_774' title='bbox 3280 3523 3531 3580; x_wconf 79' lang='lat' dir='ltr'><strong>carnales</strong></span> 
     </span>
    </p>
   </div>
   <div class='ocr_carea' id='block_1_95' title="bbox 1931 3612 3525 3686">
    <p class='ocr_par' dir='ltr' id='par_1_95' title="bbox 1931 3612 3525 3686">
     <span class='ocr_line' id='line_1_95' title="bbox 1931 3612 3525 3686; baseline 0.004 -21"><span class='ocrx_word' id='word_1_775' title='bbox 1931 3612 2138 3684; x_wconf 87' lang='lat' dir='ltr'><strong>quique</strong></span> <span class='ocrx_word' id='word_1_776' title='bbox 2162 3628 2262 3684; x_wconf 91' lang='lat' dir='ltr'><strong>pro</strong></span> <span class='ocrx_word' id='word_1_777' title='bbox 2293 3628 2395 3669; x_wconf 91' lang='lat' dir='ltr'><strong>suo</strong></span> <span class='ocrx_word' id='word_1_778' title='bbox 2442 3614 2608 3669; x_wconf 89' lang='lat' dir='ltr'><strong>modo</strong></span> <span class='ocrx_word' id='word_1_779' title='bbox 2649 3615 2894 3686; x_wconf 87' lang='lat' dir='ltr'><strong>capiunt,</strong></span> <span class='ocrx_word' id='word_1_780' title='bbox 2942 3614 3019 3670; x_wconf 93' lang='lat' dir='ltr'><strong>illi</strong></span> <span class='ocrx_word' id='word_1_781' title='bbox 3067 3625 3124 3671; x_wconf 92' lang='lat' dir='ltr'><strong>ut</strong></span> <span class='ocrx_word' id='word_1_782' title='bbox 3181 3616 3287 3671; x_wconf 90' lang='lat' dir='ltr'><strong>cibi</strong></span> <span class='ocrx_word' id='word_1_783' title='bbox 3319 3616 3525 3672; x_wconf 84' lang='lat' dir='ltr'><strong>solida-</strong></span> 
     </span>
    </p>
   </div>
   <div class='ocr_carea' id='block_1_96' title="bbox 1936 3704 3532 3781">
    <p class='ocr_par' dir='ltr' id='par_1_96' title="bbox 1936 3704 3532 3781">
     <span class='ocr_line' id='line_1_96' title="bbox 1936 3704 3532 3781; baseline 0.003 -22"><span class='ocrx_word' id='word_1_784' title='bbox 1936 3713 2208 3773; x_wconf 90' lang='lat' dir='ltr'><strong>mentum,</strong></span> <span class='ocrx_word' id='word_1_785' title='bbox 2238 3704 2328 3761; x_wconf 92' lang='lat' dir='ltr'><strong>isti</strong></span> <span class='ocrx_word' id='word_1_786' title='bbox 2353 3714 2415 3760; x_wconf 90' lang='lat' dir='ltr'><strong>ut</strong></span> <span class='ocrx_word' id='word_1_787' title='bbox 2445 3705 2604 3762; x_wconf 88' lang='lat' dir='ltr'><strong>laetis</strong></span> <span class='ocrx_word' id='word_1_788' title='bbox 2635 3706 2978 3773; x_wconf 90' lang='lat' dir='ltr'><strong>alimentum,</strong></span> <span class='ocrx_word' id='word_1_789' title='bbox 3006 3707 3060 3762; x_wconf 91' lang='lat' dir='ltr'><strong>in</strong></span> <span class='ocrx_word' id='word_1_790' title='bbox 3087 3707 3175 3764; x_wconf 91' lang='lat' dir='ltr'><strong>illa</strong></span> <span class='ocrx_word' id='word_1_791' title='bbox 3210 3708 3532 3781; x_wconf 76' lang='lat' dir='ltr'><strong>intelligitur</strong></span> 
     </span>
    </p>
   </div>
   <div class='ocr_carea' id='block_1_97' title="bbox 1934 3797 3529 3869">
    <p class='ocr_par' dir='ltr' id='par_1_97' title="bbox 1934 3797 3529 3869">
     <span class='ocr_line' id='line_1_97' title="bbox 1934 3797 3529 3869; baseline 0.003 -19"><span class='ocrx_word' id='word_1_792' title='bbox 1934 3797 2269 3865; x_wconf 89' lang='lat' dir='ltr'><strong>necessitas,</strong></span> <span class='ocrx_word' id='word_1_793' title='bbox 2321 3806 2383 3853; x_wconf 91' lang='lat' dir='ltr'><strong>ut</strong></span> <span class='ocrx_word' id='word_1_794' title='bbox 2432 3797 2615 3869; x_wconf 91' lang='lat' dir='ltr'><strong>aliqua</strong></span> <span class='ocrx_word' id='word_1_795' title='bbox 2666 3808 2875 3855; x_wconf 88' lang='lat' dir='ltr'><strong>secreta</strong></span> <span class='ocrx_word' id='word_1_796' title='bbox 2932 3800 3197 3856; x_wconf 84' lang='lat' dir='ltr'><strong>doctrinae</strong></span> <span class='ocrx_word' id='word_1_797' title='bbox 3242 3810 3529 3857; x_wconf 87' lang='lat' dir='ltr'><strong>taceantur</strong></span> 
     </span>
    </p>
   </div>
   <div class='ocr_carea' id='block_1_98' title="bbox 1938 3887 3528 3964">
    <p class='ocr_par' dir='ltr' id='par_1_98' title="bbox 1938 3887 3528 3964">
     <span class='ocr_line' id='line_1_98' title="bbox 1938 3887 3528 3964; baseline 0.004 -22"><span class='ocrx_word' id='word_1_798' title='bbox 1938 3887 2190 3944; x_wconf 89' lang='lat' dir='ltr'><strong>ﬁdelibus</strong></span> <span class='ocrx_word' id='word_1_799' title='bbox 2228 3889 2494 3959; x_wconf 88' lang='lat' dir='ltr'><strong>parvulis,</strong></span> <span class='ocrx_word' id='word_1_800' title='bbox 2525 3904 2776 3946; x_wconf 85' lang='lat' dir='ltr'><strong>seorsum</strong></span> <span class='ocrx_word' id='word_1_801' title='bbox 2832 3892 3061 3946; x_wconf 88' lang='lat' dir='ltr'><strong>dicenda</strong></span> <span class='ocrx_word' id='word_1_802' title='bbox 3094 3891 3528 3964; x_wconf 87' lang='lat' dir='ltr'><strong>intelligentiori-</strong></span> 
     </span>
    </p>
   </div>
   <div class='ocr_carea' id='block_1_99' title="bbox 1933 3978 3526 4055">
    <p class='ocr_par' dir='ltr' id='par_1_99' title="bbox 1933 3978 3526 4055">
     <span class='ocr_line' id='line_1_99' title="bbox 1933 3978 3526 4055; baseline 0.003 -19"><span class='ocrx_word' id='word_1_803' title='bbox 1933 3978 2265 4047; x_wconf 87' lang='lat' dir='ltr'><strong>bus?Quod</strong></span> <span class='ocrx_word' id='word_1_804' title='bbox 2306 3981 2454 4036; x_wconf 89' lang='lat' dir='ltr'><strong>enim</strong></span> <span class='ocrx_word' id='word_1_805' title='bbox 2506 3983 2580 4036; x_wconf 89' lang='lat' dir='ltr'><strong>ait</strong></span> <span class='ocrx_word' id='word_1_806' title='bbox 2628 3981 2947 4053; x_wconf 85' lang='lat' dir='ltr'><strong>Apostolus,</strong></span> <span class='ocrx_word' id='word_1_807' title='bbox 2995 3984 3069 4037; x_wconf 87' lang='lat' dir='ltr'><strong>ita</strong></span> <span class='ocrx_word' id='word_1_808' title='bbox 3118 3983 3526 4055; x_wconf 82' lang='lat' dir='ltr'><strong>intelligendum</strong></span> 
     </span>
    </p>
   </div>
   <div class='ocr_carea' id='block_1_100' title="bbox 1930 4071 3529 4147">
    <p class='ocr_par' dir='ltr' id='par_1_100' title="bbox 1930 4071 3529 4147">
     <span class='ocr_line' id='line_1_100' title="bbox 1930 4071 3529 4147; baseline 0.003 -18"><span class='ocrx_word' id='word_1_809' title='bbox 1930 4084 2015 4130; x_wconf 87' lang='lat' dir='ltr'><strong>est</strong></span> <span class='ocrx_word' id='word_1_810' title='bbox 2042 4093 2056 4130; x_wconf 89' lang='lat'><strong>:</strong></span> <span class='ocrx_word' id='word_1_811' title='bbox 2082 4071 2202 4129; x_wconf 91' lang='lat' dir='ltr'><strong>Non</strong></span> <span class='ocrx_word' id='word_1_812' title='bbox 2228 4074 2484 4144; x_wconf 91' lang='lat' dir='ltr'><strong>potuistis</strong></span> <span class='ocrx_word' id='word_1_813' title='bbox 2511 4090 2708 4145; x_wconf 88' lang='lat' dir='ltr'><strong>capere</strong></span> <span class='ocrx_word' id='word_1_814' title='bbox 2733 4091 2877 4146; x_wconf 68' lang='lat' dir='ltr'><strong>quae-</strong></span> <span class='ocrx_word' id='word_1_815' title='bbox 2903 4075 3166 4145; x_wconf 89' lang='lat' dir='ltr'><strong>loquehar</strong></span> <span class='ocrx_word' id='word_1_816' title='bbox 3212 4075 3368 4146; x_wconf 89' lang='lat' dir='ltr'><strong>quasi</strong></span> <span class='ocrx_word' id='word_1_817' title='bbox 3414 4077 3529 4147; x_wconf 81' lang='lat' dir='ltr'><strong>spi-</strong></span> 
     </span>
    </p>
   </div>
   <div class='ocr_carea' id='block_1_101' title="bbox 1932 4162 3522 4232">
    <p class='ocr_par' dir='ltr' id='par_1_101' title="bbox 1932 4162 3522 4232">
     <span class='ocr_line' id='line_1_101' title="bbox 1932 4162 3522 4232; baseline 0.002 -14"><span class='ocrx_word' id='word_1_818' title='bbox 1932 4164 2139 4230; x_wconf 87' lang='lat' dir='ltr'><strong>ritales,</strong></span> <span class='ocrx_word' id='word_1_819' title='bbox 2171 4162 2266 4219; x_wconf 86' lang='lat' dir='ltr'><strong>sed</strong></span> <span class='ocrx_word' id='word_1_820' title='bbox 2297 4163 2458 4232; x_wconf 88' lang='lat' dir='ltr'><strong>quasi</strong></span> <span class='ocrx_word' id='word_1_821' title='bbox 2513 4165 2783 4219; x_wconf 89' lang='lat' dir='ltr'><strong>carnales.</strong></span> <span class='ocrx_word' id='word_1_822' title='bbox 2818 4162 2975 4219; x_wconf 88' lang='lat' dir='ltr'><strong>Unde</strong></span> <span class='ocrx_word' id='word_1_823' title='bbox 3004 4166 3079 4219; x_wconf 91' lang='lat' dir='ltr'><strong>ait</strong></span> <span class='ocrx_word' id='word_1_824' title='bbox 3124 4163 3193 4218; x_wconf 88' lang='lat' dir='ltr'><strong>ad</strong></span> <span class='ocrx_word' id='word_1_825' title='bbox 3224 4163 3480 4221; x_wconf 69' lang='lat' dir='ltr'><strong>Hebraeos</strong></span> <span class='ocrx_word' id='word_1_826' title='bbox 3506 4185 3522 4220; x_wconf 93' lang='lat'><strong>:</strong></span> 
     </span>
    </p>
   </div>
   <div class='ocr_carea' id='block_1_102' title="bbox 1938 4258 3525 4330">
    <p class='ocr_par' dir='ltr' id='par_1_102' title="bbox 1938 4258 3525 4330">
     <span class='ocr_line' id='line_1_102' title="bbox 1938 4258 3525 4330; baseline 0.003 -20"><span class='ocrx_word' id='word_1_827' title='bbox 1938 4278 1956 4310; x_wconf 74' lang='grc' dir='ltr'><strong>ι</strong></span> <span class='ocrx_word' id='word_1_828' title='bbox 1995 4258 2149 4315; x_wconf 85' lang='lat' dir='ltr'><strong>Facti</strong></span> <span class='ocrx_word' id='word_1_829' title='bbox 2194 4258 2328 4315; x_wconf 88' lang='lat' dir='ltr'><strong>estis</strong></span> <span class='ocrx_word' id='word_1_830' title='bbox 2360 4273 2501 4330; x_wconf 91' lang='lat' dir='ltr'><strong>opus</strong></span> <span class='ocrx_word' id='word_1_831' title='bbox 2543 4259 2811 4315; x_wconf 89' lang='lat' dir='ltr'><strong>habentes</strong></span> <span class='ocrx_word' id='word_1_832' title='bbox 2840 4259 2999 4326; x_wconf 88' lang='lat' dir='ltr'><strong>lacte,</strong></span> <span class='ocrx_word' id='word_1_833' title='bbox 3034 4274 3143 4314; x_wconf 92' lang='lat' dir='ltr'><strong>non</strong></span> <span class='ocrx_word' id='word_1_834' title='bbox 3187 4258 3361 4315; x_wconf 73' lang='lat' dir='ltr'><strong>solido</strong></span> <span class='ocrx_word' id='word_1_835' title='bbox 3399 4258 3525 4315; x_wconf 77' lang='lat' dir='ltr'><strong>cibo</strong></span> 
     </span>
    </p>
   </div>
   <div class='ocr_carea' id='block_1_103' title="bbox 1934 4350 3523 4424">
    <p class='ocr_par' dir='ltr' id='par_1_103' title="bbox 1934 4350 3523 4424">
     <span class='ocr_line' id='line_1_103' title="bbox 1934 4350 3523 4424; baseline 0.002 -18"><span class='ocrx_word' id='word_1_836' title='bbox 1934 4351 2123 4424; x_wconf 80' lang='lat' dir='ltr'><strong>(Hebr.</strong></span> <span class='ocrx_word' id='word_1_837' title='bbox 2154 4356 2232 4424; x_wconf 87' lang='lat' dir='ltr'><strong>v).</strong></span> <span class='ocrx_word' id='word_1_838' title='bbox 2261 4372 2281 4405; x_wconf 71' lang='grc' dir='ltr'><strong>ι</strong></span> <span class='ocrx_word' id='word_1_839' title='bbox 2315 4350 2394 4407; x_wconf 80' lang='lat' dir='ltr'><strong>Ex</strong></span> <span class='ocrx_word' id='word_1_840' title='bbox 2421 4367 2531 4424; x_wconf 92' lang='lat' dir='ltr'><strong>quo</strong></span> <span class='ocrx_word' id='word_1_841' title='bbox 2565 4353 2625 4407; x_wconf 89' lang='lat' dir='ltr'><strong>ﬁt</strong></span> <span class='ocrx_word' id='word_1_842' title='bbox 2656 4361 2716 4408; x_wconf 91' lang='lat' dir='ltr'><strong>ut</strong></span> <span class='ocrx_word' id='word_1_843' title='bbox 2743 4352 3057 4424; x_wconf 85' lang='lat' dir='ltr'><strong>spirituales</strong></span> <span class='ocrx_word' id='word_1_844' title='bbox 3080 4352 3185 4407; x_wconf 90' lang='lat' dir='ltr'><strong>ista</strong></span> <span class='ocrx_word' id='word_1_845' title='bbox 3210 4350 3523 4409; x_wconf 86' lang='lat' dir='ltr'><strong>carnalibus</strong></span> 
     </span>
    </p>
   </div>
   <div class='ocr_carea' id='block_1_104' title="bbox 1935 4443 3525 4516">
    <p class='ocr_par' dir='ltr' id='par_1_104' title="bbox 1935 4443 3525 4516">
     <span class='ocr_line' id='line_1_104' title="bbox 1935 4443 3525 4516; baseline 0.001 -17"><span class='ocrx_word' id='word_1_846' title='bbox 1935 4461 2043 4500; x_wconf 87' lang='lat' dir='ltr'><strong>non</strong></span> <span class='ocrx_word' id='word_1_847' title='bbox 2078 4444 2308 4501; x_wconf 90' lang='lat' dir='ltr'><strong>omnino</strong></span> <span class='ocrx_word' id='word_1_848' title='bbox 2337 4454 2554 4501; x_wconf 88' lang='lat' dir='ltr'><strong>taceant</strong></span> <span class='ocrx_word' id='word_1_849' title='bbox 2580 4454 2805 4516; x_wconf 90' lang='lat' dir='ltr'><strong>propter</strong></span> <span class='ocrx_word' id='word_1_850' title='bbox 2827 4444 3167 4501; x_wconf 86' lang='lat' dir='ltr'><strong>Catholicam</strong></span> <span class='ocrx_word' id='word_1_851' title='bbox 3196 4443 3378 4511; x_wconf 90' lang='lat' dir='ltr'><strong>ﬁdem,</strong></span> <span class='ocrx_word' id='word_1_852' title='bbox 3399 4458 3525 4514; x_wconf 70' lang='lat' dir='ltr'><strong>qua:</strong></span> 
     </span>
    </p>
   </div>
   <div class='ocr_carea' id='block_1_105' title="bbox 1934 4535 3523 4610">
    <p class='ocr_par' dir='ltr' id='par_1_105' title="bbox 1934 4535 3523 4610">
     <span class='ocr_line' id='line_1_105' title="bbox 1934 4535 3523 4610; baseline -0.003 -15"><span class='ocrx_word' id='word_1_853' title='bbox 1934 4539 2193 4595; x_wconf 89' lang='lat' dir='ltr'><strong>omnibus</strong></span> <span class='ocrx_word' id='word_1_854' title='bbox 2218 4538 2563 4610; x_wconf 87' lang='lat' dir='ltr'><strong>praedicanda</strong></span> <span class='ocrx_word' id='word_1_855' title='bbox 2592 4548 2679 4595; x_wconf 89' lang='lat' dir='ltr'><strong>est</strong></span> <span class='ocrx_word' id='word_1_856' title='bbox 2709 4556 2723 4606; x_wconf 89' lang='lat'><strong>;</strong></span> <span class='ocrx_word' id='word_1_857' title='bbox 2764 4553 2865 4594; x_wconf 91' lang='lat' dir='ltr'><strong>nec</strong></span> <span class='ocrx_word' id='word_1_858' title='bbox 2895 4546 3076 4593; x_wconf 86' lang='lat' dir='ltr'><strong>tamen</strong></span> <span class='ocrx_word' id='word_1_859' title='bbox 3103 4537 3184 4593; x_wconf 90' lang='lat' dir='ltr'><strong>sic</strong></span> <span class='ocrx_word' id='word_1_860' title='bbox 3206 4535 3523 4592; x_wconf 86' lang='lat' dir='ltr'><strong>desiderant</strong></span> 
     </span>
    </p>
   </div>
   <div class='ocr_carea' id='block_1_106' title="bbox 1935 4629 3524 4702">
    <p class='ocr_par' dir='ltr' id='par_1_106' title="bbox 1935 4629 3524 4702">
     <span class='ocr_line' id='line_1_106' title="bbox 1935 4629 3524 4702; baseline -0.003 -16"><span class='ocrx_word' id='word_1_861' title='bbox 1935 4642 1994 4686; x_wconf 89' lang='lat' dir='ltr'><strong>ut</strong></span> <span class='ocrx_word' id='word_1_862' title='bbox 2020 4632 2263 4688; x_wconf 90' lang='lat' dir='ltr'><strong>volentes</strong></span> <span class='ocrx_word' id='word_1_863' title='bbox 2282 4646 2402 4686; x_wconf 86' lang='lat' dir='ltr'><strong>eam</strong></span> <span class='ocrx_word' id='word_1_864' title='bbox 2432 4631 2726 4702; x_wconf 90' lang='lat' dir='ltr'><strong>perducere</strong></span> <span class='ocrx_word' id='word_1_865' title='bbox 2754 4631 2823 4687; x_wconf 92' lang='lat' dir='ltr'><strong>ad</strong></span> <span class='ocrx_word' id='word_1_866' title='bbox 2848 4629 3282 4702; x_wconf 89' lang='lat' dir='ltr'><strong>intelligentiam,</strong></span> <span class='ocrx_word' id='word_1_867' title='bbox 3313 4643 3524 4684; x_wconf 83' lang='lat' dir='ltr'><strong>sermo-</strong></span> 
     </span>
    </p>
   </div>
   <div class='ocr_carea' id='block_1_107' title="bbox 1935 4720 3526 4795">
    <p class='ocr_par' dir='ltr' id='par_1_107' title="bbox 1935 4720 3526 4795">
     <span class='ocr_line' id='line_1_107' title="bbox 1935 4720 3526 4795; baseline -0.001 -17"><span class='ocrx_word' id='word_1_868' title='bbox 1935 4740 2061 4779; x_wconf 89' lang='lat' dir='ltr'><strong>nem</strong></span> <span class='ocrx_word' id='word_1_869' title='bbox 2118 4732 2340 4779; x_wconf 89' lang='lat' dir='ltr'><strong>vertant</strong></span> <span class='ocrx_word' id='word_1_870' title='bbox 2390 4724 2447 4778; x_wconf 91' lang='lat' dir='ltr'><strong>in</strong></span> <span class='ocrx_word' id='word_1_871' title='bbox 2496 4724 2778 4780; x_wconf 82' lang='lat' dir='ltr'><strong>fastidium</strong></span> <span class='ocrx_word' id='word_1_872' title='bbox 2832 4723 3148 4795; x_wconf 87' lang='lat' dir='ltr'><strong>capacibus.</strong></span> <span class='ocrx_word' id='word_1_873' title='bbox 3195 4721 3315 4791; x_wconf 82' lang='lat' dir='ltr'><strong>Ipse</strong></span> <span class='ocrx_word' id='word_1_874' title='bbox 3357 4720 3526 4777; x_wconf 89' lang='lat' dir='ltr'><strong>homo</strong></span> 
     </span>
    </p>
   </div>
   <div class='ocr_carea' id='block_1_108' title="bbox 1931 4816 3523 4888">
    <p class='ocr_par' dir='ltr' id='par_1_108' title="bbox 1931 4816 3523 4888">
     <span class='ocr_line' id='line_1_108' title="bbox 1931 4816 3523 4888; baseline 0 -17"><span class='ocrx_word' id='word_1_875' title='bbox 1931 4817 2189 4872; x_wconf 86' lang='lat' dir='ltr'><strong>Christus</strong></span> <span class='ocrx_word' id='word_1_876' title='bbox 2213 4816 2488 4872; x_wconf 90' lang='lat' dir='ltr'><strong>sincerum</strong></span> <span class='ocrx_word' id='word_1_877' title='bbox 2528 4817 2612 4872; x_wconf 88' lang='lat' dir='ltr'><strong>lac</strong></span> <span class='ocrx_word' id='word_1_878' title='bbox 2642 4817 2844 4872; x_wconf 88' lang='lat' dir='ltr'><strong>dicitur</strong></span> <span class='ocrx_word' id='word_1_879' title='bbox 2870 4816 3245 4888; x_wconf 89' lang='lat' dir='ltr'><strong>parvulorum,</strong></span> <span class='ocrx_word' id='word_1_880' title='bbox 3276 4816 3371 4888; x_wconf 89' lang='lat' dir='ltr'><strong>qui</strong></span> <span class='ocrx_word' id='word_1_881' title='bbox 3395 4829 3523 4871; x_wconf 76' lang='lat' dir='ltr'><strong>eum</strong></span> 
     </span>
    </p>
   </div>
   <div class='ocr_carea' id='block_1_109' title="bbox 1933 4907 3518 4977">
    <p class='ocr_par' dir='ltr' id='par_1_109' title="bbox 1933 4907 3518 4977">
     <span class='ocr_line' id='line_1_109' title="bbox 1933 4907 3518 4977; baseline 0.003 -14"><span class='ocrx_word' id='word_1_882' title='bbox 1933 4910 2072 4965; x_wconf 85' lang='lat' dir='ltr'><strong>bene</strong></span> <span class='ocrx_word' id='word_1_883' title='bbox 2095 4923 2127 4962; x_wconf 88' lang='lat' dir='ltr'><strong>a</strong></span> <span class='ocrx_word' id='word_1_884' title='bbox 2151 4907 2530 4977; x_wconf 90' lang='lat' dir='ltr'><strong>spiritualibus</strong></span> <span class='ocrx_word' id='word_1_885' title='bbox 2558 4908 3084 4977; x_wconf 89' lang='lat' dir='ltr'><strong>capitur,iuvenitur</strong></span> <span class='ocrx_word' id='word_1_886' title='bbox 3109 4908 3318 4965; x_wconf 91' lang='lat' dir='ltr'><strong>solidus</strong></span> <span class='ocrx_word' id='word_1_887' title='bbox 3337 4908 3518 4967; x_wconf 73' lang='lat' dir='ltr'><strong>cibus.</strong></span> 
     </span>
    </p>
   </div>
   <div class='ocr_carea' id='block_1_110' title="bbox 1932 4996 3524 5071">
    <p class='ocr_par' dir='ltr' id='par_1_110' title="bbox 1932 4996 3524 5071">
     <span class='ocr_line' id='line_1_110' title="bbox 1932 4996 3524 5071; baseline -0.001 -17"><span class='ocrx_word' id='word_1_888' title='bbox 1932 5007 1989 5054; x_wconf 91' lang='lat' dir='ltr'><strong>et</strong></span> <span class='ocrx_word' id='word_1_889' title='bbox 2037 4998 2307 5054; x_wconf 88' lang='lat' dir='ltr'><strong>Dominus</strong></span> <span class='ocrx_word' id='word_1_890' title='bbox 2357 4998 2700 5068; x_wconf 86' lang='lat' dir='ltr'><strong>angelorum.</strong></span> <span class='ocrx_word' id='word_1_891' title='bbox 2735 4996 2974 5055; x_wconf 90' lang='lat' dir='ltr'><strong>Proinde</strong></span> <span class='ocrx_word' id='word_1_892' title='bbox 3031 5015 3135 5056; x_wconf 87' lang='lat' dir='ltr'><strong>nec</strong></span> <span class='ocrx_word' id='word_1_893' title='bbox 3187 4998 3269 5056; x_wconf 84' lang='lat' dir='ltr'><strong>sic</strong></span> <span class='ocrx_word' id='word_1_894' title='bbox 3311 4999 3524 5071; x_wconf 88' lang='lat' dir='ltr'><strong>parvuli</strong></span> 
     </span>
    </p>
   </div>
   <div class='ocr_carea' id='block_1_111' title="bbox 1932 5089 3521 5164">
    <p class='ocr_par' dir='ltr' id='par_1_111' title="bbox 1932 5089 3521 5164">
     <span class='ocr_line' id='line_1_111' title="bbox 1932 5089 3521 5164; baseline -0.001 -17"><span class='ocrx_word' id='word_1_895' title='bbox 1932 5099 2064 5147; x_wconf 89' lang='lat' dir='ltr'><strong>sunt</strong></span> <span class='ocrx_word' id='word_1_896' title='bbox 2108 5089 2373 5157; x_wconf 87' lang='lat' dir='ltr'><strong>laetandi,</strong></span> <span class='ocrx_word' id='word_1_897' title='bbox 2422 5098 2483 5147; x_wconf 89' lang='lat' dir='ltr'><strong>ut</strong></span> <span class='ocrx_word' id='word_1_898' title='bbox 2528 5105 2749 5162; x_wconf 87' lang='lat' dir='ltr'><strong>semper</strong></span> <span class='ocrx_word' id='word_1_899' title='bbox 2800 5106 2911 5147; x_wconf 90' lang='lat' dir='ltr'><strong>non</strong></span> <span class='ocrx_word' id='word_1_900' title='bbox 2968 5092 3271 5164; x_wconf 84' lang='lat' dir='ltr'><strong>intelligant</strong></span> <span class='ocrx_word' id='word_1_901' title='bbox 3327 5091 3521 5158; x_wconf 87' lang='lat' dir='ltr'><strong>Dcmu,</strong></span> 
     </span>
    </p>
   </div>
   <div class='ocr_carea' id='block_1_112' title="bbox 1930 5181 3524 5240">
    <p class='ocr_par' dir='ltr' id='par_1_112' title="bbox 1930 5181 3524 5240">
     <span class='ocr_line' id='line_1_112' title="bbox 1930 5181 3524 5240; baseline -0.001 -3"><span class='ocrx_word' id='word_1_902' title='bbox 1930 5199 2033 5240; x_wconf 91' lang='lat' dir='ltr'><strong>nec</strong></span> <span class='ocrx_word' id='word_1_903' title='bbox 2094 5184 2179 5239; x_wconf 89' lang='lat' dir='ltr'><strong>sic</strong></span> <span class='ocrx_word' id='word_1_904' title='bbox 2240 5181 2551 5239; x_wconf 89' lang='lat' dir='ltr'><strong>ablactandi</strong></span> <span class='ocrx_word' id='word_1_905' title='bbox 2604 5191 2665 5238; x_wconf 91' lang='lat' dir='ltr'><strong>ut</strong></span> <span class='ocrx_word' id='word_1_906' title='bbox 2710 5182 2968 5240; x_wconf 87' lang='lat' dir='ltr'><strong>deserant</strong></span> <span class='ocrx_word' id='word_1_907' title='bbox 3027 5184 3306 5239; x_wconf 87' lang='lat' dir='ltr'><strong>hominem</strong></span> <span class='ocrx_word' id='word_1_908' title='bbox 3362 5182 3524 5238; x_wconf 86' lang='lat' dir='ltr'><strong>Chri-</strong></span> 
     </span>
    </p>
   </div>
   <div class='ocr_carea' id='block_1_113' title="bbox 1930 5286 2099 5331">
    <p class='ocr_par' dir='ltr' id='par_1_113' title="bbox 1930 5286 2099 5331">
     <span class='ocr_line' id='line_1_113' title="bbox 1930 5286 2099 5331; baseline 0.006 -1"><span class='ocrx_word' id='word_1_909' title='bbox 1930 5286 2099 5331; x_wconf 86' lang='lat' dir='ltr'><strong>stum.</strong></span> 
     </span>
    </p>
   </div>
   <div class='ocr_carea' id='block_1_114' title="bbox 2003 5366 3523 5441">
    <p class='ocr_par' dir='ltr' id='par_1_114' title="bbox 2003 5366 3523 5441">
     <span class='ocr_line' id='line_1_114' title="bbox 2003 5366 3523 5441; baseline -0.001 -20"><span class='ocrx_word' id='word_1_910' title='bbox 2003 5387 2022 5421; x_wconf 72' lang='grc' dir='ltr'><strong>ι</strong></span> <span class='ocrx_word' id='word_1_911' title='bbox 2053 5367 2172 5424; x_wconf 85' lang='lat' dir='ltr'><strong>Non</strong></span> <span class='ocrx_word' id='word_1_912' title='bbox 2223 5368 2370 5424; x_wconf 88' lang='lat' dir='ltr'><strong>enim</strong></span> <span class='ocrx_word' id='word_1_913' title='bbox 2395 5369 2652 5440; x_wconf 89' lang='lat' dir='ltr'><strong>loquetur</strong></span> <span class='ocrx_word' id='word_1_914' title='bbox 2695 5385 2724 5426; x_wconf 90' lang='lat' dir='ltr'><strong>a</strong></span> <span class='ocrx_word' id='word_1_915' title='bbox 2767 5369 3083 5441; x_wconf 90' lang='lat' dir='ltr'><strong>semetipso,</strong></span> <span class='ocrx_word' id='word_1_916' title='bbox 3111 5366 3205 5423; x_wconf 90' lang='lat' dir='ltr'><strong>sed</strong></span> <span class='ocrx_word' id='word_1_917' title='bbox 3240 5380 3523 5437; x_wconf 69' lang='lat' dir='ltr'><strong>quaecum-</strong></span> 
     </span>
    </p>
   </div>
   <div class='ocr_carea' id='block_1_115' title="bbox 1927 5460 3522 5532">
    <p class='ocr_par' dir='ltr' id='par_1_115' title="bbox 1927 5460 3522 5532">
     <span class='ocr_line' id='line_1_115' title="bbox 1927 5460 3522 5532; baseline -0.001 -17"><span class='ocrx_word' id='word_1_918' title='bbox 1927 5477 2035 5532; x_wconf 86' lang='lat' dir='ltr'><strong>que</strong></span> <span class='ocrx_word' id='word_1_919' title='bbox 2065 5461 2250 5517; x_wconf 89' lang='lat' dir='ltr'><strong>audiet</strong></span> <span class='ocrx_word' id='word_1_920' title='bbox 2270 5461 2543 5532; x_wconf 90' lang='lat' dir='ltr'><strong>loquetur.</strong></span> <span class='ocrx_word' id='word_1_921' title='bbox 2573 5482 2592 5515; x_wconf 76' lang='grc' dir='ltr'><strong>ι</strong></span> <span class='ocrx_word' id='word_1_922' title='bbox 2642 5461 2709 5519; x_wconf 83' lang='grc' dir='ltr'>Ει</span> <span class='ocrx_word' id='word_1_923' title='bbox 2749 5462 2923 5518; x_wconf 83' lang='lat' dir='ltr'><strong>Filius</strong></span> <span class='ocrx_word' id='word_1_924' title='bbox 2948 5470 3003 5517; x_wconf 89' lang='lat' dir='ltr'><strong>et</strong></span> <span class='ocrx_word' id='word_1_925' title='bbox 3031 5460 3269 5531; x_wconf 88' lang='lat' dir='ltr'><strong>Spiritus</strong></span> <span class='ocrx_word' id='word_1_926' title='bbox 3294 5467 3522 5514; x_wconf 86' lang='lat' dir='ltr'><strong>sanctus</strong></span> 
     </span>
    </p>
   </div>
   <div class='ocr_carea' id='block_1_116' title="bbox 1928 5549 3520 5622">
    <p class='ocr_par' dir='ltr' id='par_1_116' title="bbox 1928 5549 3520 5622">
     <span class='ocr_line' id='line_1_116' title="bbox 1928 5549 3520 5622; baseline -0.003 -15"><span class='ocrx_word' id='word_1_927' title='bbox 1928 5552 2168 5622; x_wconf 62' lang='lat' dir='ltr'><strong>aequales</strong></span> <span class='ocrx_word' id='word_1_928' title='bbox 2192 5559 2322 5607; x_wconf 90' lang='lat' dir='ltr'><strong>sunt</strong></span> <span class='ocrx_word' id='word_1_929' title='bbox 2349 5549 2521 5607; x_wconf 85' lang='lat' dir='ltr'><strong>Patri.</strong></span> <span class='ocrx_word' id='word_1_930' title='bbox 2552 5551 2695 5620; x_wconf 86' lang='lat' dir='ltr'><strong>Quid</strong></span> <span class='ocrx_word' id='word_1_931' title='bbox 2726 5562 2910 5608; x_wconf 90' lang='lat' dir='ltr'><strong>autem</strong></span> <span class='ocrx_word' id='word_1_932' title='bbox 2956 5550 3173 5607; x_wconf 88' lang='lat' dir='ltr'><strong>intersit</strong></span> <span class='ocrx_word' id='word_1_933' title='bbox 3218 5549 3360 5605; x_wconf 90' lang='lat' dir='ltr'><strong>inter</strong></span> <span class='ocrx_word' id='word_1_934' title='bbox 3389 5563 3520 5620; x_wconf 87' lang='lat' dir='ltr'><strong>pro-</strong></span> 
     </span>
    </p>
   </div>
   <div class='ocr_carea' id='block_1_117' title="bbox 1926 5644 3513 5719">
    <p class='ocr_par' dir='ltr' id='par_1_117' title="bbox 1926 5644 3513 5719">
     <span class='ocr_line' id='line_1_117' title="bbox 1926 5644 3513 5719; baseline -0.003 -18"><span class='ocrx_word' id='word_1_935' title='bbox 1926 5645 2119 5702; x_wconf 88' lang='lat' dir='ltr'><strong>cedere</strong></span> <span class='ocrx_word' id='word_1_936' title='bbox 2149 5654 2204 5701; x_wconf 91' lang='lat' dir='ltr'><strong>et</strong></span> <span class='ocrx_word' id='word_1_937' title='bbox 2232 5645 2407 5712; x_wconf 87' lang='lat' dir='ltr'><strong>nasci,</strong></span> <span class='ocrx_word' id='word_1_938' title='bbox 2431 5654 2487 5702; x_wconf 91' lang='lat' dir='ltr'><strong>et</strong></span> <span class='ocrx_word' id='word_1_939' title='bbox 2515 5647 2737 5719; x_wconf 88' lang='lat' dir='ltr'><strong>longum</strong></span> <span class='ocrx_word' id='word_1_940' title='bbox 2764 5656 2846 5703; x_wconf 88' lang='lat' dir='ltr'><strong>est</strong></span> <span class='ocrx_word' id='word_1_941' title='bbox 2873 5644 3167 5713; x_wconf 87' lang='lat' dir='ltr'><strong>disserere,</strong></span> <span class='ocrx_word' id='word_1_942' title='bbox 3195 5651 3252 5699; x_wconf 91' lang='lat' dir='ltr'><strong>et</strong></span> <span class='ocrx_word' id='word_1_943' title='bbox 3273 5651 3513 5699; x_wconf 82' lang='lat' dir='ltr'><strong>temera-</strong></span> 
     </span>
    </p>
   </div>
   <div class='ocr_carea' id='block_1_118' title="bbox 1925 5734 3516 5813">
    <p class='ocr_par' dir='ltr' id='par_1_118' title="bbox 1925 5734 3516 5813">
     <span class='ocr_line' id='line_1_118' title="bbox 1925 5734 3516 5813; baseline -0.003 -18"><span class='ocrx_word' id='word_1_944' title='bbox 1925 5740 2067 5796; x_wconf 88' lang='lat' dir='ltr'><strong>rium</strong></span> <span class='ocrx_word' id='word_1_945' title='bbox 2087 5738 2317 5798; x_wconf 80' lang='lat' dir='ltr'><strong>diliinire</strong></span> <span class='ocrx_word' id='word_1_946' title='bbox 2336 5758 2349 5795; x_wconf 88' lang='lat'><strong>:</strong></span> <span class='ocrx_word' id='word_1_947' title='bbox 2366 5739 2497 5813; x_wconf 88' lang='lat' dir='ltr'><strong>quia</strong></span> <span class='ocrx_word' id='word_1_948' title='bbox 2529 5739 2574 5798; x_wconf 88' lang='lat' dir='ltr'><strong>si</strong></span> <span class='ocrx_word' id='word_1_949' title='bbox 2595 5740 2725 5813; x_wconf 88' lang='lat' dir='ltr'><strong>quid</strong></span> <span class='ocrx_word' id='word_1_950' title='bbox 2751 5755 2907 5798; x_wconf 88' lang='lat' dir='ltr'><strong>mens</strong></span> <span class='ocrx_word' id='word_1_951' title='bbox 2930 5737 3055 5797; x_wconf 87' lang='lat' dir='ltr'><strong>inde</strong></span> <span class='ocrx_word' id='word_1_952' title='bbox 3076 5734 3516 5810; x_wconf 80' lang='lat' dir='ltr'><strong>comprehendit,</strong></span> 
     </span>
    </p>
   </div>
  </div>
