3950 6380
454 256 550 315 931

1556 257 1885 317 WERNEBI
1921 261 2214 318 ABBATIS
2254 264 2312 320 S.
2356 264 2573 320 BLASII
2651 326 2657 335 ,

3668 273 3781 331 932

451 372 650 441 lingua:
682 377 864 426 tamen
912 370 1287 427 difﬁcillimum
1338 379 1422 427 est
1454 373 1745 442 explicare,
1778 385 2045 445 quantus-
2074 383 2117 436 Λ
2151 376 2310 433 Patre
2333 380 2543 451 accepit
2591 379 2828 449 Spiritus
2849 392 3073 437 sanctus
3104 381 3249 438 unde
3279 383 3511 452 accepit
3540 381 3734 439 Filius
3761 405 3777 438 :

453 462 583 516 libet
637 460 819 531 prmsit
875 461 1112 527 doctor,
1171 460 1544 530 quantuslibet
1601 463 1738 518 assit
1795 463 2031 519 auditor.

455 550 663 607 Sensus
682 561 763 605 est
794 570 806 606 :
840 570 856 601 ι
893 549 1010 605 Non
1035 551 1289 621 loquetur
1313 567 1344 606 a
1364 554 1681 624 semetipso,
1706 574 1723 606 ι
1764 554 1894 626 quia
1924 570 2035 609 non

450 650 536 699 est
564 658 594 697 a
624 641 935 712 semetipso.
965 641 1049 697 Ab
1072 642 1167 697 illo
1215 658 1345 717 ergo
1369 645 1552 701 audiet
1574 661 1605 700 a
1635 661 1746 717 quo
1769 646 2031 717 procedit.

453 732 658 789 Audire
690 734 763 787 illi
794 734 938 790 scire
959 742 1043 790 est
1074 752 1088 801 ;
1142 735 1286 791 scire
1311 751 1442 792 vero
1469 751 1611 792 esse.
1652 736 1770 792 Non
1792 725 2036 793 °moveat

449 826 594 898 quod
618 826 844 880 verbum
896 824 1066 881 futuri
1108 828 1369 897 temporis
1418 828 1657 898 positum
1694 838 1800 896 est,
1827 830 1953 900 quia
1980 830 2036 885 in

448 936 515 974 co
542 918 689 990 quod
716 919 1111 990 sempiternum
1137 927 1223 974 est
1242 961 1257 985 ,
1292 920 1585 989 cujuslibet
1633 921 1890 991 temporis
1914 937 2035 976 ver-

448 1013 579 1066 bum
625 1021 881 1082 ponatur,
928 1028 1038 1067 non
1096 1012 1430 1067 mendaciter
1476 1013 1721 1082 ponitur.
1765 1011 2030 1079 Quamvis

447 1103 593 1158 enim
621 1112 815 1157 natura
861 1113 965 1170 cst,
1023 1103 1114 1158 illa
1154 1104 1619 1160 incommutabilis
1665 1113 1771 1171 est,
1823 1113 1878 1160 et
1924 1120 2033 1160 non

446 1194 627 1264 reipsa
661 1193 761 1248 fuit
789 1203 842 1248 et
864 1196 988 1261 crit,
1021 1195 1114 1250 sed
1144 1204 1355 1250 tantum
1384 1203 1487 1251 est.
1516 1195 1644 1251 lnde
1666 1196 1799 1252 illud
1827 1215 1840 1252 :
1873 1217 1891 1249 α
1923 1197 2035 1268 Ego

447 1303 570 1344 sum
598 1287 860 1357 quisum,
893 1297 946 1343 et
989 1288 1081 1357 qui
1138 1297 1223 1343 est
1269 1289 1416 1343 misit
1462 1305 1547 1343 me
1575 1288 1642 1344 ad
1692 1305 1788 1346 vos
1834 1288 2032 1359 (Exod.

448 1380 569 1446 Ill);
609 1398 627 1428 ι
682 1386 861 1432 tamen
896 1387 1119 1449 propter
1166 1379 1585 1434 mutabilitatem
1628 1387 1933 1451 temporum
1978 1382 2033 1437 in

446 1484 559 1537 quo
583 1478 835 1526 versatur
856 1480 1042 1525 nostra
1063 1470 1400 1526 mutabilitas
1442 1487 1550 1526 non
1581 1472 1916 1530 mendaciter
1941 1474 2024 1529 di-

446 1560 628 1615 cimus
650 1569 706 1616 et
739 1560 864 1628 fuit,
893 1570 948 1616 et
975 1570 1079 1629 est,
1107 1571 1162 1617 et
1189 1562 1313 1617 erit.

523 1670 543 1704 ‹
596 1651 661 1708 Ει
715 1669 838 1724 quae
886 1665 1113 1710 ventura
1171 1664 1343 1722 sunt,
1389 1656 1741 1712 annuntiabit
1791 1660 1965 1716 vobis.
2007 1679 2025 1713 ι

2139 468 2374 541 Spiritus
2395 487 2617 527 sanctus
2641 475 2708 527 de
2732 472 2892 528 Patre
2922 474 3131 543 arcrpit
3158 475 3557 544 procedendo,
3596 473 3779 532 Filius

2136 562 2439 617 nascendo.
2471 561 2633 617 Pater
2680 563 2748 618 de
2780 563 2931 618 nullo
2958 573 3124 618 natus
3164 573 3274 631 est,
3329 565 3405 620 de
3436 567 3616 619 nullo
3650 583 3779 631 pro-

2135 652 2319 706 cessit.
2334 651 2400 706 Et
2422 652 2736 710 sicutPater
2748 654 3291 725 genuitFilium,vita
3310 657 3544 714 scilicet
3572 660 3775 727 vitam,

2136 740 2217 796 sic
2245 740 2292 795 ei
2322 742 2471 797 dedit
2495 744 2661 799 vitam
2690 747 2987 815 procedere
3037 747 3106 803 de
3136 749 3250 816 illo,
3285 751 3449 806 sicut
3508 752 3774 820 procedit

2133 830 2202 887 de
2236 832 2376 903 ipso.
2430 832 2691 890 Nascitur
2711 852 2740 891 a
2777 836 2935 893 Patre
2958 840 3180 905 veritas,
3206 842 3480 911 procedit
3502 844 3584 897 ab
3613 854 3773 897 utro-

2134 937 2245 992 que
2269 923 2510 981 eharitas
2540 926 2606 980 ad
2637 927 3084 984 sanctificandann
3119 941 3472 987 creaturam.
3500 931 3775 989 Nascitur

2134 1029 2166 1069 a
2212 1013 2372 1071 Patre
2423 1017 2725 1087 sapientia;
2757 1020 2872 1075 exit
2910 1021 2980 1076 ab
3037 1030 3275 1095 utroque
3330 1025 3406 1079 ad
3464 1036 3773 1083 creaturas

2134 1106 2525 1163 benevolentia.
2581 1107 2836 1166 Nascitur
2885 1127 2916 1167 a
2970 1112 3130 1169 Patre
3200 1116 3577 1183 consilium;
3662 1120 3772 1175 exit

2134 1198 2205 1253 ab
2233 1206 2468 1264 utroque
2488 1198 2555 1254 ad
2580 1208 2863 1257 creaturas
2892 1202 3200 1260 dilectionis
3231 1205 3624 1261 beneficium.
3662 1206 3768 1262 Na-

2135 1291 2306 1347 scitur
2327 1307 2357 1346 a
2391 1289 2552 1347 Patre
2581 1290 2819 1348 Verbum
2850 1312 2866 1362 ;
2914 1297 3163 1366 pervenit
3206 1299 3274 1353 ab
3307 1308 3575 1371 utroque
3606 1301 3761 1354 beni-

2135 1386 2360 1458 gnitatis
2383 1386 2610 1441 donum.
2632 1385 2963 1457 Splenduita
2988 1389 3148 1447 Patre
3173 1392 3451 1462 splendor
3473 1404 3764 1451 aeternus.

2134 1479 2402 1550 processit
2433 1479 2502 1535 ab
2529 1488 2763 1551 utroque
2787 1481 2947 1538 bona:
2983 1483 3280 1541 voluntatis
3309 1486 3593 1542 aﬂ'ectus.
3624 1486 3771 1543 Cant

2138 1573 2305 1644 igitur
2334 1581 2448 1628 tota
2482 1571 2724 1628 Trinitas
2753 1573 2827 1628 sit
2868 1573 3129 1644 Spiritus,
3160 1575 3217 1630 id
3260 1586 3355 1632 est
3404 1578 3761 1648 incorporea

2136 1673 2353 1730 natura,
2411 1662 2650 1735 Spiritus
2695 1672 2919 1719 sanctus
2981 1667 3261 1737 sigillatim
3293 1668 3525 1723 dicitur
3583 1667 3759 1740 Spiri-

445 1745 599 1801 liulti
654 1747 970 1803 habuerunt
1028 1749 1281 1820 spiritum
1351 1754 1650 1822 prOphetim
1679 1794 1694 1820 ,
1753 1754 1847 1809 sed
1900 1756 2030 1825 quia
2063 1733 2105 1787 Β
2135 1765 2245 1822 tus,
2276 1733 2539 1827 tanquam
2569 1755 2742 1812 Patris
2770 1766 2825 1812 et
2872 1755 2993 1811 Filii
3024 1733 3327 1827 spiramen,
3363 1775 3472 1814 seu
3509 1733 3755 1830 spiracu-

446 1839 693 1893 nonnulli
729 1839 977 1895 infirmos
1028 1851 1245 1909 curant,
1296 1853 1544 1900 mortuos
1595 1845 1880 1911 suscitant,
1922 1847 2034 1903 dar-

444 1933 698 1988 monibus
768 1933 1098 2003 imperant,
1176 1950 1275 1990 nec
1337 1945 1517 1993 tamen
1593 1937 1774 1994 futura
1830 1956 2033 2011 cogno-

442 2035 622 2093 scunt,
670 2036 847 2097 potest
888 2027 968 2083 sic
1016 2028 1218 2098 accipi,
1247 2028 1377 2100 quia
1438 2029 1681 2101 Spiritus
1736 2032 2032 2088 adveniens

440 2126 669 2172 ventura
701 2103 995 2185 nuntiaret,
1029 2118 1296 2175 reducens
1346 2119 1416 2175 ad
1464 2123 1786 2178 memoriam
1835 2124 2030 2187 gaudia

439 2209 702 2265 cmlestia.

520 2320 538 2351 ι
580 2299 673 2355 Ille
717 2315 806 2354 me
841 2300 1183 2369 clarificabit,
1235 2305 1362 2374 quia
1415 2304 1483 2359 de
1539 2321 1663 2360 meo
1703 2304 1950 2377 accipiet,
1976 2318 2031 2362 et

444 2389 792 2445 annuntiabit
821 2392 996 2447 vobis.
1031 2412 1049 2445 ι
1081 2392 1248 2460 Quasi
1273 2395 1418 2450 dicat
1449 2413 1462 2449 :
1493 2394 1598 2450 Ista
1632 2396 1815 2452 omnia
1869 2397 2031 2454 faciet

446 2479 593 2536 Drus
619 2496 715 2550 per
744 2481 1030 2551 Spiritum,
1061 2484 1113 2540 id
1150 2494 1234 2541 est
1264 2501 1358 2555 per
1388 2486 1685 2541 bonitatem
1719 2503 1896 2544 suam.
1944 2489 2028 2545 Me

446 2575 773 2631 c-lariflrabit
838 2575 1141 2633 auferendo
1191 2579 1348 2634 vobis
1398 2579 1651 2635 timorem
1681 2622 1697 2648 ,
1747 2592 1800 2637 et
1846 2582 2028 2638 dando

444 2685 685 2725 amorem
716 2669 1103 2726 ardentiorem.
1159 2671 1315 2740 Quod
1372 2671 1474 2743 ipsi
1527 2672 1723 2729 facturi
1770 2685 1926 2731 erant
1968 2676 2023 2732 in

445 2760 651 2831 Spiritu
665 2767 877 2827 sancto,
890 2760 993 2817 hoc
1009 2763 1258 2819 eumdem
1275 2762 1537 2834 Spiritum
1557 2764 1694 2820 dixit
1715 2780 1836 2822 esse
1854 2765 2024 2823 factu-

446 2863 666 2921 rum,ut
686 2853 846 2912 illud:
867 2851 1015 2910 «Non
1032 2855 1178 2911 enim
1202 2871 1300 2911 vos
1322 2856 1455 2912 estis
1477 2855 1568 2927 qui
1591 2855 1902 2927 loquimini,
1926 2860 2022 2915 sed

448 2945 686 3018 Spiritus
715 2948 893 3008 Patris
926 2950 1091 3006 vestri
1121 2950 1214 3022 qui
1265 2951 1507 3021 loquitur
1530 2952 1583 3007 in
1620 2953 1777 3009 vobis
1800 2952 2017 3022 (Matt/1.

441 3041 521 3113 ι)·
560 3059 581 3095 ι
622 3041 859 3100 Verbum
924 3042 1173 3101 Grecam
1228 3045 1374 3116 quod
1425 3056 1511 3102 est
1554 3048 1779 3103 derrasse
1829 3046 2019 3117 (daEé—
2046 3074 2089 3131 ρ

440 3135 563 3205 σει),
616 3135 793 3192 Latini
839 3138 1183 3207 interpretes,
1232 3139 1376 3194 alius
1426 3139 1770 3210 gloriticabit,
1825 3155 2021 3210 posue-

438 3235 587 3283 runt.
612 3225 749 3283 Nam
789 3229 930 3284 doxa
982 3229 1125 3283 unde
1153 3229 1357 3286 dictum
1405 3239 1491 3286 est
1517 3232 1770 3297 doxasse,
1812 3241 1865 3286 et
1905 3232 2021 3285 cla-

438 3318 574 3373 ritas
620 3315 1007 3389 interpretatur
1056 3327 1112 3373 et
1139 3318 1337 3390 gloria.
1392 3318 1457 3374 Et
1510 3321 1639 3390 quia
1674 3320 1844 3391 gloria
1893 3319 2022 3375 facit

436 3410 636 3478 claros,
673 3420 729 3467 et
785 3412 1005 3467 claritas
1058 3411 1349 3483 gloriosos,
1400 3412 1545 3482 quod
1589 3423 1819 3483 utroque
1856 3413 2052 3483 verbo.

436 3502 795 3573 significatur,
825 3504 963 3559 idem
987 3512 1089 3559 est.
1116 3503 1301 3558 Gloria
1330 3511 1416 3557 est
1448 3501 1705 3573 frequens
1727 3505 1795 3559 de
1837 3504 2020 3575 aliquo

436 3596 582 3649 fama
617 3610 741 3650 cum
774 3595 950 3662 laude,
996 3610 1119 3664 qua:
1154 3595 1376 3650 Christo
1419 3594 1488 3649 de
1530 3595 1714 3665 scipso
1766 3609 1873 3650 non
1904 3610 2021 3649 ma-

436 3701 604 3757 gnum
660 3687 892 3740 contulit
944 3686 1170 3756 aliquid,
1229 3688 1321 3743 sed
1372 3688 1598 3743 mundo.
1632 3687 1841 3743 Bonum
1872 3688 2017 3743 enim

435 3776 649 3832 laudari
679 3792 788 3831 non
834 3776 1076 3842 laudato,
1109 3777 1204 3834 sed
1250 3779 1600 3836 laudantibus
1630 3781 1868 3851 prodest.
1893 3780 2020 3836 Glo-

437 3870 521 3926 ria
568 3868 703 3927 falsa
755 3870 951 3942 triplex
982 3880 1109 3927 cst:
1163 3873 1216 3927 in
1264 3873 1448 3939 rebus,
1479 3874 1533 3929 in
1588 3874 1922 3940 hominibus,
1964 3874 2018 3929 in

437 3960 705 4032 utrisque.
745 3960 802 4017 In
832 3963 997 4018 rebus
1037 3962 1245 4020 fallitur
1286 3965 1379 4036 qui
1413 3974 1566 4036 putat
1595 3965 1644 4021 id
1674 3982 1863 4021 verum
1898 3980 2020 4022 esse

436 4051 582 4122 quod
609 4053 812 4107 malum
836 4064 940 4109 est.
969 4054 1027 4109 In
1086 4056 1406 4113 hominibus
1461 4058 1729 4114 similiter.
1768 4057 1825 4112 ιη
1850 4058 2019 4114 utris-

436 4157 546 4213 que
600 4145 822 4214 quando
848 4155 904 4201 ct
948 4147 1141 4201 vitium
1179 4147 1356 4205 virtus
1402 4157 1645 4217 putatur,
1694 4157 1749 4204 et
1781 4149 1897 4218 ipse
1924 4150 2016 4218 qni

436 4244 663 4305 propter
692 4236 797 4291 hoc
840 4237 1099 4294 laudatur
1126 4255 1234 4295 non
1268 4240 1432 4296 habet
1461 4241 1607 4311 quod
1633 4249 1876 4311 putatur,
1905 4241 2018 4297 sive

433 4329 613 4385 bonus
639 4330 710 4385 sit
735 4330 851 4386 sive
898 4331 1097 4387 malus.
1128 4331 1341 4389 Donare
1380 4332 1580 4403 quippe
1624 4348 1754 4389 suas
1801 4348 1889 4388 res
1929 4332 2014 4386 hi-

2134 1849 2273 1904 lum.
2331 1848 2637 1918 lnspiratur
2668 1848 2814 1903 enim
2865 1846 3100 1919 Spiritus
3135 1859 3370 1907 sanctus
3420 1866 3457 1904 a
3492 1850 3667 1906 Patre
3702 1859 3755 1907 et

2132 1936 2273 1992 Filio
2304 1938 2372 1991 ad
2424 1938 2900 2004 sanctificandum,
2956 1954 3056 1994 nec
3098 1939 3248 1993 venit
3297 1940 3432 1995 sine
3489 1939 3663 1996 Patre
3700 1950 3753 1997 et

2131 2027 2292 2094 Filio,
2325 2029 2451 2099 quia
2482 2027 2723 2084 Trinitas
2754 2028 2987 2085 indivisa
3017 2039 3117 2085 est.
3153 2029 3424 2108 Procedit
3471 2032 3749 2087 aeternaiio

2131 2128 2216 2175 ter
2241 2118 2478 2190 Spiritus
2496 2136 2527 2175 a
2553 2119 2710 2175 Patre
2731 2119 2933 2176 etFilio
2960 2137 3055 2191 per
3079 2121 3335 2176 eﬂ‘ectum
3367 2122 3745 2179 distribuendi

2131 2212 2456 2268 donationes
2490 2230 2504 2267 :
2535 2212 2798 2282 procedit,
2846 2211 3165 2283 inspiratur,
3209 2213 3460 2269 mittitur
3512 2230 3585 2271 ex
3614 2225 3746 2270 teu-

2131 2318 2264 2373 pore
2319 2318 2418 2374 per
2469 2302 2802 2359 inlusionem
2855 2303 3177 2375 gratiarum.
3231 2303 3366 2361 llaec
3419 2305 3742 2378 inspiratio,

2132 2394 2250 2452 haec
2299 2396 2619 2466 temporalis
2669 2396 2951 2467 processio
2985 2437 3001 2463 ,
3053 2395 3169 2452 sive
3225 2398 3432 2453 missio
3498 2400 3744 2471 quotidie

2128 2485 2222 2554 iit,
2256 2485 2386 2541 dum
2425 2485 2671 2557 quotidie
2708 2484 2946 2540 diversis
2983 2484 3198 2540 diversa
3239 2486 3394 2541 dona
3430 2487 3741 2543 confer-un.

2128 2587 2183 2634 tu
2191 2595 2234 2632 Γ.

2204 2690 2222 2723 ι
2254 2669 2450 2726 Omnia
2499 2685 2845 2741 quaecunque
2898 2668 3062 2726 Pater
3116 2670 3300 2735 habet,
3339 2686 3471 2725 mea
3528 2682 3733 2726 sunt.»

2128 2762 2336 2817 Sensus
2360 2770 2445 2817 est
2474 2780 2487 2816 :
2522 2759 2579 2817 id
2610 2762 2790 2833 ipsum
2819 2762 2965 2832 quod
2997 2761 3158 2817 Pater
3185 2773 3290 2827 cst,
3322 2762 3382 2816 in
3428 2779 3531 2818 me
3556 2773 3665 2829 est,
3687 2774 3739 2818 et

2123 2869 2225 2926 ego
2251 2869 2316 2908 ex
2339 2854 2432 2908 illo
2467 2872 2482 2921 ;
2517 2855 2590 2910 ita
2619 2855 2762 2926 quod
2791 2852 2951 2910 Pater
2979 2853 3098 2908 Filii
3126 2863 3209 2910 est
3246 2853 3436 2919 Pater,
3468 2865 3534 2910 et
3564 2854 3735 2910 Filius

2124 2947 2301 3002 Patris
2321 2957 2403 3004 est
2438 2946 2627 3003 Filius.

2202 3060 2219 3092 ι
2252 3040 2545 3111 Propterea
2567 3039 2678 3097 dixi
2707 3040 2836 3111 quia
2858 3040 2926 3096 de
2978 3056 3101 3096 meo
3131 3042 3383 3113 accipiet,
3422 3054 3483 3099 et
3516 3060 3737 3101 annun-

2124 3133 2279 3187 tiabit
2299 3132 2469 3187 vobis.
2484 3151 2503 3185 ι
2526 3131 2645 3187 Dixi
2673 3132 2802 3203 quia
2828 3133 2896 3187 de
2915 3133 3105 3189 eodem
3126 3144 3254 3188 sunt
3277 3135 3403 3206 (sic)
3424 3140 3733 3206 procedere

2125 3222 2363 3293 Spiritus
2412 3232 2637 3283 sanctus
2680 3239 2791 3293 quo
2851 3231 2906 3278 et
2952 3239 3054 3296 ego
3086 3224 3323 3295 genitus,
3379 3241 3451 3281 ne
3506 3236 3731 3298 putetur

2124 3313 2361 3384 Spiritus
2402 3314 2582 3369 minor
2601 3329 2710 3381 me,
2759 3313 2843 3368 vel
2882 3322 3044 3369 natus
3073 3315 3141 3370 de
3190 3331 3300 3384 me,
3328 3316 3477 3372 sicut
3528 3334 3637 3391 ego
3663 3319 3729 3374 de

2122 3405 2300 3461 Patre.
2864 3416 2873 3426 '

2231 3496 2464 3553 SERMO
2513 3496 2601 3551 DE
2640 3495 2894 3552 TRIBUS
2929 3494 3177 3552 DIEBUS
3220 3496 3621 3568 PASSIONIS,

2292 3589 2475 3646 RESU
2487 3589 2902 3646 BRECTIONIS
2940 3589 3024 3644 ΕΤ
3065 3590 3555 3647 ASCENSIONIS.

2192 3683 2455 3755 Egregius
2481 3682 2764 3752 psalmista
2814 3681 2982 3737 David
3006 3683 3600 3738 commemorationem
3645 3683 3727 3739 fa-

2134 3776 2285 3831 ciens
2311 3774 2479 3829 trium
2500 3773 2738 3841 dierum,
2788 3774 2989 3830 scilicet
3029 3774 3320 3845 passionis,
3351 3778 3723 3832 resurrectio-

2124 3868 2211 3924 nis
2235 3877 2397 3937 alque
2424 3867 2789 3935 ascensionis,
2828 3869 2908 3924 sic
2930 3869 3008 3923 ait
3036 3869 3091 3922 in
3125 3868 3351 3939 psalmis
3389 3888 3403 3922 :
3441 3888 3460 3919 ι
3505 3869 3722 3925 Similis

2124 3959 2299 4015 factus
2325 3975 2447 4016 sum
2479 3960 2747 4030 pcllicano
2786 3960 3116 4026 solitudinis,
3168 3960 3345 4017 factus
3388 3976 3519 4016 sum
3580 3963 3722 4018 sicut

2121 4052 2437 4124 nycticorax
2488 4052 2544 4106 in
2599 4052 2900 4108 domicilio.
2960 4051 3210 4125 Vigilavi,
3252 4062 3307 4107 et
3354 4053 3539 4110 factus
3596 4072 3719 4112 sum

2122 4144 2266 4199 sicut
2291 4159 2479 4214 passer
2509 4144 2791 4200 solitarius
2835 4144 2890 4200 in
2916 4154 3057 4201 tecto
3090 4145 3263 4215 (Psat.
3301 4149 3398 4217 Cl).
3424 4168 3442 4199 ι
3478 4147 3718 4207 Pellio:-

2125 4250 2229 4289 nus
2260 4234 2376 4289 avis
2400 4233 2720 4306 [Egyptiaca
2765 4244 2869 4303 est,
2905 4236 3119 4292 deserta
3144 4252 3421 4306 quaerens,
3470 4241 3720 4297 maxime

2120 4335 2300 4382 tamen
2341 4328 2595 4383 habitans
2638 4328 2691 4383 in
2734 4314 2968 4385 desertis
2988 4329 3122 4399 ripis
3146 4328 3255 4383 Nili
3281 4329 3553 4388 ﬂuminis.
3594 4332 3723 4390 Hec

432 4419 738 4476 strionibus
769 4420 961 4475 vitium
995 4421 1359 4490 estimmane,
1392 4439 1501 4477 non
1552 4422 1742 4478 virtus.
1773 4422 1837 4477 Et
1865 4422 2017 4479 scitis
2051 4434 2092 4487 1)
2122 4421 2238 4477 avis
2262 4421 2439 4491 pullos
2486 4436 2636 4488 suos,
2661 4421 2795 4476 dum
2836 4422 2958 4478 illos
3001 4422 3219 4477 chariu:
3265 4431 3507 4478 tractare
3536 4428 3717 4496 cupit,

430 4509 500 4565 de
527 4510 729 4568 talibus
759 4528 924 4583 quam
973 4513 1046 4568 sit
1082 4511 1341 4583 frequens
1388 4513 1532 4569 fama
1574 4530 1698 4570 cum
1730 4515 1908 4581 laude,
1958 4524 2019 4570 ut

430 4605 612 4662 illud:
676 4625 694 4658 σ
738 4605 1021 4662 Laudatur
1076 4617 1331 4677 peccator
1381 4606 1434 4662 in
1492 4607 1777 4663 desideriis
1823 4608 2019 4664 animae

428 4713 546 4752 sua:
571 4696 748 4768 (Ptol.
775 4698 873 4771 Ix).
895 4718 914 4751 ι
952 4698 1288 4754 Laudatores
1316 4699 1503 4754 talium
1547 4715 1657 4755 non
1685 4699 1737 4753 in
1777 4700 2015 4755 homini-

429 4789 536 4845 bus
561 4790 845 4855 falluntur,
897 4792 990 4848 sed
1025 4792 1080 4847 in
1113 4791 1294 4848 rebus.
1325 4791 1524 4848 Malum
1555 4803 1639 4850 est
1671 4793 1819 4848 enim
1870 4793 2016 4865 quod

430 4881 637 4937 bonum
680 4899 806 4939 esse
833 4885 1082 4940 credunt.
1138 4884 1242 4955 ipsi
1293 4900 1424 4942 vero
1470 4886 1653 4942 vitiosi
1708 4886 1844 4941 tales
1890 4896 2019 4942 sunt

430 4974 626 5044 quales
678 4986 997 5031 cernuntur.
1053 4976 1394 5033 Laudatores
1451 4977 1856 5049 hypocritarum
1904 4995 2014 5033 non

436 5067 697 5121 falluntur
738 5066 792 5121 in
841 5068 1027 5133 rebus,
1079 5068 1172 5124 sed
1229 5068 1284 5124 in
1317 5069 1651 5125 hominibus.
1683 5068 2016 5125 Laudatores

433 5167 615 5214 autem
672 5157 889 5225 illorum
945 5160 1038 5229 qui
1122 5161 1423 5216 creduntur
1488 5160 1718 5216 liberare
1784 5162 2014 5233 patriam

433 5250 661 5322 magicis
711 5250 942 5317 artibus,
996 5252 1048 5306 in
1081 5260 1312 5322 utroque
1360 5251 1641 5307 falluntur.
1678 5251 1814 5308 Vera
1843 5255 2014 5326 gloria

432 5359 542 5397 non
570 5342 845 5398 beatificat
895 5343 1128 5412 justum.
1180 5344 1274 5399 sed
1313 5354 1491 5399 tamen
1535 5345 1877 5416 gloriandum
1908 5356 2013 5412 est,

431 5432 561 5502 quia
616 5434 767 5503 justa
796 5434 1047 5506 diligunt.
1108 5433 1245 5489 Vera
1278 5435 1450 5507 gloria
1499 5445 1584 5492 est
1630 5437 1684 5491 in
1732 5436 2012 5493 Catholica

431 5522 697 5582 Ecclesia.
726 5524 878 5584 Unde
924 5527 1232 5599 Pmpheta:
1286 5551 1303 5579 ι
1342 5526 1594 5586 Exaltare
1623 5546 1787 5602 super
1820 5531 2010 5596 caelos,

430 5624 487 5671 et
514 5633 679 5689 super
729 5633 949 5677 omnem
989 5631 1190 5677 terram
1244 5622 1416 5693 gloria
1468 5631 1558 5693 tua
1615 5621 1789 5693 (Psal.
1821 5625 1948 5692 nvi).
1986 5643 2004 5675 ι

430 5706 508 5787 ile
569 5726 709 5779 meo,
760 5711 871 5784 inqt
896 5713 933 5769 it
989 5714 1177 5781 Filius,
1222 5716 1429 5786 accepit
1485 5711 1740 5786 Spiritus,
1773 5715 1900 5786 quia
1945 5717 2011 5771 de

2120 4525 2299 4571 rostro
2330 4515 2569 4584 perimit,
2593 4523 2781 4585 postea
2803 4530 2966 4585 super
3001 4529 3098 4570 eos
3143 4513 3370 4585 plangit,
3398 4523 3458 4568 et
3505 4515 3567 4569 in
3599 4526 3719 4572 tan-

2117 4614 2232 4660 tum
2288 4620 2347 4659 se
2385 4604 2488 4660 alis
2521 4615 2576 4659 et
2625 4613 2806 4660 rostro
2862 4604 3112 4659 vulnerat
3140 4603 3285 4673 quod
3336 4602 3392 4657 in
3424 4605 3596 4659 tertia
3631 4606 3719 4661 die

2118 4696 2437 4768 sanguinem
2492 4696 2689 4752 fundit.
2745 4696 2866 4764 Quo
2916 4713 3044 4751 mox
3094 4704 3154 4750 ut
3187 4697 3515 4760 irrotantur,
3568 4699 3718 4753 revio

2116 4792 2332 4846 viscunt
2356 4790 2507 4860 pulli.
2540 4789 2652 4846 Hoc
2679 4798 2859 4845 autem
2888 4788 3120 4843 Domino
3169 4798 3356 4846 nostro
3384 4786 3519 4844 Jesu
3544 4789 3717 4847 Chri-

2117 4891 2202 4935 sto
2234 4896 2339 4934 non
2364 4880 2727 4947 disconvenit,
2777 4880 2869 4950 qui
2907 4881 3023 4936 avis
3053 4889 3139 4935 est
3186 4880 3528 4946 solitudinis,
3580 4882 3711 4952 quia

2118 4974 2268 5028 solus
2299 4973 2378 5028 dc‘
2396 4972 2617 5044 Virgine
2650 4980 2831 5038 natus,
2870 4973 3023 5027 solus
3045 4972 3165 5026 sine
3191 4972 3555 5035 delectatione
3578 4990 3714 5029 con-

2116 5075 2326 5135 crplus,
2355 5076 2403 5120 et
2438 5066 2556 5121 sine
2586 5065 2773 5119 dolore
2804 5072 2987 5119 natus.
3023 5063 3126 5131 Qui
3156 5064 3333 5136 pullos
3356 5080 3511 5125 suos,
3539 5065 3594 5120 id
3627 5076 3714 5123 est

2118 5160 2369 5214 homines
2393 5174 2423 5213 a
2454 5175 2514 5213 se
2547 5158 2718 5213 factas
2758 5157 2910 5227 justo
2935 5157 3145 5227 judicio
3171 5172 3274 5212 suo
3322 5156 3626 5221 interfecit,
3657 5168 3711 5214 rt

2116 5268 2280 5323 super
2333 5268 2429 5307 eos
2475 5252 2703 5320 planxit,
2756 5250 2882 5321 quia
2924 5265 3020 5320 pro
3051 5249 3130 5304 eis
3166 5247 3431 5304 inﬁrmari
3483 5249 3704 5306 voluit:

2116 5354 2238 5415 post
2280 5345 2451 5416 legem
2482 5353 2687 5410 autem,
2741 5343 2791 5397 id
2822 5351 2906 5397 est
2935 5342 2989 5397 in
3041 5351 3284 5421 tempore
3312 5342 3527 5412 gratim,
3558 5343 3705 5414 quod

2114 5441 2271 5510 quasi
2301 5439 2419 5495 dies
2458 5439 2614 5495 tertia
2643 5450 2746 5505 cst,
2771 5449 3034 5508 quantum
3062 5437 3128 5492 ad
3158 5437 3288 5491 illud
3317 5444 3537 5507 tempus
3556 5436 3701 5509 quod

2115 5540 2240 5586 ante
2268 5531 2439 5602 legem
2499 5539 2548 5585 et
2575 5529 2677 5585 sub
2713 5530 2825 5598 lege
2853 5528 3120 5599 sanguine
3150 5541 3253 5582 suo
3283 5525 3407 5582 fuso
3433 5527 3487 5581 in
3516 5544 3699 5594 cruce,

2115 5623 2264 5694 ipsos
2295 5622 2604 5677 vivificavit.
2640 5619 2706 5674 Et
2738 5620 2880 5675 sicut
2902 5620 3167 5691 pcllicano
3193 5618 3506 5674 solitudinis
3536 5620 3687 5674 Chri-

2115 5724 2229 5770 stus
2277 5714 2473 5771 similis
2520 5715 2697 5770 faetus
2733 5712 2929 5780 fuerat,
2982 5711 3054 5768 ita
3099 5713 3263 5768 etiam
3301 5711 3475 5768 factus
3525 5712 3694 5768 fuerat
