3950 6380
90 342 219 403 953

1046 340 1624 398 DEFLOIiA'I‘IONES
1666 340 1766 397 SS.
1806 341 2119 398 PATRUM.
2156 373 2223 383 --
2264 342 2394 399 LIB.
2441 344 2480 400 1.

3298 347 3402 404 θῖςι

94 461 440 534 nyctieorax
495 459 751 515 habitans
805 459 858 513 in
918 458 1219 514 domicilio.
1274 456 1597 530 Nycticorax
1626 465 1711 512 est
1740 464 1784 517 Α
1816 468 1873 512 ut
1896 459 2113 516 catulus
2161 460 2335 515 leonis
2380 460 2638 517 dormivit
2665 473 2790 514 cum
2832 457 3016 514 triduo
3052 460 3107 514 in
3149 462 3398 532 sepulcro

92 554 230 609 avis
260 552 498 608 volitans
528 551 582 606 in
615 550 868 606 tenebris.
912 549 1258 605 Domicilium
1287 557 1469 603 autem
1501 556 1587 603 est
1611 548 1697 602 de-

94 653 392 703 structum
445 642 759 709 mdiﬁcium,
829 641 923 697 ubi
973 642 1075 698 soli
1128 641 1362 712 parietes
1413 649 1562 696 sunt.
1605 639 1707 693 Avi

93 735 449 810 nyeticoraci
471 734 728 790 Christus
759 744 1131 804 comparatur,
1161 748 1287 789 cum
1321 743 1444 803 post
1485 747 1705 788 crucem

96 829 163 884 in
204 828 549 885 domicilium
582 826 819 898 sepulcri
867 827 1110 897 ponitur,
1145 841 1210 882 ac
1248 841 1345 897 per
1372 826 1582 896 aliquot
1608 826 1709 882 ho~

95 936 202 974 ras
228 919 342 974 illic
364 918 673 973 inhabitare
725 917 974 973 docetur.
1024 916 1226 972 Deinde
1252 916 1411 971 tertia
1450 917 1539 972 die
1570 916 1708 988 vigi-

98 1010 271 1076 lavit,
305 1018 359 1065 et
389 1008 570 1065 factus
598 1018 684 1064 est
713 1008 855 1065 sicut
879 1024 1070 1079 passer
1125 1006 1411 1063 solitarius
1437 1007 1491 1062 in
1540 1016 1706 1076 tecto,

97 1102 241 1172 quia
303 1117 427 1156 cum
481 1101 536 1156 in
588 1096 868 1172 passione'
902 1101 1246 1166 dormisset,
1301 1115 1366 1156 ac
1420 1100 1618 1156 deinde
1670 1118 1701 1157 a

97 1203 291 1248 morte
323 1193 714 1249 resurrexisset
754 1191 932 1249 factus
963 1202 1047 1249 est
1073 1193 1215 1249 sicut
1244 1208 1434 1264 passer
1459 1193 1704 1261 avolans,

97 1285 219 1340 hoc
271 1294 357 1341 est
411 1285 466 1339 in
526 1285 724 1340 cadum
783 1286 1108 1352 ascendens,
1157 1286 1250 1341 ubi
1312 1287 1470 1357 quasi
1519 1286 1707 1341 solita-

98 1378 233 1432 rius
266 1377 322 1432 in
367 1386 529 1444 tecto,
573 1376 626 1432 id
655 1385 740 1433 est
768 1377 821 1432 in
847 1378 988 1433 coelo
1013 1379 1080 1433 ad
1102 1379 1382 1434 dexteram
1411 1377 1591 1434 Patris
1619 1394 1702 1434 re-

100 1470 275 1527 Sidet.

182 1563 279 1620 Isti
311 1573 438 1620 sunt
467 1564 542 1619 illi
573 1573 682 1619 tres
712 1564 849 1629 dies,
889 1580 951 1620 ex
985 1564 1189 1635 quibus
1220 1560 1563 1618 illuminatur
1591 1560 1707 1616 ani-

100 1672 223 1711 ma.
270 1654 374 1711 Sed
414 1655 625 1727 primus
648 1656 766 1712 dies
801 1666 888 1711 est
928 1657 1113 1719 timor,
1159 1654 1434 1710 secundus
1477 1653 1701 1720 veritas,

100 1748 310 1803 tertius
348 1756 431 1801 est
454 1746 716 1824 charitas.
754 1744 876 1801 Dies
909 1746 1124 1800 timoris
1153 1754 1238 1799 est
1267 1744 1384 1800 dies
1412 1744 1696 1814 potentiae,

97 1838 207 1909 qui
262 1846 348 1893 est
392 1836 601 1903 Patris;
648 1836 766 1891 dies
811 1836 1056 1891 veritatis
1098 1844 1182 1892 est
1216 1835 1334 1891 dies
1375 1834 1654 1905 sapientim
1684 1876 1699 1901 ,

98 1928 221 1984 hoc
248 1937 333 1983 est
364 1927 518 1994 Filii;
568 1927 686 1982 dies
716 1926 1000 1981 charitatis
1027 1934 1112 1981 est
1152 1925 1270 1981 dies
1320 1924 1693 1995 benignitatis,

97 2021 166 2075 id
194 2028 280 2075 est
306 2019 423 2074 dies
472 2018 709 2089 Spiritus
748 2018 943 2073 sancti.
984 2017 1110 2072 Dies
1158 2015 1378 2088 quidem
1406 2014 1605 2082 Patris,
1649 2023 1704 2071 et

96 2111 231 2167 dies
258 2109 401 2177 Filii,
433 2120 486 2165 et
522 2110 640 2165 dies
693 2108 930 2180 Spiritus
961 2109 1159 2175 sancti,
1186 2098 1255 2164 iu.
1281 2109 1528 2165 claritate
1560 2109 1700 2165 divi-

102 2202 325 2262 nitatis.
361 2216 505 2256 unus
533 2201 651 2257 dies
681 2210 803 2267 est;
835 2201 929 2257 sed
974 2200 1028 2255 iu
1078 2209 1278 2256 nostrae
1302 2200 1703 2258 illuminatione

102 2292 335 2359 mentis,
374 2292 531 2363 quasi
563 2292 730 2347 alium
757 2293 899 2347 diem
933 2291 1113 2358 Pater,
1139 2292 1307 2347 alium
1337 2292 1481 2349 diem
1507 2290 1699 2360 Filius,

104 2386 282 2442 alium
324 2384 467 2442 diem
510 2384 749 2457 Spiritus
786 2395 1009 2441 sanctus
1046 2385 1245 2452 habet,
1298 2402 1407 2441 non
1432 2384 1577 2457 quod
1616 2385 1702 2441 ul-

106 2479 330 2535 latenus
351 2479 684 2535 credendum
715 2479 786 2534 sit
808 2459 1152 2543 Trinitatem,
1171 2493 1295 2548 quae
1318 2476 1699 2549 inseparabilis

108 2583 202 2629 est
257 2581 472 2640 natura,
533 2571 588 2627 in
640 2570 958 2643 operatione
1012 2585 1173 2642 posse
1203 2571 1475 2641 separari,
1507 2570 1602 2626 sed
1640 2578 1702 2626 ut

109 2664 391 2722 distinctio
422 2679 782 2735 personarum
812 2663 867 2718 in
890 2662 1243 2718 distinctione
1267 2678 1493 2733 operum
1523 2662 1702 2718 valeat

112 2756 362 2829 intelligi.
421 2754 651 2822 Quando
690 2770 821 2828 ergo
874 2754 1113 2827 potentia
1165 2754 1298 2821 Dei,
1355 2754 1698 2811 considerata

114 2851 175 2906 in
220 2848 597 2915 admiratione,
650 2864 746 2904 cor
803 2857 1052 2903 nostrum
1097 2846 1318 2912 excitat,
1365 2848 1484 2903 dies
1521 2845 1700 2903 Patris

111 2954 221 2998 est.
271 2941 499 3008 Quando
532 2955 663 2996 vero
709 2941 974 3011 sapientia
1018 2939 1110 2995 Dei
1149 2940 1393 3011 inspecta
1424 2940 1700 3010 agnitione

113 3033 381 3098 veritatis,
436 3048 534 3089 cor
568 3041 815 3088 nostrum
862 3031 1135 3086 illuminat
1191 3052 1205 3087 :
1259 3031 1376 3088 dies
1419 3029 1541 3086 Filii
1590 3040 1695 3089 est.

1810 551 2026 607 delituit
2056 571 2070 607 :
2103 568 2267 623 quem
2298 551 2459 609 Pater
2489 552 2649 608 tertia
2683 551 2773 607 die
2807 553 3112 610 suscitavit.
3143 553 3223 609 Ad
3257 572 3400 626 prae-

1810 641 1937 697 dam
1971 642 2281 710 descendit,
2333 660 2458 700 cum
2511 644 2578 699 ad
2629 642 2843 699 inferna
2881 644 3221 702 descendens
3272 646 3397 703 forti

1811 735 2031 806 alligato
2073 736 2248 805 spolia
2297 736 2418 806 ejus
2465 735 2710 807 diripuit.
2758 734 2817 790 In
2845 736 2974 791 vino
3017 737 3214 791 stulam
3246 736 3398 805 lavit,

1809 842 1935 882 cum
1959 842 2161 898 corpus
2190 844 2351 884 suum
2381 828 2648 898 sanguine
2669 828 2899 883 maduit.
2923 827 2982 883 lu
3008 828 3275 901 sanguine
3297 829 3402 883 oli-

1809 933 1891 972 va:
1941 918 2163 988 pallium
2192 935 2355 974 suum
2402 920 2553 988 lavit,
2577 935 2703 975 cum
2746 917 3046 976 Ecclesiam
3090 921 3213 976 oleo
3244 920 3397 977 chri-

1810 1010 2004 1066 smatis
2029 1009 2406 1067 sanctiﬁcavit.

1882 1100 1979 1157 Est
2016 1102 2122 1157 alia
2150 1102 2328 1157 bellua
2359 1117 2579 1172 quoque
2605 1116 2770 1172 quam
2797 1101 3134 1158 crocodilum
3183 1102 3394 1172 dicunt,

1806 1195 2123 1250 vicenorum
2158 1194 2355 1266 pedum
2389 1197 2443 1250 in
2477 1195 2833 1267 longitudine.
2865 1193 2989 1252 llaec
3032 1196 3304 1252 interdum
3337 1195 3397 1257 in

1808 1285 1987 1356 aquis,
2029 1297 2187 1341 nocte
2233 1301 2365 1342 vero
2408 1294 2659 1341 moratur
2700 1285 2753 1340 in
2784 1286 2978 1353 terris;
3008 1294 3395 1357 prtetereuntcs

1808 1376 2036 1441 invadit,
2080 1377 2306 1443 lacerat,
2355 1376 2601 1443 devorat,
2635 1375 2690 1431 in
2746 1377 2862 1432 sole
2889 1387 3077 1449 aperto
3122 1394 3218 1434 ore
3263 1377 3392 1434 dor-

1807 1470 1985 1527 miens
2031 1471 2276 1526 recubat.
2334 1469 2469 1538 Quis
2518 1470 2703 1541 itaque
2752 1486 2847 1541 per
2882 1471 3244 1539 crocodilum,
3289 1471 3399 1531 nisi

1804 1561 2079 1629 diabolus,
2105 1562 2436 1630 declaratur,
2468 1563 2562 1634 qui
2593 1574 2719 1620 ante
2747 1560 2954 1620 Christi
2977 1562 3275 1621 adventum
3307 1566 3395 1623 in-

1806 1654 1973 1711 ﬂuxis
2001 1655 2263 1711 cordibus
2309 1655 2615 1728 gentilium,
2668 1673 2817 1711 nunc
2864 1666 3047 1712 autem
3102 1658 3158 1712 in
3228 1658 3398 1716 aridis

1807 1747 2083 1803 mentibus
2112 1745 2425 1803 Judmorum
2448 1756 2719 1805 versatur.
2748 1747 2850 1805 Hic
2875 1759 3262 1820 praetereuntes
3297 1751 3394 1807 de-

1808 1847 2023 1905 vorant,
2049 1838 2178 1909 quia
2204 1847 2434 1895 cunctos
2464 1848 2589 1895 ante
2617 1838 2821 1895 Christi
2852 1840 3161 1911 passionem
3191 1842 3387 1898 obeun.

1808 1940 1892 1988 tes
1911 1933 1978 1987 ad
2009 1941 2216 1988 tartara
2240 1933 2503 2004 rapiebat.
2531 1932 2636 1990 Sed
2662 1934 2840 1991 adhuc
2864 1945 3052 2007 aperto
3076 1953 3171 1992 ore
3194 1936 3396 1994 ﬂuenta

1803 2021 2057 2080 Iordanis
2093 2024 2388 2080 absorbere
2432 2024 2631 2092 inhiat,
2683 2025 2812 2096 quia
2854 2026 3049 2083 avidus
3092 2028 3396 2098 baptizatos

1802 2118 1966 2171 etiam
1990 2115 2253 2171 devorare
2294 2115 2533 2173 festinat.
2567 2114 2664 2171 Est
2707 2125 2762 2172 et
2789 2117 2895 2173 alia
2937 2118 3133 2187 bestia,
3176 2120 3396 2174 nomine

1804 2207 2053 2275 enidrus,
2101 2208 2276 2279 spinis
2301 2209 2541 2280 repletus
2570 2209 2720 2264 velut
2764 2210 2985 2267 ericius.
3016 2209 3143 2267 Haec
3172 2211 3288 2267 luto
3336 2229 3392 2268 se

1803 2299 2085 2356 involvens
2129 2309 2377 2371 apertum
2427 2316 2490 2357 os
2529 2301 2790 2357 crocodili
2838 2302 3143 2375 ingreditur
3170 2345 3187 2370 ,
3233 2319 3393 2360 mox-

1802 2407 1910 2463 que
1934 2391 2004 2447 ab
2029 2406 2096 2447 eo
2127 2392 2442 2464 deglutitur.
2469 2391 2603 2460 Qua:
2630 2401 2827 2450 cuncta
2860 2394 3071 2450 interna
3102 2394 3223 2465 ejus
3265 2394 3382 2466 spi-

1802 2485 1890 2540 nis
1921 2484 2174 2551 terebrat,
2204 2492 2261 2540 et
2293 2493 2519 2541 enecata
2546 2485 2722 2541 bestia
2756 2485 2878 2541 viva
2906 2495 3129 2543 remeat.
3157 2486 3393 2542 Bestiola

1801 2577 2021 2647 spinosa
2048 2585 2132 2631 est
2156 2573 2361 2632 Christi
2388 2591 2539 2643 caro,
2563 2578 2768 2633 nostris
2791 2576 3028 2634 miseriis
3052 2593 3384 2636 aerumnosa.

1800 2665 1929 2724 Ilaec
1959 2682 2019 2724 se
2051 2666 2167 2724 luto
2196 2666 2418 2723 involvit
2459 2666 2593 2723 dum
2624 2667 2938 2740 opprobriis
2964 2667 3158 2724 mortis
3197 2682 3397 2724 succu-

1804 2761 1938 2816 buit.
1970 2759 2172 2816 Bellum
2209 2775 2272 2817 os
2304 2759 2629 2831 ingreditur,
2672 2759 2803 2816 dum
2843 2758 3143 2816 insatiabili
3177 2759 3397 2818 inferno

1799 2851 2112 2909 devoratur.
2149 2851 2256 2909 Sed
2314 2852 2532 2908 interna
2566 2853 2764 2909 bellua:
2803 2853 3092 2917 eviscerat,
3120 2861 3171 2909 et
3201 2853 3394 2909 victrix

1798 2944 2095 3016 egreditur,
2122 2944 2252 3015 quia
2280 2944 2535 3000 Christus
2560 2943 2833 2999 infernum
2860 2943 3151 3014 despoliat,
3175 2954 3229 3000 et
3270 2960 3396 3000 cum

1803 3035 1925 3091 aliis
1951 3051 1983 3090 a
2014 3045 2192 3090 morte
2233 3050 2551 3106 resurgens,
2580 3036 2757 3091 victor
2789 3035 2856 3090 ad
2898 3045 3047 3090 astra
3080 3035 3394 3090 revertitur.

116 3127 346 3197 Quando
404 3135 585 3182 autem
644 3125 954 3197 benignitas
985 3124 1081 3180 Dei
1113 3133 1317 3180 attenta
1356 3124 1423 3180 ad
1453 3120 1705 3180 amorem
1727 3154 1773 3218 ο
1804 3125 1870 3181 Et
1892 3125 2170 3197 quomodo
2188 3124 2431 3181 Lazarus
2460 3135 2712 3182 mortuus
2739 3127 3058 3194 resurrexit,
3083 3142 3400 3183 resurrexe-

117 3238 216 3279 cor
248 3230 493 3276 nostram
544 3218 846 3274 inﬂammat
892 3237 904 3272 :
948 3217 1067 3273 dies
1096 3226 1179 3272 est
1215 3215 1453 3287 Spiritus
1499 3216 1696 3272 sancti.

116 3314 361 3370 Potentia
415 3320 621 3378 terret,
686 3310 954 3382 sapientia
1027 3308 1336 3376 illuminat,
1395 3308 1702 3379 benignitas

119 3405 370 3462 Iretitlcat.
402 3403 459 3458 lu
496 3403 583 3457 dic
618 3402 875 3473 potentia:
910 3415 1005 3470 per
1028 3399 1280 3454 timorem
1307 3399 1612 3465 morimur;
1644 3398 1700 3453 in

120 3497 207 3552 die
245 3496 522 3568 sapientiae
544 3493 657 3565 {per
684 3491 1198 3562 contemplationem
1228 3490 1472 3546 veritatis
1500 3508 1530 3546 a
1562 3499 1702 3547 stre-

117 3588 232 3663 pitu
264 3587 451 3643 mundi
483 3585 805 3655 sepelimur;
840 3583 895 3637 in
923 3582 1012 3637 die
1045 3580 1401 3652 benignitatis
1426 3597 1521 3651 per
1546 3595 1700 3635 amo-

115 3697 232 3739 rem
260 3690 313 3737 et
339 3678 667 3735 desiderium
698 3685 1024 3731 aeternorum
1047 3667 1317 3729 bonorum
1338 3674 1696 3744 resurgimus.

115 3772 302 3840 itaque
349 3769 403 3823 in
436 3767 524 3824 die
553 3766 827 3838 potentiae,
858 3773 1014 3820 sexto
1051 3764 1138 3819 die
1169 3763 1423 3819 Christus
1450 3771 1700 3818 mortuus

114 3872 232 3930 est;
276 3859 507 3930 septimo
532 3858 620 3913 die
669 3858 725 3912 iu
778 3856 1030 3928 sepulcro
1062 3855 1268 3926 jaeuit;
1300 3863 1493 3909 octavo
1514 3853 1601 3909 die
1639 3863 1699 3908 ut

117 3956 206 4010 leo
258 3950 577 4007 resurrexit.
610 3948 685 4005 De
739 3964 849 4019 quo
905 3948 1063 4003 leone
1099 3945 1274 4002 fertur
1307 3947 1452 4017 quod
1496 3945 1699 4016 apertis

116 4046 289 4104 oculis
318 4043 577 4111 dormiat,
608 4050 662 4096 et
707 4041 881 4097 cauda
929 4057 1026 4097 sua
1068 4040 1295 4111 vestigia
1326 4039 1524 4107 deleat,
1553 4053 1619 4093 ne
1665 4054 1697 4094 a

119 4140 466 4197 venatoribus
495 4137 727 4193 inveniri
773 4145 955 4208 queat.
984 4136 1062 4191 lta
1091 4136 1358 4191 Dominus
1387 4133 1574 4201 Jesus,
1612 4134 1697 4191 leo

116 4235 187 4288 de
214 4232 351 4286 tribu
380 4228 540 4294 Juda,
574 4229 852 4295 dormivit,
880 4237 935 4283 et
963 4243 1217 4284 somnum
1250 4228 1444 4283 mortis
1470 4229 1610 4298 cepit
1641 4227 1695 4284 in

117 4323 484 4391 humanitate;
518 4323 612 4378 sed
647 4321 891 4392 vigilavit
936 4322 991 4376 in
1028 4321 1333 4376 divinitate.
1375 4320 1693 4393 Mysterinm

116 4425 311 4474 nostra:
341 4414 703 4487 reparationis
731 4429 896 4470 carne
922 4414 1001 4470 sic
1022 4413 1238 4481 celavit,
1253 4419 1395 4485 quod
1419 4429 1450 4469 a
1485 4413 1694 4469 daemo-

116 4511 275 4567 nibus
301 4509 356 4565 in
402 4508 874 4581 perseeutionibus
905 4506 1151 4579 indagari
1180 4523 1289 4562 non
1323 4508 1511 4563 valuit.
1541 4505 1690 4562 Dici-
1726 4491 1770 4546 Ῑ)

116 4612 206 4659 tur
249 4601 409 4658 etiam
462 4600 610 4671 quod
646 4600 815 4655 leaena
850 4600 1064 4656 catulos
1107 4615 1238 4655 suos
1285 4609 1534 4655 mortuos
1569 4598 1694 4653 fun-

114 4696 225 4761 dat,
250 4702 301 4749 et
327 4693 430 4765 ipsi
460 4693 526 4748 ad
558 4708 745 4749 vocem
777 4692 944 4763 patris
970 4692 1236 4763 rugientis
1263 4691 1353 4747 die
1385 4692 1546 4747 tertio
1571 4707 1695 4746 sur-

114 4795 259 4859 gant.
312 4786 405 4842 Sic
451 4786 634 4841 triduo
682 4783 937 4840 Christus
982 4783 1074 4855 qui
1125 4784 1179 4838 in
1229 4784 1480 4855 sepulcro
1521 4784 1696 4855 jacuit

116 4889 380 4944 mortuus,
413 4869 705 4932 die'tertia
748 4859 1005 4932 surrexit.
1050 4874 1229 4930 Patris
1274 4891 1407 4931 voce
1436 4892 1695 4949 experge-

115 4973 309 5035 factus,
344 4970 489 5026 sicut
530 4968 660 5024 olim
700 4968 768 5023 de
798 4982 865 5022 eo
890 4965 1142 5037 praedixit
1183 4964 1352 5021 Jacob
1384 4965 1695 5036 patriarcha

114 5063 416 5139 praecipuus
452 5081 466 5118 :
511 5082 530 5113 ι
564 5060 702 5117 Juda
727 5062 963 5116 dormiet
994 5070 1055 5116 ut
1075 5059 1294 5116 catulus
1329 5058 1542 5115 leonis:
1568 5060 1694 5130 quis

115 5155 397 5212 suscitabit
441 5154 609 5210 eum?
658 5152 740 5209 Ad
783 5152 1042 5223 praedam,
1098 5152 1175 5209 fili
1214 5152 1312 5216 mi,
1338 5151 1689 5207 descendisti.

112 5248 334 5303 Lavabit
360 5247 414 5302 in
455 5248 587 5303 vino
630 5246 825 5302 stolam
854 5261 1032 5308 suam,
1065 5255 1119 5301 et
1146 5245 1200 5300 iu
1233 5243 1502 5312 sanguine
1541 5243 1699 5299 oliva!

112 5337 331 5409 pallium
361 5352 522 5394 suum
558 5335 710 5408 (Gen.
743 5338 913 5406 xux).
949 5355 968 5389 ι
1000 5334 1267 5391 Dominus
1292 5335 1359 5391 de
1382 5334 1523 5389 tribr
1554 5333 1694 5391 Iuda

1806 3225 1937 3272 runt
1967 3217 2140 3272 multa
2194 3233 2453 3288 corpora,
2487 3226 2546 3273 ut
2586 3217 2879 3273 Dominum
2917 3218 3266 3274 ostenderent
3308 3236 3398 3276 re-

1805 3320 2139 3382 surgentem,
2189 3318 2244 3365 et
2293 3319 2409 3365 tum
2460 3318 2816 3366 monumenta
2864 3320 3052 3382 aperta
3108 3314 3397 3369 sunt:sed

1804 3418 1913 3457 non
1971 3409 2099 3459 ante
2142 3414 2561 3458 resurrexerunt
2607 3418 2774 3472 quam
2822 3400 3086 3458 Dominus
3136 3412 3197 3457 ut
3255 3416 3400 3460 esset

1802 3493 2202 3564 primogenitus
2224 3493 2646 3549 resurrectionis
2667 3508 2731 3548 ex
2758 3494 3009 3549 mortuis.
3024 3494 3401 3551 «Intraverunt

1803 3585 1989 3654 itaque
2011 3593 2255 3639 sanctam
2304 3584 2579 3640 civitatem
2613 3582 2832 3655 (Matth.
2859 3585 3053 3656 xxvn).
3090 3605 3110 3638 ι
3141 3586 3398 3642 Sanctam

1802 3676 2074 3731 civitatem
2119 3676 2258 3731 dixit
2305 3684 2399 3731 aut
2446 3676 2722 3733 caelestem
2761 3674 3138 3745 Hierusalem,
3197 3680 3251 3733 in
3291 3696 3400 3750 qua

1800 3767 1903 3822 visi
1933 3771 2088 3833 sunt,
2121 3777 2215 3823 aut
2264 3776 2599 3837 terrestrem,
2629 3783 2752 3839 qua)
2797 3777 2924 3825 ante
2975 3780 3164 3826 sancta
3219 3787 3251 3826 a
3298 3771 3402 3827 fuit

1801 3868 2023 3929 propter
2055 3859 2344 3929 templum,
2366 3868 2420 3914 et
2439 3868 2629 3916 sancta
2665 3870 3006 3928 sanctorum,
3030 3870 3083 3916 et
3107 3862 3173 3917 ad
3198 3863 3399 3918 distin-

1800 3952 2036 4007 ctionem
2061 3953 2292 4012 aliarum
2316 3953 2556 4019 urbium,
2577 3953 2631 4008 in
2659 3954 2860 4024 quibus
2886 3955 3026 4009 idola
3053 3956 3395 4013 colebantur.

1799 4041 1982 4097 Multis
1994 4053 2384 4112 apparuerunt,
2400 4043 2485 4097 his
2500 4042 2852 4114 videlicetqui
2864 4043 3045 4099 videre
3059 4056 3399 4106 meruerunt.

1802 4132 2135 4205 (Dentatus)
2175 4133 2240 4188 lli
2289 4134 2588 4189 creduntur
2631 4150 2756 4190 cum
2801 4133 3032 4191 Domino
3065 4139 3397 4197 ascendente

1798 4227 2113 4283 ascendisse
2140 4234 2348 4283 tantum
2377 4227 2541 4282 simul
2566 4242 2688 4283 cum
2712 4242 2960 4298 corpore.
2982 4226 3151 4300 Igitur
3174 4239 3232 4285 ut
3258 4248 3398 4303 pra:-

1798 4319 1971 4375 l'atum
1987 4328 2094 4385 est,
2108 4319 2254 4375 sicut
2271 4320 2327 4373 in
2342 4319 2431 4375 die
2445 4320 2699 4390 potentiae
2714 4328 2865 4376 sexta
2881 4320 2969 4378 die
2983 4320 3236 4380 Christus
3250 4341 3400 4379 mor-

1797 4422 1925 4469 tuus
1951 4420 2056 4479 est,
2087 4412 2318 4483 septima
2338 4412 2426 4467 die
2458 4411 2514 4467 in
2555 4413 2808 4484 sepulcro
2836 4413 3043 4484 jacuit,
3074 4422 3264 4472 octava
3311 4419 3402 4481 die

1801 4507 2118 4576 resurrexit,
2156 4508 2231 4563 ita
2274 4506 2441 4563 simili
2476 4507 2638 4563 modo
2666 4508 2904 4579 primum
2934 4509 3178 4580 potentia
3217 4509 3272 4564 in
3314 4511 3403 4568 die

1802 4615 1905 4656 suo
1932 4615 2028 4671 per
2066 4600 2319 4656 timorem
2362 4615 2465 4656 nos
2502 4615 2533 4654 a
2578 4600 2894 4656 carnalibus
2939 4600 3225 4657 desideriis
3266 4599 3403 4659 foris

1802 4694 2036 4761 occidat,
2064 4694 2262 4749 deinde
2309 4693 2576 4764 sapientia
2628 4694 2683 4749 in
2712 4694 2803 4750 die
2835 4708 2939 4750 suo
3001 4694 3149 4750 intus
3180 4694 3237 4750 in
3276 4694 3405 4751 abss

1801 4784 2022 4840 condito
2077 4783 2555 4855 contemplationis
2600 4785 2860 4854 sepeliat;
2918 4794 3198 4856 postremo
3248 4786 3403 4843 beni-

1801 4877 1982 4948 gnitas
2011 4876 2065 4931 in
2090 4877 2177 4932 die
2199 4891 2301 4932 suo
2331 4891 2427 4947 per
2446 4875 2778 4931 desiderium
2800 4877 2973 4932 divini
2998 4877 3202 4934 amoris
3219 4879 3400 4934 viviti-
3434 4870 3461 4885 ”’

1803 4976 1958 5023 catos
1988 4982 2286 5039 exsurgere
2312 4965 2498 5034 faciat,
2523 4966 2653 5038 quia
2693 4974 2884 5023 sextus
2912 4967 2979 5023 ad
3012 4967 3281 5039 laborem,
3315 4986 3399 5026 sc-

1803 5062 2031 5133 ptimus,
2056 5060 2124 5116 ad
2148 5061 2416 5131 requiem,
2442 5068 2671 5116 octavus
2693 5060 2928 5132 pertinet
2947 5060 3015 5116 ad
3039 5063 3398 5119 resurrectio-

1804 5168 1952 5208 nem.
1978 5151 2155 5219 Quam
2179 5151 2337 5207 nobis
2379 5151 2808 5208 misericorditer
2855 5151 3097 5209 tribuere
3140 5153 3396 5224 dignetur

1805 5243 2071 5300 Dominus
2099 5251 2288 5300 noster
2312 5240 2473 5300 Jesus
2495 5242 2769 5311 Christus,
2800 5242 2896 5315 qui
2935 5259 3033 5319 pro
3062 5244 3222 5303 nobis
3253 5260 3379 5302 mor

1808 5342 1935 5395 tuus
1956 5337 2091 5394 vivit
2115 5346 2170 5394 et
2201 5346 2391 5410 regnat
2419 5335 2566 5394 Deus
2596 5352 2694 5410 per
2715 5337 2925 5407 omnia,
2947 5346 3055 5395 etc.
