  <div class='ocr_page' id='page_1' title='image "/cluster/home/n/w/nwhite01/storage/ocr_20150623/157/hvd.32044010248185/483.png"; bbox 0 0 3950 6380; ppageno 0'>
   <div class='ocr_carea' id='block_1_1' title="bbox 668 351 779 408">
    <p class='ocr_par' dir='ltr' id='par_1_1' title="bbox 668 351 779 408">
     <span class='ocr_line' id='line_1_1' title="bbox 668 351 779 408; baseline 0.009 -1"><span class='ocrx_word' id='word_1_1' title='bbox 668 351 779 408; x_wconf 79' lang='lat'><strong>955</strong></span> 
     </span>
    </p>
   </div>
   <div class='ocr_carea' id='block_1_2' title="bbox 1813 362 3802 442">
    <p class='ocr_par' dir='ltr' id='par_1_2' title="bbox 1813 362 3802 442">
     <span class='ocr_line' id='line_1_2' title="bbox 1813 362 3802 442; baseline 0.011 -26"><span class='ocrx_word' id='word_1_2' title='bbox 1813 362 2142 420; x_wconf 77' lang='lat' dir='ltr'><strong>WERNERI</strong></span> <span class='ocrx_word' id='word_1_3' title='bbox 2182 368 2476 425; x_wconf 68' lang='lat' dir='ltr'><strong>AISBATIS</strong></span> <span class='ocrx_word' id='word_1_4' title='bbox 2519 370 2574 424; x_wconf 91' lang='lat' dir='ltr'><strong>S.</strong></span> <span class='ocrx_word' id='word_1_5' title='bbox 2620 370 2840 426; x_wconf 73' lang='lat' dir='ltr'><strong>BLASII</strong></span> <span class='ocrx_word' id='word_1_6' title='bbox 3751 382 3802 442; x_wconf 70' lang='lat' dir='ltr'><strong>93a</strong></span> 
     </span>
    </p>
   </div>
   <div class='ocr_carea' id='block_1_3' title="bbox 1795 601 2814 700">
    <p class='ocr_par' dir='ltr' id='par_1_3' title="bbox 1795 601 2814 700">
     <span class='ocr_line' id='line_1_3' title="bbox 1795 601 2814 700; baseline 0.009 -25"><span class='ocrx_word' id='word_1_7' title='bbox 1795 601 2306 685; x_wconf 81' lang='lat' dir='ltr'><strong>DOMINICA</strong></span> <span class='ocrx_word' id='word_1_8' title='bbox 2380 606 2814 700; x_wconf 79' lang='lat' dir='ltr'><strong>QUARTA.</strong></span> 
     </span>
    </p>
   </div>
   <div class='ocr_carea' id='block_1_4' title="bbox 1934 779 2684 844">
    <p class='ocr_par' dir='ltr' id='par_1_4' title="bbox 1934 779 2684 844">
     <span class='ocr_line' id='line_1_4' title="bbox 1934 779 2684 844; baseline 0.005 -4"><span class='ocrx_word' id='word_1_9' title='bbox 1934 779 2306 842; x_wconf 88' lang='lat' dir='ltr'><strong>Secundum</strong></span> <span class='ocrx_word' id='word_1_10' title='bbox 2346 782 2684 844; x_wconf 82' lang='lat' dir='ltr'><strong>Joannem.</strong></span> 
     </span>
    </p>
   </div>
   <div class='ocr_carea' id='block_1_5' title="bbox 741 927 3796 1020">
    <p class='ocr_par' dir='ltr' id='par_1_5' title="bbox 741 927 3796 1020">
     <span class='ocr_line' id='line_1_5' title="bbox 741 927 3796 1020; baseline 0.011 -42"><span class='ocrx_word' id='word_1_11' title='bbox 741 943 760 978; x_wconf 72' lang='grc' dir='ltr'><strong><em>ο</em></strong></span> <span class='ocrx_word' id='word_1_12' title='bbox 807 927 1001 994; x_wconf 86' lang='lat' dir='ltr'><strong>Amen,</strong></span> <span class='ocrx_word' id='word_1_13' title='bbox 1033 943 1190 984; x_wconf 89' lang='lat' dir='ltr'><strong>amen</strong></span> <span class='ocrx_word' id='word_1_14' title='bbox 1221 929 1344 986; x_wconf 84' lang='lat' dir='ltr'><strong>dico</strong></span> <span class='ocrx_word' id='word_1_15' title='bbox 1375 932 1547 1000; x_wconf 93' lang='lat' dir='ltr'><strong>vobis,</strong></span> <span class='ocrx_word' id='word_1_16' title='bbox 1583 952 1626 991; x_wconf 69' lang='lat' dir='ltr'><strong>sn</strong></span> <span class='ocrx_word' id='word_1_17' title='bbox 1671 938 1801 1004; x_wconf 87' lang='lat' dir='ltr'><strong>quid</strong></span> <span class='ocrx_word' id='word_1_18' title='bbox 1839 942 2104 1007; x_wconf 74' lang='lat' dir='ltr'><strong>petieritis</strong></span> <span class='ocrx_word' id='word_1_19' title='bbox 2146 942 2246 997; x_wconf 80' lang='lat' dir='ltr'><strong>Pa—</strong></span> <span class='ocrx_word' id='word_1_20' title='bbox 2276 949 2323 1006; x_wconf 80' lang='grc' dir='ltr'><strong>Α</strong></span> <span class='ocrx_word' id='word_1_21' title='bbox 2351 961 2466 1012; x_wconf 87' lang='lat' dir='ltr'><strong>rus,</strong></span> <span class='ocrx_word' id='word_1_22' title='bbox 2495 960 2602 998; x_wconf 91' lang='lat' dir='ltr'><strong>non</strong></span> <span class='ocrx_word' id='word_1_23' title='bbox 2625 944 2843 1014; x_wconf 89' lang='lat' dir='ltr'><strong>judicas</strong></span> <span class='ocrx_word' id='word_1_24' title='bbox 2887 954 2940 999; x_wconf 88' lang='lat' dir='ltr'><strong>et</strong></span> <span class='ocrx_word' id='word_1_25' title='bbox 2971 946 3226 1003; x_wconf 77' lang='lat' dir='ltr'><strong>vindicas</strong></span> <span class='ocrx_word' id='word_1_26' title='bbox 3257 950 3556 1020; x_wconf 83' lang='lat' dir='ltr'><strong>sanguinem</strong></span> <span class='ocrx_word' id='word_1_27' title='bbox 3582 961 3796 1010; x_wconf 73' lang='lat' dir='ltr'><strong>nostrumdc</strong></span> 
     </span>
    </p>
   </div>
   <div class='ocr_carea' id='block_1_6' title="bbox 663 1019 2240 1103">
    <p class='ocr_par' dir='ltr' id='par_1_6' title="bbox 663 1019 2240 1103">
     <span class='ocr_line' id='line_1_6' title="bbox 663 1019 2240 1103; baseline 0.01 -31"><span class='ocrx_word' id='word_1_28' title='bbox 663 1026 799 1072; x_wconf 91' lang='lat' dir='ltr'><strong>trem</strong></span> <span class='ocrx_word' id='word_1_29' title='bbox 847 1019 901 1075; x_wconf 89' lang='lat' dir='ltr'><strong>in</strong></span> <span class='ocrx_word' id='word_1_30' title='bbox 953 1022 1174 1078; x_wconf 87' lang='lat' dir='ltr'><strong>nomine</strong></span> <span class='ocrx_word' id='word_1_31' title='bbox 1228 1039 1370 1090; x_wconf 89' lang='lat' dir='ltr'><strong>meo,</strong></span> <span class='ocrx_word' id='word_1_32' title='bbox 1423 1027 1575 1082; x_wconf 91' lang='lat' dir='ltr'><strong>dabit</strong></span> <span class='ocrx_word' id='word_1_33' title='bbox 1620 1031 1774 1086; x_wconf 84' lang='lat' dir='ltr'><strong>vobis</strong></span> <span class='ocrx_word' id='word_1_34' title='bbox 1825 1031 2008 1103; x_wconf 84' lang='lat' dir='ltr'><strong>(Joan.</strong></span> <span class='ocrx_word' id='word_1_35' title='bbox 2056 1036 2190 1103; x_wconf 78' lang='lat' dir='ltr'><strong>xvi).</strong></span> <span class='ocrx_word' id='word_1_36' title='bbox 2221 1055 2240 1088; x_wconf 78' lang='grc' dir='ltr'><strong>ι</strong></span> 
     </span>
    </p>
   </div>
   <div class='ocr_carea' id='block_1_7' title="bbox 658 1108 2248 1194">
    <p class='ocr_par' dir='ltr' id='par_1_7' title="bbox 658 1108 2248 1194">
     <span class='ocr_line' id='line_1_7' title="bbox 658 1108 2248 1194; baseline 0.014 -33"><span class='ocrx_word' id='word_1_37' title='bbox 658 1108 933 1182; x_wconf 81' lang='lat' dir='ltr'><strong>Quidquid</strong></span> <span class='ocrx_word' id='word_1_38' title='bbox 976 1116 1175 1183; x_wconf 90' lang='lat' dir='ltr'><strong>petitur</strong></span> <span class='ocrx_word' id='word_1_39' title='bbox 1198 1127 1388 1172; x_wconf 90' lang='lat' dir='ltr'><strong>contra</strong></span> <span class='ocrx_word' id='word_1_40' title='bbox 1422 1120 1675 1188; x_wconf 90' lang='lat' dir='ltr'><strong>salutem,</strong></span> <span class='ocrx_word' id='word_1_41' title='bbox 1706 1138 1812 1177; x_wconf 93' lang='lat' dir='ltr'><strong>non</strong></span> <span class='ocrx_word' id='word_1_42' title='bbox 1847 1127 2048 1194; x_wconf 85' lang='lat' dir='ltr'><strong>petitur</strong></span> <span class='ocrx_word' id='word_1_43' title='bbox 2071 1127 2123 1181; x_wconf 92' lang='lat' dir='ltr'><strong>in</strong></span> <span class='ocrx_word' id='word_1_44' title='bbox 2152 1145 2248 1182; x_wconf 82' lang='lat' dir='ltr'><strong>no-</strong></span> 
     </span>
    </p>
   </div>
   <div class='ocr_carea' id='block_1_8' title="bbox 658 1202 2243 1285">
    <p class='ocr_par' dir='ltr' id='par_1_8' title="bbox 658 1202 2243 1285">
     <span class='ocr_line' id='line_1_8' title="bbox 658 1202 2243 1285; baseline 0.012 -29"><span class='ocrx_word' id='word_1_45' title='bbox 658 1202 806 1257; x_wconf 90' lang='lat' dir='ltr'><strong>mine</strong></span> <span class='ocrx_word' id='word_1_46' title='bbox 837 1203 1156 1262; x_wconf 85' lang='lat' dir='ltr'><strong>Salvatoris.</strong></span> <span class='ocrx_word' id='word_1_47' title='bbox 1194 1207 1331 1264; x_wconf 89' lang='lat' dir='ltr'><strong>Cum</strong></span> <span class='ocrx_word' id='word_1_48' title='bbox 1381 1209 1534 1278; x_wconf 88' lang='lat' dir='ltr'><strong>dicit,</strong></span> <span class='ocrx_word' id='word_1_49' title='bbox 1585 1213 1640 1268; x_wconf 90' lang='lat' dir='ltr'><strong>in</strong></span> <span class='ocrx_word' id='word_1_50' title='bbox 1685 1217 1905 1271; x_wconf 88' lang='lat' dir='ltr'><strong>nomine</strong></span> <span class='ocrx_word' id='word_1_51' title='bbox 1944 1234 2086 1285; x_wconf 89' lang='lat' dir='ltr'><strong>meo,</strong></span> <span class='ocrx_word' id='word_1_52' title='bbox 2137 1236 2243 1275; x_wconf 87' lang='lat' dir='ltr'><strong>non</strong></span> 
     </span>
    </p>
   </div>
   <div class='ocr_carea' id='block_1_9' title="bbox 658 1295 2242 1380">
    <p class='ocr_par' dir='ltr' id='par_1_9' title="bbox 658 1295 2242 1380">
     <span class='ocr_line' id='line_1_9' title="bbox 658 1295 2242 1380; baseline 0.015 -35"><span class='ocrx_word' id='word_1_53' title='bbox 658 1295 774 1348; x_wconf 85' lang='lat' dir='ltr'><strong>vult</strong></span> <span class='ocrx_word' id='word_1_54' title='bbox 801 1296 1025 1369; x_wconf 82' lang='lat' dir='ltr'><strong>intelligi</strong></span> <span class='ocrx_word' id='word_1_55' title='bbox 1076 1299 1142 1355; x_wconf 91' lang='lat' dir='ltr'><strong>de</strong></span> <span class='ocrx_word' id='word_1_56' title='bbox 1189 1299 1358 1369; x_wconf 90' lang='lat' dir='ltr'><strong>dono,</strong></span> <span class='ocrx_word' id='word_1_57' title='bbox 1403 1305 1497 1359; x_wconf 90' lang='lat' dir='ltr'><strong>sed</strong></span> <span class='ocrx_word' id='word_1_58' title='bbox 1541 1307 1608 1362; x_wconf 91' lang='lat' dir='ltr'><strong>de</strong></span> <span class='ocrx_word' id='word_1_59' title='bbox 1653 1308 1776 1362; x_wconf 87' lang='lat' dir='ltr'><strong>soni</strong></span> <span class='ocrx_word' id='word_1_60' title='bbox 1825 1310 2242 1380; x_wconf 80' lang='lat' dir='ltr'><strong>signiﬁcatione.</strong></span> 
     </span>
    </p>
   </div>
   <div class='ocr_carea' id='block_1_10' title="bbox 660 1381 2245 1469">
    <p class='ocr_par' dir='ltr' id='par_1_10' title="bbox 660 1381 2245 1469">
     <span class='ocr_line' id='line_1_10' title="bbox 660 1381 2245 1469; baseline 0.015 -32"><span class='ocrx_word' id='word_1_61' title='bbox 660 1381 815 1440; x_wconf 87' lang='lat' dir='ltr'><strong>Unde</strong></span> <span class='ocrx_word' id='word_1_62' title='bbox 835 1387 928 1456; x_wconf 87' lang='lat' dir='ltr'><strong>qui</strong></span> <span class='ocrx_word' id='word_1_63' title='bbox 955 1389 1096 1443; x_wconf 90' lang='lat' dir='ltr'><strong>male</strong></span> <span class='ocrx_word' id='word_1_64' title='bbox 1117 1391 1279 1446; x_wconf 86' lang='lat' dir='ltr'><strong>sentit</strong></span> <span class='ocrx_word' id='word_1_65' title='bbox 1303 1392 1368 1446; x_wconf 92' lang='lat' dir='ltr'><strong>de</strong></span> <span class='ocrx_word' id='word_1_66' title='bbox 1391 1391 1630 1463; x_wconf 80' lang='lat' dir='ltr'><strong>Christo,</strong></span> <span class='ocrx_word' id='word_1_67' title='bbox 1657 1413 1763 1452; x_wconf 92' lang='lat' dir='ltr'><strong>non</strong></span> <span class='ocrx_word' id='word_1_68' title='bbox 1790 1401 1922 1469; x_wconf 86' lang='lat' dir='ltr'><strong>petit</strong></span> <span class='ocrx_word' id='word_1_69' title='bbox 1946 1402 1999 1456; x_wconf 90' lang='lat' dir='ltr'><strong>in</strong></span> <span class='ocrx_word' id='word_1_70' title='bbox 2025 1405 2245 1460; x_wconf 87' lang='lat' dir='ltr'><strong>nomine</strong></span> 
     </span>
    </p>
   </div>
   <div class='ocr_carea' id='block_1_11' title="bbox 655 1475 2240 1564">
    <p class='ocr_par' dir='ltr' id='par_1_11' title="bbox 655 1475 2240 1564">
     <span class='ocr_line' id='line_1_11' title="bbox 655 1475 2240 1564; baseline 0.013 -35"><span class='ocrx_word' id='word_1_71' title='bbox 655 1475 816 1545; x_wconf 84' lang='lat' dir='ltr'><strong>ejus,</strong></span> <span class='ocrx_word' id='word_1_72' title='bbox 865 1479 1026 1534; x_wconf 85' lang='lat' dir='ltr'><strong>etiam</strong></span> <span class='ocrx_word' id='word_1_73' title='bbox 1080 1482 1125 1535; x_wconf 91' lang='lat' dir='ltr'><strong>si</strong></span> <span class='ocrx_word' id='word_1_74' title='bbox 1175 1483 1296 1552; x_wconf 88' lang='lat' dir='ltr'><strong>ejus</strong></span> <span class='ocrx_word' id='word_1_75' title='bbox 1339 1485 1576 1554; x_wconf 88' lang='lat' dir='ltr'><strong>proferat</strong></span> <span class='ocrx_word' id='word_1_76' title='bbox 1634 1505 1874 1557; x_wconf 87' lang='lat' dir='ltr'><strong>nomen;</strong></span> <span class='ocrx_word' id='word_1_77' title='bbox 1926 1495 2017 1564; x_wconf 88' lang='lat' dir='ltr'><strong>qui</strong></span> <span class='ocrx_word' id='word_1_78' title='bbox 2073 1511 2240 1562; x_wconf 89' lang='lat' dir='ltr'><strong>vero,</strong></span> 
     </span>
    </p>
   </div>
   <div class='ocr_carea' id='block_1_12' title="bbox 657 1572 2242 1656">
    <p class='ocr_par' dir='ltr' id='par_1_12' title="bbox 657 1572 2242 1656">
     <span class='ocr_line' id='line_1_12' title="bbox 657 1572 2242 1656; baseline 0.014 -35"><span class='ocrx_word' id='word_1_79' title='bbox 657 1579 803 1624; x_wconf 85' lang='lat' dir='ltr'><strong>recte</strong></span> <span class='ocrx_word' id='word_1_80' title='bbox 825 1572 1108 1629; x_wconf 88' lang='lat' dir='ltr'><strong>sentiendo</strong></span> <span class='ocrx_word' id='word_1_81' title='bbox 1143 1576 1210 1630; x_wconf 90' lang='lat' dir='ltr'><strong>de</strong></span> <span class='ocrx_word' id='word_1_82' title='bbox 1249 1577 1362 1644; x_wconf 91' lang='lat' dir='ltr'><strong>illo,</strong></span> <span class='ocrx_word' id='word_1_83' title='bbox 1403 1580 1535 1648; x_wconf 87' lang='lat' dir='ltr'><strong>petit</strong></span> <span class='ocrx_word' id='word_1_84' title='bbox 1571 1582 1799 1637; x_wconf 86' lang='lat' dir='ltr'><strong>salutem</strong></span> <span class='ocrx_word' id='word_1_85' title='bbox 1831 1587 2242 1656; x_wconf 87' lang='lat' dir='ltr'><strong>sempiternam,</strong></span> 
     </span>
    </p>
   </div>
   <div class='ocr_carea' id='block_1_13' title="bbox 655 1661 2243 1746">
    <p class='ocr_par' dir='ltr' id='par_1_13' title="bbox 655 1661 2243 1746">
     <span class='ocr_line' id='line_1_13' title="bbox 655 1661 2243 1746; baseline 0.015 -33"><span class='ocrx_word' id='word_1_86' title='bbox 655 1661 739 1714; x_wconf 87' lang='lat' dir='ltr'><strong>vel</strong></span> <span class='ocrx_word' id='word_1_87' title='bbox 765 1662 968 1733; x_wconf 88' lang='lat' dir='ltr'><strong>aliquid</strong></span> <span class='ocrx_word' id='word_1_88' title='bbox 997 1666 1275 1735; x_wconf 87' lang='lat' dir='ltr'><strong>pertinens</strong></span> <span class='ocrx_word' id='word_1_89' title='bbox 1302 1669 1369 1724; x_wconf 88' lang='lat' dir='ltr'><strong>ad</strong></span> <span class='ocrx_word' id='word_1_90' title='bbox 1401 1670 1570 1738; x_wconf 83' lang='lat' dir='ltr'><strong>illam,</strong></span> <span class='ocrx_word' id='word_1_91' title='bbox 1597 1673 1817 1744; x_wconf 91' lang='lat' dir='ltr'><strong>accipit,</strong></span> <span class='ocrx_word' id='word_1_92' title='bbox 1851 1679 2114 1746; x_wconf 89' lang='lat' dir='ltr'><strong>quoniam</strong></span> <span class='ocrx_word' id='word_1_93' title='bbox 2145 1681 2243 1736; x_wconf 88' lang='lat' dir='ltr'><strong>de-</strong></span> 
     </span>
    </p>
   </div>
   <div class='ocr_carea' id='block_1_14' title="bbox 653 1751 2241 1841">
    <p class='ocr_par' dir='ltr' id='par_1_14' title="bbox 653 1751 2241 1841">
     <span class='ocr_line' id='line_1_14' title="bbox 653 1751 2241 1841; baseline 0.016 -37"><span class='ocrx_word' id='word_1_94' title='bbox 653 1751 744 1806; x_wconf 89' lang='lat' dir='ltr'><strong>bet</strong></span> <span class='ocrx_word' id='word_1_95' title='bbox 768 1755 1032 1825; x_wconf 89' lang='lat' dir='ltr'><strong>accipere.</strong></span> <span class='ocrx_word' id='word_1_96' title='bbox 1057 1757 1167 1814; x_wconf 86' lang='lat' dir='ltr'><strong>Nec</strong></span> <span class='ocrx_word' id='word_1_97' title='bbox 1189 1761 1263 1814; x_wconf 90' lang='lat' dir='ltr'><strong>illi</strong></span> <span class='ocrx_word' id='word_1_98' title='bbox 1303 1763 1549 1831; x_wconf 63' lang='lat' dir='ltr'><strong>quaadam</strong></span> <span class='ocrx_word' id='word_1_99' title='bbox 1571 1775 1859 1838; x_wconf 82' lang='lat' dir='ltr'><strong>negantur,</strong></span> <span class='ocrx_word' id='word_1_100' title='bbox 1881 1771 2008 1841; x_wconf 85' lang='lat' dir='ltr'><strong>quia</strong></span> <span class='ocrx_word' id='word_1_101' title='bbox 2032 1782 2090 1827; x_wconf 90' lang='lat' dir='ltr'><strong>ut</strong></span> <span class='ocrx_word' id='word_1_102' title='bbox 2110 1790 2241 1829; x_wconf 73' lang='lat' dir='ltr'><strong>con~</strong></span> 
     </span>
    </p>
   </div>
   <div class='ocr_carea' id='block_1_15' title="bbox 654 1851 1736 1919">
    <p class='ocr_par' dir='ltr' id='par_1_15' title="bbox 654 1851 1736 1919">
     <span class='ocr_line' id='line_1_15' title="bbox 654 1851 1736 1919; baseline 0.015 -25"><span class='ocrx_word' id='word_1_103' title='bbox 654 1858 790 1912; x_wconf 86' lang='lat' dir='ltr'><strong>gruo</strong></span> <span class='ocrx_word' id='word_1_104' title='bbox 817 1853 1059 1916; x_wconf 90' lang='lat' dir='ltr'><strong>tempore</strong></span> <span class='ocrx_word' id='word_1_105' title='bbox 1086 1851 1304 1919; x_wconf 90' lang='lat' dir='ltr'><strong>dentur,</strong></span> <span class='ocrx_word' id='word_1_106' title='bbox 1339 1853 1684 1914; x_wconf 74' lang='lat' dir='ltr'><strong>differuntur.</strong></span> <span class='ocrx_word' id='word_1_107' title='bbox 1718 1879 1736 1910; x_wconf 76' lang='grc' dir='ltr'><strong>ι</strong></span> 
     </span>
    </p>
   </div>
   <div class='ocr_carea' id='block_1_16' title="bbox 729 1935 2240 2024">
    <p class='ocr_par' dir='ltr' id='par_1_16' title="bbox 729 1935 2240 2024">
     <span class='ocr_line' id='line_1_16' title="bbox 729 1935 2240 2024; baseline 0.017 -36"><span class='ocrx_word' id='word_1_108' title='bbox 729 1955 748 1988; x_wconf 73' lang='grc' dir='ltr'><strong>ι</strong></span> <span class='ocrx_word' id='word_1_109' title='bbox 797 1935 980 2010; x_wconf 89' lang='lat' dir='ltr'><strong>Usque</strong></span> <span class='ocrx_word' id='word_1_110' title='bbox 1009 1943 1168 1998; x_wconf 92' lang='lat' dir='ltr'><strong>modo</strong></span> <span class='ocrx_word' id='word_1_111' title='bbox 1205 1961 1312 2001; x_wconf 89' lang='lat' dir='ltr'><strong>non</strong></span> <span class='ocrx_word' id='word_1_112' title='bbox 1343 1948 1554 2017; x_wconf 89' lang='lat' dir='ltr'><strong>petistis</strong></span> <span class='ocrx_word' id='word_1_113' title='bbox 1597 1953 1894 2024; x_wconf 89' lang='lat' dir='ltr'><strong>quidquam</strong></span> <span class='ocrx_word' id='word_1_114' title='bbox 1929 1957 1984 2010; x_wconf 89' lang='lat' dir='ltr'><strong>in</strong></span> <span class='ocrx_word' id='word_1_115' title='bbox 2019 1959 2240 2015; x_wconf 88' lang='lat' dir='ltr'><strong>nomine</strong></span> 
     </span>
    </p>
   </div>
   <div class='ocr_carea' id='block_1_17' title="bbox 653 2033 2239 2115">
    <p class='ocr_par' dir='ltr' id='par_1_17' title="bbox 653 2033 2239 2115">
     <span class='ocr_line' id='line_1_17' title="bbox 653 2033 2239 2115; baseline 0.018 -36"><span class='ocrx_word' id='word_1_116' title='bbox 653 2041 776 2081; x_wconf 90' lang='lat' dir='ltr'><strong>meo</strong></span> <span class='ocrx_word' id='word_1_117' title='bbox 821 2047 835 2083; x_wconf 91' lang='lat'>:</span> <span class='ocrx_word' id='word_1_118' title='bbox 875 2033 1060 2100; x_wconf 84' lang='lat' dir='ltr'><strong>petite,</strong></span> <span class='ocrx_word' id='word_1_119' title='bbox 1091 2043 1146 2090; x_wconf 91' lang='lat' dir='ltr'><strong>et</strong></span> <span class='ocrx_word' id='word_1_120' title='bbox 1183 2037 1483 2108; x_wconf 86' lang='lat' dir='ltr'><strong>accipietis,</strong></span> <span class='ocrx_word' id='word_1_121' title='bbox 1511 2043 1852 2115; x_wconf 69' lang='lat' dir='ltr'><strong>utIgaudium</strong></span> <span class='ocrx_word' id='word_1_122' title='bbox 1895 2059 2138 2104; x_wconf 88' lang='lat' dir='ltr'><strong>vestrum</strong></span> <span class='ocrx_word' id='word_1_123' title='bbox 2169 2053 2239 2107; x_wconf 88' lang='lat' dir='ltr'><strong>sit</strong></span> 
     </span>
    </p>
   </div>
   <div class='ocr_carea' id='block_1_18' title="bbox 654 2118 2235 2210">
    <p class='ocr_par' dir='ltr' id='par_1_18' title="bbox 654 2118 2235 2210">
     <span class='ocr_line' id='line_1_18' title="bbox 654 2118 2235 2210; baseline 0.017 -38"><span class='ocrx_word' id='word_1_124' title='bbox 654 2118 895 2188; x_wconf 85' lang='lat' dir='ltr'><strong>plenum.</strong></span> <span class='ocrx_word' id='word_1_125' title='bbox 929 2143 946 2174; x_wconf 78' lang='grc' dir='ltr'><strong>ι</strong></span> <span class='ocrx_word' id='word_1_126' title='bbox 981 2124 1254 2198; x_wconf 85' lang='lat' dir='ltr'><strong>Quidquid</strong></span> <span class='ocrx_word' id='word_1_127' title='bbox 1302 2131 1449 2188; x_wconf 89' lang='lat' dir='ltr'><strong>aliud</strong></span> <span class='ocrx_word' id='word_1_128' title='bbox 1477 2136 1678 2205; x_wconf 89' lang='lat' dir='ltr'><strong>petitur</strong></span> <span class='ocrx_word' id='word_1_129' title='bbox 1722 2154 1886 2208; x_wconf 90' lang='lat' dir='ltr'><strong>quam</strong></span> <span class='ocrx_word' id='word_1_130' title='bbox 1917 2141 2027 2196; x_wconf 87' lang='lat' dir='ltr'><strong>vita</strong></span> <span class='ocrx_word' id='word_1_131' title='bbox 2055 2143 2235 2210; x_wconf 91' lang='lat' dir='ltr'><strong>beata,</strong></span> 
     </span>
    </p>
   </div>
   <div class='ocr_carea' id='block_1_19' title="bbox 651 2211 2234 2292">
    <p class='ocr_par' dir='ltr' id='par_1_19' title="bbox 651 2211 2234 2292">
     <span class='ocr_line' id='line_1_19' title="bbox 651 2211 2234 2292; baseline 0.019 -29"><span class='ocrx_word' id='word_1_132' title='bbox 651 2211 736 2265; x_wconf 84' lang='lat' dir='ltr'><strong>vel</strong></span> <span class='ocrx_word' id='word_1_133' title='bbox 765 2216 908 2282; x_wconf 90' lang='lat' dir='ltr'><strong>quod</strong></span> <span class='ocrx_word' id='word_1_134' title='bbox 937 2217 1003 2270; x_wconf 90' lang='lat' dir='ltr'><strong>ad</strong></span> <span class='ocrx_word' id='word_1_135' title='bbox 1028 2233 1145 2272; x_wconf 91' lang='lat' dir='ltr'><strong>eam</strong></span> <span class='ocrx_word' id='word_1_136' title='bbox 1178 2223 1430 2290; x_wconf 84' lang='lat' dir='ltr'><strong>pertinet,</strong></span> <span class='ocrx_word' id='word_1_137' title='bbox 1455 2227 1590 2281; x_wconf 91' lang='lat' dir='ltr'><strong>nihil</strong></span> <span class='ocrx_word' id='word_1_138' title='bbox 1617 2238 1701 2285; x_wconf 89' lang='lat' dir='ltr'><strong>est</strong></span> <span class='ocrx_word' id='word_1_139' title='bbox 1721 2231 1772 2284; x_wconf 92' lang='lat' dir='ltr'><strong>in</strong></span> <span class='ocrx_word' id='word_1_140' title='bbox 1798 2241 1962 2288; x_wconf 68' lang='lat' dir='ltr'><strong>tanta:</strong></span> <span class='ocrx_word' id='word_1_141' title='bbox 1983 2235 2061 2290; x_wconf 88' lang='lat' dir='ltr'><strong>rei</strong></span> <span class='ocrx_word' id='word_1_142' title='bbox 2086 2253 2234 2292; x_wconf 88' lang='lat' dir='ltr'><strong>com-</strong></span> 
     </span>
    </p>
   </div>
   <div class='ocr_carea' id='block_1_20' title="bbox 652 2308 2236 2400">
    <p class='ocr_par' dir='ltr' id='par_1_20' title="bbox 652 2308 2236 2400">
     <span class='ocr_line' id='line_1_20' title="bbox 652 2308 2236 2400; baseline 0.018 -43"><span class='ocrx_word' id='word_1_143' title='bbox 652 2308 956 2374; x_wconf 85' lang='lat' dir='ltr'><strong>paratione.</strong></span> <span class='ocrx_word' id='word_1_144' title='bbox 985 2308 1224 2368; x_wconf 85' lang='lat' dir='ltr'><strong>Duobus</strong></span> <span class='ocrx_word' id='word_1_145' title='bbox 1259 2319 1436 2374; x_wconf 91' lang='lat' dir='ltr'><strong>modis</strong></span> <span class='ocrx_word' id='word_1_146' title='bbox 1481 2330 1658 2390; x_wconf 88' lang='lat' dir='ltr'><strong>potest</strong></span> <span class='ocrx_word' id='word_1_147' title='bbox 1700 2325 1944 2397; x_wconf 83' lang='lat' dir='ltr'><strong>intelligi,</strong></span> <span class='ocrx_word' id='word_1_148' title='bbox 2000 2347 2016 2379; x_wconf 76' lang='grc' dir='ltr'><strong>ι</strong></span> <span class='ocrx_word' id='word_1_149' title='bbox 2061 2345 2236 2400; x_wconf 90' lang='lat' dir='ltr'><strong>usque</strong></span> 
     </span>
    </p>
   </div>
   <div class='ocr_carea' id='block_1_21' title="bbox 648 2398 2235 2488">
    <p class='ocr_par' dir='ltr' id='par_1_21' title="bbox 648 2398 2235 2488">
     <span class='ocr_line' id='line_1_21' title="bbox 648 2398 2235 2488; baseline 0.018 -38"><span class='ocrx_word' id='word_1_150' title='bbox 648 2398 812 2453; x_wconf 87' lang='lat' dir='ltr'><strong>modo</strong></span> <span class='ocrx_word' id='word_1_151' title='bbox 841 2415 948 2455; x_wconf 93' lang='lat' dir='ltr'><strong>non</strong></span> <span class='ocrx_word' id='word_1_152' title='bbox 975 2404 1190 2472; x_wconf 90' lang='lat' dir='ltr'><strong>petistis</strong></span> <span class='ocrx_word' id='word_1_153' title='bbox 1219 2409 1517 2480; x_wconf 88' lang='lat' dir='ltr'><strong>quidquam</strong></span> <span class='ocrx_word' id='word_1_154' title='bbox 1561 2414 1616 2468; x_wconf 90' lang='lat' dir='ltr'><strong>in</strong></span> <span class='ocrx_word' id='word_1_155' title='bbox 1654 2417 1877 2474; x_wconf 88' lang='lat' dir='ltr'><strong>nomine</strong></span> <span class='ocrx_word' id='word_1_156' title='bbox 1905 2436 2048 2488; x_wconf 91' lang='lat' dir='ltr'><strong>meo,</strong></span> <span class='ocrx_word' id='word_1_157' title='bbox 2086 2441 2104 2473; x_wconf 78' lang='grc' dir='ltr'><strong>ι</strong></span> <span class='ocrx_word' id='word_1_158' title='bbox 2151 2424 2235 2479; x_wconf 89' lang='lat' dir='ltr'><strong>vel</strong></span> 
     </span>
    </p>
   </div>
   <div class='ocr_carea' id='block_1_22' title="bbox 648 2489 2234 2586">
    <p class='ocr_par' dir='ltr' id='par_1_22' title="bbox 648 2489 2234 2586">
     <span class='ocr_line' id='line_1_22' title="bbox 648 2489 2234 2586; baseline 0.02 -46"><span class='ocrx_word' id='word_1_159' title='bbox 648 2489 777 2558; x_wconf 87' lang='lat' dir='ltr'><strong>quia</strong></span> <span class='ocrx_word' id='word_1_160' title='bbox 827 2507 934 2546; x_wconf 92' lang='lat' dir='ltr'><strong>non</strong></span> <span class='ocrx_word' id='word_1_161' title='bbox 983 2495 1212 2552; x_wconf 81' lang='lat' dir='ltr'><strong>novistis</strong></span> <span class='ocrx_word' id='word_1_162' title='bbox 1262 2515 1461 2556; x_wconf 89' lang='lat' dir='ltr'><strong>nomen</strong></span> <span class='ocrx_word' id='word_1_163' title='bbox 1512 2521 1692 2561; x_wconf 90' lang='lat' dir='ltr'><strong>meum</strong></span> <span class='ocrx_word' id='word_1_164' title='bbox 1745 2509 1886 2565; x_wconf 89' lang='lat' dir='ltr'><strong>sicut</strong></span> <span class='ocrx_word' id='word_1_165' title='bbox 1913 2521 1997 2567; x_wconf 91' lang='lat' dir='ltr'><strong>est</strong></span> <span class='ocrx_word' id='word_1_166' title='bbox 2031 2528 2234 2586; x_wconf 88' lang='lat' dir='ltr'><strong>cogno-</strong></span> 
     </span>
    </p>
   </div>
   <div class='ocr_carea' id='block_1_23' title="bbox 647 2582 2232 2678">
    <p class='ocr_par' dir='ltr' id='par_1_23' title="bbox 647 2582 2232 2678">
     <span class='ocr_line' id='line_1_23' title="bbox 647 2582 2232 2678; baseline 0.019 -44"><span class='ocrx_word' id='word_1_167' title='bbox 647 2582 930 2650; x_wconf 88' lang='lat' dir='ltr'><strong>scendum,</strong></span> <span class='ocrx_word' id='word_1_168' title='bbox 974 2587 1055 2642; x_wconf 84' lang='lat' dir='ltr'><strong>vel</strong></span> <span class='ocrx_word' id='word_1_169' title='bbox 1091 2590 1220 2657; x_wconf 88' lang='lat' dir='ltr'><strong>quia</strong></span> <span class='ocrx_word' id='word_1_170' title='bbox 1253 2608 1350 2661; x_wconf 95' lang='lat' dir='ltr'><strong>pro</strong></span> <span class='ocrx_word' id='word_1_171' title='bbox 1399 2597 1572 2653; x_wconf 86' lang='lat' dir='ltr'><strong>nihilo</strong></span> <span class='ocrx_word' id='word_1_172' title='bbox 1603 2599 1912 2658; x_wconf 84' lang='lat' dir='ltr'><strong>habendum</strong></span> <span class='ocrx_word' id='word_1_173' title='bbox 1948 2615 2032 2662; x_wconf 90' lang='lat' dir='ltr'><strong>est</strong></span> <span class='ocrx_word' id='word_1_174' title='bbox 2070 2582 2232 2678; x_wconf 76' lang='lat' dir='ltr'><strong>quid-</strong></span> 
     </span>
    </p>
   </div>
   <div class='ocr_carea' id='block_1_24' title="bbox 645 2670 2232 2770">
    <p class='ocr_par' dir='ltr' id='par_1_24' title="bbox 645 2670 2232 2770">
     <span class='ocr_line' id='line_1_24' title="bbox 645 2670 2232 2770; baseline 0.023 -49"><span class='ocrx_word' id='word_1_175' title='bbox 645 2670 777 2738; x_wconf 84' lang='lat' dir='ltr'><strong>quid</strong></span> <span class='ocrx_word' id='word_1_176' title='bbox 807 2673 953 2728; x_wconf 88' lang='lat' dir='ltr'><strong>aliud</strong></span> <span class='ocrx_word' id='word_1_177' title='bbox 984 2677 1197 2744; x_wconf 90' lang='lat' dir='ltr'><strong>petistis</strong></span> <span class='ocrx_word' id='word_1_178' title='bbox 1219 2681 1272 2734; x_wconf 93' lang='lat' dir='ltr'><strong>in</strong></span> <span class='ocrx_word' id='word_1_179' title='bbox 1298 2689 1709 2756; x_wconf 89' lang='lat' dir='ltr'><strong>comparatione</strong></span> <span class='ocrx_word' id='word_1_180' title='bbox 1745 2703 1906 2751; x_wconf 62' lang='lat' dir='ltr'><strong>tautae</strong></span> <span class='ocrx_word' id='word_1_181' title='bbox 1935 2699 2034 2764; x_wconf 89' lang='lat' dir='ltr'><strong>rei,</strong></span> <span class='ocrx_word' id='word_1_182' title='bbox 2065 2670 2232 2770; x_wconf 74' lang='lat' dir='ltr'><strong>quam</strong></span> 
     </span>
    </p>
   </div>
   <div class='ocr_carea' id='block_1_25' title="bbox 644 2765 2232 2862">
    <p class='ocr_par' dir='ltr' id='par_1_25' title="bbox 644 2765 2232 2862">
     <span class='ocr_line' id='line_1_25' title="bbox 644 2765 2232 2862; baseline 0.026 -53"><span class='ocrx_word' id='word_1_183' title='bbox 644 2771 828 2830; x_wconf 80' lang='lat' dir='ltr'><strong>petere</strong></span> <span class='ocrx_word' id='word_1_184' title='bbox 849 2765 1114 2824; x_wconf 85' lang='lat' dir='ltr'><strong>debuistis</strong></span> <span class='ocrx_word' id='word_1_185' title='bbox 1140 2777 1448 2842; x_wconf 88' lang='lat' dir='ltr'><strong>:quomodo</strong></span> <span class='ocrx_word' id='word_1_186' title='bbox 1473 2789 1653 2836; x_wconf 90' lang='lat' dir='ltr'><strong>autem</strong></span> <span class='ocrx_word' id='word_1_187' title='bbox 1674 2785 1888 2854; x_wconf 90' lang='lat' dir='ltr'><strong>possint</strong></span> <span class='ocrx_word' id='word_1_188' title='bbox 1914 2765 2100 2858; x_wconf 72' lang='lat' dir='ltr'><strong>petere</strong></span> <span class='ocrx_word' id='word_1_189' title='bbox 2119 2793 2232 2862; x_wconf 89' lang='lat' dir='ltr'><strong>ple-</strong></span> 
     </span>
    </p>
   </div>
   <div class='ocr_carea' id='block_1_26' title="bbox 648 2857 2230 2942">
    <p class='ocr_par' dir='ltr' id='par_1_26' title="bbox 648 2857 2230 2942">
     <span class='ocr_line' id='line_1_26' title="bbox 648 2857 2230 2942; baseline 0.023 -38"><span class='ocrx_word' id='word_1_190' title='bbox 648 2869 780 2906; x_wconf 91' lang='lat' dir='ltr'><strong>num</strong></span> <span class='ocrx_word' id='word_1_191' title='bbox 853 2857 1113 2926; x_wconf 76' lang='lat' dir='ltr'><strong>gaudium</strong></span> <span class='ocrx_word' id='word_1_192' title='bbox 1171 2864 1391 2933; x_wconf 90' lang='lat' dir='ltr'><strong>subdit,</strong></span> <span class='ocrx_word' id='word_1_193' title='bbox 1448 2873 1709 2941; x_wconf 89' lang='lat' dir='ltr'><strong>quoniam</strong></span> <span class='ocrx_word' id='word_1_194' title='bbox 1782 2875 1850 2932; x_wconf 90' lang='lat' dir='ltr'><strong>de</strong></span> <span class='ocrx_word' id='word_1_195' title='bbox 1901 2857 2230 2942; x_wconf 81' lang='lat' dir='ltr'><strong>animalibus</strong></span> 
     </span>
    </p>
   </div>
   <div class='ocr_carea' id='block_1_27' title="bbox 644 2947 2229 3045">
    <p class='ocr_par' dir='ltr' id='par_1_27' title="bbox 644 2947 2229 3045">
     <span class='ocr_line' id='line_1_27' title="bbox 644 2947 2229 3045; baseline 0.023 -47"><span class='ocrx_word' id='word_1_196' title='bbox 644 2947 790 3015; x_wconf 89' lang='lat' dir='ltr'><strong>quod</strong></span> <span class='ocrx_word' id='word_1_197' title='bbox 821 2959 969 3016; x_wconf 89' lang='lat' dir='ltr'><strong>sunt,</strong></span> <span class='ocrx_word' id='word_1_198' title='bbox 997 2951 1199 3009; x_wconf 90' lang='lat' dir='ltr'><strong>facient</strong></span> <span class='ocrx_word' id='word_1_199' title='bbox 1228 2959 1502 3027; x_wconf 83' lang='lat' dir='ltr'><strong>spiritales</strong></span> <span class='ocrx_word' id='word_1_200' title='bbox 1535 2975 1590 3020; x_wconf 92' lang='lat' dir='ltr'><strong>ut</strong></span> <span class='ocrx_word' id='word_1_201' title='bbox 1621 2967 1849 3037; x_wconf 90' lang='lat' dir='ltr'><strong>abjectis</strong></span> <span class='ocrx_word' id='word_1_202' title='bbox 1878 2972 2229 3045; x_wconf 77' lang='lat' dir='ltr'><strong>imaginatio-</strong></span> 
     </span>
    </p>
   </div>
   <div class='ocr_carea' id='block_1_28' title="bbox 642 3036 2232 3128">
    <p class='ocr_par' dir='ltr' id='par_1_28' title="bbox 642 3036 2232 3128">
     <span class='ocr_line' id='line_1_28' title="bbox 642 3036 2232 3128; baseline 0.025 -40"><span class='ocrx_word' id='word_1_203' title='bbox 642 3036 806 3094; x_wconf 88' lang='lat' dir='ltr'><strong>nibus</strong></span> <span class='ocrx_word' id='word_1_204' title='bbox 833 3057 1126 3114; x_wconf 88' lang='lat' dir='ltr'><strong>corporum</strong></span> <span class='ocrx_word' id='word_1_205' title='bbox 1156 3053 1388 3120; x_wconf 89' lang='lat' dir='ltr'><strong>puritatc</strong></span> <span class='ocrx_word' id='word_1_206' title='bbox 1418 3059 1618 3114; x_wconf 90' lang='lat' dir='ltr'><strong>mentis</strong></span> <span class='ocrx_word' id='word_1_207' title='bbox 1658 3060 1886 3120; x_wconf 73' lang='lat' dir='ltr'><strong>sincera:</strong></span> <span class='ocrx_word' id='word_1_208' title='bbox 1921 3068 2232 3128; x_wconf 71' lang='lat' dir='ltr'><strong>eoltzereant</strong></span> 
     </span>
    </p>
   </div>
   <div class='ocr_carea' id='block_1_29' title="bbox 641 3130 771 3188">
    <p class='ocr_par' dir='ltr' id='par_1_29' title="bbox 641 3130 771 3188">
     <span class='ocr_line' id='line_1_29' title="bbox 641 3130 771 3188; baseline 0.038 -5"><span class='ocrx_word' id='word_1_209' title='bbox 641 3130 771 3188; x_wconf 90' lang='lat' dir='ltr'><strong>luci.</strong></span> 
     </span>
    </p>
   </div>
   <div class='ocr_carea' id='block_1_30' title="bbox 716 3224 2227 3310">
    <p class='ocr_par' dir='ltr' id='par_1_30' title="bbox 716 3224 2227 3310">
     <span class='ocr_line' id='line_1_30' title="bbox 716 3224 2227 3310; baseline 0.023 -34"><span class='ocrx_word' id='word_1_210' title='bbox 716 3243 736 3276; x_wconf 75' lang='grc' dir='ltr'><strong>ι</strong></span> <span class='ocrx_word' id='word_1_211' title='bbox 767 3224 893 3284; x_wconf 61' lang='lat' dir='ltr'><strong>tunc</strong></span> <span class='ocrx_word' id='word_1_212' title='bbox 922 3229 974 3283; x_wconf 92' lang='lat' dir='ltr'><strong>in</strong></span> <span class='ocrx_word' id='word_1_213' title='bbox 1008 3229 1318 3293; x_wconf 89' lang='lat' dir='ltr'><strong>Proverbiis</strong></span> <span class='ocrx_word' id='word_1_214' title='bbox 1350 3238 1566 3299; x_wconf 90' lang='lat' dir='ltr'><strong>locutus</strong></span> <span class='ocrx_word' id='word_1_215' title='bbox 1601 3260 1721 3301; x_wconf 91' lang='lat' dir='ltr'><strong>sum</strong></span> <span class='ocrx_word' id='word_1_216' title='bbox 1762 3249 1937 3305; x_wconf 83' lang='lat' dir='ltr'><strong>vobis.</strong></span> <span class='ocrx_word' id='word_1_217' title='bbox 1982 3271 2000 3303; x_wconf 74' lang='grc' dir='ltr'><strong>ι</strong></span> <span class='ocrx_word' id='word_1_218' title='bbox 2053 3251 2227 3310; x_wconf 88' lang='lat' dir='ltr'><strong>llomo</strong></span> 
     </span>
    </p>
   </div>
   <div class='ocr_carea' id='block_1_31' title="bbox 637 3314 2229 3402">
    <p class='ocr_par' dir='ltr' id='par_1_31' title="bbox 637 3314 2229 3402">
     <span class='ocr_line' id='line_1_31' title="bbox 637 3314 2229 3402; baseline 0.023 -36"><span class='ocrx_word' id='word_1_219' title='bbox 637 3314 893 3373; x_wconf 90' lang='lat' dir='ltr'><strong>animalis</strong></span> <span class='ocrx_word' id='word_1_220' title='bbox 939 3338 1300 3397; x_wconf 68' lang='lat' dir='ltr'><strong>quaecumque</strong></span> <span class='ocrx_word' id='word_1_221' title='bbox 1350 3331 1502 3387; x_wconf 91' lang='lat' dir='ltr'><strong>audit</strong></span> <span class='ocrx_word' id='word_1_222' title='bbox 1552 3335 1619 3390; x_wconf 93' lang='lat' dir='ltr'><strong>de</strong></span> <span class='ocrx_word' id='word_1_223' title='bbox 1668 3337 1758 3392; x_wconf 89' lang='lat' dir='ltr'><strong>Dei</strong></span> <span class='ocrx_word' id='word_1_224' title='bbox 1813 3351 2006 3396; x_wconf 89' lang='lat' dir='ltr'><strong>natura</strong></span> <span class='ocrx_word' id='word_1_225' title='bbox 2040 3360 2229 3402; x_wconf 87' lang='lat' dir='ltr'><strong>carna-</strong></span> 
     </span>
    </p>
   </div>
   <div class='ocr_carea' id='block_1_32' title="bbox 638 3407 2226 3507">
    <p class='ocr_par' dir='ltr' id='par_1_32' title="bbox 638 3407 2226 3507">
     <span class='ocr_line' id='line_1_32' title="bbox 638 3407 2226 3507; baseline 0.021 -46"><span class='ocrx_word' id='word_1_226' title='bbox 638 3407 762 3462; x_wconf 91' lang='lat' dir='ltr'><strong>liter</strong></span> <span class='ocrx_word' id='word_1_227' title='bbox 791 3413 1013 3482; x_wconf 80' lang='lat' dir='ltr'><strong>cogitat,</strong></span> <span class='ocrx_word' id='word_1_228' title='bbox 1045 3432 1152 3471; x_wconf 92' lang='lat' dir='ltr'><strong>non</strong></span> <span class='ocrx_word' id='word_1_229' title='bbox 1187 3419 1561 3488; x_wconf 90' lang='lat' dir='ltr'><strong>spiritualiter.</strong></span> <span class='ocrx_word' id='word_1_230' title='bbox 1598 3426 1664 3482; x_wconf 89' lang='lat' dir='ltr'><strong>Et</strong></span> <span class='ocrx_word' id='word_1_231' title='bbox 1693 3429 1812 3484; x_wconf 90' lang='lat' dir='ltr'><strong>ideo</strong></span> <span class='ocrx_word' id='word_1_232' title='bbox 1841 3442 1968 3488; x_wconf 91' lang='lat' dir='ltr'><strong>sunt</strong></span> <span class='ocrx_word' id='word_1_233' title='bbox 1995 3435 2068 3489; x_wconf 91' lang='lat' dir='ltr'><strong>illi</strong></span> <span class='ocrx_word' id='word_1_234' title='bbox 2100 3452 2226 3507; x_wconf 91' lang='lat' dir='ltr'><strong>pro--</strong></span> 
     </span>
    </p>
   </div>
   <div class='ocr_carea' id='block_1_33' title="bbox 637 3502 2221 3595">
    <p class='ocr_par' dir='ltr' id='par_1_33' title="bbox 637 3502 2221 3595">
     <span class='ocr_line' id='line_1_33' title="bbox 637 3502 2221 3595; baseline 0.02 -42"><span class='ocrx_word' id='word_1_235' title='bbox 637 3502 822 3556; x_wconf 88' lang='lat' dir='ltr'><strong>verbia</strong></span> <span class='ocrx_word' id='word_1_236' title='bbox 846 3521 969 3574; x_wconf 67' lang='lat' dir='ltr'><strong>quae</strong></span> <span class='ocrx_word' id='word_1_237' title='bbox 997 3508 1149 3563; x_wconf 89' lang='lat' dir='ltr'><strong>audit</strong></span> <span class='ocrx_word' id='word_1_238' title='bbox 1169 3511 1236 3567; x_wconf 91' lang='lat' dir='ltr'><strong>de</strong></span> <span class='ocrx_word' id='word_1_239' title='bbox 1265 3514 1584 3585; x_wconf 85' lang='lat' dir='ltr'><strong>incorporea</strong></span> <span class='ocrx_word' id='word_1_240' title='bbox 1619 3517 1712 3574; x_wconf 90' lang='lat' dir='ltr'><strong>Dei</strong></span> <span class='ocrx_word' id='word_1_241' title='bbox 1743 3524 2078 3595; x_wconf 89' lang='lat' dir='ltr'><strong>substantia;</strong></span> <span class='ocrx_word' id='word_1_242' title='bbox 2113 3547 2221 3586; x_wconf 78' lang='lat' dir='ltr'><strong>non</strong></span> 
     </span>
    </p>
   </div>
   <div class='ocr_carea' id='block_1_34' title="bbox 2351 1037 3795 1112">
    <p class='ocr_par' dir='ltr' id='par_1_34' title="bbox 2351 1037 3795 1112">
     <span class='ocr_line' id='line_1_34' title="bbox 2351 1037 3795 1112; baseline 0.007 -22"><span class='ocrx_word' id='word_1_243' title='bbox 2351 1037 2437 1092; x_wconf 91' lang='lat' dir='ltr'><strong>his</strong></span> <span class='ocrx_word' id='word_1_244' title='bbox 2466 1037 2561 1107; x_wconf 88' lang='lat' dir='ltr'><strong>qui</strong></span> <span class='ocrx_word' id='word_1_245' title='bbox 2592 1037 2839 1092; x_wconf 89' lang='lat' dir='ltr'><strong>habitant</strong></span> <span class='ocrx_word' id='word_1_246' title='bbox 2868 1038 2920 1091; x_wconf 91' lang='lat' dir='ltr'><strong>in</strong></span> <span class='ocrx_word' id='word_1_247' title='bbox 2955 1046 3105 1093; x_wconf 88' lang='lat' dir='ltr'><strong>terra</strong></span> <span class='ocrx_word' id='word_1_248' title='bbox 3139 1040 3326 1110; x_wconf 77' lang='lat' dir='ltr'><strong>(Apoc.</strong></span> <span class='ocrx_word' id='word_1_249' title='bbox 3357 1041 3450 1112; x_wconf 82' lang='lat' dir='ltr'><strong>vt).</strong></span> <span class='ocrx_word' id='word_1_250' title='bbox 3485 1061 3502 1094; x_wconf 75' lang='grc' dir='ltr'><strong>ι</strong></span> <span class='ocrx_word' id='word_1_251' title='bbox 3536 1041 3620 1098; x_wconf 80' lang='lat' dir='ltr'><strong>Ubi</strong></span> <span class='ocrx_word' id='word_1_252' title='bbox 3642 1047 3795 1100; x_wconf 73' lang='lat' dir='ltr'><strong>continuo</strong></span> 
     </span>
    </p>
   </div>
   <div class='ocr_carea' id='block_1_35' title="bbox 2349 1127 3794 1206">
    <p class='ocr_par' dir='ltr' id='par_1_35' title="bbox 2349 1127 3794 1206">
     <span class='ocr_line' id='line_1_35' title="bbox 2349 1127 3794 1206; baseline 0.005 -22"><span class='ocrx_word' id='word_1_253' title='bbox 2349 1127 2686 1184; x_wconf 84' lang='lat' dir='ltr'><strong>subinfertur</strong></span> <span class='ocrx_word' id='word_1_254' title='bbox 2711 1146 2725 1182; x_wconf 89' lang='lat'><strong>:</strong></span> <span class='ocrx_word' id='word_1_255' title='bbox 2765 1149 2784 1182; x_wconf 70' lang='grc' dir='ltr'><em>ς</em></span> <span class='ocrx_word' id='word_1_256' title='bbox 2812 1129 2878 1184; x_wconf 86' lang='lat' dir='ltr'><strong>Et</strong></span> <span class='ocrx_word' id='word_1_257' title='bbox 2903 1131 3048 1186; x_wconf 73' lang='lat' dir='ltr'><strong>data:</strong></span> <span class='ocrx_word' id='word_1_258' title='bbox 3077 1141 3212 1186; x_wconf 90' lang='lat' dir='ltr'><strong>sunt</strong></span> <span class='ocrx_word' id='word_1_259' title='bbox 3238 1132 3344 1188; x_wconf 89' lang='lat' dir='ltr'><strong>illis</strong></span> <span class='ocrx_word' id='word_1_260' title='bbox 3370 1134 3576 1206; x_wconf 69' lang='lat' dir='ltr'><strong>singulm</strong></span> <span class='ocrx_word' id='word_1_261' title='bbox 3589 1138 3794 1200; x_wconf 66' lang='lat' dir='ltr'><strong>stolealle.</strong></span> 
     </span>
    </p>
   </div>
   <div class='ocr_carea' id='block_1_36' title="bbox 2348 1221 3794 1298">
    <p class='ocr_par' dir='ltr' id='par_1_36' title="bbox 2348 1221 3794 1298">
     <span class='ocr_line' id='line_1_36' title="bbox 2348 1221 3794 1298; baseline 0.006 -24"><span class='ocrx_word' id='word_1_262' title='bbox 2348 1230 2402 1275; x_wconf 92' lang='lat' dir='ltr'><strong>et</strong></span> <span class='ocrx_word' id='word_1_263' title='bbox 2428 1221 2635 1276; x_wconf 91' lang='lat' dir='ltr'><strong>dictum</strong></span> <span class='ocrx_word' id='word_1_264' title='bbox 2665 1231 2750 1277; x_wconf 90' lang='lat' dir='ltr'><strong>est</strong></span> <span class='ocrx_word' id='word_1_265' title='bbox 2797 1223 2908 1279; x_wconf 90' lang='lat' dir='ltr'><strong>illis</strong></span> <span class='ocrx_word' id='word_1_266' title='bbox 2949 1235 3008 1278; x_wconf 93' lang='lat' dir='ltr'><strong>ut</strong></span> <span class='ocrx_word' id='word_1_267' title='bbox 3045 1225 3454 1294; x_wconf 88' lang='lat' dir='ltr'><strong>requiescerent</strong></span> <span class='ocrx_word' id='word_1_268' title='bbox 3493 1237 3665 1298; x_wconf 84' lang='lat' dir='ltr'><strong>tempus</strong></span> <span class='ocrx_word' id='word_1_269' title='bbox 3698 1231 3794 1283; x_wconf 62' lang='lat' dir='ltr'><strong>adhuc</strong></span> 
     </span>
    </p>
   </div>
   <div class='ocr_carea' id='block_1_37' title="bbox 2347 1309 3791 1384">
    <p class='ocr_par' dir='ltr' id='par_1_37' title="bbox 2347 1309 3791 1384">
     <span class='ocr_line' id='line_1_37' title="bbox 2347 1309 3791 1384; baseline 0.005 -19"><span class='ocrx_word' id='word_1_270' title='bbox 2347 1309 2647 1379; x_wconf 89' lang='lat' dir='ltr'><strong>modicum,</strong></span> <span class='ocrx_word' id='word_1_271' title='bbox 2691 1314 2867 1368; x_wconf 90' lang='lat' dir='ltr'><strong>donec</strong></span> <span class='ocrx_word' id='word_1_272' title='bbox 2911 1314 3241 1384; x_wconf 87' lang='lat' dir='ltr'><strong>impleretur</strong></span> <span class='ocrx_word' id='word_1_273' title='bbox 3267 1332 3516 1372; x_wconf 90' lang='lat' dir='ltr'><strong>numerus</strong></span> <span class='ocrx_word' id='word_1_274' title='bbox 3550 1317 3717 1372; x_wconf 80' lang='lat' dir='ltr'><strong>fratrum</strong></span> <span class='ocrx_word' id='word_1_275' title='bbox 3745 1337 3791 1373; x_wconf 65' lang='lat' dir='ltr'><strong>eo</strong></span> 
     </span>
    </p>
   </div>
   <div class='ocr_carea' id='block_1_38' title="bbox 2347 1399 3792 1474">
    <p class='ocr_par' dir='ltr' id='par_1_38' title="bbox 2347 1399 3792 1474">
     <span class='ocr_line' id='line_1_38' title="bbox 2347 1399 3792 1474; baseline 0.005 -21"><span class='ocrx_word' id='word_1_276' title='bbox 2347 1414 2468 1454; x_wconf 90' lang='lat' dir='ltr'><strong>rum</strong></span> <span class='ocrx_word' id='word_1_277' title='bbox 2510 1401 2711 1471; x_wconf 52' lang='grc' dir='ltr'><strong>(ἰωὴ).</strong></span> <span class='ocrx_word' id='word_1_278' title='bbox 2752 1420 2770 1452; x_wconf 79' lang='grc' dir='ltr'><strong>ι</strong></span> <span class='ocrx_word' id='word_1_279' title='bbox 2810 1399 3070 1472; x_wconf 80' lang='lat' dir='ltr'><strong>Singulas</strong></span> <span class='ocrx_word' id='word_1_280' title='bbox 3113 1404 3319 1474; x_wconf 91' lang='lat' dir='ltr'><strong>quippe</strong></span> <span class='ocrx_word' id='word_1_281' title='bbox 3356 1410 3513 1461; x_wconf 90' lang='lat' dir='ltr'><strong>stolas</strong></span> <span class='ocrx_word' id='word_1_282' title='bbox 3535 1423 3652 1462; x_wconf 86' lang='lat' dir='ltr'><strong>nunc</strong></span> <span class='ocrx_word' id='word_1_283' title='bbox 3683 1408 3792 1461; x_wconf 71' lang='lat' dir='ltr'><strong>halent</strong></span> 
     </span>
    </p>
   </div>
   <div class='ocr_carea' id='block_1_39' title="bbox 2345 1486 3790 1562">
    <p class='ocr_par' dir='ltr' id='par_1_39' title="bbox 2345 1486 3790 1562">
     <span class='ocr_line' id='line_1_39' title="bbox 2345 1486 3790 1562; baseline 0.006 -19"><span class='ocrx_word' id='word_1_284' title='bbox 2345 1486 2544 1544; x_wconf 66' lang='lat' dir='ltr'><strong>anima:</strong></span> <span class='ocrx_word' id='word_1_285' title='bbox 2572 1505 2696 1544; x_wconf 91' lang='lat' dir='ltr'><strong>cum</strong></span> <span class='ocrx_word' id='word_1_286' title='bbox 2733 1491 2848 1546; x_wconf 89' lang='lat' dir='ltr'><strong>sola</strong></span> <span class='ocrx_word' id='word_1_287' title='bbox 2879 1507 2978 1546; x_wconf 91' lang='lat' dir='ltr'><strong>sua</strong></span> <span class='ocrx_word' id='word_1_288' title='bbox 3013 1491 3279 1549; x_wconf 84' lang='lat' dir='ltr'><strong>felicitate</strong></span> <span class='ocrx_word' id='word_1_289' title='bbox 3307 1494 3562 1562; x_wconf 90' lang='lat' dir='ltr'><strong>fruuntur,</strong></span> <span class='ocrx_word' id='word_1_290' title='bbox 3595 1497 3790 1552; x_wconf 75' lang='lat' dir='ltr'><strong>biuastuoc</strong></span> 
     </span>
    </p>
   </div>
   <div class='ocr_carea' id='block_1_40' title="bbox 2345 1578 3789 1654">
    <p class='ocr_par' dir='ltr' id='par_1_40' title="bbox 2345 1578 3789 1654">
     <span class='ocr_line' id='line_1_40' title="bbox 2345 1578 3789 1654; baseline 0.004 -21"><span class='ocrx_word' id='word_1_291' title='bbox 2345 1578 2612 1650; x_wconf 87' lang='lat' dir='ltr'><strong>accipient</strong></span> <span class='ocrx_word' id='word_1_292' title='bbox 2637 1596 2762 1636; x_wconf 91' lang='lat' dir='ltr'><strong>cum</strong></span> <span class='ocrx_word' id='word_1_293' title='bbox 2795 1581 3018 1654; x_wconf 91' lang='lat' dir='ltr'><strong>impleto</strong></span> <span class='ocrx_word' id='word_1_294' title='bbox 3047 1583 3106 1638; x_wconf 90' lang='lat' dir='ltr'><strong>in</strong></span> <span class='ocrx_word' id='word_1_295' title='bbox 3135 1583 3246 1640; x_wconf 90' lang='lat' dir='ltr'><strong>ﬁne</strong></span> <span class='ocrx_word' id='word_1_296' title='bbox 3277 1602 3497 1642; x_wconf 89' lang='lat' dir='ltr'><strong>numero</strong></span> <span class='ocrx_word' id='word_1_297' title='bbox 3537 1586 3707 1641; x_wconf 85' lang='lat' dir='ltr'><strong>fratrum</strong></span> <span class='ocrx_word' id='word_1_298' title='bbox 3727 1605 3789 1641; x_wconf 83' lang='lat' dir='ltr'><strong>cor-</strong></span> 
     </span>
    </p>
   </div>
   <div class='ocr_carea' id='block_1_41' title="bbox 2344 1674 3789 1750">
    <p class='ocr_par' dir='ltr' id='par_1_41' title="bbox 2344 1674 3789 1750">
     <span class='ocr_line' id='line_1_41' title="bbox 2344 1674 3789 1750; baseline 0.003 -25"><span class='ocrx_word' id='word_1_299' title='bbox 2344 1685 2540 1741; x_wconf 90' lang='lat' dir='ltr'><strong>porum</strong></span> <span class='ocrx_word' id='word_1_300' title='bbox 2572 1689 2790 1745; x_wconf 89' lang='lat' dir='ltr'><strong>quoque</strong></span> <span class='ocrx_word' id='word_1_301' title='bbox 2817 1674 3222 1732; x_wconf 86' lang='lat' dir='ltr'><strong>immortalium</strong></span> <span class='ocrx_word' id='word_1_302' title='bbox 3265 1676 3600 1750; x_wconf 83' lang='lat' dir='ltr'><strong>i&#39;eceptatioue</strong></span> <span class='ocrx_word' id='word_1_303' title='bbox 3635 1680 3789 1734; x_wconf 61' lang='lat' dir='ltr'><strong>letalia-</strong></span> 
     </span>
    </p>
   </div>
   <div class='ocr_carea' id='block_1_42' title="bbox 2343 1773 2451 1820">
    <p class='ocr_par' dir='ltr' id='par_1_42' title="bbox 2343 1773 2451 1820">
     <span class='ocr_line' id='line_1_42' title="bbox 2343 1773 2451 1820; baseline 0.019 -2"><span class='ocrx_word' id='word_1_304' title='bbox 2343 1773 2451 1820; x_wconf 72' lang='lat' dir='ltr'><strong>llll‘.</strong></span> 
     </span>
    </p>
   </div>
   <div class='ocr_carea' id='block_1_43' title="bbox 2420 1856 3787 1937">
    <p class='ocr_par' dir='ltr' id='par_1_43' title="bbox 2420 1856 3787 1937">
     <span class='ocr_line' id='line_1_43' title="bbox 2420 1856 3787 1937; baseline 0.008 -29"><span class='ocrx_word' id='word_1_305' title='bbox 2420 1875 2438 1908; x_wconf 73' lang='grc' dir='ltr'><strong>ι</strong></span> <span class='ocrx_word' id='word_1_306' title='bbox 2467 1856 2561 1912; x_wconf 87' lang='grc'><strong>1110</strong></span> <span class='ocrx_word' id='word_1_307' title='bbox 2584 1858 2670 1914; x_wconf 89' lang='lat' dir='ltr'><strong>die</strong></span> <span class='ocrx_word' id='word_1_308' title='bbox 2691 1859 2744 1914; x_wconf 90' lang='lat' dir='ltr'><strong>in</strong></span> <span class='ocrx_word' id='word_1_309' title='bbox 2774 1863 2996 1918; x_wconf 87' lang='lat' dir='ltr'><strong>nomine</strong></span> <span class='ocrx_word' id='word_1_310' title='bbox 3023 1881 3152 1921; x_wconf 90' lang='lat' dir='ltr'><strong>meo</strong></span> <span class='ocrx_word' id='word_1_311' title='bbox 3175 1867 3389 1937; x_wconf 85' lang='lat' dir='ltr'><strong>pctctis.</strong></span> <span class='ocrx_word' id='word_1_312' title='bbox 3418 1865 3476 1921; x_wconf 84' lang='lat' dir='ltr'><strong>Et</strong></span> <span class='ocrx_word' id='word_1_313' title='bbox 3497 1882 3586 1920; x_wconf 90' lang='lat' dir='ltr'><strong>non</strong></span> <span class='ocrx_word' id='word_1_314' title='bbox 3604 1865 3690 1920; x_wconf 87' lang='lat' dir='ltr'><strong>dico</strong></span> <span class='ocrx_word' id='word_1_315' title='bbox 3705 1865 3787 1919; x_wconf 74' lang='lat' dir='ltr'><strong>vobis</strong></span> 
     </span>
    </p>
   </div>
   <div class='ocr_carea' id='block_1_44' title="bbox 2341 1950 3787 2028">
    <p class='ocr_par' dir='ltr' id='par_1_44' title="bbox 2341 1950 3787 2028">
     <span class='ocr_line' id='line_1_44' title="bbox 2341 1950 3787 2028; baseline 0.005 -25"><span class='ocrx_word' id='word_1_316' title='bbox 2341 1950 2468 2020; x_wconf 89' lang='lat' dir='ltr'><strong>quia</strong></span> <span class='ocrx_word' id='word_1_317' title='bbox 2483 1966 2583 2023; x_wconf 86' lang='lat' dir='ltr'><strong>ego</strong></span> <span class='ocrx_word' id='word_1_318' title='bbox 2611 1954 2815 2024; x_wconf 87' lang='lat' dir='ltr'><strong>rogabo</strong></span> <span class='ocrx_word' id='word_1_319' title='bbox 2840 1953 3058 2012; x_wconf 87' lang='lat' dir='ltr'><strong>Patrem</strong></span> <span class='ocrx_word' id='word_1_320' title='bbox 3085 1959 3155 2014; x_wconf 92' lang='lat' dir='ltr'><strong>de</strong></span> <span class='ocrx_word' id='word_1_321' title='bbox 3171 1959 3348 2015; x_wconf 86' lang='lat' dir='ltr'><strong>vobis.</strong></span> <span class='ocrx_word' id='word_1_322' title='bbox 3381 1957 3518 2014; x_wconf 63' lang='lat' dir='ltr'><strong>illoc</strong></span> <span class='ocrx_word' id='word_1_323' title='bbox 3541 1959 3643 2013; x_wconf 85' lang='lat' dir='ltr'><strong>dicit</strong></span> <span class='ocrx_word' id='word_1_324' title='bbox 3662 1968 3787 2028; x_wconf 78' lang='lat' dir='ltr'><strong>propter</strong></span> 
     </span>
    </p>
   </div>
   <div class='ocr_carea' id='block_1_45' title="bbox 2340 2045 3784 2121">
    <p class='ocr_par' dir='ltr' id='par_1_45' title="bbox 2340 2045 3784 2121">
     <span class='ocr_line' id='line_1_45' title="bbox 2340 2045 3784 2121; baseline 0 -22"><span class='ocrx_word' id='word_1_325' title='bbox 2340 2045 2864 2103; x_wconf 88' lang='lat' dir='ltr'><strong>consubstantialem</strong></span> <span class='ocrx_word' id='word_1_326' title='bbox 2917 2049 3067 2105; x_wconf 86' lang='lat' dir='ltr'><strong>Patri</strong></span> <span class='ocrx_word' id='word_1_327' title='bbox 3121 2053 3458 2107; x_wconf 81' lang='lat' dir='ltr'><strong>divinitatem</strong></span> <span class='ocrx_word' id='word_1_328' title='bbox 3509 2052 3554 2106; x_wconf 91' lang='lat' dir='ltr'><strong>in</strong></span> <span class='ocrx_word' id='word_1_329' title='bbox 3588 2067 3666 2121; x_wconf 85' lang='lat' dir='ltr'><strong>qua</strong></span> <span class='ocrx_word' id='word_1_330' title='bbox 3695 2050 3784 2103; x_wconf 86' lang='lat' dir='ltr'><strong>simul</strong></span> 
     </span>
    </p>
   </div>
   <div class='ocr_carea' id='block_1_46' title="bbox 2340 2136 3785 2216">
    <p class='ocr_par' dir='ltr' id='par_1_46' title="bbox 2340 2136 3785 2216">
     <span class='ocr_line' id='line_1_46' title="bbox 2340 2136 3785 2216; baseline 0.001 -27"><span class='ocrx_word' id='word_1_331' title='bbox 2340 2136 2570 2192; x_wconf 88' lang='lat' dir='ltr'><strong>audiunt</strong></span> <span class='ocrx_word' id='word_1_332' title='bbox 2623 2149 2898 2210; x_wconf 83' lang='lat' dir='ltr'><strong>rogantes,</strong></span> <span class='ocrx_word' id='word_1_333' title='bbox 2939 2143 3224 2214; x_wconf 90' lang='lat' dir='ltr'><strong>simulque</strong></span> <span class='ocrx_word' id='word_1_334' title='bbox 3281 2155 3460 2216; x_wconf 80' lang='lat' dir='ltr'><strong>rogata</strong></span> <span class='ocrx_word' id='word_1_335' title='bbox 3515 2145 3671 2198; x_wconf 78' lang='lat' dir='ltr'><strong>(iuuant</strong></span> <span class='ocrx_word' id='word_1_336' title='bbox 3701 2141 3785 2194; x_wconf 70' lang='lat' dir='ltr'><strong>Palu</strong></span> 
     </span>
    </p>
   </div>
   <div class='ocr_carea' id='block_1_47' title="bbox 2338 2226 3781 2303">
    <p class='ocr_par' dir='ltr' id='par_1_47' title="bbox 2338 2226 3781 2303">
     <span class='ocr_line' id='line_1_47' title="bbox 2338 2226 3781 2303; baseline 0.005 -23"><span class='ocrx_word' id='word_1_337' title='bbox 2338 2237 2392 2281; x_wconf 90' lang='lat' dir='ltr'><strong>et</strong></span> <span class='ocrx_word' id='word_1_338' title='bbox 2420 2226 2613 2295; x_wconf 90' lang='lat' dir='ltr'><strong>Filius,</strong></span> <span class='ocrx_word' id='word_1_339' title='bbox 2671 2231 2818 2300; x_wconf 91' lang='lat' dir='ltr'><strong>quod</strong></span> <span class='ocrx_word' id='word_1_340' title='bbox 2866 2247 2974 2286; x_wconf 90' lang='lat' dir='ltr'><strong>non</strong></span> <span class='ocrx_word' id='word_1_341' title='bbox 3029 2244 3182 2303; x_wconf 87' lang='lat' dir='ltr'><strong>patet</strong></span> <span class='ocrx_word' id='word_1_342' title='bbox 3217 2235 3320 2289; x_wconf 85' lang='lat' dir='ltr'><strong>nisi</strong></span> <span class='ocrx_word' id='word_1_343' title='bbox 3353 2234 3514 2289; x_wconf 89' lang='lat' dir='ltr'><strong>oculis</strong></span> <span class='ocrx_word' id='word_1_344' title='bbox 3553 2231 3781 2302; x_wconf 69' lang='lat' dir='ltr'><strong>Spirilaiiblh-</strong></span> 
     </span>
    </p>
   </div>
   <div class='ocr_carea' id='block_1_48' title="bbox 2267 2300 3782 2396">
    <p class='ocr_par' dir='ltr' id='par_1_48' title="bbox 2267 2300 3782 2396">
     <span class='ocr_line' id='line_1_48' title="bbox 2267 2300 3782 2396; baseline -0.001 -22"><span class='ocrx_word' id='word_1_345' title='bbox 2267 2300 2308 2354; x_wconf 76' lang='grc' dir='ltr'>Β</span> <span class='ocrx_word' id='word_1_346' title='bbox 2338 2316 2494 2384; x_wconf 84' lang='lat' dir='ltr'><strong>Quod</strong></span> <span class='ocrx_word' id='word_1_347' title='bbox 2522 2335 2654 2375; x_wconf 88' lang='lat' dir='ltr'><strong>vero</strong></span> <span class='ocrx_word' id='word_1_348' title='bbox 2683 2320 2844 2377; x_wconf 89' lang='lat' dir='ltr'><strong>Petro</strong></span> <span class='ocrx_word' id='word_1_349' title='bbox 2870 2323 2946 2378; x_wconf 89' lang='lat' dir='ltr'><strong>ait</strong></span> <span class='ocrx_word' id='word_1_350' title='bbox 2977 2343 2990 2378; x_wconf 90' lang='lat'><strong>:</strong></span> <span class='ocrx_word' id='word_1_351' title='bbox 3031 2344 3049 2376; x_wconf 77' lang='grc' dir='ltr'><strong>ι</strong></span> <span class='ocrx_word' id='word_1_352' title='bbox 3090 2325 3206 2396; x_wconf 80' lang='lat' dir='ltr'><strong>Ego</strong></span> <span class='ocrx_word' id='word_1_353' title='bbox 3235 2335 3414 2380; x_wconf 88' lang='lat' dir='ltr'><strong>autem</strong></span> <span class='ocrx_word' id='word_1_354' title='bbox 3451 2323 3607 2395; x_wconf 81' lang='lat' dir='ltr'><strong>rogavi</strong></span> <span class='ocrx_word' id='word_1_355' title='bbox 3630 2329 3782 2392; x_wconf 79' lang='lat' dir='ltr'><strong>proteut</strong></span> 
     </span>
    </p>
   </div>
   <div class='ocr_carea' id='block_1_49' title="bbox 2338 2413 3781 2490">
    <p class='ocr_par' dir='ltr' id='par_1_49' title="bbox 2338 2413 3781 2490">
     <span class='ocr_line' id='line_1_49' title="bbox 2338 2413 3781 2490; baseline -0.002 -23"><span class='ocrx_word' id='word_1_356' title='bbox 2338 2429 2448 2468; x_wconf 93' lang='lat' dir='ltr'><strong>non</strong></span> <span class='ocrx_word' id='word_1_357' title='bbox 2495 2413 2714 2470; x_wconf 89' lang='lat' dir='ltr'><strong>deﬁciat</strong></span> <span class='ocrx_word' id='word_1_358' title='bbox 2770 2417 2905 2473; x_wconf 87' lang='lat' dir='ltr'><strong>ﬁdes</strong></span> <span class='ocrx_word' id='word_1_359' title='bbox 2956 2427 3046 2474; x_wconf 85' lang='lat' dir='ltr'><strong>tua</strong></span> <span class='ocrx_word' id='word_1_360' title='bbox 3075 2418 3234 2489; x_wconf 87' lang='lat' dir='ltr'><strong>(Luc.</strong></span> <span class='ocrx_word' id='word_1_361' title='bbox 3270 2421 3427 2490; x_wconf 57' lang='grc' dir='ltr'>χχιι),</span> <span class='ocrx_word' id='word_1_362' title='bbox 3453 2417 3637 2488; x_wconf 88' lang='lat' dir='ltr'><strong>etquod</strong></span> <span class='ocrx_word' id='word_1_363' title='bbox 3669 2415 3711 2468; x_wconf 83' lang='lat' dir='ltr'><strong>de</strong></span> <span class='ocrx_word' id='word_1_364' title='bbox 3736 2413 3781 2464; x_wconf 65' lang='lat' dir='ltr'><strong>illa</strong></span> 
     </span>
    </p>
   </div>
   <div class='ocr_carea' id='block_1_50' title="bbox 2335 2501 3778 2578">
    <p class='ocr_par' dir='ltr' id='par_1_50' title="bbox 2335 2501 3778 2578">
     <span class='ocr_line' id='line_1_50' title="bbox 2335 2501 3778 2578; baseline 0.005 -21"><span class='ocrx_word' id='word_1_365' title='bbox 2335 2501 2574 2560; x_wconf 87' lang='lat' dir='ltr'><strong>Joannes</strong></span> <span class='ocrx_word' id='word_1_366' title='bbox 2609 2507 2686 2560; x_wconf 89' lang='lat' dir='ltr'><strong>ait</strong></span> <span class='ocrx_word' id='word_1_367' title='bbox 2731 2525 2744 2562; x_wconf 88' lang='lat'><strong>:</strong></span> <span class='ocrx_word' id='word_1_368' title='bbox 2793 2527 2811 2558; x_wconf 74' lang='grc' dir='ltr'><strong>ι</strong></span> <span class='ocrx_word' id='word_1_369' title='bbox 2850 2509 3196 2566; x_wconf 81' lang='lat' dir='ltr'><strong>Advocatum</strong></span> <span class='ocrx_word' id='word_1_370' title='bbox 3240 2512 3496 2567; x_wconf 76' lang='lat' dir='ltr'><strong>habeunts</strong></span> <span class='ocrx_word' id='word_1_371' title='bbox 3520 2507 3632 2578; x_wconf 86' lang='lat' dir='ltr'><strong>apud</strong></span> <span class='ocrx_word' id='word_1_372' title='bbox 3659 2505 3778 2557; x_wconf 63' lang='lat' dir='ltr'><strong>Palu!&quot;</strong></span> 
     </span>
    </p>
   </div>
   <div class='ocr_carea' id='block_1_51' title="bbox 2333 2593 3778 2675">
    <p class='ocr_par' dir='ltr' id='par_1_51' title="bbox 2333 2593 3778 2675">
     <span class='ocr_line' id='line_1_51' title="bbox 2333 2593 3778 2675; baseline -0.002 -26"><span class='ocrx_word' id='word_1_373' title='bbox 2333 2593 2518 2650; x_wconf 60' lang='lat' dir='ltr'><strong>Jesum</strong></span> <span class='ocrx_word' id='word_1_374' title='bbox 2569 2597 2848 2654; x_wconf 88' lang='lat' dir='ltr'><strong>Christum</strong></span> <span class='ocrx_word' id='word_1_375' title='bbox 2897 2601 2952 2670; x_wconf 89' lang='grc' dir='ltr'><strong>(Ι</strong></span> <span class='ocrx_word' id='word_1_376' title='bbox 2983 2601 3152 2658; x_wconf 80' lang='grc' dir='ltr'><strong>Ιοαιι.</strong></span> <span class='ocrx_word' id='word_1_377' title='bbox 3207 2605 3292 2675; x_wconf 89' lang='grc' dir='ltr'>ιι),</span> <span class='ocrx_word' id='word_1_378' title='bbox 3356 2623 3374 2655; x_wconf 78' lang='grc' dir='ltr'><strong>ι</strong></span> <span class='ocrx_word' id='word_1_379' title='bbox 3421 2602 3481 2656; x_wconf 89' lang='lat' dir='ltr'><strong>ad</strong></span> <span class='ocrx_word' id='word_1_380' title='bbox 3521 2597 3778 2654; x_wconf 76' lang='lat' dir='ltr'><strong>humauinluu</strong></span> 
     </span>
    </p>
   </div>
   <div class='ocr_carea' id='block_1_52' title="bbox 2334 2689 3778 2768">
    <p class='ocr_par' dir='ltr' id='par_1_52' title="bbox 2334 2689 3778 2768">
     <span class='ocr_line' id='line_1_52' title="bbox 2334 2689 3778 2768; baseline 0.007 -26"><span class='ocrx_word' id='word_1_381' title='bbox 2334 2689 2573 2760; x_wconf 87' lang='lat' dir='ltr'><strong>respicit.</strong></span> <span class='ocrx_word' id='word_1_382' title='bbox 2610 2689 2704 2745; x_wconf 85' lang='lat' dir='ltr'><strong>Vel</strong></span> <span class='ocrx_word' id='word_1_383' title='bbox 2743 2693 2816 2746; x_wconf 92' lang='lat' dir='ltr'><strong>ita</strong></span> <span class='ocrx_word' id='word_1_384' title='bbox 2851 2712 2862 2746; x_wconf 91' lang='lat'>:</span> <span class='ocrx_word' id='word_1_385' title='bbox 2897 2693 3016 2750; x_wconf 86' lang='lat' dir='ltr'><strong>Non</strong></span> <span class='ocrx_word' id='word_1_386' title='bbox 3060 2697 3272 2767; x_wconf 85' lang='lat' dir='ltr'><strong>rogabo</strong></span> <span class='ocrx_word' id='word_1_387' title='bbox 3306 2712 3403 2768; x_wconf 93' lang='lat' dir='ltr'><strong>pro</strong></span> <span class='ocrx_word' id='word_1_388' title='bbox 3447 2694 3603 2756; x_wconf 88' lang='lat' dir='ltr'><strong>vobis,</strong></span> <span class='ocrx_word' id='word_1_389' title='bbox 3626 2689 3778 2760; x_wconf 44' lang='lat' dir='ltr'><strong>quia?“</strong></span> 
     </span>
    </p>
   </div>
   <div class='ocr_carea' id='block_1_53' title="bbox 2333 2779 3777 2860">
    <p class='ocr_par' dir='ltr' id='par_1_53' title="bbox 2333 2779 3777 2860">
     <span class='ocr_line' id='line_1_53' title="bbox 2333 2779 3777 2860; baseline 0.001 -26"><span class='ocrx_word' id='word_1_390' title='bbox 2333 2781 2442 2836; x_wconf 89' lang='lat' dir='ltr'><strong>tius</strong></span> <span class='ocrx_word' id='word_1_391' title='bbox 2474 2781 2710 2852; x_wconf 90' lang='lat' dir='ltr'><strong>implebo</strong></span> <span class='ocrx_word' id='word_1_392' title='bbox 2735 2786 2882 2855; x_wconf 83' lang='lat' dir='ltr'><strong>quod</strong></span> <span class='ocrx_word' id='word_1_393' title='bbox 2939 2787 3234 2860; x_wconf 88' lang='lat' dir='ltr'><strong>hucusque</strong></span> <span class='ocrx_word' id='word_1_394' title='bbox 3265 2789 3466 2860; x_wconf 85' lang='lat' dir='ltr'><strong>rogavi.</strong></span> <span class='ocrx_word' id='word_1_395' title='bbox 3496 2779 3708 2853; x_wconf 80' lang='lat' dir='ltr'><strong>Quomodo</strong></span> <span class='ocrx_word' id='word_1_396' title='bbox 3730 2792 3777 2827; x_wconf 79' lang='lat' dir='ltr'><strong>r0-</strong></span> 
     </span>
    </p>
   </div>
   <div class='ocr_carea' id='block_1_54' title="bbox 2332 2877 3778 2966">
    <p class='ocr_par' dir='ltr' id='par_1_54' title="bbox 2332 2877 3778 2966">
     <span class='ocr_line' id='line_1_54' title="bbox 2332 2877 3778 2966; baseline 0.004 -39"><span class='ocrx_word' id='word_1_397' title='bbox 2332 2877 2515 2946; x_wconf 86' lang='lat' dir='ltr'><strong>gavit?</strong></span> <span class='ocrx_word' id='word_1_398' title='bbox 2541 2877 2666 2948; x_wconf 89' lang='lat' dir='ltr'><strong>quia</strong></span> <span class='ocrx_word' id='word_1_399' title='bbox 2699 2880 2940 2934; x_wconf 82' lang='lat' dir='ltr'><strong>nondum</strong></span> <span class='ocrx_word' id='word_1_400' title='bbox 2967 2884 3315 2939; x_wconf 88' lang='lat' dir='ltr'><strong>ascenderat.</strong></span> <span class='ocrx_word' id='word_1_401' title='bbox 3346 2883 3401 2937; x_wconf 92' lang='lat' dir='ltr'><strong>Si</strong></span> <span class='ocrx_word' id='word_1_402' title='bbox 3424 2881 3550 2935; x_wconf 90' lang='lat' dir='ltr'><strong>cnim</strong></span> <span class='ocrx_word' id='word_1_403' title='bbox 3575 2885 3778 2966; x_wconf 43' lang='lat' dir='ltr'><strong>nonnae?”</strong></span> 
     </span>
    </p>
   </div>
   <div class='ocr_carea' id='block_1_55' title="bbox 2331 2962 3778 3057">
    <p class='ocr_par' dir='ltr' id='par_1_55' title="bbox 2331 2962 3778 3057">
     <span class='ocr_line' id='line_1_55' title="bbox 2331 2962 3778 3057; baseline -0.002 -35"><span class='ocrx_word' id='word_1_404' title='bbox 2331 2967 2503 3024; x_wconf 89' lang='lat' dir='ltr'><strong>disset</strong></span> <span class='ocrx_word' id='word_1_405' title='bbox 2533 2971 2679 3024; x_wconf 92' lang='lat' dir='ltr'><strong>nulla</strong></span> <span class='ocrx_word' id='word_1_406' title='bbox 2708 2973 2977 3029; x_wconf 88' lang='lat' dir='ltr'><strong>certitudo</strong></span> <span class='ocrx_word' id='word_1_407' title='bbox 2998 2976 3336 3032; x_wconf 88' lang='lat' dir='ltr'><strong>ascendendi</strong></span> <span class='ocrx_word' id='word_1_408' title='bbox 3366 2970 3672 3030; x_wconf 79' lang='lat' dir='ltr'><strong>remansisset.</strong></span> <span class='ocrx_word' id='word_1_409' title='bbox 3693 2962 3778 3057; x_wconf 46' lang='grc' dir='ltr'><strong>λυπέο</strong></span> 
     </span>
    </p>
   </div>
   <div class='ocr_carea' id='block_1_56' title="bbox 2331 3057 3776 3149">
    <p class='ocr_par' dir='ltr' id='par_1_56' title="bbox 2331 3057 3776 3149">
     <span class='ocr_line' id='line_1_56' title="bbox 2331 3057 3776 3149; baseline -0.001 -37"><span class='ocrx_word' id='word_1_410' title='bbox 2331 3071 2511 3115; x_wconf 89' lang='lat' dir='ltr'><strong>autem</strong></span> <span class='ocrx_word' id='word_1_411' title='bbox 2558 3063 2754 3118; x_wconf 91' lang='lat' dir='ltr'><strong>sedens</strong></span> <span class='ocrx_word' id='word_1_412' title='bbox 2799 3064 3118 3124; x_wconf 89' lang='lat' dir='ltr'><strong>humanitas</strong></span> <span class='ocrx_word' id='word_1_413' title='bbox 3146 3068 3214 3122; x_wconf 89' lang='lat' dir='ltr'><strong>ad</strong></span> <span class='ocrx_word' id='word_1_414' title='bbox 3249 3068 3512 3123; x_wconf 84' lang='lat' dir='ltr'><strong>dexteram</strong></span> <span class='ocrx_word' id='word_1_415' title='bbox 3539 3057 3776 3149; x_wconf 44' lang='lat' dir='ltr'><strong>Paulson&quot;-</strong></span> 
     </span>
    </p>
   </div>
   <div class='ocr_carea' id='block_1_57' title="bbox 2331 3140 3778 3239">
    <p class='ocr_par' dir='ltr' id='par_1_57' title="bbox 2331 3140 3778 3239">
     <span class='ocr_line' id='line_1_57' title="bbox 2331 3140 3778 3239; baseline -0.001 -35"><span class='ocrx_word' id='word_1_416' title='bbox 2331 3151 2460 3205; x_wconf 90' lang='lat' dir='ltr'><strong>tudo</strong></span> <span class='ocrx_word' id='word_1_417' title='bbox 2501 3161 2556 3208; x_wconf 88' lang='lat' dir='ltr'><strong>et</strong></span> <span class='ocrx_word' id='word_1_418' title='bbox 2604 3154 2766 3208; x_wconf 85' lang='lat' dir='ltr'><strong>arrha</strong></span> <span class='ocrx_word' id='word_1_419' title='bbox 2798 3167 2901 3220; x_wconf 90' lang='lat' dir='ltr'><strong>est,</strong></span> <span class='ocrx_word' id='word_1_420' title='bbox 2930 3158 3081 3226; x_wconf 83' lang='lat' dir='ltr'><strong>quod</strong></span> <span class='ocrx_word' id='word_1_421' title='bbox 3112 3167 3168 3213; x_wconf 85' lang='lat' dir='ltr'><strong>et</strong></span> <span class='ocrx_word' id='word_1_422' title='bbox 3216 3173 3318 3214; x_wconf 92' lang='lat' dir='ltr'><strong>nos</strong></span> <span class='ocrx_word' id='word_1_423' title='bbox 3359 3154 3672 3211; x_wconf 83' lang='lat' dir='ltr'><strong>ascentlcmus.</strong></span> <span class='ocrx_word' id='word_1_424' title='bbox 3699 3140 3778 3239; x_wconf 49' lang='grc'><strong>111³⁸</strong></span> 
     </span>
    </p>
   </div>
   <div class='ocr_carea' id='block_1_58' title="bbox 2328 3233 3776 3317">
    <p class='ocr_par' dir='ltr' id='par_1_58' title="bbox 2328 3233 3776 3317">
     <span class='ocr_line' id='line_1_58' title="bbox 2328 3233 3776 3317; baseline -0.008 -21"><span class='ocrx_word' id='word_1_425' title='bbox 2328 3241 2691 3315; x_wconf 83' lang='lat' dir='ltr'><strong>Hieronymus</strong></span> <span class='ocrx_word' id='word_1_426' title='bbox 2713 3245 2768 3300; x_wconf 88' lang='lat' dir='ltr'><strong>in</strong></span> <span class='ocrx_word' id='word_1_427' title='bbox 2794 3245 3093 3317; x_wconf 83' lang='lat' dir='ltr'><strong>Epistolam</strong></span> <span class='ocrx_word' id='word_1_428' title='bbox 3119 3251 3186 3306; x_wconf 90' lang='lat' dir='ltr'><strong>ad</strong></span> <span class='ocrx_word' id='word_1_429' title='bbox 3213 3249 3513 3306; x_wconf 85' lang='lat' dir='ltr'><strong>Romanos:</strong></span> <span class='ocrx_word' id='word_1_430' title='bbox 3542 3233 3776 3296; x_wconf 71' lang='lat' dir='ltr'><strong>SolcnIAm-</strong></span> 
     </span>
    </p>
   </div>
   <div class='ocr_carea' id='block_1_59' title="bbox 2329 3323 3777 3413">
    <p class='ocr_par' dir='ltr' id='par_1_59' title="bbox 2329 3323 3777 3413">
     <span class='ocr_line' id='line_1_59' title="bbox 2329 3323 3777 3413; baseline 0.005 -25"><span class='ocrx_word' id='word_1_431' title='bbox 2329 3337 2382 3390; x_wconf 81' lang='lat' dir='ltr'><strong>ni</strong></span> <span class='ocrx_word' id='word_1_432' title='bbox 2408 3337 2738 3392; x_wconf 88' lang='lat' dir='ltr'><strong>calumniam</strong></span> <span class='ocrx_word' id='word_1_433' title='bbox 2772 3355 2992 3396; x_wconf 91' lang='lat' dir='ltr'><strong>movere</strong></span> <span class='ocrx_word' id='word_1_434' title='bbox 3005 3341 3287 3400; x_wconf 58' lang='lat' dir='ltr'><strong>&quot;dicentes</strong></span> <span class='ocrx_word' id='word_1_435' title='bbox 3314 3338 3451 3413; x_wconf 91' lang='lat' dir='ltr'><strong>quod</strong></span> <span class='ocrx_word' id='word_1_436' title='bbox 3477 3335 3558 3408; x_wconf 89' lang='lat' dir='ltr'><strong>qui</strong></span> <span class='ocrx_word' id='word_1_437' title='bbox 3581 3323 3777 3395; x_wconf 61' lang='lat' dir='ltr'><strong>inlchCH&quot;</strong></span> 
     </span>
    </p>
   </div>
   <div class='ocr_carea' id='block_1_60' title="bbox 2326 3417 3774 3506">
    <p class='ocr_par' dir='ltr' id='par_1_60' title="bbox 2326 3417 3774 3506">
     <span class='ocr_line' id='line_1_60' title="bbox 2326 3417 3774 3506; baseline -0.008 -24"><span class='ocrx_word' id='word_1_438' title='bbox 2326 3439 2434 3494; x_wconf 84' lang='lat' dir='ltr'><strong>tur,</strong></span> <span class='ocrx_word' id='word_1_439' title='bbox 2465 3430 2843 3500; x_wconf 90' lang='lat' dir='ltr'><strong>interpellante</strong></span> <span class='ocrx_word' id='word_1_440' title='bbox 2886 3434 2958 3488; x_wconf 90' lang='lat' dir='ltr'><strong>sit</strong></span> <span class='ocrx_word' id='word_1_441' title='bbox 2988 3437 3188 3506; x_wconf 85' lang='lat' dir='ltr'><strong>major.</strong></span> <span class='ocrx_word' id='word_1_442' title='bbox 3228 3435 3432 3503; x_wconf 83' lang='lat' dir='ltr'><strong>Quibus</strong></span> <span class='ocrx_word' id='word_1_443' title='bbox 3474 3417 3774 3497; x_wconf 73' lang='lat' dir='ltr'><strong>respondendum</strong></span> 
     </span>
    </p>
   </div>
   <div class='ocr_carea' id='block_1_61' title="bbox 2327 3519 3774 3599">
    <p class='ocr_par' dir='ltr' id='par_1_61' title="bbox 2327 3519 3774 3599">
     <span class='ocr_line' id='line_1_61' title="bbox 2327 3519 3774 3599; baseline -0.012 -24"><span class='ocrx_word' id='word_1_444' title='bbox 2327 3533 2413 3576; x_wconf 66' lang='lat' dir='ltr'><strong>est</strong></span> <span class='ocrx_word' id='word_1_445' title='bbox 2443 3521 2635 3590; x_wconf 89' lang='lat' dir='ltr'><strong>Deum,</strong></span> <span class='ocrx_word' id='word_1_446' title='bbox 2669 3524 2996 3581; x_wconf 86' lang='lat' dir='ltr'><strong>oblivionem</strong></span> <span class='ocrx_word' id='word_1_447' title='bbox 3029 3544 3141 3584; x_wconf 87' lang='lat' dir='ltr'><strong>non</strong></span> <span class='ocrx_word' id='word_1_448' title='bbox 3173 3529 3279 3599; x_wconf 85' lang='lat' dir='ltr'><strong>pati</strong></span> <span class='ocrx_word' id='word_1_449' title='bbox 3309 3539 3364 3582; x_wconf 91' lang='lat' dir='ltr'><strong>ut</strong></span> <span class='ocrx_word' id='word_1_450' title='bbox 3391 3539 3480 3596; x_wconf 88' lang='lat' dir='ltr'><strong>pro</strong></span> <span class='ocrx_word' id='word_1_451' title='bbox 3503 3519 3610 3591; x_wconf 81' lang='lat' dir='ltr'><strong>ipsis</strong></span> <span class='ocrx_word' id='word_1_452' title='bbox 3626 3519 3774 3569; x_wconf 85' lang='lat' dir='ltr'><strong>commo-</strong></span> 
     </span>
    </p>
   </div>
   <div class='ocr_carea' id='block_1_62' title="bbox 636 3595 3773 3716">
    <p class='ocr_par' dir='ltr' id='par_1_62' title="bbox 636 3595 3773 3716">
     <span class='ocr_line' id='line_1_62' title="bbox 636 3595 3773 3716; baseline 0.003 -56"><span class='ocrx_word' id='word_1_453' title='bbox 636 3595 782 3660; x_wconf 72' lang='grc' dir='ltr'><strong>(Ιιιοίι</strong></span> <span class='ocrx_word' id='word_1_454' title='bbox 815 3611 877 3650; x_wconf 79' lang='lat' dir='ltr'><strong>ea</strong></span> <span class='ocrx_word' id='word_1_455' title='bbox 935 3605 1192 3670; x_wconf 81' lang='lat' dir='ltr'><strong>tanquam</strong></span> <span class='ocrx_word' id='word_1_456' title='bbox 1225 3608 1511 3673; x_wconf 88' lang='lat' dir='ltr'><strong>proverbia</strong></span> <span class='ocrx_word' id='word_1_457' title='bbox 1539 3610 1777 3682; x_wconf 83' lang='lat' dir='ltr'><strong>deputet,</strong></span> <span class='ocrx_word' id='word_1_458' title='bbox 1832 3618 1925 3672; x_wconf 89' lang='lat' dir='ltr'><strong>sed</strong></span> <span class='ocrx_word' id='word_1_459' title='bbox 1960 3620 2088 3689; x_wconf 87' lang='lat' dir='ltr'><strong>quia</strong></span> <span class='ocrx_word' id='word_1_460' title='bbox 2141 3623 2222 3679; x_wconf 90' lang='lat' dir='ltr'><strong>sic</strong></span> <span class='ocrx_word' id='word_1_461' title='bbox 2249 3659 2290 3716; x_wconf 80' lang='lat' dir='ltr'>C</span> <span class='ocrx_word' id='word_1_462' title='bbox 2324 3623 2519 3669; x_wconf 90' lang='lat' dir='ltr'><strong>neatur</strong></span> <span class='ocrx_word' id='word_1_463' title='bbox 2542 3631 2757 3686; x_wconf 88' lang='lat' dir='ltr'><strong>semper</strong></span> <span class='ocrx_word' id='word_1_464' title='bbox 2778 3634 2915 3689; x_wconf 88' lang='lat' dir='ltr'><strong>quos</strong></span> <span class='ocrx_word' id='word_1_465' title='bbox 2957 3621 3153 3716; x_wconf 85' lang='lat' dir='ltr'><strong>elegit,</strong></span> <span class='ocrx_word' id='word_1_466' title='bbox 3201 3621 3294 3676; x_wconf 90' lang='lat' dir='ltr'><strong>sed</strong></span> <span class='ocrx_word' id='word_1_467' title='bbox 3328 3621 3379 3673; x_wconf 92' lang='lat' dir='ltr'><strong>in</strong></span> <span class='ocrx_word' id='word_1_468' title='bbox 3428 3617 3527 3716; x_wconf 55' lang='lat' dir='ltr'><strong>hoc</strong></span> 
     </span>
     <span class='ocr_line' id='line_1_63' title="bbox 636 3685 1880 3716; baseline 0 0"><span class='ocrx_word' id='word_1_469' title='bbox 636 3685 838 3716; x_wconf 70' lang='grc' dir='ltr'><strong>ηηηζιηο</strong></span> <span class='ocrx_word' id='word_1_470' title='bbox 882 3693 1153 3716; x_wconf 68' lang='lat' dir='ltr'><strong>-...........I.-</strong></span> <span class='ocrx_word' id='word_1_471' title='bbox 1189 3694 1261 3716; x_wconf 80' lang='lat' dir='ltr'><strong>:n:</strong></span> <span class='ocrx_word' id='word_1_472' title='bbox 1302 3698 1384 3716; x_wconf 60' lang='lat'><strong>_,,2</strong></span> <span class='ocrx_word' id='word_1_473' title='bbox 1625 3704 1637 3716; x_wconf 85' lang='lat'>.</span> <span class='ocrx_word' id='word_1_474' title='bbox 1663 3705 1674 3716; x_wconf 87' lang='lat'><strong>.</strong></span> <span class='ocrx_word' id='word_1_475' title='bbox 1848 3708 1880 3716; x_wconf 88' lang='lat'><strong>..</strong></span> 
     </span>
    </p>
   </div>
   <div class='ocr_carea' id='block_1_63' title="bbox 636 3685 2220 3770">
    <p class='ocr_par' dir='ltr' id='par_1_63' title="bbox 636 3685 2220 3770">
     <span class='ocr_line' id='line_1_64' title="bbox 636 3685 2220 3770; baseline 0.02 -32"><span class='ocrx_word' id='word_1_476' title='bbox 636 3685 841 3754; x_wconf 85' lang='lat' dir='ltr'><strong>cogitat</strong></span> <span class='ocrx_word' id='word_1_477' title='bbox 881 3693 1158 3758; x_wconf 89' lang='lat' dir='ltr'><strong>quomodo</strong></span> <span class='ocrx_word' id='word_1_478' title='bbox 1189 3694 1263 3750; x_wconf 91' lang='lat' dir='ltr'><strong>illi</strong></span> <span class='ocrx_word' id='word_1_479' title='bbox 1294 3698 1386 3768; x_wconf 93' lang='lat' dir='ltr'><strong>qui</strong></span> <span class='ocrx_word' id='word_1_480' title='bbox 1421 3704 1710 3770; x_wconf 89' lang='lat' dir='ltr'><strong>proverbia</strong></span> <span class='ocrx_word' id='word_1_481' title='bbox 1757 3685 1994 3764; x_wconf 71' lang='lat' dir='ltr'><strong>audiunt</strong></span> <span class='ocrx_word' id='word_1_482' title='bbox 2028 3721 2220 3770; x_wconf 91' lang='lat' dir='ltr'><strong>etnon</strong></span> 
     </span>
    </p>
   </div>
   <div class='ocr_carea' id='block_1_64' title="bbox 636 3775 2224 3878">
    <p class='ocr_par' dir='ltr' id='par_1_64' title="bbox 636 3775 2224 3878">
     <span class='ocr_line' id='line_1_65' title="bbox 636 3775 2224 3878; baseline 0.022 -50"><span class='ocrx_word' id='word_1_483' title='bbox 636 3775 965 3849; x_wconf 88' lang='lat' dir='ltr'><strong>intelligunt.</strong></span> <span class='ocrx_word' id='word_1_484' title='bbox 1003 3783 1272 3854; x_wconf 87' lang='lat' dir='ltr'><strong>Spiritalis</strong></span> <span class='ocrx_word' id='word_1_485' title='bbox 1301 3800 1483 3848; x_wconf 91' lang='lat' dir='ltr'><strong>autem</strong></span> <span class='ocrx_word' id='word_1_486' title='bbox 1520 3796 1685 3852; x_wconf 91' lang='lat' dir='ltr'><strong>homo</strong></span> <span class='ocrx_word' id='word_1_487' title='bbox 1733 3799 1787 3854; x_wconf 93' lang='lat' dir='ltr'><strong>in</strong></span> <span class='ocrx_word' id='word_1_488' title='bbox 1840 3803 2060 3860; x_wconf 90' lang='lat' dir='ltr'><strong>nomine</strong></span> <span class='ocrx_word' id='word_1_489' title='bbox 2104 3808 2224 3878; x_wconf 87' lang='lat' dir='ltr'><strong>ejus</strong></span> 
     </span>
    </p>
   </div>
   <div class='ocr_carea' id='block_1_65' title="bbox 634 3869 2225 3958">
    <p class='ocr_par' dir='ltr' id='par_1_65' title="bbox 634 3869 2225 3958">
     <span class='ocr_line' id='line_1_66' title="bbox 634 3869 2225 3958; baseline 0.023 -37"><span class='ocrx_word' id='word_1_490' title='bbox 634 3869 788 3937; x_wconf 73' lang='lat' dir='ltr'><strong>petit,</strong></span> <span class='ocrx_word' id='word_1_491' title='bbox 821 3874 947 3942; x_wconf 89' lang='lat' dir='ltr'><strong>quia</strong></span> <span class='ocrx_word' id='word_1_492' title='bbox 999 3875 1175 3946; x_wconf 90' lang='lat' dir='ltr'><strong>ipsum</strong></span> <span class='ocrx_word' id='word_1_493' title='bbox 1229 3882 1473 3952; x_wconf 89' lang='lat' dir='ltr'><strong>ejusdem</strong></span> <span class='ocrx_word' id='word_1_494' title='bbox 1510 3889 1830 3949; x_wconf 70' lang='lat' dir='ltr'><strong>substantia:</strong></span> <span class='ocrx_word' id='word_1_495' title='bbox 1882 3911 2005 3951; x_wconf 91' lang='lat' dir='ltr'><strong>cum</strong></span> <span class='ocrx_word' id='word_1_496' title='bbox 2063 3869 2225 3958; x_wconf 77' lang='lat' dir='ltr'><strong>Patre</strong></span> 
     </span>
    </p>
   </div>
   <div class='ocr_carea' id='block_1_66' title="bbox 633 3963 2224 4066">
    <p class='ocr_par' dir='ltr' id='par_1_66' title="bbox 633 3963 2224 4066">
     <span class='ocr_line' id='line_1_67' title="bbox 633 3963 2224 4066; baseline 0.023 -53"><span class='ocrx_word' id='word_1_497' title='bbox 633 3973 757 4016; x_wconf 90' lang='lat' dir='ltr'><strong>esse</strong></span> <span class='ocrx_word' id='word_1_498' title='bbox 802 3963 1071 4039; x_wconf 89' lang='lat' dir='ltr'><strong>intelligit.</strong></span> <span class='ocrx_word' id='word_1_499' title='bbox 1109 3969 1392 4044; x_wconf 89' lang='lat' dir='ltr'><strong>Spiritales</strong></span> <span class='ocrx_word' id='word_1_500' title='bbox 1424 3978 1673 4038; x_wconf 89' lang='lat' dir='ltr'><strong>homines</strong></span> <span class='ocrx_word' id='word_1_501' title='bbox 1701 3986 1996 4044; x_wconf 89' lang='lat' dir='ltr'><strong>vanitatem</strong></span> <span class='ocrx_word' id='word_1_502' title='bbox 2033 4000 2085 4046; x_wconf 93' lang='lat' dir='ltr'><strong>et</strong></span> <span class='ocrx_word' id='word_1_503' title='bbox 2119 3992 2224 4066; x_wconf 67' lang='grc' dir='ltr'><strong>ηε-</strong></span> 
     </span>
    </p>
   </div>
   <div class='ocr_carea' id='block_1_67' title="bbox 634 4064 2222 4152">
    <p class='ocr_par' dir='ltr' id='par_1_67' title="bbox 634 4064 2222 4152">
     <span class='ocr_line' id='line_1_68' title="bbox 634 4064 2222 4152; baseline 0.021 -46"><span class='ocrx_word' id='word_1_504' title='bbox 634 4064 816 4111; x_wconf 91' lang='lat' dir='ltr'><strong>menta</strong></span> <span class='ocrx_word' id='word_1_505' title='bbox 861 4074 1122 4131; x_wconf 88' lang='lat' dir='ltr'><strong>tanquam</strong></span> <span class='ocrx_word' id='word_1_506' title='bbox 1185 4067 1525 4138; x_wconf 89' lang='lat' dir='ltr'><strong>importunas</strong></span> <span class='ocrx_word' id='word_1_507' title='bbox 1585 4091 1807 4134; x_wconf 89' lang='lat' dir='ltr'><strong>muscas</strong></span> <span class='ocrx_word' id='word_1_508' title='bbox 1861 4080 2108 4152; x_wconf 89' lang='lat' dir='ltr'><strong>abigunt,</strong></span> <span class='ocrx_word' id='word_1_509' title='bbox 2168 4095 2222 4141; x_wconf 90' lang='lat' dir='ltr'><strong>et</strong></span> 
     </span>
    </p>
   </div>
   <div class='ocr_carea' id='block_1_68' title="bbox 633 4144 2219 4247">
    <p class='ocr_par' dir='ltr' id='par_1_68' title="bbox 633 4144 2219 4247">
     <span class='ocr_line' id='line_1_69' title="bbox 633 4144 2219 4247; baseline 0.021 -48"><span class='ocrx_word' id='word_1_510' title='bbox 633 4144 865 4206; x_wconf 76' lang='lat' dir='ltr'><strong>internis</strong></span> <span class='ocrx_word' id='word_1_511' title='bbox 897 4156 1229 4224; x_wconf 86' lang='lat' dir='ltr'><strong>aspectibus,</strong></span> <span class='ocrx_word' id='word_1_512' title='bbox 1259 4169 1537 4235; x_wconf 89' lang='lat' dir='ltr'><strong>utcunque</strong></span> <span class='ocrx_word' id='word_1_513' title='bbox 1564 4166 1968 4241; x_wconf 85' lang='lat' dir='ltr'><strong>incorporeum,</strong></span> <span class='ocrx_word' id='word_1_514' title='bbox 2013 4190 2219 4247; x_wconf 75' lang='lat' dir='ltr'><strong>cogito--</strong></span> 
     </span>
    </p>
   </div>
   <div class='ocr_carea' id='block_1_69' title="bbox 631 4246 812 4294">
    <p class='ocr_par' dir='ltr' id='par_1_69' title="bbox 631 4246 812 4294">
     <span class='ocr_line' id='line_1_70' title="bbox 631 4246 812 4294; baseline 0.011 -2"><span class='ocrx_word' id='word_1_515' title='bbox 631 4246 812 4294; x_wconf 77' lang='lat' dir='ltr'><strong>scunt.</strong></span> 
     </span>
    </p>
   </div>
   <div class='ocr_carea' id='block_1_70' title="bbox 707 4327 2221 4430">
    <p class='ocr_par' dir='ltr' id='par_1_70' title="bbox 707 4327 2221 4430">
     <span class='ocr_line' id='line_1_71' title="bbox 707 4327 2221 4430; baseline 0.022 -48"><span class='ocrx_word' id='word_1_516' title='bbox 707 4347 728 4382; x_wconf 74' lang='lat' dir='ltr'><strong>t</strong></span> <span class='ocrx_word' id='word_1_517' title='bbox 768 4327 929 4388; x_wconf 85' lang='lat' dir='ltr'><strong>Venit</strong></span> <span class='ocrx_word' id='word_1_518' title='bbox 973 4335 1108 4393; x_wconf 89' lang='lat' dir='ltr'><strong>hora</strong></span> <span class='ocrx_word' id='word_1_519' title='bbox 1140 4356 1262 4396; x_wconf 92' lang='lat' dir='ltr'><strong>cum</strong></span> <span class='ocrx_word' id='word_1_520' title='bbox 1304 4344 1414 4414; x_wconf 89' lang='lat' dir='ltr'><strong>jam</strong></span> <span class='ocrx_word' id='word_1_521' title='bbox 1451 4362 1560 4402; x_wconf 90' lang='lat' dir='ltr'><strong>non</strong></span> <span class='ocrx_word' id='word_1_522' title='bbox 1592 4349 1647 4404; x_wconf 91' lang='lat' dir='ltr'><strong>in</strong></span> <span class='ocrx_word' id='word_1_523' title='bbox 1689 4355 1992 4422; x_wconf 86' lang='lat' dir='ltr'><strong>proverbiis</strong></span> <span class='ocrx_word' id='word_1_524' title='bbox 2027 4358 2221 4430; x_wconf 89' lang='lat' dir='ltr'><strong>loquar</strong></span> 
     </span>
    </p>
   </div>
   <div class='ocr_carea' id='block_1_71' title="bbox 629 4418 2220 4511">
    <p class='ocr_par' dir='ltr' id='par_1_71' title="bbox 629 4418 2220 4511">
     <span class='ocr_line' id='line_1_72' title="bbox 629 4418 2220 4511; baseline 0.021 -37"><span class='ocrx_word' id='word_1_525' title='bbox 629 4418 808 4490; x_wconf 83' lang='lat' dir='ltr'><strong>vobis,</strong></span> <span class='ocrx_word' id='word_1_526' title='bbox 827 4425 1124 4511; x_wconf 74' lang='lat' dir='ltr'><strong>sedpalam</strong></span> <span class='ocrx_word' id='word_1_527' title='bbox 1148 4432 1214 4488; x_wconf 93' lang='lat' dir='ltr'><strong>de</strong></span> <span class='ocrx_word' id='word_1_528' title='bbox 1238 4433 1396 4492; x_wconf 87' lang='lat' dir='ltr'><strong>Patre</strong></span> <span class='ocrx_word' id='word_1_529' title='bbox 1420 4418 1874 4502; x_wconf 64' lang='lat' dir='ltr'><strong>nutttiabovobis.</strong></span> <span class='ocrx_word' id='word_1_530' title='bbox 1899 4465 1917 4498; x_wconf 79' lang='grc' dir='ltr'><strong>ι</strong></span> <span class='ocrx_word' id='word_1_531' title='bbox 1951 4418 2116 4506; x_wconf 51' lang='grc'><strong>111311]-</strong></span> <span class='ocrx_word' id='word_1_532' title='bbox 2135 4453 2220 4508; x_wconf 87' lang='lat' dir='ltr'><strong>ni-</strong></span> 
     </span>
    </p>
   </div>
   <div class='ocr_carea' id='block_1_72' title="bbox 631 4513 2217 4610">
    <p class='ocr_par' dir='ltr' id='par_1_72' title="bbox 631 4513 2217 4610">
     <span class='ocr_line' id='line_1_73' title="bbox 631 4513 2217 4610; baseline 0.021 -43"><span class='ocrx_word' id='word_1_533' title='bbox 631 4513 832 4572; x_wconf 90' lang='lat' dir='ltr'><strong>mirum</strong></span> <span class='ocrx_word' id='word_1_534' title='bbox 885 4519 1076 4577; x_wconf 90' lang='lat' dir='ltr'><strong>horam</strong></span> <span class='ocrx_word' id='word_1_535' title='bbox 1127 4525 1426 4599; x_wconf 85' lang='lat' dir='ltr'><strong>significat,</strong></span> <span class='ocrx_word' id='word_1_536' title='bbox 1478 4549 1587 4605; x_wconf 85' lang='lat' dir='ltr'><strong>qua</strong></span> <span class='ocrx_word' id='word_1_537' title='bbox 1630 4536 1710 4593; x_wconf 91' lang='lat' dir='ltr'><strong>eis</strong></span> <span class='ocrx_word' id='word_1_538' title='bbox 1755 4537 1992 4610; x_wconf 89' lang='lat' dir='ltr'><strong>Spiritus</strong></span> <span class='ocrx_word' id='word_1_539' title='bbox 2041 4545 2217 4602; x_wconf 90' lang='lat' dir='ltr'><strong>sancti</strong></span> 
     </span>
    </p>
   </div>
   <div class='ocr_carea' id='block_1_73' title="bbox 633 4610 2216 4711">
    <p class='ocr_par' dir='ltr' id='par_1_73' title="bbox 633 4610 2216 4711">
     <span class='ocr_line' id='line_1_74' title="bbox 633 4610 2216 4711; baseline 0.023 -50"><span class='ocrx_word' id='word_1_540' title='bbox 633 4610 862 4674; x_wconf 76' lang='lat' dir='ltr'><strong>gratiam</strong></span> <span class='ocrx_word' id='word_1_541' title='bbox 892 4615 1120 4675; x_wconf 89' lang='lat' dir='ltr'><strong>daturus</strong></span> <span class='ocrx_word' id='word_1_542' title='bbox 1143 4631 1280 4678; x_wconf 89' lang='lat' dir='ltr'><strong>erat.</strong></span> <span class='ocrx_word' id='word_1_543' title='bbox 1310 4622 1612 4684; x_wconf 88' lang='lat' dir='ltr'><strong>Possumus</strong></span> <span class='ocrx_word' id='word_1_544' title='bbox 1633 4630 1798 4688; x_wconf 91' lang='lat' dir='ltr'><strong>etiam</strong></span> <span class='ocrx_word' id='word_1_545' title='bbox 1831 4633 2021 4692; x_wconf 90' lang='lat' dir='ltr'><strong>horam</strong></span> <span class='ocrx_word' id='word_1_546' title='bbox 2051 4655 2216 4711; x_wconf 90' lang='lat' dir='ltr'><strong>quam</strong></span> 
     </span>
    </p>
   </div>
   <div class='ocr_carea' id='block_1_74' title="bbox 632 4702 2214 4801">
    <p class='ocr_par' dir='ltr' id='par_1_74' title="bbox 632 4702 2214 4801">
     <span class='ocr_line' id='line_1_75' title="bbox 632 4702 2214 4801; baseline 0.022 -47"><span class='ocrx_word' id='word_1_547' title='bbox 632 4715 668 4770; x_wconf 91' lang='lat' dir='ltr'><strong>p</strong></span> <span class='ocrx_word' id='word_1_548' title='bbox 690 4702 921 4761; x_wconf 85' lang='lat' dir='ltr'><strong>dlicetur</strong></span> <span class='ocrx_word' id='word_1_549' title='bbox 953 4707 1009 4762; x_wconf 93' lang='lat' dir='ltr'><strong>in</strong></span> <span class='ocrx_word' id='word_1_550' title='bbox 1070 4709 1253 4769; x_wconf 91' lang='lat' dir='ltr'><strong>futura</strong></span> <span class='ocrx_word' id='word_1_551' title='bbox 1311 4716 1421 4773; x_wconf 89' lang='lat' dir='ltr'><strong>vita</strong></span> <span class='ocrx_word' id='word_1_552' title='bbox 1455 4717 1783 4793; x_wconf 82' lang='lat' dir='ltr'><strong>intelligere,</strong></span> <span class='ocrx_word' id='word_1_553' title='bbox 1818 4726 1872 4782; x_wconf 92' lang='lat' dir='ltr'><strong>in</strong></span> <span class='ocrx_word' id='word_1_554' title='bbox 1896 4743 2007 4799; x_wconf 91' lang='lat' dir='ltr'><strong>qua</strong></span> <span class='ocrx_word' id='word_1_555' title='bbox 2033 4702 2214 4801; x_wconf 73' lang='lat' dir='ltr'><strong>palam</strong></span> 
     </span>
    </p>
   </div>
   <div class='ocr_carea' id='block_1_75' title="bbox 628 4793 2212 4883">
    <p class='ocr_par' dir='ltr' id='par_1_75' title="bbox 628 4793 2212 4883">
     <span class='ocr_line' id='line_1_76' title="bbox 628 4793 2212 4883; baseline 0.022 -35"><span class='ocrx_word' id='word_1_556' title='bbox 628 4793 696 4849; x_wconf 87' lang='lat' dir='ltr'><strong>de</strong></span> <span class='ocrx_word' id='word_1_557' title='bbox 721 4793 901 4869; x_wconf 88' lang='lat' dir='ltr'><strong>Patre,</strong></span> <span class='ocrx_word' id='word_1_558' title='bbox 929 4806 1277 4863; x_wconf 87' lang='lat' dir='ltr'><strong>annuntiabit</strong></span> <span class='ocrx_word' id='word_1_559' title='bbox 1296 4809 1504 4881; x_wconf 89' lang='lat' dir='ltr'><strong>electis,</strong></span> <span class='ocrx_word' id='word_1_560' title='bbox 1526 4813 1580 4870; x_wconf 83' lang='lat' dir='ltr'><strong>id</strong></span> <span class='ocrx_word' id='word_1_561' title='bbox 1601 4825 1686 4873; x_wconf 90' lang='lat' dir='ltr'><strong>est</strong></span> <span class='ocrx_word' id='word_1_562' title='bbox 1701 4793 1950 4878; x_wconf 74' lang='lat' dir='ltr'><strong>ostendet</strong></span> <span class='ocrx_word' id='word_1_563' title='bbox 1971 4793 2212 4883; x_wconf 75' lang='lat' dir='ltr'><strong>Patrem.</strong></span> 
     </span>
    </p>
   </div>
   <div class='ocr_carea' id='block_1_76' title="bbox 630 4882 2215 4984">
    <p class='ocr_par' dir='ltr' id='par_1_76' title="bbox 630 4882 2215 4984">
     <span class='ocr_line' id='line_1_77' title="bbox 630 4882 2215 4984; baseline 0.023 -46"><span class='ocrx_word' id='word_1_564' title='bbox 630 4882 732 4940; x_wconf 88' lang='lat' dir='ltr'><strong>Ubi</strong></span> <span class='ocrx_word' id='word_1_565' title='bbox 751 4891 1012 4949; x_wconf 88' lang='lat' dir='ltr'><strong>veraciter</strong></span> <span class='ocrx_word' id='word_1_566' title='bbox 1037 4895 1329 4969; x_wconf 67' lang='lat' dir='ltr'><strong>inpomine</strong></span> <span class='ocrx_word' id='word_1_567' title='bbox 1357 4913 1549 4974; x_wconf 89' lang='lat' dir='ltr'><strong>petunt.</strong></span> <span class='ocrx_word' id='word_1_568' title='bbox 1567 4907 1724 4964; x_wconf 85' lang='lat' dir='ltr'><strong>electi</strong></span> <span class='ocrx_word' id='word_1_569' title='bbox 1747 4910 1876 4967; x_wconf 92' lang='lat' dir='ltr'><strong>dum</strong></span> <span class='ocrx_word' id='word_1_570' title='bbox 1902 4928 2003 4984; x_wconf 90' lang='lat' dir='ltr'><strong>pro</strong></span> <span class='ocrx_word' id='word_1_571' title='bbox 2025 4926 2215 4974; x_wconf 90' lang='lat' dir='ltr'><strong>nostra</strong></span> 
     </span>
    </p>
   </div>
   <div class='ocr_carea' id='block_1_77' title="bbox 629 4976 2226 5082">
    <p class='ocr_par' dir='ltr' id='par_1_77' title="bbox 629 4976 2212 5070">
     <span class='ocr_line' id='line_1_78' title="bbox 629 4976 2212 5070; baseline 0.025 -40"><span class='ocrx_word' id='word_1_572' title='bbox 629 4976 920 5048; x_wconf 78' lang='lat' dir='ltr'><strong>fragilitate</strong></span> <span class='ocrx_word' id='word_1_573' title='bbox 951 4985 1311 5061; x_wconf 89' lang='lat' dir='ltr'><strong>intercedunt,</strong></span> <span class='ocrx_word' id='word_1_574' title='bbox 1343 5005 1614 5066; x_wconf 91' lang='lat' dir='ltr'><strong>quatenus</strong></span> <span class='ocrx_word' id='word_1_575' title='bbox 1639 5001 1707 5057; x_wconf 88' lang='lat' dir='ltr'><strong>ad</strong></span> <span class='ocrx_word' id='word_1_576' title='bbox 1737 5019 1852 5061; x_wconf 67' lang='lat' dir='ltr'><strong>suae</strong></span> <span class='ocrx_word' id='word_1_577' title='bbox 1891 4976 2212 5070; x_wconf 72' lang='lat' dir='ltr'><strong>salvationis</strong></span> 
     </span>
    </p>
   </div>
   <div class='ocr_carea' id='block_1_78' title="bbox 2288 4976 3512 5082">
    <p class='ocr_par' dir='ltr' id='par_1_78' title="bbox 2288 5001 3512 5082">
     <span class='ocr_line' id='line_1_79' title="bbox 2288 5001 3512 5082; baseline 0.006 -26"><span class='ocrx_word' id='word_1_578' title='bbox 2288 5019 2292 5056; x_wconf 83' lang='grc' dir='ltr'><strong>ι</strong></span> <span class='ocrx_word' id='word_1_579' title='bbox 2315 5003 2586 5071; x_wconf 86' lang='lat' dir='ltr'><strong>corporali</strong></span> <span class='ocrx_word' id='word_1_580' title='bbox 2609 5003 2965 5074; x_wconf 89' lang='lat' dir='ltr'><strong>discessione,</strong></span> <span class='ocrx_word' id='word_1_581' title='bbox 2999 5021 3108 5063; x_wconf 92' lang='lat' dir='ltr'><strong>non</strong></span> <span class='ocrx_word' id='word_1_582' title='bbox 3147 5001 3512 5082; x_wconf 73' lang='lat' dir='ltr'><strong>gubernatione</strong></span> 
     </span>
    </p>
   </div>
   <div class='ocr_carea' id='block_1_79' title="bbox 628 5075 2214 5173">
    <p class='ocr_par' dir='ltr' id='par_1_79' title="bbox 628 5075 2214 5173">
     <span class='ocr_line' id='line_1_80' title="bbox 628 5075 2214 5173; baseline 0.025 -55"><span class='ocrx_word' id='word_1_583' title='bbox 628 5076 831 5123; x_wconf 81' lang='lat' dir='ltr'><strong>sortem</strong></span> <span class='ocrx_word' id='word_1_584' title='bbox 858 5075 1254 5147; x_wconf 88' lang='lat' dir='ltr'><strong>pertingamus.</strong></span> <span class='ocrx_word' id='word_1_585' title='bbox 1288 5081 1434 5139; x_wconf 90' lang='lat' dir='ltr'><strong>Bene</strong></span> <span class='ocrx_word' id='word_1_586' title='bbox 1469 5085 1670 5143; x_wconf 91' lang='lat' dir='ltr'><strong>dicitur</strong></span> <span class='ocrx_word' id='word_1_587' title='bbox 1705 5089 1762 5146; x_wconf 89' lang='lat' dir='ltr'><strong>in</strong></span> <span class='ocrx_word' id='word_1_588' title='bbox 1805 5093 1899 5151; x_wconf 91' lang='lat' dir='ltr'><strong>illo</strong></span> <span class='ocrx_word' id='word_1_589' title='bbox 1928 5097 2036 5166; x_wconf 89' lang='lat' dir='ltr'><strong>die,</strong></span> <span class='ocrx_word' id='word_1_590' title='bbox 2083 5101 2214 5173; x_wconf 84' lang='lat' dir='ltr'><strong>quia</strong></span> 
     </span>
    </p>
   </div>
   <div class='ocr_carea' id='block_1_80' title="bbox 628 5155 2216 5264">
    <p class='ocr_par' dir='ltr' id='par_1_80' title="bbox 628 5155 2216 5264">
     <span class='ocr_line' id='line_1_81' title="bbox 628 5155 2216 5264; baseline 0.025 -53"><span class='ocrx_word' id='word_1_591' title='bbox 628 5155 702 5212; x_wconf 90' lang='lat' dir='ltr'><strong>ibi</strong></span> <span class='ocrx_word' id='word_1_592' title='bbox 735 5175 846 5217; x_wconf 89' lang='lat' dir='ltr'><strong>non</strong></span> <span class='ocrx_word' id='word_1_593' title='bbox 875 5174 1004 5220; x_wconf 90' lang='lat' dir='ltr'><strong>sunt</strong></span> <span class='ocrx_word' id='word_1_594' title='bbox 1053 5171 1288 5228; x_wconf 61' lang='lat' dir='ltr'><strong>tenebrat</strong></span> <span class='ocrx_word' id='word_1_595' title='bbox 1316 5189 1720 5248; x_wconf 88' lang='lat' dir='ltr'><strong>pressurarum,</strong></span> <span class='ocrx_word' id='word_1_596' title='bbox 1761 5185 1854 5240; x_wconf 92' lang='lat' dir='ltr'><strong>sed</strong></span> <span class='ocrx_word' id='word_1_597' title='bbox 1891 5187 1983 5244; x_wconf 82' lang='lat' dir='ltr'><strong>lux</strong></span> <span class='ocrx_word' id='word_1_598' title='bbox 2013 5155 2216 5264; x_wconf 71' lang='lat' dir='ltr'><strong>sempi-</strong></span> 
     </span>
    </p>
   </div>
   <div class='ocr_carea' id='block_1_81' title="bbox 627 5253 2211 5340">
    <p class='ocr_par' dir='ltr' id='par_1_81' title="bbox 627 5253 2211 5340">
     <span class='ocr_line' id='line_1_82' title="bbox 627 5253 2211 5340; baseline 0.021 -32"><span class='ocrx_word' id='word_1_599' title='bbox 627 5261 802 5310; x_wconf 89' lang='lat' dir='ltr'><strong>terna.</strong></span> <span class='ocrx_word' id='word_1_600' title='bbox 840 5253 1082 5316; x_wconf 88' lang='lat' dir='ltr'><strong>Possunt</strong></span> <span class='ocrx_word' id='word_1_601' title='bbox 1121 5261 1264 5318; x_wconf 85' lang='lat' dir='ltr'><strong>idem</strong></span> <span class='ocrx_word' id='word_1_602' title='bbox 1293 5265 1520 5337; x_wconf 90' lang='lat' dir='ltr'><strong>spiritus</strong></span> <span class='ocrx_word' id='word_1_603' title='bbox 1547 5269 1845 5332; x_wconf 90' lang='lat' dir='ltr'><strong>electorum</strong></span> <span class='ocrx_word' id='word_1_604' title='bbox 1877 5278 1933 5335; x_wconf 91' lang='lat' dir='ltr'><strong>in</strong></span> <span class='ocrx_word' id='word_1_605' title='bbox 1976 5280 2066 5337; x_wconf 89' lang='lat' dir='ltr'><strong>illa</strong></span> <span class='ocrx_word' id='word_1_606' title='bbox 2098 5253 2211 5340; x_wconf 68' lang='lat' dir='ltr'><strong>coe-</strong></span> 
     </span>
    </p>
   </div>
   <div class='ocr_carea' id='block_1_82' title="bbox 625 5345 2210 5441">
    <p class='ocr_par' dir='ltr' id='par_1_82' title="bbox 625 5345 2210 5441">
     <span class='ocr_line' id='line_1_83' title="bbox 625 5345 2210 5441; baseline 0.02 -43"><span class='ocrx_word' id='word_1_607' title='bbox 625 5345 744 5402; x_wconf 85' lang='lat' dir='ltr'><strong>lesti</strong></span> <span class='ocrx_word' id='word_1_608' title='bbox 775 5345 993 5405; x_wconf 87' lang='lat' dir='ltr'><strong>civitate</strong></span> <span class='ocrx_word' id='word_1_609' title='bbox 1025 5351 1190 5407; x_wconf 90' lang='lat' dir='ltr'><strong>etiam</strong></span> <span class='ocrx_word' id='word_1_610' title='bbox 1225 5369 1322 5425; x_wconf 86' lang='lat' dir='ltr'><strong>per</strong></span> <span class='ocrx_word' id='word_1_611' title='bbox 1347 5371 1406 5413; x_wconf 90' lang='lat' dir='ltr'><strong>se</strong></span> <span class='ocrx_word' id='word_1_612' title='bbox 1441 5368 1645 5432; x_wconf 86' lang='lat' dir='ltr'><strong>petere,</strong></span> <span class='ocrx_word' id='word_1_613' title='bbox 1677 5365 1805 5436; x_wconf 90' lang='lat' dir='ltr'><strong>quia</strong></span> <span class='ocrx_word' id='word_1_614' title='bbox 1837 5377 2052 5441; x_wconf 90' lang='lat' dir='ltr'><strong>tempus</strong></span> <span class='ocrx_word' id='word_1_615' title='bbox 2087 5373 2210 5429; x_wconf 89' lang='lat' dir='ltr'><strong>uni-</strong></span> 
     </span>
    </p>
   </div>
   <div class='ocr_carea' id='block_1_83' title="bbox 621 5438 2208 5546">
    <p class='ocr_par' dir='ltr' id='par_1_83' title="bbox 621 5438 2208 5546">
     <span class='ocr_line' id='line_1_84' title="bbox 621 5438 2208 5546; baseline 0.018 -54"><span class='ocrx_word' id='word_1_616' title='bbox 621 5438 851 5496; x_wconf 83' lang='lat' dir='ltr'><strong>versalis</strong></span> <span class='ocrx_word' id='word_1_617' title='bbox 871 5440 1060 5513; x_wconf 79' lang='lat' dir='ltr'><strong>iudicii</strong></span> <span class='ocrx_word' id='word_1_618' title='bbox 1084 5445 1269 5503; x_wconf 90' lang='lat' dir='ltr'><strong>venire</strong></span> <span class='ocrx_word' id='word_1_619' title='bbox 1290 5447 1621 5524; x_wconf 89' lang='lat' dir='ltr'><strong>desiderant,</strong></span> <span class='ocrx_word' id='word_1_620' title='bbox 1647 5464 1708 5513; x_wconf 91' lang='lat' dir='ltr'><strong>ut</strong></span> <span class='ocrx_word' id='word_1_621' title='bbox 1727 5457 1890 5516; x_wconf 90' lang='lat' dir='ltr'><strong>etiam</strong></span> <span class='ocrx_word' id='word_1_622' title='bbox 1915 5438 2208 5546; x_wconf 66' lang='lat' dir='ltr'><strong>corporpm</strong></span> 
     </span>
    </p>
   </div>
   <div class='ocr_carea' id='block_1_84' title="bbox 619 5526 2211 5614">
    <p class='ocr_par' dir='ltr' id='par_1_84' title="bbox 619 5526 2211 5614">
     <span class='ocr_line' id='line_1_85' title="bbox 619 5526 2211 5614; baseline 0.018 -28"><span class='ocrx_word' id='word_1_623' title='bbox 619 5526 1012 5591; x_wconf 85' lang='lat' dir='ltr'><strong>beatitudinem</strong></span> <span class='ocrx_word' id='word_1_624' title='bbox 1037 5537 1324 5611; x_wconf 86' lang='lat' dir='ltr'><strong>recipiant.</strong></span> <span class='ocrx_word' id='word_1_625' title='bbox 1367 5541 1520 5604; x_wconf 89' lang='lat' dir='ltr'><strong>Unde</strong></span> <span class='ocrx_word' id='word_1_626' title='bbox 1547 5546 1786 5607; x_wconf 84' lang='lat' dir='ltr'><strong>Joannes</strong></span> <span class='ocrx_word' id='word_1_627' title='bbox 1819 5551 1899 5609; x_wconf 89' lang='lat' dir='ltr'><strong>ait</strong></span> <span class='ocrx_word' id='word_1_628' title='bbox 1946 5571 1961 5609; x_wconf 90' lang='lat'><strong>:</strong></span> <span class='ocrx_word' id='word_1_629' title='bbox 2012 5526 2036 5608; x_wconf 52' lang='grc' dir='ltr'><strong>ἶ</strong></span> <span class='ocrx_word' id='word_1_630' title='bbox 2087 5526 2211 5614; x_wconf 59' lang='grc' dir='ltr'><strong>ἧόὶ</strong></span> 
     </span>
    </p>
   </div>
   <div class='ocr_carea' id='block_1_85' title="bbox 619 5621 2209 5716">
    <p class='ocr_par' dir='ltr' id='par_1_85' title="bbox 619 5621 2209 5716">
     <span class='ocr_line' id='line_1_86' title="bbox 619 5621 2209 5716; baseline 0.018 -39"><span class='ocrx_word' id='word_1_631' title='bbox 619 5621 726 5700; x_wconf 62' lang='lat' dir='ltr'><strong>sub</strong></span> <span class='ocrx_word' id='word_1_632' title='bbox 753 5622 925 5683; x_wconf 87' lang='lat' dir='ltr'><strong>altare</strong></span> <span class='ocrx_word' id='word_1_633' title='bbox 967 5625 1062 5685; x_wconf 88' lang='lat' dir='ltr'><strong>Dei</strong></span> <span class='ocrx_word' id='word_1_634' title='bbox 1107 5633 1323 5692; x_wconf 88' lang='lat' dir='ltr'><strong>animas</strong></span> <span class='ocrx_word' id='word_1_635' title='bbox 1361 5638 1670 5697; x_wconf 88' lang='lat' dir='ltr'><strong>occisorum</strong></span> <span class='ocrx_word' id='word_1_636' title='bbox 1712 5653 1937 5716; x_wconf 89' lang='lat' dir='ltr'><strong>propter</strong></span> <span class='ocrx_word' id='word_1_637' title='bbox 1978 5647 2209 5706; x_wconf 84' lang='lat' dir='ltr'><strong>verbum</strong></span> 
     </span>
    </p>
   </div>
   <div class='ocr_carea' id='block_1_86' title="bbox 620 5710 2208 5807">
    <p class='ocr_par' dir='ltr' id='par_1_86' title="bbox 620 5710 2208 5807">
     <span class='ocr_line' id='line_1_87' title="bbox 620 5710 2208 5807; baseline 0.018 -38"><span class='ocrx_word' id='word_1_638' title='bbox 620 5710 737 5782; x_wconf 89' lang='lat' dir='ltr'><strong>Dei,</strong></span> <span class='ocrx_word' id='word_1_639' title='bbox 765 5723 820 5772; x_wconf 87' lang='lat' dir='ltr'><strong>et</strong></span> <span class='ocrx_word' id='word_1_640' title='bbox 847 5727 1070 5792; x_wconf 90' lang='lat' dir='ltr'><strong>propter</strong></span> <span class='ocrx_word' id='word_1_641' title='bbox 1093 5725 1470 5802; x_wconf 80' lang='lat' dir='ltr'><strong>testimonium</strong></span> <span class='ocrx_word' id='word_1_642' title='bbox 1494 5731 1642 5804; x_wconf 87' lang='lat' dir='ltr'><strong>quod</strong></span> <span class='ocrx_word' id='word_1_643' title='bbox 1665 5710 1961 5807; x_wconf 77' lang='lat' dir='ltr'><strong>habebant,</strong></span> <span class='ocrx_word' id='word_1_644' title='bbox 1984 5747 2038 5794; x_wconf 90' lang='lat' dir='ltr'><strong>et</strong></span> <span class='ocrx_word' id='word_1_645' title='bbox 2060 5739 2208 5798; x_wconf 88' lang='lat' dir='ltr'><strong>clara</strong></span> 
     </span>
    </p>
   </div>
   <div class='ocr_carea' id='block_1_87' title="bbox 619 5808 2204 5896">
    <p class='ocr_par' dir='ltr' id='par_1_87' title="bbox 619 5808 2204 5896">
     <span class='ocr_line' id='line_1_88' title="bbox 619 5808 2204 5896; baseline 0.019 -34"><span class='ocrx_word' id='word_1_646' title='bbox 619 5819 754 5864; x_wconf 84' lang='lat' dir='ltr'><strong>voce</strong></span> <span class='ocrx_word' id='word_1_647' title='bbox 797 5808 1050 5870; x_wconf 83' lang='lat' dir='ltr'><strong>dicebant</strong></span> <span class='ocrx_word' id='word_1_648' title='bbox 1077 5831 1092 5872; x_wconf 82' lang='lat'><strong>:</strong></span> <span class='ocrx_word' id='word_1_649' title='bbox 1124 5834 1142 5870; x_wconf 77' lang='grc' dir='ltr'><strong>ι</strong></span> <span class='ocrx_word' id='word_1_650' title='bbox 1163 5815 1479 5894; x_wconf 82' lang='lat' dir='ltr'><strong>Usquequo,</strong></span> <span class='ocrx_word' id='word_1_651' title='bbox 1505 5822 1752 5896; x_wconf 87' lang='lat' dir='ltr'><strong>Domine,</strong></span> <span class='ocrx_word' id='word_1_652' title='bbox 1774 5835 1995 5888; x_wconf 85' lang='lat' dir='ltr'><strong>sanctus</strong></span> <span class='ocrx_word' id='word_1_653' title='bbox 2024 5842 2078 5890; x_wconf 87' lang='lat' dir='ltr'><strong>ct</strong></span> <span class='ocrx_word' id='word_1_654' title='bbox 2109 5849 2204 5891; x_wconf 67' lang='grc' dir='ltr'>γει-ι</span> 
     </span>
    </p>
   </div>
   <div class='ocr_carea' id='block_1_88' title="bbox 2327 3701 3774 3792">
    <p class='ocr_par' dir='ltr' id='par_1_88' title="bbox 2327 3701 3774 3792">
     <span class='ocr_line' id='line_1_89' title="bbox 2327 3701 3774 3792; baseline -0.006 -32"><span class='ocrx_word' id='word_1_655' title='bbox 2327 3721 2454 3761; x_wconf 90' lang='lat' dir='ltr'><strong>eum</strong></span> <span class='ocrx_word' id='word_1_656' title='bbox 2477 3707 2678 3763; x_wconf 87' lang='lat' dir='ltr'><strong>dicitur</strong></span> <span class='ocrx_word' id='word_1_657' title='bbox 2702 3709 2874 3780; x_wconf 85' lang='lat' dir='ltr'><strong>(Rom.</strong></span> <span class='ocrx_word' id='word_1_658' title='bbox 2902 3714 3042 3783; x_wconf 72' lang='lat' dir='ltr'><strong>vnn),</strong></span> <span class='ocrx_word' id='word_1_659' title='bbox 3063 3715 3195 3768; x_wconf 90' lang='lat' dir='ltr'><strong>dum</strong></span> <span class='ocrx_word' id='word_1_660' title='bbox 3220 3726 3428 3782; x_wconf 84' lang='lat' dir='ltr'><strong>semper</strong></span> <span class='ocrx_word' id='word_1_661' title='bbox 3448 3702 3572 3761; x_wconf 85' lang='lat' dir='ltr'><strong>Patri</strong></span> <span class='ocrx_word' id='word_1_662' title='bbox 3586 3701 3774 3792; x_wconf 31' lang='lat' dir='ltr'><strong>bonitati&quot;?</strong></span> 
     </span>
    </p>
   </div>
   <div class='ocr_carea' id='block_1_89' title="bbox 2326 3784 3773 3874">
    <p class='ocr_par' dir='ltr' id='par_1_89' title="bbox 2326 3784 3773 3874">
     <span class='ocr_line' id='line_1_90' title="bbox 2326 3784 3773 3874; baseline -0.012 -23"><span class='ocrx_word' id='word_1_663' title='bbox 2326 3814 2488 3868; x_wconf 87' lang='lat' dir='ltr'><strong>quem</strong></span> <span class='ocrx_word' id='word_1_664' title='bbox 2539 3802 2800 3872; x_wconf 89' lang='lat' dir='ltr'><strong>suscepit,</strong></span> <span class='ocrx_word' id='word_1_665' title='bbox 2857 3805 3015 3874; x_wconf 90' lang='lat' dir='ltr'><strong>quasi</strong></span> <span class='ocrx_word' id='word_1_666' title='bbox 3067 3815 3322 3861; x_wconf 85' lang='lat' dir='ltr'><strong>nostrum</strong></span> <span class='ocrx_word' id='word_1_667' title='bbox 3359 3801 3535 3874; x_wconf 85' lang='lat' dir='ltr'><strong>pignus</strong></span> <span class='ocrx_word' id='word_1_668' title='bbox 3564 3784 3773 3848; x_wconf 71' lang='lat' dir='ltr'><strong>ostendite!</strong></span> 
     </span>
    </p>
   </div>
   <div class='ocr_carea' id='block_1_90' title="bbox 2325 3891 3754 3966">
    <p class='ocr_par' dir='ltr' id='par_1_90' title="bbox 2325 3891 3754 3966">
     <span class='ocr_line' id='line_1_91' title="bbox 2325 3891 3754 3966; baseline 0.003 -21"><span class='ocrx_word' id='word_1_669' title='bbox 2325 3891 2482 3946; x_wconf 77' lang='lat' dir='ltr'><strong>oﬁ‘crt</strong></span> <span class='ocrx_word' id='word_1_670' title='bbox 2511 3901 2570 3946; x_wconf 91' lang='lat' dir='ltr'><strong>ut</strong></span> <span class='ocrx_word' id='word_1_671' title='bbox 2594 3908 2756 3949; x_wconf 87' lang='lat' dir='ltr'><strong>verus</strong></span> <span class='ocrx_word' id='word_1_672' title='bbox 2779 3895 3024 3965; x_wconf 86' lang='lat' dir='ltr'><strong>pontifex</strong></span> <span class='ocrx_word' id='word_1_673' title='bbox 3046 3906 3100 3953; x_wconf 91' lang='lat' dir='ltr'><strong>et</strong></span> <span class='ocrx_word' id='word_1_674' title='bbox 3130 3908 3386 3953; x_wconf 75' lang='lat' dir='ltr'><strong>:eternus.</strong></span> <span class='ocrx_word' id='word_1_675' title='bbox 3747 3959 3754 3966; x_wconf 87' lang='lat'>_</span> 
     </span>
    </p>
   </div>
   <div class='ocr_carea' id='block_1_91' title="bbox 2404 3970 3770 4057">
    <p class='ocr_par' dir='ltr' id='par_1_91' title="bbox 2404 3970 3770 4057">
     <span class='ocr_line' id='line_1_92' title="bbox 2404 3970 3770 4057; baseline -0.012 -21"><span class='ocrx_word' id='word_1_676' title='bbox 2404 4001 2422 4036; x_wconf 73' lang='grc' dir='ltr'><strong>ι</strong></span> <span class='ocrx_word' id='word_1_677' title='bbox 2461 3982 2576 4054; x_wconf 88' lang='lat' dir='ltr'><strong>Ipse</strong></span> <span class='ocrx_word' id='word_1_678' title='bbox 2601 3985 2748 4040; x_wconf 89' lang='lat' dir='ltr'><strong>enim</strong></span> <span class='ocrx_word' id='word_1_679' title='bbox 2777 3986 2937 4043; x_wconf 87' lang='lat' dir='ltr'><strong>Pater</strong></span> <span class='ocrx_word' id='word_1_680' title='bbox 2957 3999 3107 4044; x_wconf 89' lang='lat' dir='ltr'><strong>amat</strong></span> <span class='ocrx_word' id='word_1_681' title='bbox 3140 4006 3258 4054; x_wconf 82' lang='lat' dir='ltr'><strong>vos,</strong></span> <span class='ocrx_word' id='word_1_682' title='bbox 3291 3985 3411 4057; x_wconf 86' lang='lat' dir='ltr'><strong>quia</strong></span> <span class='ocrx_word' id='word_1_683' title='bbox 3438 3995 3524 4036; x_wconf 89' lang='lat' dir='ltr'><strong>vos</strong></span> <span class='ocrx_word' id='word_1_684' title='bbox 3548 3988 3614 4030; x_wconf 86' lang='lat' dir='ltr'><strong>me</strong></span> <span class='ocrx_word' id='word_1_685' title='bbox 3633 3970 3770 4057; x_wconf 47' lang='lat' dir='ltr'><strong>amastis</strong></span> 
     </span>
    </p>
   </div>
   <div class='ocr_carea' id='block_1_92' title="bbox 2323 4051 3772 4151">
    <p class='ocr_par' dir='ltr' id='par_1_92' title="bbox 2323 4051 3772 4151">
     <span class='ocr_line' id='line_1_93' title="bbox 2323 4051 3772 4151; baseline -0.014 -20"><span class='ocrx_word' id='word_1_686' title='bbox 2323 4083 2378 4131; x_wconf 91' lang='lat' dir='ltr'><strong>et</strong></span> <span class='ocrx_word' id='word_1_687' title='bbox 2406 4051 2736 4146; x_wconf 74' lang='lat' dir='ltr'><strong>credidistis,</strong></span> <span class='ocrx_word' id='word_1_688' title='bbox 2781 4079 2909 4149; x_wconf 88' lang='lat' dir='ltr'><strong>quia</strong></span> <span class='ocrx_word' id='word_1_689' title='bbox 2940 4095 3040 4151; x_wconf 86' lang='lat' dir='ltr'><strong>ego</strong></span> <span class='ocrx_word' id='word_1_690' title='bbox 3067 4096 3099 4135; x_wconf 91' lang='lat' dir='ltr'><strong>a</strong></span> <span class='ocrx_word' id='word_1_691' title='bbox 3150 4081 3260 4136; x_wconf 91' lang='lat' dir='ltr'><strong>Deo</strong></span> <span class='ocrx_word' id='word_1_692' title='bbox 3289 4076 3444 4134; x_wconf 76' lang='lat' dir='ltr'><strong>exivi.</strong></span> <span class='ocrx_word' id='word_1_693' title='bbox 3489 4051 3772 4151; x_wconf 51' lang='lat' dir='ltr'><strong>Amatuosiif&#39;</strong></span> 
     </span>
    </p>
   </div>
   <div class='ocr_carea' id='block_1_93' title="bbox 2325 4141 3768 4261">
    <p class='ocr_par' dir='ltr' id='par_1_93' title="bbox 2325 4141 3768 4261">
     <span class='ocr_line' id='line_1_94' title="bbox 2325 4141 3768 4261; baseline -0.008 -40"><span class='ocrx_word' id='word_1_694' title='bbox 2325 4177 2427 4232; x_wconf 90' lang='lat' dir='ltr'><strong>ter,</strong></span> <span class='ocrx_word' id='word_1_695' title='bbox 2483 4167 2610 4238; x_wconf 89' lang='lat' dir='ltr'><strong>quia</strong></span> <span class='ocrx_word' id='word_1_696' title='bbox 2643 4184 2744 4224; x_wconf 91' lang='lat' dir='ltr'><strong>nos</strong></span> <span class='ocrx_word' id='word_1_697' title='bbox 2795 4186 3048 4228; x_wconf 89' lang='lat' dir='ltr'><strong>amamus</strong></span> <span class='ocrx_word' id='word_1_698' title='bbox 3084 4172 3124 4226; x_wconf 89' lang='lat' dir='ltr'><strong>F</strong></span> <span class='ocrx_word' id='word_1_699' title='bbox 3129 4174 3306 4237; x_wconf 80' lang='lat' dir='ltr'><strong>ilium,</strong></span> <span class='ocrx_word' id='word_1_700' title='bbox 3334 4184 3450 4226; x_wconf 90' lang='lat' dir='ltr'><strong>cum</strong></span> <span class='ocrx_word' id='word_1_701' title='bbox 3478 4160 3653 4261; x_wconf 69' lang='lat' dir='ltr'><strong>a_Patre</strong></span> <span class='ocrx_word' id='word_1_702' title='bbox 3668 4141 3768 4261; x_wconf 46' lang='lat' dir='ltr'><strong>cli:</strong></span> 
     </span>
    </p>
   </div>
   <div class='ocr_carea' id='block_1_94' title="bbox 2325 4235 3770 4370">
    <p class='ocr_par' dir='ltr' id='par_1_94' title="bbox 2325 4235 3770 4370">
     <span class='ocr_line' id='line_1_95' title="bbox 2325 4235 3770 4370; baseline -0.009 -57"><span class='ocrx_word' id='word_1_703' title='bbox 2325 4259 2397 4313; x_wconf 91' lang='lat' dir='ltr'><strong>lio</strong></span> <span class='ocrx_word' id='word_1_704' title='bbox 2419 4235 2741 4330; x_wconf 77' lang='lat' dir='ltr'><strong>accipimus,</strong></span> <span class='ocrx_word' id='word_1_705' title='bbox 2769 4272 2828 4318; x_wconf 91' lang='lat' dir='ltr'><strong>ut</strong></span> <span class='ocrx_word' id='word_1_706' title='bbox 2856 4279 3106 4321; x_wconf 90' lang='lat' dir='ltr'><strong>amemus</strong></span> <span class='ocrx_word' id='word_1_707' title='bbox 3149 4266 3364 4321; x_wconf 90' lang='lat' dir='ltr'><strong>Patrem</strong></span> <span class='ocrx_word' id='word_1_708' title='bbox 3412 4267 3461 4314; x_wconf 90' lang='lat' dir='ltr'><strong>et</strong></span> <span class='ocrx_word' id='word_1_709' title='bbox 3496 4235 3770 4370; x_wconf 58' lang='lat' dir='ltr'><strong>l7ilium&quot;,m‘:l:l</strong></span> 
     </span>
     <span class='ocr_line' id='line_1_96' title="bbox 2327 4349 3634 4370; baseline 0 -4"><span class='ocrx_word' id='word_1_710' title='bbox 2327 4349 2580 4370; x_wconf 28' lang='lat'><strong>,_._-_,.-__</strong></span> <span class='ocrx_word' id='word_1_711' title='bbox 2652 4367 2727 4370; x_wconf 52' lang='grc' dir='ltr'>μ</span> <span class='ocrx_word' id='word_1_712' title='bbox 2795 4352 2828 4370; x_wconf 67' lang='grc' dir='ltr'>η</span> <span class='ocrx_word' id='word_1_713' title='bbox 2875 4355 2887 4366; x_wconf 92' lang='grc'><strong>.</strong></span> <span class='ocrx_word' id='word_1_714' title='bbox 2926 4355 2958 4370; x_wconf 95' lang='lat'><strong>._</strong></span> <span class='ocrx_word' id='word_1_715' title='bbox 3343 4354 3385 4370; x_wconf 20' lang='lat'><strong>.4</strong></span> <span class='ocrx_word' id='word_1_716' title='bbox 3434 4350 3582 4370; x_wconf 40' lang='grc' dir='ltr'><strong>μω...</strong></span> <span class='ocrx_word' id='word_1_717' title='bbox 3614 4352 3634 4370; x_wconf 82' lang='grc'><strong>..</strong></span> 
     </span>
    </p>
   </div>
   <div class='ocr_carea' id='block_1_95' title="bbox 2321 4337 3768 4461">
    <p class='ocr_par' dir='ltr' id='par_1_95' title="bbox 2321 4337 3768 4461">
     <span class='ocr_line' id='line_1_97' title="bbox 2321 4337 3768 4461; baseline -0.001 -58"><span class='ocrx_word' id='word_1_718' title='bbox 2321 4349 2607 4418; x_wconf 89' lang='lat' dir='ltr'><strong>charitate,</strong></span> <span class='ocrx_word' id='word_1_719' title='bbox 2651 4367 2748 4422; x_wconf 90' lang='lat' dir='ltr'><strong>per</strong></span> <span class='ocrx_word' id='word_1_720' title='bbox 2795 4352 3084 4426; x_wconf 90' lang='lat' dir='ltr'><strong>Spiritum,</strong></span> <span class='ocrx_word' id='word_1_721' title='bbox 3120 4354 3393 4429; x_wconf 90' lang='lat' dir='ltr'><strong>quomodo</strong></span> <span class='ocrx_word' id='word_1_722' title='bbox 3431 4337 3768 4461; x_wconf 89' lang='lat' dir='ltr'><strong>ipsum</strong></span> 
     </span>
     <span class='ocr_line' id='line_1_98' title="bbox 2327 4440 3664 4461; baseline 0 -2"><span class='ocrx_word' id='word_1_723' title='bbox 2327 4456 2440 4461; x_wconf 51' lang='grc' dir='ltr'><strong>---μ</strong></span> <span class='ocrx_word' id='word_1_724' title='bbox 2665 4453 2703 4461; x_wconf 75' lang='lat'><strong>_.</strong></span> <span class='ocrx_word' id='word_1_725' title='bbox 2739 4445 2835 4461; x_wconf 70' lang='grc' dir='ltr'><strong>η...</strong></span> <span class='ocrx_word' id='word_1_726' title='bbox 2924 4446 2965 4461; x_wconf 56' lang='grc' dir='ltr'>,ι</span> <span class='ocrx_word' id='word_1_727' title='bbox 3001 4449 3010 4459; x_wconf 97' lang='grc'>.</span> <span class='ocrx_word' id='word_1_728' title='bbox 3329 4444 3352 4461; x_wconf 85' lang='grc'><strong>,.</strong></span> <span class='ocrx_word' id='word_1_729' title='bbox 3469 4440 3513 4461; x_wconf 37' lang='grc' dir='ltr'><strong>ε*</strong></span> <span class='ocrx_word' id='word_1_730' title='bbox 3543 4447 3599 4461; x_wconf 62' lang='grc' dir='ltr'>ηη</span> <span class='ocrx_word' id='word_1_731' title='bbox 3633 4441 3664 4461; x_wconf 70' lang='grc' dir='ltr'>,ι</span> 
     </span>
    </p>
   </div>
   <div class='ocr_carea' id='block_1_96' title="bbox 2320 4428 3750 4506">
    <p class='ocr_par' dir='ltr' id='par_1_96' title="bbox 2320 4428 3750 4506">
     <span class='ocr_line' id='line_1_99' title="bbox 2320 4428 3750 4506; baseline -0.006 -9"><span class='ocrx_word' id='word_1_732' title='bbox 2320 4456 2444 4497; x_wconf 92' lang='lat' dir='ltr'><strong>cum</strong></span> <span class='ocrx_word' id='word_1_733' title='bbox 2471 4440 2632 4500; x_wconf 89' lang='lat' dir='ltr'><strong>Patre</strong></span> <span class='ocrx_word' id='word_1_734' title='bbox 2655 4453 2710 4500; x_wconf 88' lang='lat' dir='ltr'><strong>et</strong></span> <span class='ocrx_word' id='word_1_735' title='bbox 2737 4445 2894 4502; x_wconf 87' lang='lat' dir='ltr'><strong>Filio.</strong></span> <span class='ocrx_word' id='word_1_736' title='bbox 2924 4446 3084 4504; x_wconf 89' lang='lat' dir='ltr'><strong>Prior</strong></span> <span class='ocrx_word' id='word_1_737' title='bbox 3112 4428 3305 4506; x_wconf 84' lang='lat' dir='ltr'><strong>amans</strong></span> <span class='ocrx_word' id='word_1_738' title='bbox 3326 4442 3447 4501; x_wconf 85' lang='lat' dir='ltr'><strong>facit</strong></span> <span class='ocrx_word' id='word_1_739' title='bbox 3469 4440 3516 4495; x_wconf 91' lang='lat' dir='ltr'><strong>in</strong></span> <span class='ocrx_word' id='word_1_740' title='bbox 3543 4428 3665 4489; x_wconf 89' lang='lat' dir='ltr'><strong>nobis</strong></span> <span class='ocrx_word' id='word_1_741' title='bbox 3684 4428 3750 4489; x_wconf 80' lang='grc' dir='ltr'><strong>ί1¹¹⁰</strong></span> 
     </span>
    </p>
   </div>
   <div class='ocr_carea' id='block_1_97' title="bbox 2319 4543 2552 4591">
    <p class='ocr_par' dir='ltr' id='par_1_97' title="bbox 2319 4543 2552 4591">
     <span class='ocr_line' id='line_1_100' title="bbox 2319 4543 2552 4591; baseline 0.004 -2"><span class='ocrx_word' id='word_1_742' title='bbox 2319 4543 2552 4591; x_wconf 89' lang='lat' dir='ltr'><strong>ametur.</strong></span> 
     </span>
    </p>
   </div>
   <div class='ocr_carea' id='block_1_98' title="bbox 2395 4621 3765 4740">
    <p class='ocr_par' dir='ltr' id='par_1_98' title="bbox 2395 4621 3765 4740">
     <span class='ocr_line' id='line_1_101' title="bbox 2395 4621 3765 4740; baseline -0.007 -59"><span class='ocrx_word' id='word_1_743' title='bbox 2395 4646 2414 4680; x_wconf 74' lang='grc' dir='ltr'><strong>ι</strong></span> <span class='ocrx_word' id='word_1_744' title='bbox 2444 4626 2600 4684; x_wconf 80' lang='lat' dir='ltr'><strong>Exivi</strong></span> <span class='ocrx_word' id='word_1_745' title='bbox 2619 4627 2848 4700; x_wconf 89' lang='lat' dir='ltr'><strong>aPatre,</strong></span> <span class='ocrx_word' id='word_1_746' title='bbox 2873 4641 2928 4686; x_wconf 88' lang='lat' dir='ltr'><strong>et</strong></span> <span class='ocrx_word' id='word_1_747' title='bbox 2949 4634 3070 4689; x_wconf 85' lang='lat' dir='ltr'><strong>veni</strong></span> <span class='ocrx_word' id='word_1_748' title='bbox 3097 4634 3151 4689; x_wconf 89' lang='lat' dir='ltr'><strong>in</strong></span> <span class='ocrx_word' id='word_1_749' title='bbox 3195 4630 3467 4692; x_wconf 90' lang='lat' dir='ltr'><strong>mundum,</strong></span> 
     </span>
    </p>
   </div>
   <div class='ocr_carea' id='block_1_99' title="bbox 2317 4708 3766 4834">
    <p class='ocr_par' dir='ltr' id='par_1_99' title="bbox 2317 4708 3766 4834">
     <span class='ocr_line' id='line_1_102' title="bbox 2317 4708 3766 4834; baseline 0.035 -64"><span class='ocrx_word' id='word_1_750' title='bbox 2317 4738 2428 4794; x_wconf 85' lang='lat' dir='ltr'><strong>quo</strong></span> <span class='ocrx_word' id='word_1_751' title='bbox 2450 4724 2715 4780; x_wconf 90' lang='lat' dir='ltr'><strong>mundum</strong></span> <span class='ocrx_word' id='word_1_752' title='bbox 2736 4733 2791 4780; x_wconf 91' lang='lat' dir='ltr'><strong>et</strong></span> <span class='ocrx_word' id='word_1_753' title='bbox 2812 4727 2949 4783; x_wconf 89' lang='lat' dir='ltr'><strong>vado</strong></span> <span class='ocrx_word' id='word_1_754' title='bbox 2970 4731 3034 4784; x_wconf 91' lang='lat' dir='ltr'><strong>ad</strong></span> <span class='ocrx_word' id='word_1_755' title='bbox 3062 4728 3298 4787; x_wconf 87' lang='lat' dir='ltr'><strong>Patrem.</strong></span> <span class='ocrx_word' id='word_1_756' title='bbox 3313 4748 3330 4780; x_wconf 77' lang='grc' dir='ltr'><strong>ι</strong></span> 
     </span>
    </p>
   </div>
   <div class='ocr_carea' id='block_1_100' title="bbox 2316 4801 3764 4932">
    <p class='ocr_par' dir='ltr' id='par_1_100' title="bbox 2316 4801 3764 4932">
     <span class='ocr_line' id='line_1_103' title="bbox 2316 4801 3764 4932; baseline -0.004 -62"><span class='ocrx_word' id='word_1_757' title='bbox 2316 4815 2384 4871; x_wconf 89' lang='lat' dir='ltr'><strong>de</strong></span> <span class='ocrx_word' id='word_1_758' title='bbox 2406 4816 2499 4871; x_wconf 92' lang='lat' dir='ltr'><strong>illo</strong></span> <span class='ocrx_word' id='word_1_759' title='bbox 2524 4827 2639 4886; x_wconf 88' lang='lat' dir='ltr'><strong>est;</strong></span> <span class='ocrx_word' id='word_1_760' title='bbox 2671 4828 2726 4874; x_wconf 87' lang='lat' dir='ltr'><strong>et</strong></span> <span class='ocrx_word' id='word_1_761' title='bbox 2749 4835 2915 4876; x_wconf 88' lang='lat' dir='ltr'><strong>carne</strong></span> <span class='ocrx_word' id='word_1_762' title='bbox 2935 4833 3217 4894; x_wconf 86' lang='lat' dir='ltr'><strong>assumpta</strong></span> <span class='ocrx_word' id='word_1_763' title='bbox 3241 4820 3383 4877; x_wconf 87' lang='lat' dir='ltr'><strong>venit</strong></span> <span class='ocrx_word' id='word_1_764' title='bbox 3403 4801 3764 4932; x_wconf 26' lang='lat' dir='ltr'><strong>\r&#39;i‘sibil&#39;isxli‘i‘l‘l:</strong></span> 
     </span>
     <span class='ocr_line' id='line_1_104' title="bbox 2318 4906 3550 4932; baseline 0 0"><span class='ocrx_word' id='word_1_765' title='bbox 2318 4908 2443 4932; x_wconf 65' lang='grc' dir='ltr'><strong>.1....Δ</strong></span> <span class='ocrx_word' id='word_1_766' title='bbox 2496 4926 2596 4932; x_wconf 55' lang='grc' dir='ltr'><strong>..-μ</strong></span> <span class='ocrx_word' id='word_1_767' title='bbox 2627 4920 2799 4932; x_wconf 64' lang='lat'><strong>.-_--__</strong></span> <span class='ocrx_word' id='word_1_768' title='bbox 2841 4913 2968 4932; x_wconf 56' lang='lat' dir='ltr'><strong>j-,_,</strong></span> <span class='ocrx_word' id='word_1_769' title='bbox 3002 4931 3009 4932; x_wconf 60' lang='lat'><strong><em>,</em></strong></span> <span class='ocrx_word' id='word_1_770' title='bbox 3040 4931 3043 4932; x_wconf 67' lang='lat'>,</span> <span class='ocrx_word' id='word_1_771' title='bbox 3072 4931 3075 4932; x_wconf 67' lang='lat'>,</span> <span class='ocrx_word' id='word_1_772' title='bbox 3108 4915 3149 4932; x_wconf 68' lang='grc' dir='ltr'>τι</span> <span class='ocrx_word' id='word_1_773' title='bbox 3192 4927 3203 4932; x_wconf 89' lang='grc'><strong>-</strong></span> <span class='ocrx_word' id='word_1_774' title='bbox 3287 4931 3312 4932; x_wconf 49' lang='grc' dir='ltr'><em>η</em></span> <span class='ocrx_word' id='word_1_775' title='bbox 3368 4910 3430 4932; x_wconf 73' lang='lat'><strong>0..</strong></span> <span class='ocrx_word' id='word_1_776' title='bbox 3457 4906 3550 4932; x_wconf 72' lang='grc' dir='ltr'>ἶιιιιι</span> 
     </span>
    </p>
   </div>
   <div class='ocr_carea' id='block_1_101' title="bbox 2315 4899 3763 5040">
    <p class='ocr_par' dir='ltr' id='par_1_101' title="bbox 2315 4899 3763 5040">
     <span class='ocr_line' id='line_1_105' title="bbox 2315 4899 3763 4977; baseline -0.02 -14"><span class='ocrx_word' id='word_1_777' title='bbox 2315 4908 2469 4977; x_wconf 88' lang='lat' dir='ltr'><strong>dum,</strong></span> <span class='ocrx_word' id='word_1_778' title='bbox 2493 4926 2601 4966; x_wconf 92' lang='lat' dir='ltr'><strong>non</strong></span> <span class='ocrx_word' id='word_1_779' title='bbox 2627 4920 2808 4970; x_wconf 90' lang='lat' dir='ltr'><strong>tamen</strong></span> <span class='ocrx_word' id='word_1_780' title='bbox 2831 4913 3088 4970; x_wconf 90' lang='lat' dir='ltr'><strong>deserens</strong></span> <span class='ocrx_word' id='word_1_781' title='bbox 3108 4915 3340 4972; x_wconf 87' lang='lat' dir='ltr'><strong>Patrem.</strong></span> <span class='ocrx_word' id='word_1_782' title='bbox 3364 4899 3571 4973; x_wconf 77' lang='lat' dir='ltr'><strong>Reliquit</strong></span> <span class='ocrx_word' id='word_1_783' title='bbox 3593 4899 3763 4976; x_wconf 61' lang='lat' dir='ltr'><strong>mundum</strong></span> 
     </span>
     <span class='ocr_line' id='line_1_106' title="bbox 2315 4978 3763 5040; baseline -0.001 0"><span class='ocrx_word' id='word_1_784' title='bbox 2315 5003 2584 5040; x_wconf 73' lang='lat' dir='ltr'><strong>nnrnnrnli</strong></span> <span class='ocrx_word' id='word_1_785' title='bbox 2609 5003 2944 5040; x_wconf 67' lang='lat' dir='ltr'><strong>(“cnnccinnn</strong></span> <span class='ocrx_word' id='word_1_786' title='bbox 2999 5021 3106 5040; x_wconf 66' lang='lat' dir='ltr'><strong>nm.</strong></span> <span class='ocrx_word' id='word_1_787' title='bbox 3147 5001 3512 5040; x_wconf 65' lang='lat' dir='ltr'><strong>nnlmnn-tlinne</strong></span> <span class='ocrx_word' id='word_1_788' title='bbox 3545 4978 3763 5040; x_wconf 63' lang='grc' dir='ltr'><strong>υιεεεηυε·</strong></span> 
     </span>
    </p>
   </div>
   <div class='ocr_carea' id='block_1_102' title="bbox 3545 5005 3744 5068">
    <p class='ocr_par' dir='ltr' id='par_1_102' title="bbox 3545 5005 3744 5068">
     <span class='ocr_line' id='line_1_107' title="bbox 3545 5005 3744 5068; baseline 0.01 -2"><span class='ocrx_word' id='word_1_789' title='bbox 3545 5005 3744 5068; x_wconf 48' lang='grc' dir='ltr'><strong>9³³⁸ῗῖῗῖ</strong></span> 
     </span>
    </p>
   </div>
   <div class='ocr_carea' id='block_1_103' title="bbox 2317 5055 3765 5198">
    <p class='ocr_par' dir='ltr' id='par_1_103' title="bbox 2317 5055 3765 5198">
     <span class='ocr_line' id='line_1_108' title="bbox 2317 5055 3765 5198; baseline 0.002 -54"><span class='ocrx_word' id='word_1_790' title='bbox 2317 5055 2479 5147; x_wconf 51' lang='lat' dir='ltr'><strong>l’adit</strong></span> <span class='ocrx_word' id='word_1_791' title='bbox 2517 5092 2584 5148; x_wconf 90' lang='lat' dir='ltr'><strong>ad</strong></span> <span class='ocrx_word' id='word_1_792' title='bbox 2615 5092 2856 5164; x_wconf 87' lang='lat' dir='ltr'><strong>Patrem,</strong></span> <span class='ocrx_word' id='word_1_793' title='bbox 2895 5055 3024 5169; x_wconf 75' lang='lat' dir='ltr'><strong>qdia</strong></span> <span class='ocrx_word' id='word_1_794' title='bbox 3068 5055 3448 5192; x_wconf 50' lang='lat' dir='ltr'><strong>humanitatem</strong></span> <span class='ocrx_word' id='word_1_795' title='bbox 3485 5055 3765 5198; x_wconf 49' lang='lat' dir='ltr'><strong>at:</strong></span> 
     </span>
    </p>
   </div>
   <div class='ocr_carea' id='block_1_104' title="bbox 2313 5165 3766 5298">
    <p class='ocr_par' dir='ltr' id='par_1_104' title="bbox 2313 5165 3766 5298">
     <span class='ocr_line' id='line_1_109' title="bbox 2313 5165 3766 5298; baseline 0.023 -62"><span class='ocrx_word' id='word_1_796' title='bbox 2313 5194 2555 5254; x_wconf 87' lang='lat' dir='ltr'><strong>paternae</strong></span> <span class='ocrx_word' id='word_1_797' title='bbox 2584 5185 2889 5258; x_wconf 90' lang='lat' dir='ltr'><strong>majestatis</strong></span> <span class='ocrx_word' id='word_1_798' title='bbox 2910 5165 3163 5245; x_wconf 77' lang='lat' dir='ltr'><strong>adduxit.</strong></span> 
     </span>
    </p>
   </div>
   <div class='ocr_carea' id='block_1_105' title="bbox 2314 5262 3760 5389">
    <p class='ocr_par' dir='ltr' id='par_1_105' title="bbox 2314 5262 3760 5389">
     <span class='ocr_line' id='line_1_110' title="bbox 2314 5262 3760 5389; baseline -0.006 -59"><span class='ocrx_word' id='word_1_799' title='bbox 2314 5276 2384 5332; x_wconf 91' lang='lat' dir='ltr'><strong>ab</strong></span> <span class='ocrx_word' id='word_1_800' title='bbox 2413 5287 2637 5348; x_wconf 89' lang='lat' dir='ltr'><strong>aspectu</strong></span> <span class='ocrx_word' id='word_1_801' title='bbox 2678 5289 2988 5337; x_wconf 87' lang='lat' dir='ltr'><strong>amatorum</strong></span> <span class='ocrx_word' id='word_1_802' title='bbox 3025 5283 3216 5340; x_wconf 89' lang='lat' dir='ltr'><strong>mundi</strong></span> <span class='ocrx_word' id='word_1_803' title='bbox 3242 5273 3388 5389; x_wconf 65' lang='lat' dir='ltr'><strong>quod</strong></span> <span class='ocrx_word' id='word_1_804' title='bbox 3415 5262 3760 5389; x_wconf 49' lang='lat' dir='ltr'><strong>videriﬂieaim,</strong></span> 
     </span>
     <span class='ocr_line' id='line_1_111' title="bbox 2314 5368 3530 5389; baseline 0 0"><span class='ocrx_word' id='word_1_805' title='bbox 2314 5369 2371 5389; x_wconf 69' lang='grc' dir='ltr'><strong>ις.</strong></span> <span class='ocrx_word' id='word_1_806' title='bbox 2421 5369 2492 5389; x_wconf 71' lang='grc' dir='ltr'><strong>η,</strong></span> <span class='ocrx_word' id='word_1_807' title='bbox 2617 5371 2673 5389; x_wconf 27' lang='grc' dir='ltr'><strong>κ.</strong></span> <span class='ocrx_word' id='word_1_808' title='bbox 2717 5372 2807 5389; x_wconf 61' lang='lat' dir='ltr'><strong>n.</strong></span> <span class='ocrx_word' id='word_1_809' title='bbox 3061 5375 3073 5388; x_wconf 93' lang='lat'><strong>.</strong></span> <span class='ocrx_word' id='word_1_810' title='bbox 3276 5368 3466 5389; x_wconf 35' lang='lat'><strong>“4-...</strong></span> <span class='ocrx_word' id='word_1_811' title='bbox 3493 5371 3530 5389; x_wconf 66' lang='grc' dir='ltr'><strong>ρ.</strong></span> 
     </span>
    </p>
   </div>
   <div class='ocr_carea' id='block_1_106' title="bbox 2314 5355 3784 5447">
    <p class='ocr_par' dir='ltr' id='par_1_106' title="bbox 2314 5355 3784 5447">
     <span class='ocr_line' id='line_1_112' title="bbox 2314 5355 3784 5447; baseline 0.004 -23"><span class='ocrx_word' id='word_1_812' title='bbox 2314 5369 2393 5424; x_wconf 90' lang='lat' dir='ltr'><strong>lit.</strong></span> <span class='ocrx_word' id='word_1_813' title='bbox 2421 5369 2582 5427; x_wconf 85' lang='lat' dir='ltr'><strong>Redit</strong></span> <span class='ocrx_word' id='word_1_814' title='bbox 2607 5371 2677 5428; x_wconf 90' lang='lat' dir='ltr'><strong>ad</strong></span> <span class='ocrx_word' id='word_1_815' title='bbox 2712 5372 2953 5444; x_wconf 89' lang='lat' dir='ltr'><strong>Patrem,</strong></span> <span class='ocrx_word' id='word_1_816' title='bbox 2981 5375 3113 5447; x_wconf 85' lang='lat' dir='ltr'><strong>quia</strong></span> <span class='ocrx_word' id='word_1_817' title='bbox 3150 5367 3468 5433; x_wconf 86' lang='lat' dir='ltr'><strong>amatoribus</strong></span> <span class='ocrx_word' id='word_1_818' title='bbox 3493 5355 3590 5414; x_wconf 80' lang='lat' dir='ltr'><strong>suis</strong></span> <span class='ocrx_word' id='word_1_819' title='bbox 3611 5355 3655 5400; x_wconf 74' lang='grc' dir='ltr'><strong>δε</strong></span> <span class='ocrx_word' id='word_1_820' title='bbox 3669 5355 3784 5430; x_wconf 62' lang='grc' dir='ltr'>’μί</span> 
     </span>
    </p>
   </div>
   <div class='ocr_carea' id='block_1_107' title="bbox 2311 5466 3434 5554">
    <p class='ocr_par' dir='ltr' id='par_1_107' title="bbox 2311 5466 3434 5554">
     <span class='ocr_line' id='line_1_113' title="bbox 2311 5466 3434 5554; baseline 0.01 -34"><span class='ocrx_word' id='word_1_821' title='bbox 2311 5466 2575 5537; x_wconf 68' lang='lat' dir='ltr'><strong>aequalem</strong></span> <span class='ocrx_word' id='word_1_822' title='bbox 2605 5469 2938 5526; x_wconf 87' lang='lat' dir='ltr'><strong>credendum</strong></span> <span class='ocrx_word' id='word_1_823' title='bbox 2965 5470 3175 5529; x_wconf 89' lang='lat' dir='ltr'><strong>docuit.</strong></span> <span class='ocrx_word' id='word_1_824' title='bbox 3419 5539 3434 5554; x_wconf 43' lang='lat'><strong>.</strong></span> 
     </span>
    </p>
   </div>
   <div class='ocr_carea' id='block_1_108' title="bbox 2390 5545 3760 5672">
    <p class='ocr_par' dir='ltr' id='par_1_108' title="bbox 2390 5545 3760 5672">
     <span class='ocr_line' id='line_1_114' title="bbox 2390 5545 3760 5672; baseline 0.007 -62"><span class='ocrx_word' id='word_1_825' title='bbox 2390 5577 2410 5610; x_wconf 78' lang='lat' dir='ltr'><strong>t</strong></span> <span class='ocrx_word' id='word_1_826' title='bbox 2455 5557 2655 5617; x_wconf 89' lang='lat' dir='ltr'><strong>Dicunt</strong></span> <span class='ocrx_word' id='word_1_827' title='bbox 2680 5561 2729 5617; x_wconf 92' lang='lat' dir='ltr'><strong>ei</strong></span> <span class='ocrx_word' id='word_1_828' title='bbox 2759 5561 3015 5634; x_wconf 90' lang='lat' dir='ltr'><strong>discipuli</strong></span> <span class='ocrx_word' id='word_1_829' title='bbox 3046 5562 3168 5636; x_wconf 85' lang='lat' dir='ltr'><strong>ejus</strong></span> <span class='ocrx_word' id='word_1_830' title='bbox 3197 5581 3211 5618; x_wconf 89' lang='lat'><strong>:</strong></span> <span class='ocrx_word' id='word_1_831' title='bbox 3407 5545 3760 5672; x_wconf 36' lang='lat' dir='ltr'><strong>uulgaria;</strong></span> 
     </span>
    </p>
   </div>
   <div class='ocr_carea' id='block_1_109' title="bbox 2311 5632 3756 5765">
    <p class='ocr_par' dir='ltr' id='par_1_109' title="bbox 2311 5632 3756 5765">
     <span class='ocr_line' id='line_1_115' title="bbox 2311 5632 3756 5765; baseline 0.014 -61"><span class='ocrx_word' id='word_1_832' title='bbox 2311 5651 2519 5722; x_wconf 80' lang='lat' dir='ltr'><strong>qucris.</strong></span> <span class='ocrx_word' id='word_1_833' title='bbox 2553 5661 2608 5708; x_wconf 86' lang='lat' dir='ltr'><strong>et</strong></span> <span class='ocrx_word' id='word_1_834' title='bbox 2654 5655 3005 5726; x_wconf 87' lang='lat' dir='ltr'><strong>proverbium</strong></span> <span class='ocrx_word' id='word_1_835' title='bbox 3051 5657 3262 5713; x_wconf 87' lang='lat' dir='ltr'><strong>nullum</strong></span> <span class='ocrx_word' id='word_1_836' title='bbox 3285 5647 3432 5765; x_wconf 50' lang='lat' dir='ltr'><strong>dici:</strong></span> <span class='ocrx_word' id='word_1_837' title='bbox 3466 5632 3756 5765; x_wconf 53' lang='grc' dir='ltr'><strong>Ῑῖυξςξίξξξιξη.</strong></span> 
     </span>
    </p>
   </div>
   <div class='ocr_carea' id='block_1_110' title="bbox 2309 5729 3804 5864">
    <p class='ocr_par' dir='ltr' id='par_1_110' title="bbox 2309 5729 3804 5864">
     <span class='ocr_line' id='line_1_116' title="bbox 2309 5729 3804 5844; baseline 0.003 -45"><span class='ocrx_word' id='word_1_838' title='bbox 2309 5744 2438 5816; x_wconf 90' lang='lat' dir='ltr'><strong>quia</strong></span> <span class='ocrx_word' id='word_1_839' title='bbox 2464 5745 2576 5802; x_wconf 89' lang='lat' dir='ltr'><strong>scis</strong></span> <span class='ocrx_word' id='word_1_840' title='bbox 2619 5749 2828 5818; x_wconf 91' lang='lat' dir='ltr'><strong>omnia,</strong></span> <span class='ocrx_word' id='word_1_841' title='bbox 2853 5756 2908 5806; x_wconf 93' lang='lat' dir='ltr'><strong>et</strong></span> <span class='ocrx_word' id='word_1_842' title='bbox 2931 5764 3042 5806; x_wconf 88' lang='lat' dir='ltr'><strong>non</strong></span> <span class='ocrx_word' id='word_1_843' title='bbox 3065 5764 3206 5823; x_wconf 89' lang='lat' dir='ltr'><strong>opus</strong></span> <span class='ocrx_word' id='word_1_844' title='bbox 3245 5755 3324 5805; x_wconf 88' lang='lat' dir='ltr'><strong>est</strong></span> <span class='ocrx_word' id='word_1_845' title='bbox 3345 5735 3432 5798; x_wconf 84' lang='lat' dir='ltr'><strong>tibi</strong></span> <span class='ocrx_word' id='word_1_846' title='bbox 3467 5735 3518 5784; x_wconf 77' lang='grc' dir='ltr'><strong>ιιι</strong></span> <span class='ocrx_word' id='word_1_847' title='bbox 3539 5729 3756 5844; x_wconf 52' lang='grc' dir='ltr'><strong>ξὶυξδπρν</strong></span> <span class='ocrx_word' id='word_1_848' title='bbox 3785 5793 3804 5804; x_wconf 90' lang='grc'>.</span> 
     </span>
     <span class='ocr_line' id='line_1_117' title="bbox 2311 5812 3669 5864; baseline 0 0"><span class='ocrx_word' id='word_1_849' title='bbox 2311 5847 2543 5864; x_wconf 63' lang='grc' dir='ltr'><strong>ιιι---.ηι-</strong></span> <span class='ocrx_word' id='word_1_850' title='bbox 2594 5838 2650 5864; x_wconf 76' lang='grc'><strong>1..</strong></span> <span class='ocrx_word' id='word_1_851' title='bbox 2683 5841 2785 5864; x_wconf 75' lang='grc' dir='ltr'><strong>ι---</strong></span> <span class='ocrx_word' id='word_1_852' title='bbox 2825 5841 3093 5864; x_wconf 34' lang='grc' dir='ltr'><strong>---Δεῄμη</strong></span> <span class='ocrx_word' id='word_1_853' title='bbox 3171 5841 3281 5864; x_wconf 62' lang='grc'><strong>---2-</strong></span> <span class='ocrx_word' id='word_1_854' title='bbox 3309 5853 3333 5864; x_wconf 72' lang='grc' dir='ltr'><strong>ι.</strong></span> <span class='ocrx_word' id='word_1_855' title='bbox 3364 5830 3460 5864; x_wconf 70' lang='lat' dir='ltr'><strong>nm</strong></span> <span class='ocrx_word' id='word_1_856' title='bbox 3481 5815 3627 5864; x_wconf 61' lang='lat'><strong>011$“!</strong></span> <span class='ocrx_word' id='word_1_857' title='bbox 3653 5812 3669 5852; x_wconf 59' lang='grc' dir='ltr'><em>θ</em></span> 
     </span>
    </p>
   </div>
   <div class='ocr_carea' id='block_1_111' title="bbox 2311 5826 3627 5928">
    <p class='ocr_par' dir='ltr' id='par_1_111' title="bbox 2311 5826 3627 5928">
     <span class='ocr_line' id='line_1_118' title="bbox 2311 5826 3627 5928; baseline -0.02 -33"><span class='ocrx_word' id='word_1_858' title='bbox 2311 5847 2566 5911; x_wconf 77' lang='lat' dir='ltr'><strong>terrogct.</strong></span> <span class='ocrx_word' id='word_1_859' title='bbox 2593 5838 2654 5898; x_wconf 87' lang='lat' dir='ltr'><strong>in</strong></span> <span class='ocrx_word' id='word_1_860' title='bbox 2681 5841 2788 5928; x_wconf 72' lang='lat' dir='ltr'><strong>hoc</strong></span> <span class='ocrx_word' id='word_1_861' title='bbox 2820 5841 3117 5915; x_wconf 82' lang='lat' dir='ltr'><strong>credimus,</strong></span> <span class='ocrx_word' id='word_1_862' title='bbox 3162 5841 3287 5928; x_wconf 79' lang='lat' dir='ltr'><strong>quia</strong></span> <span class='ocrx_word' id='word_1_863' title='bbox 3308 5853 3339 5896; x_wconf 89' lang='lat' dir='ltr'><strong>a</strong></span> <span class='ocrx_word' id='word_1_864' title='bbox 3360 5830 3460 5891; x_wconf 88' lang='lat' dir='ltr'><strong>Deo</strong></span> <span class='ocrx_word' id='word_1_865' title='bbox 3481 5826 3627 5881; x_wconf 55' lang='lat' dir='ltr'><strong>ensu.</strong></span> 
     </span>
    </p>
   </div>
   <div class='ocr_carea' id='block_1_112' title="bbox 3622 4596 3769 4664">
    <p class='ocr_par' dir='ltr' id='par_1_112' title="bbox 3622 4596 3769 4664">
     <span class='ocr_line' id='line_1_119' title="bbox 3622 4596 3769 4664; baseline -0.02 -15"><span class='ocrx_word' id='word_1_866' title='bbox 3622 4624 3658 4664; x_wconf 70' lang='grc' dir='ltr'><strong>η)</strong></span> <span class='ocrx_word' id='word_1_867' title='bbox 3677 4596 3769 4657; x_wconf 69' lang='grc' dir='ltr'><strong>τρ1111’</strong></span> 
     </span>
    </p>
   </div>
   <div class='ocr_carea' id='block_1_113' title="bbox 3612 5509 3759 5582">
    <p class='ocr_par' dir='ltr' id='par_1_113' title="bbox 3612 5509 3759 5582">
     <span class='ocr_line' id='line_1_120' title="bbox 3612 5509 3759 5582; baseline -0.007 -21"><span class='ocrx_word' id='word_1_868' title='bbox 3612 5509 3759 5582; x_wconf 63' lang='lat' dir='ltr'><strong>(mlo-</strong></span> 
     </span>
    </p>
   </div>
  </div>
