3950 6380
99 340 229 399 957

1057 338 1632 398 DEFLORATIONES
1673 341 1773 399 SS.
1815 342 2127 400 PATRUII.
2163 375 2235 387 —-
2268 346 2400 406 LIB.
2441 349 2481 404 i.

3306 354 3412 412 958

99 457 235 514 iam
269 453 423 526 loqui
465 451 733 523 putabant
774 451 935 523 cujus
964 453 1220 526 mysteria
1256 453 1720 527 comprehendere
1752 464 1794 520 Α
1827 455 1932 515 bus
1954 458 2135 516 noctis
2162 460 2400 517 tenebris
2425 476 2491 517 ea
2521 476 2643 532 qua:
2656 462 3028 534 aspiciebatur
3050 467 3411 537 subtrahitur,

100 563 235 606 non
295 546 567 603 valebant.
604 543 803 615 Aperte
831 544 1129 601 ostendunt
1156 545 1286 617 quia
1330 545 1599 604 Dominus
1637 546 1718 602 lo-

100 638 403 712 quebatur
435 637 502 694 de
528 635 615 691 his
641 651 765 707 quae
792 635 915 692 illos
939 636 1242 694 delectabat
1268 638 1481 707 audire,
1506 648 1563 695 et
1595 656 1719 711 qua:

102 732 471 803 interrogare
518 729 792 785 volebant.
836 728 991 787 Unde
1023 730 1193 788 Deum
1236 747 1361 789 esse
1400 732 1714 790 credebant.

103 824 392 896 Apertum
440 837 679 894 namque
720 822 1022 881 divinitatis
1080 824 1345 882 indicium
1390 834 1477 882 est
1509 827 1720 899 cogita-

104 916 342 971 tiouum
372 930 539 971 nosse
569 921 800 971 secreta.

190 1004 279 1061 De
304 1005 490 1061 ordine
520 1005 845 1077 resurgendi,
870 1016 920 1063 et
953 1008 1184 1080 qualiter
1204 1016 1297 1064 aut
1326 1009 1512 1081 qualia
1538 1026 1717 1066 restir-

107 1107 252 1169 gant
285 1114 530 1169 corpora.

189 1188 472 1260 Propheta
500 1188 670 1247 Isaias
698 1209 711 1246 :
750 1209 769 1242 ο
810 1190 1137 1264 Resurgent,
1170 1192 1368 1264 inquit,
1398 1195 1634 1260 mortui;
1666 1204 1723 1251 et

107 1290 418 1353 resurgent
448 1281 542 1354 qui
568 1291 726 1338 erant
749 1282 802 1338 in
826 1284 1092 1355 sepulcris
1120 1283 1259 1357 (Isa.
1294 1284 1469 1355 xxvi).
1506 1306 1524 1339 ι
1565 1285 1722 1343 Unde

109 1374 463 1447 Apostolus:
494 1395 512 1427 ι
551 1373 670 1446 ipse
691 1374 959 1433 Dominus
990 1377 1045 1432 iu
1069 1377 1252 1449 jussu,
1284 1387 1338 1435 et
1377 1379 1431 1433 in
1462 1393 1594 1435 voce
1618 1379 1722 1434 Ar-

111 1466 402 1539 cltangcli,
423 1466 551 1522 etin
577 1467 706 1522 tuba
730 1466 824 1523 Dei
850 1467 1143 1525 descendet
1165 1468 1234 1525 de
1255 1470 1418 1536 caelo,
1441 1477 1496 1524 et
1519 1468 1720 1525 mortui

111 1562 219 1634 qui
257 1561 314 1617 in
338 1561 559 1618 Christo
588 1570 718 1617 sunt
746 1573 1031 1636 resurgeut
1062 1564 1248 1635 primi.
1278 1563 1483 1621 Deinde
1512 1581 1613 1621 nos
1639 1566 1723 1621 vi-

113 1664 340 1723 ventes,
352 1655 446 1727 qui
470 1654 666 1727 reliqui
688 1670 901 1722 sumus,
915 1655 1166 1713 similiter
1182 1672 1307 1712 cum
1326 1656 1433 1713 illis
1449 1657 1724 1728 rapientur

1817 560 1873 607 et
1901 551 2064 623 quasi
2090 551 2336 624 quotidie
2372 554 2610 625 resurgit
2651 555 2782 610 dum
2833 555 2927 612 lux
2976 559 3179 627 ablata,
3235 562 3438 620 oculis

1819 655 2134 713 suppressa,
2186 642 2382 699 iterum
2428 653 2586 699 nocte
2642 654 2948 716 reparatur.
2992 647 3097 704 Per
3140 663 3413 710 momenta

1818 747 2040 804 quoque
2064 741 2372 805 temporum
2400 734 2680 791 cernimus
2708 735 2931 792 arbusta
2962 737 3292 794 viriditatem
3330 739 3410 794 fo-

1818 822 2019 879 liorum
2051 825 2320 894 amittere,
2352 842 2384 882 a
2420 826 2697 882 fructuum
2731 827 3038 897 prolatione
3081 845 3318 887 cessare.
3347 828 3418 888 Et

1819 929 1948 971 ecce
1992 917 2153 987 quasi
2209 925 2564 976 exarescente
2590 918 2774 974 subito
2805 918 2976 991 ligno,
3008 920 3154 977 velut
3175 922 3415 994 quadam

1820 1011 2228 1067 resurrectione
2249 1012 2522 1079 veniente,
2539 1011 2791 1068 videmus
2817 1011 2946 1068 folia
2961 1029 3272 1086 erumpere,
3294 1013 3381 1072 fru
3394 1045 3415 1058 -

1821 1111 1943 1156 ctus
1969 1100 2348 1172 grandescere,
2372 1113 2427 1159 et
2461 1111 2631 1159 totam
2668 1103 2923 1159 arborem
2946 1105 3192 1162 redivivo
3217 1108 3416 1164 decoro

1822 1191 2030 1247 vestiri.
2061 1191 2168 1249 Sed
2193 1208 2322 1251 ecce
2350 1194 2806 1252 resurrectionem
2833 1194 3030 1264 audio;
3058 1197 3308 1254 eﬂcctum
3327 1210 3414 1254 ta-

1825 1299 1950 1338 men
2002 1284 2175 1354 ipsius
2224 1286 2647 1343 resurrectionis
2679 1286 2932 1357 exquiro.
2965 1287 3142 1343 Credo
3180 1306 3416 1361 namque

1823 1378 1971 1450 quod
1999 1389 2411 1438 resurrecturus
2461 1397 2606 1446 sum,
2637 1380 2731 1437 sed
2760 1381 2888 1436 volo
2910 1390 2970 1438 ut
2993 1382 3210 1439 audiam
3238 1385 3418 1455 quali—

1824 1478 1926 1525 ter.
1955 1469 2249 1527 Sciendum
2273 1472 2475 1544 quippe
2500 1471 2634 1528 mibi
2656 1482 2739 1530 est
2759 1483 2942 1529 utrum
2974 1473 3026 1529 in
3053 1476 3287 1546 quodam
3311 1476 3421 1533 alio

1824 1562 2011 1618 subtili
2040 1561 2273 1620 fortasse
2301 1563 2386 1619 vel
2418 1563 2590 1631 aerio,
2620 1579 2689 1619 an
2723 1564 2778 1620 in
2805 1580 2871 1621 eo
2901 1580 3014 1636 quo
3060 1580 3259 1621 maneo
3299 1582 3418 1622 cor-

1823 1667 1958 1722 pore
1999 1668 2243 1725 surgam.
2298 1652 2405 1709 Sed
2439 1653 2486 1709 si
2525 1653 2579 1708 in
2618 1655 2770 1709 aerio
2821 1668 3052 1725 corpore
3091 1670 3418 1724 surrexero,

115 1746 177 1802 in
199 1747 444 1803 nubibus
461 1747 677 1803 obviam
695 1746 916 1803 Christo
932 1747 986 1802 in
1005 1763 1153 1817 aera,
1171 1758 1225 1804 et
1243 1748 1315 1804 ita
1339 1764 1464 1805 cum
1488 1747 1721 1804 Domino
1756 1807 1795 1819 __
1820 1747 1935 1819 jam
1957 1760 2058 1817 ego
2076 1761 2186 1801 non
2203 1761 2298 1800 ero
2320 1744 2415 1817 qui
2437 1762 2687 1819 resurgo.
2707 1745 2842 1803 Nam
2871 1747 3153 1819 quomodo
3182 1758 3265 1805 est
3288 1765 3419 1805 vera

114 1838 338 1896 erimus
360 1838 448 1912 (11
474 1838 757 1909 ΤΙιεδε.ιγ).
786 1859 804 1893 ι
826 1838 954 1895 ilice
975 1840 1136 1895 verba
1161 1842 1458 1911 apostolica
1480 1857 1724 1898 resurre-
1754 1837 1797 1863 ”
1827 1838 2178 1905 resurrectio,
2214 1837 2260 1894 si
2293 1853 2421 1894 vera
2473 1853 2584 1894 non
2630 1840 2868 1911 potuerit
2918 1855 3049 1896 caro
3096 1856 3220 1896 esse
3261 1857 3415 1897 care.

115 1930 368 1987 ctionem
394 1941 741 1987 mortuorum
771 1931 1037 2001 futuram,
1078 1933 1299 2004 quando
1329 1936 1508 1991 veniet
1536 1936 1725 2007 utique

115 2020 386 2077 Christus
411 2021 478 2078 ad
504 2023 656 2079 vivos
685 2032 739 2079 et
764 2021 1375 2095 mortuosjudicandos,
1418 2026 1726 2097 przeclaris-

116 2114 271 2169 sime
289 2113 602 2169 ostendunt.
637 2115 741 2170 Sed
773 2116 945 2187 quzeri
970 2116 1110 2172 solet
1135 2125 1320 2172 utrum
1348 2116 1429 2172 illi
1470 2134 1611 2189 quos
1634 2118 1725 2175 hic

120 2204 375 2261 viventes
398 2205 719 2263 inventurus
737 2216 822 2263 est
837 2207 1113 2276 Christus,
1127 2224 1361 2280 quorum
1381 2225 1647 2281 personas
1666 2211 1721 2267 in

121 2311 207 2362 se,
228 2303 393 2367 atque
413 2295 535 2351 illas
558 2297 650 2367 qui
676 2306 805 2353 tunc
825 2313 1011 2355 secum
1030 2299 1283 2357 vivebant
1299 2301 1725 2374 transﬂgurabat

122 2387 447 2458 Apostolus,
482 2404 764 2460 nunquam
789 2391 1017 2446 omnino
1049 2391 1305 2448 morituri
1331 2401 1481 2460 sunt,
1508 2409 1579 2448 an
1603 2393 1724 2465 ipso

126 2479 395 2549 temporis
429 2490 632 2550 puncto
676 2496 789 2552 quo
819 2498 946 2538 cum
993 2484 1411 2556 resurgentibus
1440 2485 1724 2558 rapientur

127 2569 185 2624 in
213 2569 452 2626 nubibus
473 2571 690 2626 obviam
714 2570 937 2630 Christo
958 2573 1012 2630 in
1030 2589 1156 2631 acra
1172 2575 1238 2631 ad
1254 2576 1719 2633 immortalitatem

127 2676 227 2733 per
256 2670 489 2717 mortem
516 2662 656 2718 mira
680 2663 959 2721 celeritate
987 2666 1317 2723 transibunt.
1353 2665 1411 2723 Si
1438 2683 1570 2740 ergo
1593 2684 1723 2725 san-

129 2764 251 2811 ctus
290 2755 383 2827 qui
434 2756 808 2827 reperientur,
861 2757 1083 2816 Christo
1132 2761 1403 2831 veniente,
1452 2763 1721 2833 viventes,

128 2845 294 2916 eique
312 2846 526 2902 obviam
546 2850 845 2919 rapientur,
863 2851 1255 2911 crediderimus
1277 2854 1330 2910 in
1349 2856 1540 2912 eodem
1559 2866 1719 2930 raptu

1824 1930 2024 2001 Aperta
2050 1943 2183 2002 ergo
2212 1929 2354 1985 ratio
2385 1928 2629 2000 suggerit
2657 1929 2810 2000 quia,
2853 1927 2900 1985 si
2943 1946 3072 1985 vera
3121 1946 3252 1986 caro
3305 1945 3416 1985 non

1826 2020 2009 2089 fuerit,
2056 2020 2248 2094 procul
2277 2020 2448 2076 dubio
2480 2022 2814 2078 resurrectio
2860 2038 2985 2077 vera
3013 2038 3122 2077 non
3155 2023 3278 2078 erit.
3312 2020 3419 2078 Ne-

1823 2132 1930 2189 que
1951 2116 2099 2173 enim
2139 2124 2287 2172 recta
2313 2117 2641 2171 resurrectio
2664 2115 2770 2171 dici
2799 2123 2978 2187 potest
3004 2115 3093 2169 ubi
3114 2130 3222 2170 non
3245 2115 3420 2186 surgit

1823 2204 1970 2277 quod
2001 2205 2277 2262 ceciderit.
2303 2203 2459 2261 Unde.
2486 2206 2652 2261 etiam
2679 2204 3010 2277 Redemptor
3039 2214 3227 2261 noster
3253 2206 3420 2261 dubi-

1825 2297 2069 2354 tantibus
2090 2297 2157 2354 de
2186 2314 2287 2355 sua
2307 2298 2711 2354 resurrectione
2725 2297 3010 2369 discipulis
3037 2297 3277 2353 ostendit
3300 2312 3420 2351 ma-

1823 2404 1931 2444 nus
1955 2397 2011 2445 et
2034 2389 2207 2456 latus;
2251 2389 2522 2461 palpanda
2572 2404 2695 2445 ossa
2719 2398 2774 2445 et
2799 2404 3021 2443 carnem
3052 2386 3305 2460 praebuit,
3335 2387 3423 2442 di-

1823 2495 1999 2537 cens:
2042 2499 2062 2532 (
2096 2479 2320 2550 Palpate
2347 2495 2400 2536 et
2426 2480 2606 2536 videte
2635 2480 2764 2552 quia
2808 2477 3048 2550 Spiritus
3092 2495 3315 2535 carnem
3365 2486 3421 2535 et

1824 2587 1951 2627 ossa
2010 2587 2121 2628 non
2177 2572 2359 2639 habet,
2415 2572 2557 2629 sicut
2612 2586 2701 2628 me
2758 2571 2955 2628 videtis
3006 2571 3209 2626 habere
3260 2568 3415 2643 (Lac.

1823 2661 1984 2734 un).
2021 2681 2041 2714 ι

1891 2752 2013 2810 Jam
2050 2768 2182 2810 vero
2203 2752 2271 2809 de
2310 2754 2715 2810 resurrectione
2742 2754 2948 2823 carnis,
2977 2770 3089 2809 non
3122 2754 3269 2810 sicut
3297 2754 3423 2826 qui-

1820 2846 1948 2904 dam
1996 2845 2330 2915 revixerunt,
2377 2846 2687 2917 iterumque
2739 2856 2869 2903 sunt
2923 2846 3148 2912 mortui,
3220 2846 3319 2902 sed
3365 2846 3421 2901 in

131 2934 202 2991 de
242 2936 568 2993 mortalibus
618 2940 944 3009 corporibus
987 2941 1254 3012 exituros,
1308 2952 1362 3000 et
1410 2945 1480 3001 ad
1526 2946 1718 3004 eadem
1821 2938 2263 3004 :eternamvitam
2283 2937 2644 2995 sicutChristi
2661 2938 2838 3009 ipsius
2857 2940 3210 3004 resurrectio,
3227 2952 3425 3009 quem~

133 3042 265 3083 mox
294 3028 620 3085 immortalia
652 3032 945 3099 redituros,
978 3034 1156 3089 nullas
1187 3034 1242 3090 in
1276 3037 1457 3094 verbis
1485 3040 1720 3110 apostoli
1821 3033 2117 3092 admodum
2141 3030 2477 3104 possibiliter
2515 3030 2588 3087 sit
2628 3031 2932 3101 disputare,
2964 3036 3019 3084 et
3071 3029 3126 3084 in
3163 3029 3423 3085 omnibus

134 3118 406 3190 patiemur
421 3122 724 3192 angustias,
744 3121 859 3177 sive
877 3122 966 3177 ubi
983 3123 1143 3179 dicit:
1168 3145 1186 3177 ι
1209 3123 1288 3179 Tu
1305 3127 1452 3197 quod
1476 3129 1720 3187 seminas
1747 3151 1792 3215 ο
1822 3122 2222 3196 quaestionibus
2257 3137 2381 3194 quae
2409 3121 2477 3178 de
2522 3121 2625 3177 hac
2660 3135 2722 3176 re
2758 3119 2965 3177 moveri
3004 3119 3182 3175 solent
3207 3117 3425 3176 satisfa—

135 3228 246 3267 non
267 3212 645 3282 viviﬁcabitur,
680 3215 784 3271 nisi
807 3217 959 3287 prius
983 3218 1251 3274 moriatur
1277 3218 1334 3288 (Ι
1359 3218 1485 3276 Cor.
1526 3223 1653 3293 xv);
1694 3242 1715 3276 ι

136 3308 251 3364 sive
274 3308 364 3363 ubi
388 3308 552 3364 dicit:
583 3330 601 3361 ι
633 3308 835 3369 Omnes
860 3328 1234 3385 resurgemus,
1266 3323 1362 3371 aut
1382 3331 1576 3373 omnes
1594 3318 1725 3374 dor-

138 3401 371 3458 miemus
395 3402 599 3473 (ibid.),
621 3423 638 3454 ι
658 3404 785 3475 quia
814 3421 915 3461 nec
936 3406 1012 3461 illi
1035 3423 1132 3476 per
1151 3407 1615 3464 immortalitatem
1639 3410 1723 3464 vi-

136 3493 502 3550 viticabuntur
521 3536 537 3562 ,
584 3496 690 3550 uisi
721 3497 1022 3566 quamlibet
1050 3499 1353 3568 paululum,
1388 3509 1571 3557 tamen
1600 3510 1725 3558 ante

139 3583 466 3639 moriantur.
513 3584 593 3639 Ac
635 3600 731 3654 per
784 3584 888 3640 hoc
916 3601 946 3640 a
993 3589 1397 3644 resurrectione
1424 3605 1533 3644 non
1564 3601 1743 3662 erunt,

138 3676 299 3732 alieni
328 3690 493 3745 quam
524 3674 855 3731 dormitione
884 3677 1219 3746 praecedunt,
1242 3682 1496 3750 quamvis
1516 3682 1726 3738 brevis-

139 3769 300 3835 sima,
332 3782 443 3821 non
478 3774 659 3822 tamen
690 3767 860 3822 nulla.
889 3766 1179 3835 Quomodo
1208 3780 1389 3826 autem
1423 3773 1727 3846 intelligen-

137 3861 269 3916 dum
329 3859 402 3915 sit
439 3859 588 3931 quod
633 3858 897 3930 scriptum
945 3870 1079 3916 est:
1134 3860 1300 3919 Viros
1362 3874 1418 3920 et
1474 3875 1726 3923 mortuos

142 3952 284 4011 Deus
312 3953 601 4025 judicabit,
629 3954 923 4011 videndum
950 3956 1075 4013 erit.
1120 3951 1345 4015 Duobus
1372 3959 1551 4017 modis
1576 3961 1726 4017 acci-

144 4049 306 4120 pitur,
329 4048 477 4120 quod
502 4048 658 4105 vivos
678 4057 733 4104 et
755 4058 1003 4107 mortuos
1020 4052 1308 4123 judicabit,
1334 4052 1450 4109 sive
1477 4064 1728 4113 mortuos

148 4138 342 4216 [vivos]
367 4140 720 4214 intelligimus
747 4158 889 4214 quos
920 4143 1009 4199 hic
1039 4143 1285 4200 nondum
1317 4152 1586 4210 mortuos,
1631 4144 1728 4202 sed

148 4232 319 4289 adhuc
348 4234 401 4288 in
436 4234 540 4290 ista
569 4249 736 4290 carne
760 4234 1004 4292 viventes
1031 4234 1355 4293 inventurus
1377 4245 1464 4292 est
1487 4236 1607 4308 ejus
1633 4237 1731 4293 ad»

149 4334 365 4393 ventus;
407 4326 525 4383 sive
571 4335 819 4382 mortuos
870 4327 962 4398 qui
1013 4327 1081 4383 de
1127 4343 1358 4399 corpore
1407 4329 1728 4401 priusquam

148 4418 325 4475 veniat
351 4420 605 4476 exierunt
635 4419 720 4473 vel
747 4419 947 4474 exituri
981 4429 1137 4489 sunt;
1173 4435 1268 4476 seu
1295 4421 1450 4477 vivos
1468 4421 1650 4493 justas
1675 4431 1731 4479 et

1826 3233 1951 3275 cere
1995 3233 2107 3273 non
2156 3216 2398 3272 invenio.
2436 3213 2891 3272 Resurrecturam
2946 3223 3126 3270 tamen
3174 3213 3423 3269 omnium

1823 3325 2047 3369 carnem
2085 3308 2402 3381 quicunque
2447 3307 2561 3364 nati
2617 3323 2833 3374 sumus,
2884 3315 2940 3363 et
2989 3313 3313 3374 nascuntur,
3368 3313 3426 3363 et

1824 3403 2027 3460 mortui
2084 3412 2214 3460 sunt
2260 3411 2316 3458 et
2359 3402 2669 3458 morientur
2716 3400 3039 3456 nullomodo
3072 3398 3426 3458 Christianus

1823 3495 2077 3552 dubitare
2105 3495 2284 3551 debet.
2340 3491 2497 3550 Unde
2543 3497 2722 3564 primo
2774 3493 3015 3548 occurrit
3047 3492 3118 3548 de
3154 3492 3425 3548 abortivis

1826 3582 2031 3640 fetibus
2062 3585 2295 3655 quaestio
2326 3584 2421 3656 qui
2445 3584 2559 3653 jam
2591 3583 2811 3655 quidem
2836 3584 2953 3639 nati
3002 3592 3132 3639 sunt
3165 3583 3220 3639 in
3251 3583 3425 3641 uteris

1827 3685 2090 3745 matrum,
2115 3676 2211 3732 sed
2254 3676 2499 3731 nondum
2526 3676 2602 3731 ita
2632 3677 2765 3743 nati,
2796 3685 2855 3732 ut
2873 3675 2986 3747 jam
3011 3677 3223 3748 possint
3261 3691 3424 3732 rena-

1827 3771 1928 3826 sci.
1965 3769 2022 3824 Si
2054 3776 2466 3825 resurrecturos
2492 3783 2589 3824 eos
2615 3767 2945 3833 dixerimus,
2978 3769 3045 3824 de
3074 3768 3160 3825 bis
3188 3768 3282 3840 qui
3308 3768 3425 3839 jam

1829 3859 2049 3917 formati
2094 3867 2254 3925 sunt,
2283 3858 2504 3913 tolerari
2550 3866 2729 3929 potest
2774 3868 3072 3929 utrumque
3107 3860 3253 3930 quod
3284 3860 3427 3915 dici-

1830 3960 1939 4008 tur.
1986 3948 2258 4004 Informes
2306 3963 2439 4003 vero
2475 3947 2757 4004 abortivos
2798 3949 2925 4019 quis
2972 3963 3081 4003 non
3132 3950 3428 4019 proclivius

1829 4043 2010 4116 perire
2037 4041 2353 4107 arbitretur,
2398 4039 2541 4096 sicut
2580 4038 2792 4096 semina
2841 4055 2966 4112 qua:
3005 4049 3267 4111 concepta
3314 4055 3427 4096 non

1830 4133 2072 4191 fuerint?
2102 4131 2207 4190 Sed
2240 4147 2440 4204 negare
2481 4131 2607 4203 quis
2630 4131 2849 4200 audeat,
2873 4132 2993 4189 etsi
3018 4132 3290 4188 affirmare
3313 4148 3425 4186 non

1830 4227 2049 4295 audeat,
2096 4225 2151 4282 id
2201 4232 2447 4281 acturam
2498 4225 2959 4281 resurrectionem
2988 4268 3004 4295 ,
3053 4233 3114 4281 ut
3157 4224 3427 4297 quidquid

1831 4319 2024 4376 forma:
2060 4317 2234 4375 defuit
2267 4317 2580 4390 impleatur,
2611 4325 2777 4389 atque
2816 4317 2890 4373 ita
2940 4327 3003 4374 ut
3050 4317 3123 4374 sit
3158 4316 3426 4389 perfectio

1832 4431 1956 4487 qua:
1974 4427 2267 4470 accessura
2283 4421 2404 4468 erat
2418 4421 2683 4483 tempore,
2704 4410 3169 4483 quemadmodum
3190 4424 3299 4465 non
3321 4409 3428 4464 erit

149 4524 392 4571 mortuos
415 4514 672 4585 injustos,
698 4515 975 4586 quomodo
998 4514 1134 4586 justi
1173 4515 1521 4588 judicabunt,
1560 4527 1617 4576 et
1651 4518 1732 4575 in—
1762 4508 1804 4563 Ι)
1832 4508 2019 4564 vitiata
2043 4520 2169 4580 qua:
2207 4505 2501 4562 accesserit
2528 4513 2791 4576 tempore,
2822 4512 2883 4561 ut
2906 4519 3085 4576 neque
3109 4503 3166 4561 in
3189 4518 3256 4560 eo
3277 4500 3425 4575 quod

147 4605 276 4678 justi
298 4605 689 4678 iudicabuntur
704 4607 730 4660 ἲ

221 4696 687 4754 Resurrectionem
732 4713 953 4769 quoque
1013 4715 1328 4770 corporum,
1361 4702 1596 4773 qualiter
1637 4711 1734 4759 aut

153 4788 323 4863 qualia
340 4795 649 4859 resurgant,
675 4788 922 4842 nonnulli
950 4804 1109 4859 posse
1131 4790 1247 4846 lieri
1265 4791 1574 4862 desperant,
1604 4808 1731 4849 cum

155 4882 254 4938 hoc
303 4879 672 4947 considerant,
714 4877 863 4950 quod
909 4880 1136 4951 spiritus
1182 4897 1213 4936 a
1262 4897 1428 4938 carne
1480 4884 1729 4950 solvitur,

153 4973 291 5045 quod
315 4988 443 5029 caro
482 4973 536 5028 in
564 4971 909 5043 putrediuem
949 4972 1197 5041 vertitur,
1238 4974 1382 5043 quod
1415 4974 1643 5044 putredo
1677 4975 1731 5030 in

154 5066 419 5139 pulverem
451 5064 736 5138 redigitur,
769 5065 915 5136 quod
956 5065 1136 5137 pulvis
1169 5065 1222 5120 in
1252 5066 1538 5124 elementis
1568 5067 1736 5124 solvi-

157 5168 260 5227 tur,
292 5166 351 5214 ut
379 5174 726 5230 nequaquam
757 5158 829 5215 ab
851 5157 1108 5252 humanis
1149 5160 1326 5217 oculis
1364 5160 1632 5227 videatur,
1658 5171 1733 5230 ct,

157 5249 278 5304 dum
304 5248 451 5305 arida
469 5264 595 5305 ossa
614 5248 945 5319 inspiciunt,
966 5249 1081 5306 lucc
1104 5249 1290 5306 vestiri
1325 5250 1587 5307 carnibus
1612 5267 1738 5307 rur-

159 5356 380 5413 sumque
405 5341 473 5396 ad
488 5340 656 5396 vitam
680 5340 1008 5398 viridescere
1031 5356 1192 5413 posse
1209 5341 1545 5411 diuiduntur;
1569 5351 1624 5400 et
1641 5344 1736 5416 qui

162 5435 568 5491 resurrectionis
599 5435 758 5491 fidem
787 5449 855 5489 ex
891 5430 1196 5490 obedientia
1224 5451 1333 5490 non
1362 5444 1565 5504 tenent,
1590 5447 1738 5492 certe

161 5529 293 5583 hanc
313 5541 377 5582 ex
400 5527 614 5583 ratione
635 5535 819 5582 tenere
854 5526 1178 5583 debuerunt.
1204 5525 1344 5595 Quid
1376 5527 1520 5583 enim
1550 5527 1737 5599 quoti-

161 5618 261 5685 oie,
296 5618 398 5675 nisi
421 5619 877 5675 resurrectionem
906 5628 1146 5677 nostram
1180 5619 1234 5675 in
1270 5620 1552 5676 elementis
1578 5636 1739 5675 mun-

164 5710 260 5769 dus
287 5710 569 5768 imitatur?
600 5710 704 5768 Per
733 5713 1055 5785 quotidiana
1086 5713 1288 5786 quippe
1335 5723 1609 5769 momenta
1644 5712 1737 5769 lux

166 5806 273 5885 ipsa
303 5804 618 5878 temporalis
640 5804 798 5879 quasi
839 5805 1093 5875 moritur,
1123 5805 1253 5863 dum
1299 5806 1736 5879 supervenienti-

1832 4607 2020 4668 aptum
2051 4606 2107 4654 et
2128 4597 2497 4668 incongruum
2542 4595 2660 4651 dies
2704 4594 2920 4651 ailaturi
2945 4594 3185 4662 fuerant,
3226 4603 3426 4650 natura

1832 4685 2136 4755 fraudetur,
2162 4704 2340 4760 neque
2367 4688 2421 4743 in
2437 4702 2505 4744 eo
2525 4688 2672 4759 quod
2697 4687 2986 4745 adversum
3009 4696 3063 4743 et
3081 4686 3433 4747 contrarium.

1832 4781 1951 4837 dies
1989 4781 2233 4837 attulerit
2266 4789 2463 4837 natura
2506 4788 2787 4851 turpetur;
2824 4780 2918 4838 sed
2950 4782 3250 4852 integretur
3278 4778 3427 4852 quod

1833 4873 2081 4929 nondum
2136 4882 2249 4929 erat
2289 4872 2585 4946 integrum,
2628 4874 2775 4930 sicut
2814 4873 3237 4941 restaurabitur,
3277 4871 3426 4942 quod

1835 4966 2076 5023 nondum
2107 4965 2287 5022 fuerat
2316 4966 2592 5022 vitiatutn.
2639 4965 2817 5037 Super
2847 4966 2953 5024 hoc
2999 4967 3207 5033 sdlicet
3232 4965 3300 5021 de
3331 4966 3429 5020 ab-

1836 5056 2027 5113 ortivis
2054 5064 2108 5113 et
2132 5056 2395 5113 monstris
2420 5066 2603 5112 utrum
2628 5065 2937 5128 resurgant,
2963 5066 3017 5112 et
3037 5058 3220 5130 qualia
3246 5074 3429 5114 resur-

1836 5157 1966 5221 gant
1993 5190 2009 5217 ,
2060 5147 2543 5220 scrupulosissime
2592 5147 2813 5220 quidem
2863 5146 3011 5203 inter
3077 5148 3430 5205 doctissimos

1836 5240 2007 5313 quaeri
2040 5241 2199 5309 solet,
2231 5253 2285 5299 et
2312 5241 2581 5314 disputari
2605 5249 2803 5314 potest.
2832 5238 2988 5310 Quod
3012 5250 3195 5297 utrum
3232 5242 3301 5297 ab
3322 5242 3430 5299 ho:

1838 5334 1988 5390 mine
2015 5330 2245 5390 inveniri
2273 5335 2447 5406 possit
2485 5332 2701 5403 ignoro,
2730 5334 2952 5407 quando
2976 5333 3168 5406 incipit
3190 5333 3427 5388 homoin

1839 5434 1997 5482 utero
2032 5424 2237 5496 vivere,
2276 5434 2462 5482 utrum
2499 5428 2572 5483 sit
2607 5428 2859 5500 quaedam
2888 5427 3000 5483 vita
3039 5425 3278 5491 occulta,
3305 5426 3431 5497 quae

1840 5522 2084 5579 nondum
2111 5522 2351 5580 motibus
2373 5521 2606 5581 viventis
2638 5532 2930 5596 appareat;
2955 5537 3082 5576 nam
3118 5534 3319 5591 negare
3342 5518 3429 5574 vi-

1841 5615 1989 5671 xisse
2012 5615 2322 5687 puerperia,
2349 5632 2472 5687 qua:
2494 5627 2781 5690 propterea
2806 5612 3150 5672 membratim
3175 5627 3434 5669 exsecan-

1841 5719 1932 5765 tur
1960 5716 2015 5764 et
2036 5708 2335 5781 ejiciuntur
2354 5726 2419 5766 ex
2445 5710 2618 5767 uteris
2641 5709 3064 5782 priegnautium,
3099 5721 3169 5762 ne
3192 5712 3430 5761 matrem

1841 5817 2064 5875 quoque
2101 5802 2147 5860 si
2184 5812 2399 5861 mortua
2425 5804 2497 5861 ibi
2528 5804 2907 5876 relinquantur
2945 5800 3221 5872 occidant,
3246 5797 3429 5872 impu-
