3948 6470
558 413 661 505 θ’ᾇυ

1658 403 1981 459 \VERNERI
2027 399 2319 455 ABBATIS
2359 399 2416 453 S.
2458 397 2674 451 BLASll
3718 391 3800 447 960

557 506 739 586 dentia
768 529 935 582 nimia
957 529 1189 582 videtur.
1217 526 1289 583 Ex
1321 541 1430 595 quo
1463 534 1642 579 autem
1674 523 2042 592 incipithomo
2065 521 2139 575 vi-
2167 525 2212 580 Α
2242 528 2554 576 revocetur,
2596 522 2819 567 curante
2861 510 3082 565 artificis
3114 508 3454 579 providentia
3486 523 3556 561 ne
3582 510 3706 576 quid
3731 510 3802 562 ἰιι-

556 639 703 689 vere,
724 639 790 677 ex
818 623 908 674 illo
940 623 1124 690 utique
1144 621 1255 689 jam
1304 620 1441 674 mori
1493 627 1689 688 potest.
1724 616 1975 671 Mortuus
2005 628 2135 668 vero

557 715 867 782 ubicunque
895 727 1044 766 mors
1072 712 1147 764 illi
1179 711 1352 780 potuit
1387 710 1627 772 evenire,
1658 707 1935 777 quomodo
1960 706 2027 760 ad
2055 722 2138 760 re.

556 803 947 861 surreetionem
1009 816 1348 855 mortuorum
1401 817 1510 856 non
1559 800 1848 870 pertineat,
1900 799 2138 868 reperire

554 902 662 947 non
690 905 937 960 possum.
964 888 1149 960 Neque
1170 890 1314 944 enim
1336 900 1580 945 monstra
1604 904 1724 959 quae
1753 897 2054 943 nascuntur
2084 895 2139 941 et

550 984 762 1046 vivunt,
794 985 1096 1053 quamlibet
1136 983 1245 1037 cito
1276 984 1602 1045 moriantur,
1634 992 1727 1037 aut
1759 989 2136 1037 resurrectura

552 1076 918 1146 negabuntur,
947 1086 1041 1130 aut
1078 1077 1261 1130 vitiata
1289 1086 1659 1132 resurrectura
1684 1076 1950 1132 credenda
1978 1084 2134 1139 sunt;

551 1182 618 1221 ac
648 1181 753 1219 non
797 1166 976 1236 potius
1011 1177 1256 1222 correcta
1293 1170 1687 1237 emendataque
1728 1180 1941 1222 natura.
1981 1166 2137 1221 Absit

546 1257 696 1321 enim
732 1266 794 1311 ut
822 1258 972 1312 illum
1028 1259 1382 1313 bimembrem
1422 1260 1514 1330 qui
1564 1276 1735 1330 nuper
1776 1268 1939 1312 natus
1967 1269 2050 1311 cst
2080 1256 2133 1309 in

545 1348 782 1423 oriente,
812 1350 878 1403 de
904 1366 1035 1419 quo,
1064 1350 1259 1406 fratres
1284 1352 1645 1415 dilectissimi,
1682 1352 1774 1421 qui
1818 1365 1940 1402 cum
1989 1349 2137 1402 vide-

552 1450 682 1495 runt
730 1443 1053 1508 retulerunt,
1107 1452 1161 1497 et
1209 1445 1397 1498 beatus
1451 1443 1812 1513 Hieronymus
1856 1441 2138 1511 presbyter

552 1534 818 1603 scriptum
849 1534 1090 1605 reliquit.
1148 1535 1326 1598 Absit,
1365 1539 1609 1604 inquam,
1658 1545 1717 1586 ut
1758 1549 1924 1587 unum
1958 1532 2137 1602 dupli-

550 1640 669 1679 cem
720 1625 1018 1691 hominem,
1057 1642 1121 1679 ac
1164 1641 1271 1679 nou
1313 1626 1491 1695 potius
1520 1627 1659 1681 duos
1684 1626 1955 1688 homines,
1988 1624 2136 1694 quod

548 1702 798 1770 futurum
839 1715 1035 1780 fuerat,
1068 1717 1112 1771 si
1146 1717 1345 1787 gemini
1384 1728 1763 1782 nascerentur,
1799 1725 2137 1772 resurrectu-

549 1822 643 1862 ros
679 1806 1040 1862 aestimemus!
1086 1806 1161 1861 Ita
1200 1817 1251 1861 et
1287 1817 1480 1862 caetera
1529 1823 1650 1877 quae
1690 1807 1889 1877 singuli
1931 1806 2133 1877 quique

547 1907 739 1969 partus
759 1899 841 1953 vel
870 1900 1125 1966 amplius,
1152 1900 1234 1954 vel
1263 1899 1445 1953 minus
1469 1899 1671 1969 aliquid
1693 1899 1960 1964 habendo,
1998 1914 2135 1969 qua—

546 1990 671 2044 dam
706 1990 871 2044 nimia
905 1988 1251 2043 deformitate
1300 1998 1541 2044 monstra
1587 1990 1844 2043 dicuntur
1883 2007 1896 2043 :
1934 1989 2000 2044 ad
2034 1989 2136 2042 hu—

547 2097 724 2137 mana:
764 2091 971 2135 natura:
1005 2083 1232 2151 figuram
1283 2082 1680 2136 resurrectione
1708 2081 2132 2147 revocabantur,

545 2172 619 2226 ita
645 2181 701 2226 ut
727 2173 955 2241 singulae
971 2173 1187 2238 auimaz,
1228 2174 1440 2244 singula
1469 2189 1565 2227 sua
1583 2188 1810 2242 corpora
1833 2172 2132 2237 obtineant,

547 2263 712 2317 nullis
758 2263 1159 2318 cobazrentibus
1216 2264 1379 2317 etiam
1417 2278 1758 2333 qumcunque
1806 2263 2134 2318 cobmrentia

546 2364 671 2409 nata
702 2354 948 2423 fuerant;
982 2356 1074 2411 sed
1105 2371 1351 2410 seorsum
1376 2356 1477 2410 sibi
1508 2355 1737 2425 singulis
1766 2370 1863 2408 sua
1892 2355 2134 2410 membra

545 2446 885 2515 gestantibus
911 2448 1113 2517 quibus
1132 2446 1356 2502 humani
1384 2447 1631 2516 corporis
1661 2447 2022 2516 complebitur
2051 2446 2135 2500 iu-

546 2538 788 2608 tcgritas.
810 2536 927 2593 Non
958 2539 1098 2609 perit
1128 2538 1235 2594 Deo
1264 2547 1476 2594 terrena
1501 2539 1755 2593 materies
1770 2539 1837 2593 de
1859 2554 1966 2609 qua
1990 2555 2135 2593 mor-

545 2628 736 2684 talium
772 2639 989 2685 creatur
1013 2645 1164 2696 caro,
1199 2630 1291 2685 sed
1325 2630 1379 2684 in
1410 2631 1708 2700 quemlibet
1744 2631 2019 2700 pulverem
2051 2631 2132 2685 ci-

544 2733 802 2774 neremve
830 2719 1094 2783 solvatur,
1119 2720 1172 2773 in
1195 2720 1467 2789 quoslibet
1492 2720 1655 2774 alitus
1675 2736 1949 2790 aurasque
1975 2719 2135 2775 diffu-

544 2812 677 2883 giat,
696 2811 750 2865 in
768 2826 1153 2882 quamcunque
1177 2812 1409 2867 aliorum
1428 2812 1814 2879 substantiam,
1836 2812 1919 2866 vel
1936 2813 1988 2865 in
2017 2812 2133 2882 ipsa

542 2902 813 2957 elementa
831 2893 1107 2968 vertatur,
1134 2902 1188 2956 in
1213 2918 1666 2975 quorumcunque
1697 2904 2015 2958 animalium
2049 2904 2132 2958 vel

545 2994 832 3049 hominum
880 2995 1038 3051 cedat
1082 2992 1289 3061 cibum,
1329 3011 1549 3051 carnem
1602 3011 1824 3067 quoque
1870 3005 2130 3063 mutetur,

543 3086 619 3139 illi
655 3086 853 3142 anima!
884 3096 1087 3157 puncto
1120 3088 1381 3157 temporis
1414 3089 1591 3154 redit,
1635 3104 1757 3159 quae
1794 3090 1883 3143 illa
1938 3090 2129 3160 primi-

543 3184 652 3243 tus,
680 3177 931 3231 ut'bomo
963 3177 1139 3243 fieret,
1170 3188 1458 3242 cresceret,
1492 3180 1773 3233 animavit.

978 3268 1054 3323 De
1091 3271 1245 3322 modo
1278 3271 1693 3324 resurrectionis.

614 3357 985 3415 Membrorum
1028 3361 1275 3416 otnnium
1311 3362 1658 3427 reformator,
1697 3371 1757 3416 ut
1793 3360 2131 3429 Augustinus

540 3453 673 3508 dicit
702 3452 777 3508 De
805 3454 1024 3510 civitate
1055 3455 1149 3509 Dei
1190 3456 1244 3509 in
1292 3455 1452 3518 libro,
1507 3469 1614 3509 non
1668 3455 1844 3509 solum
1868 3470 1931 3509 ex
1962 3463 2128 3521 terra,

539 3558 730 3597 verum
755 3544 919 3598 etiam
956 3560 1021 3599 ex
1063 3546 1296 3599 aliorum
1333 3546 1724 3600 elementorum
1762 3544 2130 3600 secretissimo

541 3634 689 3698 sinu,
713 3650 823 3703 quo
843 3635 1049 3705 dilapsa
1079 3637 1340 3692 cadavera
1363 3648 1726 3703 recesserunt,
1745 3638 1798 3692 in
1826 3638 1961 3707 ipsis
1991 3654 2130 3708 puu-

541 3732 632 3777 cto
676 3724 948 3781 reddenda
976 3736 1031 3782 et
1060 3730 1318 3785 redeunte
1359 3730 1585 3801 grandia
1624 3731 1957 3802 promittitur
1984 3732 2125 3804 (sic).

539 3815 663 3884 Ipsa
693 3817 876 3889 itaque
893 3822 1147 3878 materies
1173 3831 1543 3895 terrena,quaa
1557 3825 1918 3881 descendente
1945 3826 2127 3881 anima

540 3907 604 3962 fit
629 3910 879 3977 cadaver,
925 3928 1030 3966 non
1056 3913 1130 3968 ita
1152 3917 1553 3972 resurrectione
1588 3919 1951 3988 reparabitur,
1972 3928 2032 3974 ut
2063 3934 2127 3975 ea

540 4014 665 4069 qua:
709 3999 1045 4071 dilabuntur,
1075 4014 1129 4060 et
1158 4006 1212 4060 in
1242 4007 1380 4064 alias
1413 4017 1579 4079 atque
1612 4009 1748 4066 alias
1776 4011 2006 4067 aliarum
2035 4028 2126 4068 re-

539 4108 662 4147 rum
696 4095 904 4164 species
933 4095 1249 4169 formasque
1288 4109 1594 4168 vertuntur,
1630 4103 1881 4172 quamvis
1910 4104 1977 4159 ad
2005 4120 2129 4160 cor-

538 4200 645 4255 pus
674 4187 900 4242 redeant
934 4189 1077 4245 unde
1106 4191 1329 4262 dilapsae
1356 4202 1506 4261 sunt,
1548 4195 1617 4249 ad
1655 4195 1873 4250 easdem
1909 4211 2129 4267 quoque

538 4279 790 4349 corporis
817 4290 1022 4350 partes,
1049 4283 1139 4338 ubi
1159 4284 1401 4351 fuerunt,
1420 4300 1643 4341 necesse
1662 4286 1733 4342 sit
1754 4287 1949 4342 redire.
1973 4287 2126 4343 Alio-

539 4370 671 4440 quin
704 4371 751 4427 si
780 4373 991 4444 capillis
1033 4374 1174 4430 redit
1222 4377 1368 4447 quod
1399 4385 1510 4432 tam
1544 4379 1737 4435 crebra
1771 4387 1996 4435 tonsura
2033 4381 2128 4437 de-

538 4462 726 4528 traxit,
772 4464 817 4519 si
861 4466 1158 4536 unguibus,
1189 4469 1336 4538 quod
1385 4470 1547 4526 toties
1589 4471 1824 4541 dempsit
1862 4473 2124 4540 exsectio,

2237 610 2436 665 decens
2469 606 2579 661 fiat.
2610 603 2717 659 Nec
2752 604 2879 658 illud
2903 613 2985 657 est
3014 617 3360 671 consequens
3382 612 3442 653 ut
3464 600 3591 655 ideo
3613 600 3799 657 diversa

2237 708 2445 755 statura
2482 698 2553 753 sit
2594 693 3028 751 reviviscentium
3054 692 3422 762 singulorum,
3452 692 3584 760 quia
3618 689 3800 745 fuerant

2236 792 2452 847 diversa
2483 788 2803 850 viventium,
2846 796 2940 840 aut
2999 784 3167 840 macri
3214 800 3340 838 cum
3388 783 3581 837 eadem
3636 784 3801 849 macie,

2237 889 2331 933 aut
2357 879 2585 949 pingues
2615 892 2739 931 cum
2771 876 2958 930 eadem
2988 872 3317 945 pinguedine
3346 873 3693 927 reviviscant.
3719 875 3803 929 Sed

2237 971 2283 1025 si
2314 970 2416 1024 hoc
2439 978 2526 1024 est
2551 968 2605 1021 in
2634 967 2867 1023 consilio
2891 966 3190 1031 Creatoris,
3215 974 3274 1019 ut
3303 965 3357 1018 in
3391 964 3577 1036 effigie
3601 980 3695 1020 sua
3722 982 3825 1021 cun

2232 1063 2546 1133 juscunque
2574 1059 2882 1131 pr0prietas
2903 1067 2957 1113 et
2983 1057 3353 1112 discernibilis
3385 1057 3686 1111 similitudo
3706 1073 3803 1112 scr-

2235 1163 2411 1219 vetur,
2437 1156 2489 1207 in
2526 1153 2736 1207 czeteris
2755 1160 2933 1205 autem
2964 1151 3212 1219 corporis
3245 1149 3405 1203 bonis
3429 1150 3663 1219 aequalia
3685 1165 3802 1203 ωηο

2235 1252 2321 1300 cta
2357 1244 2674 1307 reddantur,
2734 1243 2806 1297 ita
2856 1241 3262 1295 modific'abitur
3293 1241 3383 1294 illa
3414 1241 3470 1294 in
3500 1256 3804 1312 unoquoque

2237 1335 2514 1401 materies,
2541 1343 2600 1388 ut
2628 1350 2727 1389 nec
2753 1334 2958 1403 aliquid
2981 1349 3046 1388 ex
3071 1349 3136 1387 ea
3174 1344 3380 1403 pereat,
3405 1344 3459 1387 et
3489 1336 3635 1403 quod
3659 1336 3798 1389 alicui

2236 1428 2473 1483 defuerit
2500 1428 2613 1496 ipse
2645 1426 2914 1496 suppleat,
2944 1427 3040 1496 qui
3071 1437 3125 1481 et
3154 1426 3221 1480 de
3252 1426 3428 1479 nihilo
3471 1426 3646 1495 potuit
3682 1428 3802 1496 quod

2237 1521 2409 1574 voluit
2437 1518 2673 1590 operari.
2700 1518 2757 1572 Si
2779 1526 2959 1573 autem
2992 1519 3045 1571 in
3078 1517 3404 1585 corporibus
3430 1520 3805 1588 resurgentium

2237 1611 2576 1667 rationabilis
2600 1610 2943 1681 inaequalitas
2966 1609 3092 1675 erit,
3109 1608 3190 1665 sic
3216 1619 3303 1663 est
3321 1625 3521 1665 vocum
3552 1610 3604 1664 in
3630 1611 3805 1680 quibus

2237 1704 2492 1773 impletur
2530 1712 2724 1757 cantus
2757 1720 2769 1757 :
2803 1702 2907 1757 hoc
2949 1703 3040 1757 fiet
3068 1701 3135 1755 de
3163 1701 3395 1755 materia
3437 1702 3683 1770 corporis
3714 1703 3803 1768 sui,

2236 1797 2380 1866 quod
2408 1805 2461 1850 et
2490 1795 2767 1849 hominem
2802 1794 2991 1849 reddat
3028 1794 3291 1865 angelicis
3320 1795 3579 1859 cmtibns,
3608 1803 3659 1848 et
3690 1796 3805 1849 nihil

2239 1887 2629 1943 inconveniens
2667 1902 2859 1942 eorum
2922 1887 3134 1957 ingerat
3180 1887 3461 1941 sensibus.
3513 1887 3802 1942 lndecorutu

2236 1981 2437 2051 quippe
2470 1979 2674 2049 aliquid
2710 1980 2780 2033 ibi
2819 1994 2926 2034 non
2956 1978 3092 2044 erit;
3135 1979 3229 2033 sed
3278 1978 3551 2049 quidquid
3589 1978 3801 2034 futurum

2236 2081 2338 2135 est,
2379 2072 2479 2124 hoc
2506 2070 2738 2131 decebit,
2771 2071 2896 2140 quia
2925 2085 3026 2123 nec
3057 2069 3299 2123 futurum
3328 2079 3434 2133 est,
3458 2069 3504 2124 si
3534 2087 3635 2123 non
3663 2071 3801 2124 dece-

2237 2162 2333 2216 bit.
2367 2161 2686 2230 Exemplum
2734 2161 3176 2231 supradictorum
3218 2178 3232 2213 :
3279 2160 3334 2213 Si
3389 2160 3538 2215 enim
3594 2172 3799 2215 statuam

2237 2261 2414 2323 potest
2442 2253 2635 2307 artifex
2663 2253 2846 2319 homo,
2875 2268 3039 2323 quam
3070 2260 3291 2322 propter
3319 2252 3562 2322 aliquam
3590 2268 3785 2307 causam

2236 2345 2535 2400 deformem
2563 2346 2785 2410 fecerat,
2824 2354 3096 2411 constare,
3145 2354 3200 2399 et
3252 2346 3672 2415 pulcherrimam
3695 2346 3799 2401 1·θὰ-

2234 2438 2384 2503 (lere,
2419 2438 2490 2493 ita
2531 2447 2589 2492 ut
2636 2438 2772 2492 nihil
2820 2438 3163 2503 substantiae,
3202 2437 3296 2493 sed
3345 2439 3465 2493 sola
3515 2439 3798 2495 deformius

2237 2536 2460 2597 pereat:
2492 2544 2556 2583 ac
2588 2528 2632 2583 si
2661 2528 2793 2598 quid
2827 2528 2880 2583 in
2915 2529 3005 2583 illa
3040 2528 3217 2583 forma
3248 2530 3440 2599 priore
3489 2545 3595 2585 non
3630 2530 3798 2585 decen-

2235 2630 2317 2675 ter
2343 2622 2631 2686 exstabat,
2666 2636 2765 2674 nec
2794 2620 3054 2690 parilitati
3083 2620 3317 2690 pretium
3352 2622 3694 2692 congruebat,
3713 2637 3797 2676 nec

2233 2712 2301 2765 de
2325 2721 2439 2766 toto
2465 2713 2607 2768 unde
2636 2711 2840 2768 fecerat
2868 2721 3155 2783 amputare
3195 2724 3366 2783 atque
3407 2729 3688 2784 separare;
3716 2716 3795 2769 sed

2235 2807 2307 2861 ita
2338 2821 2699 2876 conspergere
2722 2806 2981 2862 universo
3004 2814 3168 2877 atque
3184 2806 3442 2873 miscere,
3469 2817 3527 2861 ut
3549 2824 3639 2863 nec
3658 2806 3796 2862 [mdi-

2235 2910 2398 2955 tatem
2430 2899 2615 2964 faciat,
2649 2915 2749 2955 nec
2780 2899 2997 2954 minuat
3019 2902 3404 2968 quantitatem,
3434 2901 3577 2970 quod
3604 2901 3664 2955 de
3686 2898 3799 2955 0m-

2234 2992 2512 3062 nipotente
2549 2991 2894 3047 sentiendum
2935 2991 3054 3046 est?

2308 3082 2437 3138 Item
2483 3082 2828 3154 Augustinus
2869 3081 2947 3137 De
2975 3081 3195 3137 civitate
3236 3080 3333 3137 Dei
3364 3101 3379 3137 :
3413 3081 3566 3149 Quod
3595 3084 3799 3152 infantes

2157 3210 2199 3265 ϐ
2235 3194 2338 3230 non
2363 3178 2419 3230 in
2441 3177 2625 3232 eadem
2655 3186 2865 3231 statura
2884 3178 2975 3247 qui
3003 3177 3199 3230 mortui
3220 3185 3346 3230 sunt
3370 3188 3649 3249 resurgent.
3676 3178 3802 3244 Quid

2232 3284 2363 3339 ergo
2388 3268 2587 3323 dicturi
2613 3284 2806 3323 sumus
2825 3268 2894 3323 de
2925 3266 3254 3333 infantibus,
3279 3266 3385 3322 nisi
3416 3268 3544 3338 quia
3569 3268 3619 3321 in
3647 3283 3705 3322 ea
3727 3284 3805 3322 re-

2232 3358 2530 3415 surrecturi
2559 3367 2690 3413 sunt
2717 3358 2967 3427 corporis
2997 3357 3298 3429 exiguitate
3327 3373 3445 3428 qua:
3464 3357 3691 3424 mortui;
3719 3358 3804 3412 sed

2230 3452 2376 3522 quod
2400 3451 2481 3507 eis
2502 3452 2713 3507 tardius
2737 3467 3088 3507 accessurum
3116 3461 3239 3506 erat
3270 3459 3518 3523 tempore,
3546 3451 3649 3505 hoc
3683 3458 3807 3505 sunt

2230 3544 2323 3598 illo
2348 3544 2435 3599 die
2484 3559 2650 3615 opere
2700 3543 2795 3599 Dei
2826 3544 2968 3599 miro
2998 3552 3163 3614 atque
3200 3544 3479 3600 celerrimo
3518 3543 3799 3613 recepturi.

2228 3634 2287 3689 In
2311 3637 2578 3691 sententia
2597 3635 2796 3707 quippe
2819 3634 3034 3691 Domini
3053 3636 3144 3691 ubi
3169 3636 3275 3691 ait:
3313 3655 3333 3687 ι
3362 3635 3599 3707 Capillus
3626 3636 3802 3705 capitis

2230 3730 2394 3786 vestri
2416 3746 2523 3786 non
2545 3727 2909 3800 peribit(Luc.
2930 3729 3069 3797 ut),
3101 3748 3118 3780 ι
3152 3730 3363 3785 dictum
3386 3745 3497 3783 non
3512 3728 3798 3783 defuturum

2229 3834 2351 3875 csse
2388 3819 2533 3890 quod
2565 3818 2688 3885 fuit,
2735 3834 2843 3874 non
2877 3828 3059 3874 autem
3103 3831 3362 3893 negatum
3393 3828 3480 3875 est
3507 3818 3798 3875 adfuturum

2229 3913 2376 3983 quod
2426 3912 2620 3968 defuit.
2668 3911 2851 3968 Defuit
2879 3923 3062 3969 autem
3099 3912 3295 3968 infanti
3329 3924 3550 3969 mortuo
3587 3912 3799 3984 perfecta

2229 4005 2509 4076 quantitas
2534 4006 2617 4060 sui
2633 4008 2900 4076 corporis.
2923 4006 3191 4064 Perfectio
3210 4009 3416 4079 quippe
3439 4008 3625 4064 infanti
3643 4009 3798 4071 deest,

2230 4099 2419 4168 utique
2444 4096 2707 4168 perfectio
2742 4098 3044 4179 corporalis
3080 4100 3479 4170 magnitudinis
3528 4116 3660 4170 quae,
3687 4114 3797 4152 cum

2229 4189 2543 4258 accesserit,
2569 4189 2681 4260 jam
2704 4199 2912 4246 statura
2934 4191 3147 4263 longior
3167 4206 3293 4247 esse
3313 4207 3427 4246 non
3454 4193 3634 4263 possit.
3660 4189 3803 4243 Hunc

2228 4279 2578 4351 perfectionis
2600 4282 2823 4336 modum
2848 4283 2992 4339 sicut
3016 4282 3218 4338 habent
3254 4299 3454 4339 omnes
3485 4295 3541 4339 ut
3567 4299 3677 4339 cum
3711 4284 3798 4336 illo

2229 4372 2606 4442 concipiautur
2630 4382 2796 4443 atque
2827 4381 3158 4441 nascantur;
3180 4374 3275 4429 sed
3306 4374 3513 4429 habent
3534 4374 3583 4428 in
3607 4372 3799 4427 ratione

2230 4478 2338 4517 non
2373 4464 2537 4529 mole,
2567 4463 2712 4518 sicut
2733 4465 2846 4533 ipsa
2874 4467 3118 4521 membra
3135 4465 3251 4535 jam
3278 4466 3471 4520 omnia
3502 4474 3619 4521 sunt
3641 4464 3801 4517 laten-

540 4554 899 4610 immoderata
930 4566 984 4611 et
1013 4558 1269 4616 indecens
1292 4561 1680 4633 cogitantibus,
1701 4569 1755 4618 et
1784 4562 1907 4618 ideo
1939 4579 2127 4620 resur-
2159 4561 2204 4616 D
2233 4563 2315 4611 ter
2357 4554 2412 4610 in
2453 4555 2682 4621 semine,
2724 4571 2851 4610 cum
2875 4556 3041 4612 etiam
3070 4557 3214 4612 nalis
3240 4557 3505 4612 nonnulla
3529 4557 3691 4612 adhuc
3710 4554 3804 4608 de'

539 4647 837 4702 rectionem
862 4648 1047 4705 carnis
1084 4666 1191 4706 non
1237 4651 1587 4710 credentibus
1613 4654 1853 4710 occurrit
1873 4653 2126 4710 informi-

537 4748 643 4796 tas.
672 4737 775 4796 Sed
801 4742 1260 4810 quemadmodum
1294 4743 1338 4799 si
1357 4754 1536 4802 statua
1560 4746 2127 4817 cujuslibetivolubilis

539 4832 743 4886 metalli
781 4841 877 4887 aut
906 4833 960 4887 in
1003 4833 1126 4905 igne
1154 4836 1496 4906 liquesceret,
1536 4846 1632 4893 aut
1659 4846 2036 4895 conter'eretur
2071 4841 2126 4894 in

539 4924 840 4994 pulverem,
870 4934 964 4980 aut
988 4927 1414 4986 confunderetur
1437 4930 1491 4984 in
1514 4946 1775 4999 massam,
1805 4943 1860 4987 et
1884 4948 2005 4987 eam
2035 4948 2128 4988 ve-

540 5012 602 5067 lit
625 5015 822 5069 artifex
853 5032 1048 5073 rursus
1072 5034 1140 5073 ex
1170 5020 1316 5076 illius
1354 5021 1599 5078 materiae
1625 5024 1931 5093 quantitate
1965 5040 2127 5095 repa-

540 5122 685 5174 rare,
716 5108 853 5163 nihil
883 5110 1169 5168 interesset
1193 5113 1260 5168 ad
1294 5114 1414 5185 ejus
1445 5114 1828 5185 integritatem,
1859 5133 1981 5188 quae
2004 5133 2129 5188 par-

540 5196 705 5253 ticula
727 5200 1285 5274 materiaecuicunque
1308 5204 1555 5260 membro
1577 5213 1769 5262 statua:
1791 5207 2124 5275 redderetur,

538 5290 670 5347 dum
696 5300 876 5347 tamen
905 5302 1076 5349 totum
1101 5311 1165 5350 ex
1198 5311 1310 5366 quo
1340 5298 1639 5354 consdtuta
1669 5297 1849 5354 fuerat
1877 5300 2127 5355 restituta

540 5393 861 5440 resumeret.
899 5385 974 5442 lta
1012 5386 1155 5444 Deus
1196 5388 1519 5445 mirabiliter
1573 5399 1737 5461 atque
1784 5390 2129 5448 ineﬁ‘abilitcr

539 5473 735 5531 artifex
760 5476 828 5532 de
853 5485 969 5533 toto
990 5493 1102 5548 quo
1127 5494 1257 5533 caro
1286 5490 1474 5535 nostra
1501 5482 1843 5550 constiterat,
1870 5497 1993 5538 eam
2024 5483 2128 5538 mi-

535 5567 697 5622 rabili
721 5576 777 5624 et
807 5567 1064 5625 inefiabili
1087 5570 1363 5627 celeritate
1388 5572 1666 5642 restituet;
1692 5590 1792 5630 nec
1818 5575 2024 5646 aliquid
2046 5583 2129 5630 at-

540 5656 735 5714 tinebit
758 5658 827 5714 ad
853 5659 974 5730 ejus
1015 5662 1094 5718 rei
1121 5661 1487 5733 integritatem
1526 5671 1707 5720 utrum
1737 5665 1916 5736 capilli
1940 5666 2009 5721 ad
2036 5682 2128 5722 ca-

537 5748 703 5818 pillos
732 5750 976 5820 redeant,
1010 5764 1107 5810 aut
1136 5769 1366 5825 ungues,
1390 5772 1461 5810 an
1485 5754 1750 5828 quidquid
1778 5772 1969 5815 eorum
1999 5773 2126 5827 pcr-

542 5837 679 5894 icrat
707 5848 950 5898 mutetur
972 5843 1027 5898 in
1055 5857 1279 5901 carnem
1319 5844 1456 5903 etin
1486 5854 1667 5914 partes
1698 5847 1834 5904 alias
1879 5846 2127 5920 corporis

2231 4646 2363 4714 sint,
2392 4647 2536 4703 sicut
2563 4647 2756 4703 dentes
2776 4689 2792 4716 ,
2822 4656 2919 4703 aut
2949 4648 2997 4703 si
3032 4648 3164 4719 quid
3189 4648 3487 4720 ejusmodi.
3514 4647 3569 4702 In
3587 4663 3687 4717 qua
3716 4662 3806 4699 rae

2229 4737 2376 4794 tione
2409 4739 2845 4823 uniuscujusque
2873 4741 3117 4797 materiae
3146 4741 3317 4796 indita
3353 4741 3652 4813 corporali,
3684 4739 3802 4806 jam

2229 4831 2661 4901 quodammodo,
2708 4842 2767 4888 ut
2808 4834 2881 4888 ita
2924 4834 3129 4901 dicam,
3181 4833 3435 4889 limatum
3458 4834 3661 4889 videtur
3688 4846 3809 4888 esse

2229 4926 2377 4995 quod
2404 4942 2511 4982 non
2536 4937 2641 4995 est,
2670 4927 2780 4983 imo
2814 4929 2963 4998 quod
2989 4928 3148 4995 latet;
3179 4927 3274 4984 sed
3303 4944 3532 4984 accessu
3557 4926 3813 4997 temporis

2229 5018 2354 5085 erit,
2385 5018 2471 5073 vel
2510 5020 2696 5089 potius
2735 5020 3039 5091 apparebit.
3083 5018 3145 5075 In
3190 5020 3294 5075 hac
3329 5036 3461 5092 ergo
3491 5018 3664 5075 infans
3695 5018 3811 5087 jam

2229 5110 2411 5167 brevis
2442 5120 2537 5166 aut
2587 5111 2784 5184 longus
2825 5120 2909 5166 est
2939 5112 3033 5182 qui
3066 5112 3264 5183 longus
3306 5112 3557 5167 brevisve
3591 5108 3818 5164 futurus

2229 5213 2330 5258 est.
2367 5200 2556 5258 Restat
2602 5217 2735 5273 ergo
2781 5212 2843 5257 ut
2881 5219 3038 5258 suam
3083 5204 3312 5274 recipiat
3336 5204 3567 5275 quisque
3590 5217 3819 5256 mensu-

2229 5310 2347 5351 ram
2369 5296 2586 5365 qualem
2616 5294 2809 5351 habuit
2848 5296 2904 5350 in
2934 5296 3240 5366 juventute,
3270 5298 3437 5351 etiam
3458 5296 3504 5352 si
3540 5310 3707 5350 senex
3737 5305 3821 5347 est

2229 5396 2502 5456 mortuus,
2529 5388 2615 5444 vel
2641 5386 2821 5444 fuerat
2843 5389 3153 5454 habiturus,
3180 5388 3230 5444 si
3252 5398 3381 5444 ante
3404 5387 3717 5453 defunctus,
3764 5396 3822 5439 ut

2229 5495 2331 5535 nec
2357 5479 2500 5535 ultra
2522 5495 2624 5535 nec
2642 5479 2784 5535 infra
2801 5480 3104 5551 juvenilem
3127 5478 3365 5535 formam
3392 5487 3683 5550 resurgant
3703 5492 3823 5534 coro

2228 5586 2365 5641 pora
2397 5579 2773 5640 mortuorum;
2807 5572 2904 5628 sed
2944 5573 2997 5628 in
3031 5588 3093 5628 ea
3122 5579 3284 5629 aetate
3316 5581 3371 5628 et
3404 5572 3599 5627 robore
3641 5583 3824 5642 usqm‘.

2229 5665 2295 5720 ad
2326 5681 2492 5739 quam
2524 5665 2616 5722 hic
2631 5665 2909 5723 Christum
2934 5666 3247 5738 pervenisse
3262 5663 3826 5737 cognovimusCirca

2227 5771 2341 5811 xxx
2378 5755 2579 5828 quippe
2605 5772 2779 5813 annos
2801 5756 3138 5814 diflinierunt
3158 5771 3282 5812 esse
3301 5756 3465 5812 etiam
3491 5755 3683 5812 seculi
3720 5756 3827 5811 bu-

2226 5847 2317 5919 jus
2342 5847 2647 5906 doctissimi
2676 5849 2928 5909 homines
2963 5849 3328 5922 juventutem,
3354 5862 3631 5926 quaecum
3652 5846 3833 5910 fuerit
