  <div class='ocr_page' id='page_1' title='image "/cluster/home/n/w/nwhite01/storage/ocr_20150623/157/hvd.32044010248185/486.png"; bbox 0 0 3948 6438; ppageno 0'>
   <div class='ocr_carea' id='block_1_1' title="bbox 188 387 323 445">
    <p class='ocr_par' dir='ltr' id='par_1_1' title="bbox 188 387 323 445">
     <span class='ocr_line' id='line_1_1' title="bbox 188 387 323 445; baseline -0.015 0"><span class='ocrx_word' id='word_1_1' title='bbox 188 387 276 445; x_wconf 86' lang='lat' dir='ltr'><strong>96l</strong></span> <span class='ocrx_word' id='word_1_2' title='bbox 316 438 323 443; x_wconf 92' lang='lat'><strong>.</strong></span> 
     </span>
    </p>
   </div>
   <div class='ocr_carea' id='block_1_2' title="bbox 1096 372 2492 431">
    <p class='ocr_par' dir='ltr' id='par_1_2' title="bbox 1096 372 2492 431">
     <span class='ocr_line' id='line_1_2' title="bbox 1096 372 2492 431; baseline 0.004 -6"><span class='ocrx_word' id='word_1_3' title='bbox 1096 372 1672 428; x_wconf 76' lang='lat' dir='ltr'><strong>DEFLORATIONES</strong></span> <span class='ocrx_word' id='word_1_4' title='bbox 1711 376 1808 430; x_wconf 77' lang='lat' dir='ltr'><strong>SS.</strong></span> <span class='ocrx_word' id='word_1_5' title='bbox 1855 376 2160 431; x_wconf 70' lang='lat' dir='ltr'><strong>PATRUM.</strong></span> <span class='ocrx_word' id='word_1_6' title='bbox 2200 409 2269 417; x_wconf 91' lang='lat'><strong>—-</strong></span> <span class='ocrx_word' id='word_1_7' title='bbox 2308 378 2415 430; x_wconf 80' lang='lat' dir='ltr'><strong>LIB</strong></span> <span class='ocrx_word' id='word_1_8' title='bbox 2456 376 2492 431; x_wconf 92' lang='lat' dir='ltr'><strong>l.</strong></span> 
     </span>
    </p>
   </div>
   <div class='ocr_carea' id='block_1_3' title="bbox 3303 384 3407 439">
    <p class='ocr_par' dir='ltr' id='par_1_3' title="bbox 3303 384 3407 439">
     <span class='ocr_line' id='line_1_3' title="bbox 3303 384 3407 439; baseline -0.019 -1"><span class='ocrx_word' id='word_1_9' title='bbox 3303 384 3407 439; x_wconf 64' lang='lat'><strong>962</strong></span> 
     </span>
    </p>
   </div>
   <div class='ocr_carea' id='block_1_4' title="bbox 184 486 3402 570">
    <p class='ocr_par' dir='ltr' id='par_1_4' title="bbox 184 486 3402 570">
     <span class='ocr_line' id='line_1_4' title="bbox 184 486 3402 570; baseline 0.002 -18"><span class='ocrx_word' id='word_1_10' title='bbox 184 498 341 570; x_wconf 81' lang='lat' dir='ltr'><strong>spatio</strong></span> <span class='ocrx_word' id='word_1_11' title='bbox 384 490 590 562; x_wconf 81' lang='lat' dir='ltr'><strong>proprio</strong></span> <span class='ocrx_word' id='word_1_12' title='bbox 635 486 939 550; x_wconf 86' lang='lat' dir='ltr'><strong>terminata,</strong></span> <span class='ocrx_word' id='word_1_13' title='bbox 979 496 1030 540; x_wconf 87' lang='lat' dir='ltr'><strong>et</strong></span> <span class='ocrx_word' id='word_1_14' title='bbox 1060 501 1168 540; x_wconf 91' lang='lat' dir='ltr'><strong>non</strong></span> <span class='ocrx_word' id='word_1_15' title='bbox 1196 488 1307 557; x_wconf 88' lang='lat' dir='ltr'><strong>jam</strong></span> <span class='ocrx_word' id='word_1_16' title='bbox 1350 490 1629 543; x_wconf 83' lang='lat' dir='ltr'><strong>hominem</strong></span> <span class='ocrx_word' id='word_1_17' title='bbox 1666 489 1718 543; x_wconf 91' lang='lat' dir='ltr'><strong>in</strong></span> <span class='ocrx_word' id='word_1_18' title='bbox 1753 497 1795 552; x_wconf 79' lang='grc' dir='ltr'><strong>Α</strong></span> <span class='ocrx_word' id='word_1_19' title='bbox 1824 502 1876 546; x_wconf 85' lang='lat' dir='ltr'><strong>et</strong></span> <span class='ocrx_word' id='word_1_20' title='bbox 1903 492 2339 547; x_wconf 88' lang='lat' dir='ltr'><strong>deformitatibus</strong></span> <span class='ocrx_word' id='word_1_21' title='bbox 2369 508 2659 562; x_wconf 78' lang='lat' dir='ltr'><strong>corporum</strong></span> <span class='ocrx_word' id='word_1_22' title='bbox 2707 508 2934 550; x_wconf 88' lang='lat' dir='ltr'><strong>suorum</strong></span> <span class='ocrx_word' id='word_1_23' title='bbox 2960 508 3250 568; x_wconf 79' lang='lat' dir='ltr'><strong>resurgant</strong></span> <span class='ocrx_word' id='word_1_24' title='bbox 3277 502 3402 570; x_wconf 85' lang='lat' dir='ltr'><strong>qui-</strong></span> 
     </span>
    </p>
   </div>
   <div class='ocr_carea' id='block_1_5' title="bbox 180 578 1719 647">
    <p class='ocr_par' dir='ltr' id='par_1_5' title="bbox 180 578 1719 647">
     <span class='ocr_line' id='line_1_5' title="bbox 180 578 1719 647; baseline -0.007 -1"><span class='ocrx_word' id='word_1_25' title='bbox 180 589 472 645; x_wconf 78' lang='lat' dir='ltr'><strong>detrinienta</strong></span> <span class='ocrx_word' id='word_1_26' title='bbox 505 593 718 643; x_wconf 82' lang='lat' dir='ltr'><strong>vergere</strong></span> <span class='ocrx_word' id='word_1_27' title='bbox 771 578 1037 647; x_wconf 82' lang='lat' dir='ltr'><strong>gravioris</strong></span> <span class='ocrx_word' id='word_1_28' title='bbox 1090 594 1153 632; x_wconf 91' lang='lat' dir='ltr'><strong>ac</strong></span> <span class='ocrx_word' id='word_1_29' title='bbox 1198 579 1387 634; x_wconf 85' lang='lat' dir='ltr'><strong>senilis</strong></span> <span class='ocrx_word' id='word_1_30' title='bbox 1438 581 1634 647; x_wconf 65' lang='lat' dir='ltr'><strong>aetatis,</strong></span> <span class='ocrx_word' id='word_1_31' title='bbox 1665 591 1719 635; x_wconf 92' lang='lat' dir='ltr'><strong>et</strong></span> 
     </span>
    </p>
   </div>
   <div class='ocr_carea' id='block_1_6' title="bbox 179 668 1716 739">
    <p class='ocr_par' dir='ltr' id='par_1_6' title="bbox 179 668 1716 739">
     <span class='ocr_line' id='line_1_6' title="bbox 179 668 1716 739; baseline -0.006 -4"><span class='ocrx_word' id='word_1_32' title='bbox 179 682 283 735; x_wconf 87' lang='lat' dir='ltr'><strong>ideo</strong></span> <span class='ocrx_word' id='word_1_33' title='bbox 317 688 413 727; x_wconf 89' lang='lat' dir='ltr'><strong>non</strong></span> <span class='ocrx_word' id='word_1_34' title='bbox 444 684 559 723; x_wconf 88' lang='lat' dir='ltr'><strong>esse</strong></span> <span class='ocrx_word' id='word_1_35' title='bbox 591 668 790 721; x_wconf 85' lang='lat' dir='ltr'><strong>dictum</strong></span> <span class='ocrx_word' id='word_1_36' title='bbox 818 669 871 720; x_wconf 93' lang='lat' dir='ltr'><strong>in</strong></span> <span class='ocrx_word' id='word_1_37' title='bbox 901 684 1212 723; x_wconf 89' lang='lat' dir='ltr'><strong>mensuram</strong></span> <span class='ocrx_word' id='word_1_38' title='bbox 1243 672 1509 739; x_wconf 89' lang='lat' dir='ltr'><strong>corporis,</strong></span> <span class='ocrx_word' id='word_1_39' title='bbox 1540 672 1623 726; x_wconf 91' lang='lat' dir='ltr'><strong>vel</strong></span> <span class='ocrx_word' id='word_1_40' title='bbox 1663 673 1716 726; x_wconf 89' lang='lat' dir='ltr'><strong>in</strong></span> 
     </span>
    </p>
   </div>
   <div class='ocr_carea' id='block_1_7' title="bbox 178 760 1715 832">
    <p class='ocr_par' dir='ltr' id='par_1_7' title="bbox 178 760 1715 832">
     <span class='ocr_line' id='line_1_7' title="bbox 178 760 1715 832; baseline -0.01 -6"><span class='ocrx_word' id='word_1_41' title='bbox 178 779 459 826; x_wconf 74' lang='lat' dir='ltr'><strong>mensuram</strong></span> <span class='ocrx_word' id='word_1_42' title='bbox 508 769 743 823; x_wconf 67' lang='lat' dir='ltr'><strong>staturae,</strong></span> <span class='ocrx_word' id='word_1_43' title='bbox 788 760 881 814; x_wconf 89' lang='lat' dir='ltr'><strong>sed</strong></span> <span class='ocrx_word' id='word_1_44' title='bbox 940 761 994 813; x_wconf 84' lang='lat' dir='ltr'><strong>in</strong></span> <span class='ocrx_word' id='word_1_45' title='bbox 1042 777 1338 814; x_wconf 78' lang='lat' dir='ltr'><strong>mensuram</strong></span> <span class='ocrx_word' id='word_1_46' title='bbox 1385 764 1559 816; x_wconf 69' lang='lat' dir='ltr'><strong>(etatis</strong></span> <span class='ocrx_word' id='word_1_47' title='bbox 1601 763 1715 832; x_wconf 81' lang='lat' dir='ltr'><strong>ple-</strong></span> 
     </span>
    </p>
   </div>
   <div class='ocr_carea' id='block_1_8' title="bbox 175 848 1715 923">
    <p class='ocr_par' dir='ltr' id='par_1_8' title="bbox 175 848 1715 923">
     <span class='ocr_line' id='line_1_8' title="bbox 175 848 1715 923; baseline -0.004 -9"><span class='ocrx_word' id='word_1_48' title='bbox 175 856 405 915; x_wconf 74' lang='lat' dir='ltr'><strong>nitudinis</strong></span> <span class='ocrx_word' id='word_1_49' title='bbox 459 848 655 905; x_wconf 78' lang='lat' dir='ltr'><strong>Christi</strong></span> <span class='ocrx_word' id='word_1_50' title='bbox 700 848 929 918; x_wconf 78' lang='lat' dir='ltr'><strong>(Eplies.</strong></span> <span class='ocrx_word' id='word_1_51' title='bbox 992 854 1101 920; x_wconf 78' lang='lat' dir='ltr'><strong>iv).</strong></span> <span class='ocrx_word' id='word_1_52' title='bbox 1165 850 1300 905; x_wconf 93' lang='lat' dir='ltr'><strong>lllud</strong></span> <span class='ocrx_word' id='word_1_53' title='bbox 1348 853 1511 907; x_wconf 89' lang='lat' dir='ltr'><strong>etiam</strong></span> <span class='ocrx_word' id='word_1_54' title='bbox 1569 855 1715 923; x_wconf 91' lang='lat' dir='ltr'><strong>quod</strong></span> 
     </span>
    </p>
   </div>
   <div class='ocr_carea' id='block_1_9' title="bbox 175 943 1714 1020">
    <p class='ocr_par' dir='ltr' id='par_1_9' title="bbox 175 943 1714 1020">
     <span class='ocr_line' id='line_1_9' title="bbox 175 943 1714 1020; baseline -0.002 -14"><span class='ocrx_word' id='word_1_55' title='bbox 175 948 440 1020; x_wconf 77' lang='lat' dir='ltr'><strong>Apostolus</strong></span> <span class='ocrx_word' id='word_1_56' title='bbox 484 946 578 1006; x_wconf 91' lang='lat' dir='ltr'><strong>ait,</strong></span> <span class='ocrx_word' id='word_1_57' title='bbox 614 962 630 992; x_wconf 74' lang='grc' dir='ltr'>ι</span> <span class='ocrx_word' id='word_1_58' title='bbox 666 943 1075 1011; x_wconf 64' lang='lat' dir='ltr'><strong>praadestinatos</strong></span> <span class='ocrx_word' id='word_1_59' title='bbox 1111 944 1421 1000; x_wconf 88' lang='lat' dir='ltr'><strong>conformes</strong></span> <span class='ocrx_word' id='word_1_60' title='bbox 1462 946 1714 1016; x_wconf 83' lang='lat' dir='ltr'><strong>imaginis</strong></span> 
     </span>
    </p>
   </div>
   <div class='ocr_carea' id='block_1_10' title="bbox 172 1032 1714 1106">
    <p class='ocr_par' dir='ltr' id='par_1_10' title="bbox 172 1032 1714 1106">
     <span class='ocr_line' id='line_1_10' title="bbox 172 1032 1714 1106; baseline -0.003 -10"><span class='ocrx_word' id='word_1_61' title='bbox 172 1042 278 1097; x_wconf 79' lang='lat' dir='ltr'><strong>Filii</strong></span> <span class='ocrx_word' id='word_1_62' title='bbox 304 1038 389 1091; x_wconf 95' lang='lat' dir='ltr'><strong>Dei</strong></span> <span class='ocrx_word' id='word_1_63' title='bbox 422 1035 589 1103; x_wconf 79' lang='lat' dir='ltr'><strong>(Rom.</strong></span> <span class='ocrx_word' id='word_1_64' title='bbox 625 1032 744 1102; x_wconf 81' lang='lat' dir='ltr'><strong>vni)</strong></span> <span class='ocrx_word' id='word_1_65' title='bbox 784 1052 801 1084; x_wconf 77' lang='grc' dir='ltr'><strong><em>ι</em></strong></span> <span class='ocrx_word' id='word_1_66' title='bbox 833 1042 1014 1104; x_wconf 82' lang='lat' dir='ltr'><strong>potest</strong></span> <span class='ocrx_word' id='word_1_67' title='bbox 1042 1035 1121 1090; x_wconf 91' lang='lat' dir='ltr'><strong>sic</strong></span> <span class='ocrx_word' id='word_1_68' title='bbox 1148 1036 1341 1106; x_wconf 81' lang='lat' dir='ltr'><strong>accipi,</strong></span> <span class='ocrx_word' id='word_1_69' title='bbox 1365 1045 1425 1090; x_wconf 94' lang='lat' dir='ltr'><strong>ut</strong></span> <span class='ocrx_word' id='word_1_70' title='bbox 1453 1039 1714 1103; x_wconf 83' lang='lat' dir='ltr'><strong>quemad-</strong></span> 
     </span>
    </p>
   </div>
   <div class='ocr_carea' id='block_1_11' title="bbox 171 1126 1711 1190">
    <p class='ocr_par' dir='ltr' id='par_1_11' title="bbox 171 1126 1711 1190">
     <span class='ocr_line' id='line_1_11' title="bbox 171 1126 1711 1190; baseline -0.005 -1"><span class='ocrx_word' id='word_1_71' title='bbox 171 1134 367 1189; x_wconf 83' lang='lat' dir='ltr'><strong>modum</strong></span> <span class='ocrx_word' id='word_1_72' title='bbox 394 1129 546 1181; x_wconf 89' lang='lat' dir='ltr'><strong>nobis</strong></span> <span class='ocrx_word' id='word_1_73' title='bbox 572 1126 660 1179; x_wconf 91' lang='lat' dir='ltr'><strong>ille</strong></span> <span class='ocrx_word' id='word_1_74' title='bbox 692 1126 1041 1190; x_wconf 86' lang='lat' dir='ltr'><strong>mortalitate,</strong></span> <span class='ocrx_word' id='word_1_75' title='bbox 1082 1127 1156 1181; x_wconf 91' lang='lat' dir='ltr'><strong>ita</strong></span> <span class='ocrx_word' id='word_1_76' title='bbox 1186 1136 1240 1181; x_wconf 90' lang='lat' dir='ltr'><strong>et</strong></span> <span class='ocrx_word' id='word_1_77' title='bbox 1268 1143 1375 1182; x_wconf 86' lang='lat' dir='ltr'><strong>nos</strong></span> <span class='ocrx_word' id='word_1_78' title='bbox 1412 1128 1487 1182; x_wconf 92' lang='lat' dir='ltr'><strong>illi</strong></span> <span class='ocrx_word' id='word_1_79' title='bbox 1511 1127 1711 1183; x_wconf 78' lang='lat' dir='ltr'><strong>efficia-</strong></span> 
     </span>
    </p>
   </div>
   <div class='ocr_carea' id='block_1_12' title="bbox 168 1217 1710 1281">
    <p class='ocr_par' dir='ltr' id='par_1_12' title="bbox 168 1217 1710 1281">
     <span class='ocr_line' id='line_1_12' title="bbox 168 1217 1710 1281; baseline -0.006 0"><span class='ocrx_word' id='word_1_80' title='bbox 168 1242 274 1281; x_wconf 90' lang='lat' dir='ltr'><strong>mur</strong></span> <span class='ocrx_word' id='word_1_81' title='bbox 304 1219 695 1276; x_wconf 87' lang='lat' dir='ltr'><strong>immortalitate</strong></span> <span class='ocrx_word' id='word_1_82' title='bbox 715 1218 1045 1273; x_wconf 86' lang='lat' dir='ltr'><strong>conformes.</strong></span> <span class='ocrx_word' id='word_1_83' title='bbox 1081 1217 1169 1272; x_wconf 90' lang='lat' dir='ltr'><strong>Sic</strong></span> <span class='ocrx_word' id='word_1_84' title='bbox 1194 1229 1371 1273; x_wconf 85' lang='lat' dir='ltr'><strong>autem</strong></span> <span class='ocrx_word' id='word_1_85' title='bbox 1401 1219 1452 1273; x_wconf 92' lang='lat' dir='ltr'><strong>in</strong></span> <span class='ocrx_word' id='word_1_86' title='bbox 1482 1220 1567 1274; x_wconf 91' lang='lat' dir='ltr'><strong>his</strong></span> <span class='ocrx_word' id='word_1_87' title='bbox 1593 1235 1710 1273; x_wconf 83' lang='lat' dir='ltr'><strong>ver-</strong></span> 
     </span>
    </p>
   </div>
   <div class='ocr_carea' id='block_1_13' title="bbox 165 1311 1711 1384">
    <p class='ocr_par' dir='ltr' id='par_1_13' title="bbox 165 1311 1711 1384">
     <span class='ocr_line' id='line_1_13' title="bbox 165 1311 1711 1384; baseline -0.004 -13"><span class='ocrx_word' id='word_1_88' title='bbox 165 1320 239 1372; x_wconf 93' lang='lat' dir='ltr'><strong>bis</strong></span> <span class='ocrx_word' id='word_1_89' title='bbox 282 1331 376 1384; x_wconf 88' lang='lat' dir='ltr'><strong>qua</strong></span> <span class='ocrx_word' id='word_1_90' title='bbox 408 1313 573 1366; x_wconf 88' lang='lat' dir='ltr'><strong>forma</strong></span> <span class='ocrx_word' id='word_1_91' title='bbox 604 1320 976 1366; x_wconf 90' lang='lat' dir='ltr'><strong>resurrectura</strong></span> <span class='ocrx_word' id='word_1_92' title='bbox 1010 1311 1117 1365; x_wconf 92' lang='lat' dir='ltr'><strong>sint</strong></span> <span class='ocrx_word' id='word_1_93' title='bbox 1142 1325 1367 1379; x_wconf 88' lang='lat' dir='ltr'><strong>corpora</strong></span> <span class='ocrx_word' id='word_1_94' title='bbox 1397 1327 1588 1365; x_wconf 90' lang='lat' dir='ltr'><strong>sumus</strong></span> <span class='ocrx_word' id='word_1_95' title='bbox 1615 1311 1711 1365; x_wconf 84' lang='lat' dir='ltr'><strong>ad-</strong></span> 
     </span>
    </p>
   </div>
   <div class='ocr_carea' id='block_1_14' title="bbox 166 1401 1709 1470">
    <p class='ocr_par' dir='ltr' id='par_1_14' title="bbox 166 1401 1709 1470">
     <span class='ocr_line' id='line_1_14' title="bbox 166 1401 1709 1470; baseline -0.005 -6"><span class='ocrx_word' id='word_1_96' title='bbox 166 1407 354 1470; x_wconf 84' lang='lat' dir='ltr'><strong>moniti,</strong></span> <span class='ocrx_word' id='word_1_97' title='bbox 392 1405 528 1459; x_wconf 87' lang='lat' dir='ltr'><strong>sicut</strong></span> <span class='ocrx_word' id='word_1_98' title='bbox 561 1404 652 1456; x_wconf 91' lang='lat' dir='ltr'><strong>illa</strong></span> <span class='ocrx_word' id='word_1_99' title='bbox 683 1418 961 1467; x_wconf 90' lang='lat' dir='ltr'><strong>mensura,</strong></span> <span class='ocrx_word' id='word_1_100' title='bbox 996 1402 1069 1457; x_wconf 87' lang='lat' dir='ltr'><strong>ita</strong></span> <span class='ocrx_word' id='word_1_101' title='bbox 1113 1410 1166 1456; x_wconf 91' lang='lat' dir='ltr'><strong>et</strong></span> <span class='ocrx_word' id='word_1_102' title='bbox 1207 1403 1308 1456; x_wconf 87' lang='lat' dir='ltr'><strong>ista</strong></span> <span class='ocrx_word' id='word_1_103' title='bbox 1350 1401 1709 1458; x_wconf 81' lang='lat' dir='ltr'><strong>conformatio</strong></span> 
     </span>
    </p>
   </div>
   <div class='ocr_carea' id='block_1_15' title="bbox 165 1491 1710 1566">
    <p class='ocr_par' dir='ltr' id='par_1_15' title="bbox 165 1491 1710 1566">
     <span class='ocr_line' id='line_1_15' title="bbox 165 1491 1710 1566; baseline -0.005 -12"><span class='ocrx_word' id='word_1_104' title='bbox 165 1515 257 1554; x_wconf 92' lang='lat' dir='ltr'><strong>non</strong></span> <span class='ocrx_word' id='word_1_105' title='bbox 284 1494 586 1566; x_wconf 82' lang='lat' dir='ltr'><strong>quantitatis</strong></span> <span class='ocrx_word' id='word_1_106' title='bbox 609 1494 953 1564; x_wconf 88' lang='lat' dir='ltr'><strong>intelligenda</strong></span> <span class='ocrx_word' id='word_1_107' title='bbox 982 1502 1086 1555; x_wconf 87' lang='lat' dir='ltr'><strong>est.</strong></span> <span class='ocrx_word' id='word_1_108' title='bbox 1127 1494 1219 1549; x_wconf 86' lang='lat' dir='ltr'><strong>sed</strong></span> <span class='ocrx_word' id='word_1_109' title='bbox 1268 1493 1463 1548; x_wconf 68' lang='lat' dir='ltr'><strong>aetatis.</strong></span> <span class='ocrx_word' id='word_1_110' title='bbox 1510 1491 1710 1548; x_wconf 83' lang='lat' dir='ltr'><strong>Resur-</strong></span> 
     </span>
    </p>
   </div>
   <div class='ocr_carea' id='block_1_16' title="bbox 162 1584 1706 1660">
    <p class='ocr_par' dir='ltr' id='par_1_16' title="bbox 162 1584 1706 1660">
     <span class='ocr_line' id='line_1_16' title="bbox 162 1584 1706 1660; baseline -0.003 -18"><span class='ocrx_word' id='word_1_111' title='bbox 162 1600 270 1660; x_wconf 81' lang='lat' dir='ltr'><strong>gent</strong></span> <span class='ocrx_word' id='word_1_112' title='bbox 290 1589 461 1656; x_wconf 85' lang='lat' dir='ltr'><strong>itaque</strong></span> <span class='ocrx_word' id='word_1_113' title='bbox 490 1601 678 1639; x_wconf 86' lang='lat' dir='ltr'><strong>omnes</strong></span> <span class='ocrx_word' id='word_1_114' title='bbox 704 1585 884 1655; x_wconf 81' lang='lat' dir='ltr'><strong>magni</strong></span> <span class='ocrx_word' id='word_1_115' title='bbox 914 1600 1164 1654; x_wconf 86' lang='lat' dir='ltr'><strong>corpore,</strong></span> <span class='ocrx_word' id='word_1_116' title='bbox 1195 1585 1384 1654; x_wconf 87' lang='lat' dir='ltr'><strong>quales</strong></span> <span class='ocrx_word' id='word_1_117' title='bbox 1423 1593 1582 1639; x_wconf 88' lang='lat' dir='ltr'><strong>erant</strong></span> <span class='ocrx_word' id='word_1_118' title='bbox 1623 1584 1706 1640; x_wconf 90' lang='lat' dir='ltr'><strong>vel</strong></span> 
     </span>
    </p>
   </div>
   <div class='ocr_carea' id='block_1_17' title="bbox 164 1674 1704 1746">
    <p class='ocr_par' dir='ltr' id='par_1_17' title="bbox 164 1674 1704 1746">
     <span class='ocr_line' id='line_1_17' title="bbox 164 1674 1704 1746; baseline -0.003 -10"><span class='ocrx_word' id='word_1_119' title='bbox 164 1680 306 1736; x_wconf 83' lang='lat' dir='ltr'><strong>futuri</strong></span> <span class='ocrx_word' id='word_1_120' title='bbox 334 1686 481 1731; x_wconf 89' lang='lat' dir='ltr'><strong>erant</strong></span> <span class='ocrx_word' id='word_1_121' title='bbox 501 1677 732 1745; x_wconf 82' lang='lat' dir='ltr'><strong>juvenili</strong></span> <span class='ocrx_word' id='word_1_122' title='bbox 761 1687 936 1731; x_wconf 61' lang='lat' dir='ltr'><strong>aetate.</strong></span> <span class='ocrx_word' id='word_1_123' title='bbox 984 1674 1040 1730; x_wconf 88' lang='lat' dir='ltr'><strong>Si</strong></span> <span class='ocrx_word' id='word_1_124' title='bbox 1087 1678 1212 1746; x_wconf 90' lang='lat' dir='ltr'><strong>quis</strong></span> <span class='ocrx_word' id='word_1_125' title='bbox 1243 1693 1373 1732; x_wconf 85' lang='lat' dir='ltr'><strong>vero</strong></span> <span class='ocrx_word' id='word_1_126' title='bbox 1400 1680 1454 1733; x_wconf 92' lang='lat' dir='ltr'><strong>in</strong></span> <span class='ocrx_word' id='word_1_127' title='bbox 1478 1693 1544 1732; x_wconf 89' lang='lat' dir='ltr'><strong>eo</strong></span> <span class='ocrx_word' id='word_1_128' title='bbox 1573 1692 1704 1734; x_wconf 86' lang='lat' dir='ltr'><strong>cor-</strong></span> 
     </span>
    </p>
   </div>
   <div class='ocr_carea' id='block_1_18' title="bbox 160 1766 1699 1841">
    <p class='ocr_par' dir='ltr' id='par_1_18' title="bbox 160 1766 1699 1841">
     <span class='ocr_line' id='line_1_18' title="bbox 160 1766 1699 1841; baseline -0.002 -17"><span class='ocrx_word' id='word_1_129' title='bbox 160 1771 287 1841; x_wconf 86' lang='lat' dir='ltr'><strong>poris</strong></span> <span class='ocrx_word' id='word_1_130' title='bbox 341 1768 494 1821; x_wconf 88' lang='lat' dir='ltr'><strong>modo</strong></span> <span class='ocrx_word' id='word_1_131' title='bbox 549 1767 603 1820; x_wconf 94' lang='lat' dir='ltr'><strong>in</strong></span> <span class='ocrx_word' id='word_1_132' title='bbox 664 1781 774 1837; x_wconf 90' lang='lat' dir='ltr'><strong>quo</strong></span> <span class='ocrx_word' id='word_1_133' title='bbox 816 1766 1106 1822; x_wconf 88' lang='lat' dir='ltr'><strong>defunctus</strong></span> <span class='ocrx_word' id='word_1_134' title='bbox 1141 1775 1225 1822; x_wconf 88' lang='lat' dir='ltr'><strong>est</strong></span> <span class='ocrx_word' id='word_1_135' title='bbox 1266 1776 1699 1823; x_wconf 85' lang='lat' dir='ltr'><strong>resurrecturum</strong></span> 
     </span>
    </p>
   </div>
   <div class='ocr_carea' id='block_1_19' title="bbox 159 1859 1700 1930">
    <p class='ocr_par' dir='ltr' id='par_1_19' title="bbox 159 1859 1700 1930">
     <span class='ocr_line' id='line_1_19' title="bbox 159 1859 1700 1930; baseline 0.001 -16"><span class='ocrx_word' id='word_1_136' title='bbox 159 1875 569 1930; x_wconf 84' lang='lat' dir='ltr'><strong>unumquemque</strong></span> <span class='ocrx_word' id='word_1_137' title='bbox 591 1860 888 1926; x_wconf 84' lang='lat' dir='ltr'><strong>contendit,</strong></span> <span class='ocrx_word' id='word_1_138' title='bbox 915 1876 1023 1915; x_wconf 91' lang='lat' dir='ltr'><strong>non</strong></span> <span class='ocrx_word' id='word_1_139' title='bbox 1047 1869 1131 1915; x_wconf 91' lang='lat' dir='ltr'><strong>est</strong></span> <span class='ocrx_word' id='word_1_140' title='bbox 1155 1876 1278 1915; x_wconf 91' lang='lat' dir='ltr'><strong>cum</strong></span> <span class='ocrx_word' id='word_1_141' title='bbox 1310 1860 1401 1915; x_wconf 88' lang='lat' dir='ltr'><strong>illo</strong></span> <span class='ocrx_word' id='word_1_142' title='bbox 1428 1859 1700 1916; x_wconf 89' lang='lat' dir='ltr'><strong>laboriosa</strong></span> 
     </span>
    </p>
   </div>
   <div class='ocr_carea' id='block_1_20' title="bbox 157 1955 952 2025">
    <p class='ocr_par' dir='ltr' id='par_1_20' title="bbox 157 1955 952 2025">
     <span class='ocr_line' id='line_1_20' title="bbox 157 1955 952 2025; baseline -0.004 -13"><span class='ocrx_word' id='word_1_143' title='bbox 157 1955 549 2012; x_wconf 88' lang='lat' dir='ltr'><strong>contradictione</strong></span> <span class='ocrx_word' id='word_1_144' title='bbox 580 1956 952 2025; x_wconf 86' lang='lat' dir='ltr'><strong>pugnandum.</strong></span> 
     </span>
    </p>
   </div>
   <div class='ocr_carea' id='block_1_21' title="bbox 215 2032 1707 2117">
    <p class='ocr_par' dir='ltr' id='par_1_21' title="bbox 215 2032 1707 2117">
     <span class='ocr_line' id='line_1_21' title="bbox 215 2032 1707 2117; baseline -0.001 -16"><span class='ocrx_word' id='word_1_145' title='bbox 215 2048 329 2103; x_wconf 88' lang='lat' dir='ltr'><strong>ltcm</strong></span> <span class='ocrx_word' id='word_1_146' title='bbox 356 2048 690 2117; x_wconf 80' lang='lat' dir='ltr'><strong>Augustinus</strong></span> <span class='ocrx_word' id='word_1_147' title='bbox 724 2032 783 2100; x_wconf 30' lang='lat' dir='ltr'><strong>in.</strong></span> <span class='ocrx_word' id='word_1_148' title='bbox 815 2046 1201 2103; x_wconf 83' lang='lat' dir='ltr'><strong>Enchiridionc</strong></span> <span class='ocrx_word' id='word_1_149' title='bbox 1246 2065 1258 2102; x_wconf 94' lang='lat'>:</span> <span class='ocrx_word' id='word_1_150' title='bbox 1311 2045 1498 2100; x_wconf 81' lang='lat' dir='ltr'><strong>Utrum</strong></span> <span class='ocrx_word' id='word_1_151' title='bbox 1528 2062 1707 2115; x_wconf 52' lang='lat' dir='ltr'><strong>repro.</strong></span> 
     </span>
    </p>
   </div>
   <div class='ocr_carea' id='block_1_22' title="bbox 155 2136 1702 2208">
    <p class='ocr_par' dir='ltr' id='par_1_22' title="bbox 155 2136 1702 2208">
     <span class='ocr_line' id='line_1_22' title="bbox 155 2136 1702 2208; baseline -0.001 -17"><span class='ocrx_word' id='word_1_152' title='bbox 155 2140 313 2192; x_wconf 80' lang='lat' dir='ltr'><strong>borum</strong></span> <span class='ocrx_word' id='word_1_153' title='bbox 354 2153 568 2205; x_wconf 81' lang='lat' dir='ltr'><strong>corpora</strong></span> <span class='ocrx_word' id='word_1_154' title='bbox 606 2153 722 2189; x_wconf 84' lang='lat' dir='ltr'><strong>cum</strong></span> <span class='ocrx_word' id='word_1_155' title='bbox 750 2138 892 2191; x_wconf 73' lang='lat' dir='ltr'><strong>vitiis</strong></span> <span class='ocrx_word' id='word_1_156' title='bbox 932 2139 1041 2191; x_wconf 77' lang='lat' dir='ltr'><strong>suis</strong></span> <span class='ocrx_word' id='word_1_157' title='bbox 1098 2148 1391 2208; x_wconf 82' lang='lat' dir='ltr'><strong>resurgant.</strong></span> <span class='ocrx_word' id='word_1_158' title='bbox 1458 2136 1702 2203; x_wconf 79' lang='lat' dir='ltr'><strong>Quicun-</strong></span> 
     </span>
    </p>
   </div>
   <div class='ocr_carea' id='block_1_23' title="bbox 153 2229 1702 2300">
    <p class='ocr_par' dir='ltr' id='par_1_23' title="bbox 153 2229 1702 2300">
     <span class='ocr_line' id='line_1_23' title="bbox 153 2229 1702 2300; baseline 0 -17"><span class='ocrx_word' id='word_1_159' title='bbox 153 2244 243 2299; x_wconf 89' lang='lat' dir='ltr'><strong>que</strong></span> <span class='ocrx_word' id='word_1_160' title='bbox 265 2231 327 2284; x_wconf 91' lang='lat' dir='ltr'><strong>ab</strong></span> <span class='ocrx_word' id='word_1_161' title='bbox 349 2230 433 2282; x_wconf 90' lang='lat' dir='ltr'><strong>illa</strong></span> <span class='ocrx_word' id='word_1_162' title='bbox 461 2229 786 2298; x_wconf 89' lang='lat' dir='ltr'><strong>perditionis</strong></span> <span class='ocrx_word' id='word_1_163' title='bbox 809 2246 1008 2295; x_wconf 90' lang='lat' dir='ltr'><strong>massa,</strong></span> <span class='ocrx_word' id='word_1_164' title='bbox 1040 2247 1161 2300; x_wconf 78' lang='lat' dir='ltr'><strong>qua:</strong></span> <span class='ocrx_word' id='word_1_165' title='bbox 1193 2230 1331 2285; x_wconf 84' lang='lat' dir='ltr'><strong>facta</strong></span> <span class='ocrx_word' id='word_1_166' title='bbox 1355 2240 1436 2285; x_wconf 88' lang='lat' dir='ltr'><strong>est</strong></span> <span class='ocrx_word' id='word_1_167' title='bbox 1467 2246 1562 2300; x_wconf 88' lang='lat' dir='ltr'><strong>per</strong></span> <span class='ocrx_word' id='word_1_168' title='bbox 1598 2231 1702 2283; x_wconf 78' lang='lat' dir='ltr'><strong>ho-</strong></span> 
     </span>
    </p>
   </div>
   <div class='ocr_carea' id='block_1_24' title="bbox 153 2322 1698 2393">
    <p class='ocr_par' dir='ltr' id='par_1_24' title="bbox 153 2322 1698 2393">
     <span class='ocr_line' id='line_1_24' title="bbox 153 2322 1698 2393; baseline -0.001 -16"><span class='ocrx_word' id='word_1_169' title='bbox 153 2322 325 2377; x_wconf 86' lang='lat' dir='ltr'><strong>minem</strong></span> <span class='ocrx_word' id='word_1_170' title='bbox 351 2323 617 2391; x_wconf 78' lang='lat' dir='ltr'><strong>primum,</strong></span> <span class='ocrx_word' id='word_1_171' title='bbox 650 2338 755 2376; x_wconf 92' lang='lat' dir='ltr'><strong>non</strong></span> <span class='ocrx_word' id='word_1_172' title='bbox 793 2324 1091 2377; x_wconf 83' lang='lat' dir='ltr'><strong>liberantur</strong></span> <span class='ocrx_word' id='word_1_173' title='bbox 1117 2339 1212 2393; x_wconf 89' lang='lat' dir='ltr'><strong>per</strong></span> <span class='ocrx_word' id='word_1_174' title='bbox 1242 2339 1408 2377; x_wconf 93' lang='lat' dir='ltr'><strong>unum</strong></span> <span class='ocrx_word' id='word_1_175' title='bbox 1438 2322 1698 2377; x_wconf 80' lang='lat' dir='ltr'><strong>Mediato-</strong></span> 
     </span>
    </p>
   </div>
   <div class='ocr_carea' id='block_1_25' title="bbox 152 2410 1701 2484">
    <p class='ocr_par' dir='ltr' id='par_1_25' title="bbox 152 2410 1701 2484">
     <span class='ocr_line' id='line_1_25' title="bbox 152 2410 1701 2484; baseline -0.003 -15"><span class='ocrx_word' id='word_1_176' title='bbox 152 2430 247 2469; x_wconf 87' lang='lat' dir='ltr'><strong>rem</strong></span> <span class='ocrx_word' id='word_1_177' title='bbox 272 2412 356 2468; x_wconf 89' lang='lat' dir='ltr'><strong>Dei</strong></span> <span class='ocrx_word' id='word_1_178' title='bbox 378 2422 427 2467; x_wconf 87' lang='lat' dir='ltr'><strong>et</strong></span> <span class='ocrx_word' id='word_1_179' title='bbox 458 2414 770 2479; x_wconf 87' lang='lat' dir='ltr'><strong>hominum,</strong></span> <span class='ocrx_word' id='word_1_180' title='bbox 800 2423 1085 2484; x_wconf 88' lang='lat' dir='ltr'><strong>resurgent</strong></span> <span class='ocrx_word' id='word_1_181' title='bbox 1133 2414 1349 2484; x_wconf 86' lang='lat' dir='ltr'><strong>quidem</strong></span> <span class='ocrx_word' id='word_1_182' title='bbox 1397 2414 1559 2469; x_wconf 86' lang='lat' dir='ltr'><strong>etiam</strong></span> <span class='ocrx_word' id='word_1_183' title='bbox 1598 2410 1701 2481; x_wconf 86' lang='lat' dir='ltr'><strong>ipsi</strong></span> 
     </span>
    </p>
   </div>
   <div class='ocr_carea' id='block_1_26' title="bbox 153 2505 1701 2575">
    <p class='ocr_par' dir='ltr' id='par_1_26' title="bbox 153 2505 1701 2575">
     <span class='ocr_line' id='line_1_26' title="bbox 153 2505 1701 2575; baseline -0.003 -16"><span class='ocrx_word' id='word_1_184' title='bbox 153 2506 492 2575; x_wconf 87' lang='lat' dir='ltr'><strong>unusquisque</strong></span> <span class='ocrx_word' id='word_1_185' title='bbox 513 2522 643 2560; x_wconf 88' lang='lat' dir='ltr'><strong>cum</strong></span> <span class='ocrx_word' id='word_1_186' title='bbox 679 2522 796 2571; x_wconf 88' lang='lat' dir='ltr'><strong>sua,</strong></span> <span class='ocrx_word' id='word_1_187' title='bbox 826 2505 918 2561; x_wconf 91' lang='lat' dir='ltr'><strong>sed</strong></span> <span class='ocrx_word' id='word_1_188' title='bbox 951 2516 1009 2560; x_wconf 93' lang='lat' dir='ltr'><strong>ut</strong></span> <span class='ocrx_word' id='word_1_189' title='bbox 1038 2522 1162 2559; x_wconf 92' lang='lat' dir='ltr'><strong>cum</strong></span> <span class='ocrx_word' id='word_1_190' title='bbox 1198 2506 1415 2560; x_wconf 80' lang='lat' dir='ltr'><strong>diabolo</strong></span> <span class='ocrx_word' id='word_1_191' title='bbox 1445 2514 1498 2558; x_wconf 91' lang='lat' dir='ltr'><strong>et</strong></span> <span class='ocrx_word' id='word_1_192' title='bbox 1534 2519 1701 2572; x_wconf 83' lang='lat' dir='ltr'><strong>ange-</strong></span> 
     </span>
    </p>
   </div>
   <div class='ocr_carea' id='block_1_27' title="bbox 150 2592 1701 2666">
    <p class='ocr_par' dir='ltr' id='par_1_27' title="bbox 150 2592 1701 2666">
     <span class='ocr_line' id='line_1_27' title="bbox 150 2592 1701 2666; baseline -0.002 -19"><span class='ocrx_word' id='word_1_193' title='bbox 150 2596 207 2649; x_wconf 80' lang='lat' dir='ltr'><strong>lis</strong></span> <span class='ocrx_word' id='word_1_194' title='bbox 230 2594 335 2664; x_wconf 73' lang='lat' dir='ltr'><strong>ejus</strong></span> <span class='ocrx_word' id='word_1_195' title='bbox 356 2595 671 2664; x_wconf 86' lang='lat' dir='ltr'><strong>puniantur.</strong></span> <span class='ocrx_word' id='word_1_196' title='bbox 712 2593 903 2649; x_wconf 89' lang='lat' dir='ltr'><strong>Utrum</strong></span> <span class='ocrx_word' id='word_1_197' title='bbox 937 2611 1068 2650; x_wconf 90' lang='lat' dir='ltr'><strong>sane</strong></span> <span class='ocrx_word' id='word_1_198' title='bbox 1103 2596 1203 2666; x_wconf 89' lang='lat' dir='ltr'><strong>ipsi</strong></span> <span class='ocrx_word' id='word_1_199' title='bbox 1246 2612 1368 2650; x_wconf 90' lang='lat' dir='ltr'><strong>cum</strong></span> <span class='ocrx_word' id='word_1_200' title='bbox 1400 2595 1546 2649; x_wconf 79' lang='lat' dir='ltr'><strong>v&#39;tiis</strong></span> <span class='ocrx_word' id='word_1_201' title='bbox 1586 2592 1701 2647; x_wconf 88' lang='lat' dir='ltr'><strong>suis</strong></span> 
     </span>
    </p>
   </div>
   <div class='ocr_carea' id='block_1_28' title="bbox 1734 1828 1776 1887">
    <p class='ocr_par' dir='ltr' id='par_1_28' title="bbox 1734 1828 1776 1887">
     <span class='ocr_line' id='line_1_28' title="bbox 1734 1828 1776 1887; baseline 0 0"><span class='ocrx_word' id='word_1_202' title='bbox 1734 1828 1776 1887; x_wconf 82' lang='grc' dir='ltr'><strong><em>Β</em></strong></span> 
     </span>
    </p>
   </div>
   <div class='ocr_carea' id='block_1_29' title="bbox 1822 582 3398 661">
    <p class='ocr_par' dir='ltr' id='par_1_29' title="bbox 1822 582 3398 661">
     <span class='ocr_line' id='line_1_29' title="bbox 1822 582 3398 661; baseline 0.007 -25"><span class='ocrx_word' id='word_1_203' title='bbox 1822 598 2035 652; x_wconf 82' lang='lat' dir='ltr'><strong>cunque</strong></span> <span class='ocrx_word' id='word_1_204' title='bbox 2071 584 2124 636; x_wconf 93' lang='lat' dir='ltr'><strong>in</strong></span> <span class='ocrx_word' id='word_1_205' title='bbox 2153 583 2234 638; x_wconf 90' lang='lat' dir='ltr'><strong>eis</strong></span> <span class='ocrx_word' id='word_1_206' title='bbox 2282 582 2545 637; x_wconf 77' lang='lat' dir='ltr'><strong>deformia</strong></span> <span class='ocrx_word' id='word_1_207' title='bbox 2575 594 2628 639; x_wconf 91' lang='lat' dir='ltr'><strong>et</strong></span> <span class='ocrx_word' id='word_1_208' title='bbox 2660 586 2855 641; x_wconf 90' lang='lat' dir='ltr'><strong>vitiosa</strong></span> <span class='ocrx_word' id='word_1_209' title='bbox 2890 587 3132 643; x_wconf 90' lang='lat' dir='ltr'><strong>membra</strong></span> <span class='ocrx_word' id='word_1_210' title='bbox 3160 603 3398 661; x_wconf 83' lang='lat' dir='ltr'><strong>gestave-</strong></span> 
     </span>
    </p>
   </div>
   <div class='ocr_carea' id='block_1_30' title="bbox 1820 675 3404 754">
    <p class='ocr_par' dir='ltr' id='par_1_30' title="bbox 1820 675 3404 754">
     <span class='ocr_line' id='line_1_30' title="bbox 1820 675 3404 754; baseline 0.009 -29"><span class='ocrx_word' id='word_1_211' title='bbox 1820 684 1967 738; x_wconf 88' lang='lat' dir='ltr'><strong>runt,</strong></span> <span class='ocrx_word' id='word_1_212' title='bbox 2004 675 2326 745; x_wconf 89' lang='lat' dir='ltr'><strong>inquirendo</strong></span> <span class='ocrx_word' id='word_1_213' title='bbox 2388 676 2636 731; x_wconf 81' lang='lat' dir='ltr'><strong>laborare</strong></span> <span class='ocrx_word' id='word_1_214' title='bbox 2682 679 2813 747; x_wconf 90' lang='lat' dir='ltr'><strong>quid</strong></span> <span class='ocrx_word' id='word_1_215' title='bbox 2863 694 3001 749; x_wconf 88' lang='lat' dir='ltr'><strong>opus</strong></span> <span class='ocrx_word' id='word_1_216' title='bbox 3040 683 3163 735; x_wconf 80' lang='lat' dir='ltr'><strong>est?</strong></span> <span class='ocrx_word' id='word_1_217' title='bbox 3216 681 3404 754; x_wconf 83' lang='lat' dir='ltr'><strong>Neque</strong></span> 
     </span>
    </p>
   </div>
   <div class='ocr_carea' id='block_1_31' title="bbox 1819 766 3404 837">
    <p class='ocr_par' dir='ltr' id='par_1_31' title="bbox 1819 766 3404 837">
     <span class='ocr_line' id='line_1_31' title="bbox 1819 766 3404 837; baseline 0.007 -19"><span class='ocrx_word' id='word_1_218' title='bbox 1819 766 1963 819; x_wconf 90' lang='lat' dir='ltr'><strong>enim</strong></span> <span class='ocrx_word' id='word_1_219' title='bbox 1989 766 2214 837; x_wconf 82' lang='lat' dir='ltr'><strong>fatigare</strong></span> <span class='ocrx_word' id='word_1_220' title='bbox 2242 783 2342 823; x_wconf 89' lang='lat' dir='ltr'><strong>nos</strong></span> <span class='ocrx_word' id='word_1_221' title='bbox 2373 769 2533 823; x_wconf 88' lang='lat' dir='ltr'><strong>debet</strong></span> <span class='ocrx_word' id='word_1_222' title='bbox 2574 771 2776 825; x_wconf 88' lang='lat' dir='ltr'><strong>incerta</strong></span> <span class='ocrx_word' id='word_1_223' title='bbox 2804 787 2992 825; x_wconf 86' lang='lat' dir='ltr'><strong>eorum</strong></span> <span class='ocrx_word' id='word_1_224' title='bbox 3026 774 3108 826; x_wconf 89' lang='lat' dir='ltr'><strong>vel</strong></span> <span class='ocrx_word' id='word_1_225' title='bbox 3140 774 3404 829; x_wconf 89' lang='lat' dir='ltr'><strong>habitudo</strong></span> 
     </span>
    </p>
   </div>
   <div class='ocr_carea' id='block_1_32' title="bbox 1815 856 3401 935">
    <p class='ocr_par' dir='ltr' id='par_1_32' title="bbox 1815 856 3401 935">
     <span class='ocr_line' id='line_1_32' title="bbox 1815 856 3401 935; baseline 0.008 -27"><span class='ocrx_word' id='word_1_226' title='bbox 1815 856 1899 909; x_wconf 88' lang='lat' dir='ltr'><strong>vel</strong></span> <span class='ocrx_word' id='word_1_227' title='bbox 1930 857 2296 925; x_wconf 89' lang='lat' dir='ltr'><strong>pulchritudo,</strong></span> <span class='ocrx_word' id='word_1_228' title='bbox 2329 876 2563 929; x_wconf 92' lang='lat' dir='ltr'><strong>quorum</strong></span> <span class='ocrx_word' id='word_1_229' title='bbox 2620 863 2726 916; x_wconf 90' lang='lat' dir='ltr'><strong>erit</strong></span> <span class='ocrx_word' id='word_1_230' title='bbox 2770 872 2916 917; x_wconf 88' lang='lat' dir='ltr'><strong>certa</strong></span> <span class='ocrx_word' id='word_1_231' title='bbox 2969 872 3024 918; x_wconf 90' lang='lat' dir='ltr'><strong>et</strong></span> <span class='ocrx_word' id='word_1_232' title='bbox 3070 866 3401 935; x_wconf 82' lang='lat' dir='ltr'><strong>sempiterna</strong></span> 
     </span>
    </p>
   </div>
   <div class='ocr_carea' id='block_1_33' title="bbox 1815 946 3399 1026">
    <p class='ocr_par' dir='ltr' id='par_1_33' title="bbox 1815 946 3399 1026">
     <span class='ocr_line' id='line_1_33' title="bbox 1815 946 3399 1026; baseline 0.009 -28"><span class='ocrx_word' id='word_1_233' title='bbox 1815 946 2116 1001; x_wconf 88' lang='lat' dir='ltr'><strong>damnatio.</strong></span> <span class='ocrx_word' id='word_1_234' title='bbox 2145 947 2254 1003; x_wconf 89' lang='lat' dir='ltr'><strong>Nec</strong></span> <span class='ocrx_word' id='word_1_235' title='bbox 2297 962 2515 1005; x_wconf 85' lang='lat' dir='ltr'><strong>moveat</strong></span> <span class='ocrx_word' id='word_1_236' title='bbox 2540 953 2814 1022; x_wconf 91' lang='lat' dir='ltr'><strong>quomodo</strong></span> <span class='ocrx_word' id='word_1_237' title='bbox 2860 955 2964 1008; x_wconf 88' lang='lat' dir='ltr'><strong>erit</strong></span> <span class='ocrx_word' id='word_1_238' title='bbox 3009 956 3062 1009; x_wconf 89' lang='lat' dir='ltr'><strong>in</strong></span> <span class='ocrx_word' id='word_1_239' title='bbox 3089 957 3170 1011; x_wconf 91' lang='lat' dir='ltr'><strong>eis</strong></span> <span class='ocrx_word' id='word_1_240' title='bbox 3199 971 3399 1026; x_wconf 88' lang='lat' dir='ltr'><strong>corpus</strong></span> 
     </span>
    </p>
   </div>
   <div class='ocr_carea' id='block_1_34' title="bbox 1818 1036 3397 1115">
    <p class='ocr_par' dir='ltr' id='par_1_34' title="bbox 1818 1036 3397 1115">
     <span class='ocr_line' id='line_1_34' title="bbox 1818 1036 3397 1115; baseline 0.009 -26"><span class='ocrx_word' id='word_1_241' title='bbox 1818 1036 2246 1108; x_wconf 89' lang='lat' dir='ltr'><strong>ineorruptibile,</strong></span> <span class='ocrx_word' id='word_1_242' title='bbox 2291 1042 2337 1095; x_wconf 92' lang='lat' dir='ltr'><strong>si</strong></span> <span class='ocrx_word' id='word_1_243' title='bbox 2370 1042 2555 1097; x_wconf 89' lang='lat' dir='ltr'><strong>dolere</strong></span> <span class='ocrx_word' id='word_1_244' title='bbox 2585 1046 2806 1113; x_wconf 89' lang='lat' dir='ltr'><strong>poterit,</strong></span> <span class='ocrx_word' id='word_1_245' title='bbox 2837 1055 2931 1099; x_wconf 89' lang='lat' dir='ltr'><strong>aut</strong></span> <span class='ocrx_word' id='word_1_246' title='bbox 2967 1050 3241 1115; x_wconf 90' lang='lat' dir='ltr'><strong>quomodo</strong></span> <span class='ocrx_word' id='word_1_247' title='bbox 3270 1064 3397 1104; x_wconf 90' lang='lat' dir='ltr'><strong>cor-</strong></span> 
     </span>
    </p>
   </div>
   <div class='ocr_carea' id='block_1_35' title="bbox 1813 1130 3394 1203">
    <p class='ocr_par' dir='ltr' id='par_1_35' title="bbox 1813 1130 3394 1203">
     <span class='ocr_line' id='line_1_35' title="bbox 1813 1130 3394 1203; baseline 0.009 -23"><span class='ocrx_word' id='word_1_248' title='bbox 1813 1130 2089 1196; x_wconf 90' lang='lat' dir='ltr'><strong>ruptibile,</strong></span> <span class='ocrx_word' id='word_1_249' title='bbox 2127 1130 2171 1185; x_wconf 90' lang='lat' dir='ltr'><strong>si</strong></span> <span class='ocrx_word' id='word_1_250' title='bbox 2210 1148 2318 1185; x_wconf 92' lang='lat' dir='ltr'><strong>non</strong></span> <span class='ocrx_word' id='word_1_251' title='bbox 2371 1134 2589 1201; x_wconf 90' lang='lat' dir='ltr'><strong>poterit.</strong></span> <span class='ocrx_word' id='word_1_252' title='bbox 2618 1132 2735 1188; x_wconf 91' lang='lat' dir='ltr'><strong>Non</strong></span> <span class='ocrx_word' id='word_1_253' title='bbox 2779 1135 2923 1189; x_wconf 90' lang='lat' dir='ltr'><strong>enim</strong></span> <span class='ocrx_word' id='word_1_254' title='bbox 2973 1147 3056 1191; x_wconf 92' lang='lat' dir='ltr'><strong>est</strong></span> <span class='ocrx_word' id='word_1_255' title='bbox 3101 1154 3226 1193; x_wconf 87' lang='lat' dir='ltr'><strong>vera</strong></span> <span class='ocrx_word' id='word_1_256' title='bbox 3261 1140 3394 1203; x_wconf 85' lang='lat' dir='ltr'><strong>vita,</strong></span> 
     </span>
    </p>
   </div>
   <div class='ocr_carea' id='block_1_36' title="bbox 1814 1219 3399 1292">
    <p class='ocr_par' dir='ltr' id='par_1_36' title="bbox 1814 1219 3399 1292">
     <span class='ocr_line' id='line_1_36' title="bbox 1814 1219 3399 1292; baseline 0.009 -22"><span class='ocrx_word' id='word_1_257' title='bbox 1814 1219 1918 1272; x_wconf 90' lang='lat' dir='ltr'><strong>nisi</strong></span> <span class='ocrx_word' id='word_1_258' title='bbox 1965 1220 2056 1273; x_wconf 93' lang='lat' dir='ltr'><strong>ubi</strong></span> <span class='ocrx_word' id='word_1_259' title='bbox 2116 1221 2345 1276; x_wconf 81' lang='lat' dir='ltr'><strong>feliciter</strong></span> <span class='ocrx_word' id='word_1_260' title='bbox 2392 1224 2624 1285; x_wconf 85' lang='lat' dir='ltr'><strong>vivitur;</strong></span> <span class='ocrx_word' id='word_1_261' title='bbox 2682 1239 2783 1279; x_wconf 92' lang='lat' dir='ltr'><strong>nec</strong></span> <span class='ocrx_word' id='word_1_262' title='bbox 2824 1241 2971 1292; x_wconf 90' lang='lat' dir='ltr'><strong>vera,</strong></span> <span class='ocrx_word' id='word_1_263' title='bbox 3024 1229 3127 1283; x_wconf 93' lang='lat' dir='ltr'><strong>nisi</strong></span> <span class='ocrx_word' id='word_1_264' title='bbox 3172 1231 3261 1284; x_wconf 91' lang='lat' dir='ltr'><strong>ubi</strong></span> <span class='ocrx_word' id='word_1_265' title='bbox 3313 1232 3399 1285; x_wconf 88' lang='lat' dir='ltr'><strong>in-</strong></span> 
     </span>
    </p>
   </div>
   <div class='ocr_carea' id='block_1_37' title="bbox 1811 1312 3395 1390">
    <p class='ocr_par' dir='ltr' id='par_1_37' title="bbox 1811 1312 3395 1390">
     <span class='ocr_line' id='line_1_37' title="bbox 1811 1312 3395 1390; baseline 0.008 -28"><span class='ocrx_word' id='word_1_266' title='bbox 1811 1312 2138 1380; x_wconf 88' lang='lat' dir='ltr'><strong>corruptio:</strong></span> <span class='ocrx_word' id='word_1_267' title='bbox 2178 1315 2327 1368; x_wconf 88' lang='lat' dir='ltr'><strong>salus</strong></span> <span class='ocrx_word' id='word_1_268' title='bbox 2374 1316 2522 1369; x_wconf 91' lang='lat' dir='ltr'><strong>nullo</strong></span> <span class='ocrx_word' id='word_1_269' title='bbox 2586 1316 2777 1371; x_wconf 88' lang='lat' dir='ltr'><strong>dolore</strong></span> <span class='ocrx_word' id='word_1_270' title='bbox 2845 1321 3235 1390; x_wconf 86' lang='lat' dir='ltr'><strong>corrumpitur.</strong></span> <span class='ocrx_word' id='word_1_271' title='bbox 3292 1319 3395 1377; x_wconf 89' lang='lat' dir='ltr'><strong>Ubi</strong></span> 
     </span>
    </p>
   </div>
   <div class='ocr_carea' id='block_1_38' title="bbox 1810 1399 3393 1473">
    <p class='ocr_par' dir='ltr' id='par_1_38' title="bbox 1810 1399 3393 1473">
     <span class='ocr_line' id='line_1_38' title="bbox 1810 1399 3393 1473; baseline 0.008 -22"><span class='ocrx_word' id='word_1_272' title='bbox 1810 1407 1990 1454; x_wconf 87' lang='lat' dir='ltr'><strong>autem</strong></span> <span class='ocrx_word' id='word_1_273' title='bbox 2025 1399 2209 1455; x_wconf 84' lang='lat' dir='ltr'><strong>infelix</strong></span> <span class='ocrx_word' id='word_1_274' title='bbox 2253 1404 2393 1457; x_wconf 92' lang='lat' dir='ltr'><strong>mori</strong></span> <span class='ocrx_word' id='word_1_275' title='bbox 2447 1419 2554 1459; x_wconf 92' lang='lat' dir='ltr'><strong>non</strong></span> <span class='ocrx_word' id='word_1_276' title='bbox 2606 1407 2824 1471; x_wconf 88' lang='lat' dir='ltr'><strong>sinitur,</strong></span> <span class='ocrx_word' id='word_1_277' title='bbox 2858 1416 2930 1471; x_wconf 90' lang='lat' dir='ltr'><strong>et,</strong></span> <span class='ocrx_word' id='word_1_278' title='bbox 2964 1417 3024 1462; x_wconf 92' lang='lat' dir='ltr'><strong>ut</strong></span> <span class='ocrx_word' id='word_1_279' title='bbox 3076 1409 3148 1462; x_wconf 91' lang='lat' dir='ltr'><strong>ita</strong></span> <span class='ocrx_word' id='word_1_280' title='bbox 3191 1409 3393 1473; x_wconf 88' lang='lat' dir='ltr'><strong>dicam,</strong></span> 
     </span>
    </p>
   </div>
   <div class='ocr_carea' id='block_1_39' title="bbox 1809 1491 3397 1569">
    <p class='ocr_par' dir='ltr' id='par_1_39' title="bbox 1809 1491 3397 1569">
     <span class='ocr_line' id='line_1_39' title="bbox 1809 1491 3397 1569; baseline 0.007 -26"><span class='ocrx_word' id='word_1_281' title='bbox 1809 1505 1959 1545; x_wconf 91' lang='lat' dir='ltr'><strong>mors</strong></span> <span class='ocrx_word' id='word_1_282' title='bbox 1985 1491 2099 1560; x_wconf 90' lang='lat' dir='ltr'><strong>ipsa</strong></span> <span class='ocrx_word' id='word_1_283' title='bbox 2125 1507 2233 1546; x_wconf 83' lang='lat' dir='ltr'><strong>non</strong></span> <span class='ocrx_word' id='word_1_284' title='bbox 2257 1493 2507 1561; x_wconf 90' lang='lat' dir='ltr'><strong>moritur,</strong></span> <span class='ocrx_word' id='word_1_285' title='bbox 2532 1506 2587 1549; x_wconf 91' lang='lat' dir='ltr'><strong>et</strong></span> <span class='ocrx_word' id='word_1_286' title='bbox 2615 1496 2718 1558; x_wconf 66' lang='lat' dir='ltr'><strong>{ubi</strong></span> <span class='ocrx_word' id='word_1_287' title='bbox 2762 1498 2919 1551; x_wconf 88' lang='lat' dir='ltr'><strong>dolor</strong></span> <span class='ocrx_word' id='word_1_288' title='bbox 2950 1508 3240 1569; x_wconf 89' lang='lat' dir='ltr'><strong>perpetuus</strong></span> <span class='ocrx_word' id='word_1_289' title='bbox 3285 1515 3397 1554; x_wconf 89' lang='lat' dir='ltr'><strong>non</strong></span> 
     </span>
    </p>
   </div>
   <div class='ocr_carea' id='block_1_40' title="bbox 1808 1581 3396 1659">
    <p class='ocr_par' dir='ltr' id='par_1_40' title="bbox 1808 1581 3396 1659">
     <span class='ocr_line' id='line_1_40' title="bbox 1808 1581 3396 1659; baseline 0.008 -25"><span class='ocrx_word' id='word_1_290' title='bbox 1808 1581 2169 1649; x_wconf 88' lang='lat' dir='ltr'><strong>interimitur;</strong></span> <span class='ocrx_word' id='word_1_291' title='bbox 2198 1583 2290 1638; x_wconf 88' lang='lat' dir='ltr'><strong>sed</strong></span> <span class='ocrx_word' id='word_1_292' title='bbox 2330 1584 2516 1655; x_wconf 79' lang='lat' dir='ltr'><strong>afﬂigit</strong></span> <span class='ocrx_word' id='word_1_293' title='bbox 2559 1588 2673 1657; x_wconf 89' lang='lat' dir='ltr'><strong>ipsa</strong></span> <span class='ocrx_word' id='word_1_294' title='bbox 2704 1592 2999 1659; x_wconf 91' lang='lat' dir='ltr'><strong>corruptio,</strong></span> <span class='ocrx_word' id='word_1_295' title='bbox 3032 1600 3086 1644; x_wconf 91' lang='lat' dir='ltr'><strong>et</strong></span> <span class='ocrx_word' id='word_1_296' title='bbox 3114 1604 3221 1645; x_wconf 90' lang='lat' dir='ltr'><strong>non</strong></span> <span class='ocrx_word' id='word_1_297' title='bbox 3269 1591 3396 1645; x_wconf 85' lang='lat' dir='ltr'><strong>fini-</strong></span> 
     </span>
    </p>
   </div>
   <div class='ocr_carea' id='block_1_41' title="bbox 1806 1675 3396 1747">
    <p class='ocr_par' dir='ltr' id='par_1_41' title="bbox 1806 1675 3396 1747">
     <span class='ocr_line' id='line_1_41' title="bbox 1806 1675 3396 1747; baseline 0.006 -20"><span class='ocrx_word' id='word_1_298' title='bbox 1806 1682 1895 1727; x_wconf 90' lang='lat' dir='ltr'><strong>tur</strong></span> <span class='ocrx_word' id='word_1_299' title='bbox 1929 1675 2082 1729; x_wconf 73' lang='lat' dir='ltr'><strong>:haec</strong></span> <span class='ocrx_word' id='word_1_300' title='bbox 2112 1675 2165 1728; x_wconf 92' lang='lat' dir='ltr'><strong>in</strong></span> <span class='ocrx_word' id='word_1_301' title='bbox 2204 1676 2503 1747; x_wconf 88' lang='lat' dir='ltr'><strong>Scripturis</strong></span> <span class='ocrx_word' id='word_1_302' title='bbox 2538 1681 2742 1735; x_wconf 87' lang='lat' dir='ltr'><strong>sanctis</strong></span> <span class='ocrx_word' id='word_1_303' title='bbox 2794 1682 3035 1736; x_wconf 86' lang='lat' dir='ltr'><strong>secunda</strong></span> <span class='ocrx_word' id='word_1_304' title='bbox 3086 1698 3236 1737; x_wconf 87' lang='lat' dir='ltr'><strong>mors</strong></span> <span class='ocrx_word' id='word_1_305' title='bbox 3260 1682 3396 1737; x_wconf 89' lang='lat' dir='ltr'><strong>dici-</strong></span> 
     </span>
    </p>
   </div>
   <div class='ocr_carea' id='block_1_42' title="bbox 1806 1764 3396 1843">
    <p class='ocr_par' dir='ltr' id='par_1_42' title="bbox 1806 1764 3396 1843">
     <span class='ocr_line' id='line_1_42' title="bbox 1806 1764 3396 1843; baseline 0.006 -24"><span class='ocrx_word' id='word_1_306' title='bbox 1806 1772 1914 1819; x_wconf 87' lang='lat' dir='ltr'><strong>tur.</strong></span> <span class='ocrx_word' id='word_1_307' title='bbox 1977 1764 2100 1821; x_wconf 71' lang='lat' dir='ltr'><strong>Hzec</strong></span> <span class='ocrx_word' id='word_1_308' title='bbox 2135 1768 2309 1837; x_wconf 88' lang='lat' dir='ltr'><strong>prima</strong></span> <span class='ocrx_word' id='word_1_309' title='bbox 2356 1778 2535 1823; x_wconf 89' lang='lat' dir='ltr'><strong>tamen</strong></span> <span class='ocrx_word' id='word_1_310' title='bbox 2581 1787 2686 1841; x_wconf 89' lang='lat' dir='ltr'><strong>qua</strong></span> <span class='ocrx_word' id='word_1_311' title='bbox 2732 1789 2891 1827; x_wconf 88' lang='lat' dir='ltr'><strong>suum</strong></span> <span class='ocrx_word' id='word_1_312' title='bbox 2945 1788 3146 1843; x_wconf 87' lang='lat' dir='ltr'><strong>corpus</strong></span> <span class='ocrx_word' id='word_1_313' title='bbox 3209 1773 3396 1829; x_wconf 77' lang='lat' dir='ltr'><strong>anima</strong></span> 
     </span>
    </p>
   </div>
   <div class='ocr_carea' id='block_1_43' title="bbox 1813 1855 3392 1932">
    <p class='ocr_par' dir='ltr' id='par_1_43' title="bbox 1813 1855 3392 1932">
     <span class='ocr_line' id='line_1_43' title="bbox 1813 1855 3392 1932; baseline 0.003 -23"><span class='ocrx_word' id='word_1_314' title='bbox 1813 1855 2123 1925; x_wconf 89' lang='lat' dir='ltr'><strong>relinquere</strong></span> <span class='ocrx_word' id='word_1_315' title='bbox 2148 1857 2393 1926; x_wconf 84' lang='lat' dir='ltr'><strong>cogitur;</strong></span> <span class='ocrx_word' id='word_1_316' title='bbox 2424 1874 2524 1913; x_wconf 84' lang='lat' dir='ltr'><strong>nec</strong></span> <span class='ocrx_word' id='word_1_317' title='bbox 2567 1861 2958 1932; x_wconf 82' lang='lat' dir='ltr'><strong>secunda,qua</strong></span> <span class='ocrx_word' id='word_1_318' title='bbox 3006 1863 3218 1932; x_wconf 76' lang='lat' dir='ltr'><strong>pmnale</strong></span> <span class='ocrx_word' id='word_1_319' title='bbox 3265 1876 3392 1916; x_wconf 89' lang='lat' dir='ltr'><strong>cor-</strong></span> 
     </span>
    </p>
   </div>
   <div class='ocr_carea' id='block_1_44' title="bbox 1810 1934 3394 2021">
    <p class='ocr_par' dir='ltr' id='par_1_44' title="bbox 1810 1934 3394 2021">
     <span class='ocr_line' id='line_1_44' title="bbox 1810 1934 3394 2021; baseline 0.006 -21"><span class='ocrx_word' id='word_1_320' title='bbox 1810 1961 1913 2016; x_wconf 87' lang='lat' dir='ltr'><strong>pus</strong></span> <span class='ocrx_word' id='word_1_321' title='bbox 1941 1948 2122 2002; x_wconf 90' lang='lat' dir='ltr'><strong>anima</strong></span> <span class='ocrx_word' id='word_1_322' title='bbox 2155 1948 2462 2017; x_wconf 88' lang='lat' dir='ltr'><strong>relinquere</strong></span> <span class='ocrx_word' id='word_1_323' title='bbox 2509 1934 2613 2004; x_wconf 86' lang='lat' dir='ltr'><strong>non</strong></span> <span class='ocrx_word' id='word_1_324' title='bbox 2671 1954 3017 2021; x_wconf 88' lang='lat' dir='ltr'><strong>permittitur,</strong></span> <span class='ocrx_word' id='word_1_325' title='bbox 3052 1952 3258 2007; x_wconf 91' lang='lat' dir='ltr'><strong>homini</strong></span> <span class='ocrx_word' id='word_1_326' title='bbox 3289 1967 3394 2020; x_wconf 44' lang='lat' dir='ltr'><strong>,ac-</strong></span> 
     </span>
    </p>
   </div>
   <div class='ocr_carea' id='block_1_45' title="bbox 1811 2040 3390 2116">
    <p class='ocr_par' dir='ltr' id='par_1_45' title="bbox 1811 2040 3390 2116">
     <span class='ocr_line' id='line_1_45' title="bbox 1811 2040 3390 2116; baseline 0.003 -21"><span class='ocrx_word' id='word_1_327' title='bbox 1811 2040 2074 2106; x_wconf 88' lang='lat' dir='ltr'><strong>cidisset,</strong></span> <span class='ocrx_word' id='word_1_328' title='bbox 2124 2041 2169 2096; x_wconf 90' lang='lat' dir='ltr'><strong>si</strong></span> <span class='ocrx_word' id='word_1_329' title='bbox 2226 2058 2388 2101; x_wconf 89' lang='lat' dir='ltr'><strong>nemo</strong></span> <span class='ocrx_word' id='word_1_330' title='bbox 2420 2053 2716 2116; x_wconf 89' lang='lat' dir='ltr'><strong>peccasset.</strong></span> <span class='ocrx_word' id='word_1_331' title='bbox 2763 2044 3046 2100; x_wconf 80' lang='lat' dir='ltr'><strong>Mitissima</strong></span> <span class='ocrx_word' id='word_1_332' title='bbox 3089 2062 3219 2101; x_wconf 88' lang='lat' dir='ltr'><strong>sane</strong></span> <span class='ocrx_word' id='word_1_333' title='bbox 3265 2062 3390 2100; x_wconf 79' lang='lat' dir='ltr'><strong>om-</strong></span> 
     </span>
    </p>
   </div>
   <div class='ocr_carea' id='block_1_46' title="bbox 1810 2137 3390 2211">
    <p class='ocr_par' dir='ltr' id='par_1_46' title="bbox 1810 2137 3390 2211">
     <span class='ocr_line' id='line_1_46' title="bbox 1810 2137 3390 2211; baseline 0.003 -21"><span class='ocrx_word' id='word_1_334' title='bbox 1810 2137 1958 2191; x_wconf 90' lang='lat' dir='ltr'><strong>nium</strong></span> <span class='ocrx_word' id='word_1_335' title='bbox 1985 2154 2141 2208; x_wconf 73' lang='lat' dir='ltr'><strong>ptena</strong></span> <span class='ocrx_word' id='word_1_336' title='bbox 2172 2140 2277 2194; x_wconf 90' lang='lat' dir='ltr'><strong>erit</strong></span> <span class='ocrx_word' id='word_1_337' title='bbox 2303 2156 2490 2195; x_wconf 90' lang='lat' dir='ltr'><strong>eorum</strong></span> <span class='ocrx_word' id='word_1_338' title='bbox 2542 2141 2637 2211; x_wconf 88' lang='lat' dir='ltr'><strong>qui</strong></span> <span class='ocrx_word' id='word_1_339' title='bbox 2682 2149 2877 2210; x_wconf 70' lang='lat' dir='ltr'><strong>prmter</strong></span> <span class='ocrx_word' id='word_1_340' title='bbox 2902 2149 3184 2210; x_wconf 87' lang='lat' dir='ltr'><strong>peceatum</strong></span> <span class='ocrx_word' id='word_1_341' title='bbox 3202 2182 3216 2206; x_wconf 96' lang='lat'><strong>,</strong></span> <span class='ocrx_word' id='word_1_342' title='bbox 3242 2139 3390 2211; x_wconf 85' lang='lat' dir='ltr'><strong>quod</strong></span> 
     </span>
    </p>
   </div>
   <div class='ocr_carea' id='block_1_47' title="bbox 1811 2230 3393 2301">
    <p class='ocr_par' dir='ltr' id='par_1_47' title="bbox 1811 2230 3393 2301">
     <span class='ocr_line' id='line_1_47' title="bbox 1811 2230 3393 2301; baseline 0.003 -19"><span class='ocrx_word' id='word_1_343' title='bbox 1811 2230 2076 2299; x_wconf 76' lang='lat' dir='ltr'><strong>originale</strong></span> <span class='ocrx_word' id='word_1_344' title='bbox 2105 2239 2408 2298; x_wconf 78' lang='lat' dir='ltr'><strong>traxerunt,</strong></span> <span class='ocrx_word' id='word_1_345' title='bbox 2450 2234 2656 2286; x_wconf 90' lang='lat' dir='ltr'><strong>nullum</strong></span> <span class='ocrx_word' id='word_1_346' title='bbox 2702 2232 2920 2301; x_wconf 87' lang='lat' dir='ltr'><strong>insuper</strong></span> <span class='ocrx_word' id='word_1_347' title='bbox 2959 2230 3304 2295; x_wconf 87' lang='lat' dir='ltr'><strong>addiderunt,</strong></span> <span class='ocrx_word' id='word_1_348' title='bbox 3336 2241 3393 2286; x_wconf 91' lang='lat' dir='ltr'><strong>et</strong></span> 
     </span>
    </p>
   </div>
   <div class='ocr_carea' id='block_1_48' title="bbox 1811 2319 3385 2392">
    <p class='ocr_par' dir='ltr' id='par_1_48' title="bbox 1811 2319 3385 2392">
     <span class='ocr_line' id='line_1_48' title="bbox 1811 2319 3385 2392; baseline -0.001 -18"><span class='ocrx_word' id='word_1_349' title='bbox 1811 2320 1865 2374; x_wconf 92' lang='lat' dir='ltr'><strong>in</strong></span> <span class='ocrx_word' id='word_1_350' title='bbox 1889 2322 2100 2376; x_wconf 64' lang='lat' dir='ltr'><strong>caeteris</strong></span> <span class='ocrx_word' id='word_1_351' title='bbox 2120 2339 2242 2392; x_wconf 75' lang='lat' dir='ltr'><strong>qum</strong></span> <span class='ocrx_word' id='word_1_352' title='bbox 2274 2323 2619 2387; x_wconf 87' lang='lat' dir='ltr'><strong>addiderunt,</strong></span> <span class='ocrx_word' id='word_1_353' title='bbox 2651 2331 2801 2376; x_wconf 91' lang='lat' dir='ltr'><strong>tanto</strong></span> <span class='ocrx_word' id='word_1_354' title='bbox 2828 2322 3061 2391; x_wconf 90' lang='lat' dir='ltr'><strong>quisque</strong></span> <span class='ocrx_word' id='word_1_355' title='bbox 3088 2321 3160 2375; x_wconf 85' lang='lat' dir='ltr'><strong>ibi</strong></span> <span class='ocrx_word' id='word_1_356' title='bbox 3187 2319 3385 2373; x_wconf 86' lang='lat' dir='ltr'><strong>tolera-</strong></span> 
     </span>
    </p>
   </div>
   <div class='ocr_carea' id='block_1_49' title="bbox 1808 2411 3393 2483">
    <p class='ocr_par' dir='ltr' id='par_1_49' title="bbox 1808 2411 3393 2483">
     <span class='ocr_line' id='line_1_49' title="bbox 1808 2411 3393 2483; baseline -0.001 -17"><span class='ocrx_word' id='word_1_357' title='bbox 1808 2411 2054 2467; x_wconf 88' lang='lat' dir='ltr'><strong>biliorem</strong></span> <span class='ocrx_word' id='word_1_358' title='bbox 2097 2416 2316 2468; x_wconf 89' lang='lat' dir='ltr'><strong>habebit</strong></span> <span class='ocrx_word' id='word_1_359' title='bbox 2347 2415 2774 2477; x_wconf 88' lang='lat' dir='ltr'><strong>damnationem,</strong></span> <span class='ocrx_word' id='word_1_360' title='bbox 2809 2422 3015 2483; x_wconf 82' lang='lat' dir='ltr'><strong>quanto</strong></span> <span class='ocrx_word' id='word_1_361' title='bbox 3041 2413 3130 2469; x_wconf 92' lang='lat' dir='ltr'><strong>hic</strong></span> <span class='ocrx_word' id='word_1_362' title='bbox 3171 2411 3393 2466; x_wconf 82' lang='lat' dir='ltr'><strong>habebit</strong></span> 
     </span>
    </p>
   </div>
   <div class='ocr_carea' id='block_1_50' title="bbox 1811 2504 2535 2577">
    <p class='ocr_par' dir='ltr' id='par_1_50' title="bbox 1811 2504 2535 2577">
     <span class='ocr_line' id='line_1_50' title="bbox 1811 2504 2535 2577; baseline 0.004 -20"><span class='ocrx_word' id='word_1_363' title='bbox 1811 2504 2074 2558; x_wconf 80' lang='lat' dir='ltr'><strong>minorem</strong></span> <span class='ocrx_word' id='word_1_364' title='bbox 2118 2507 2479 2577; x_wconf 85' lang='lat' dir='ltr'><strong>iniquitatem.</strong></span> <span class='ocrx_word' id='word_1_365' title='bbox 2516 2526 2535 2560; x_wconf 84' lang='grc'>›</span> 
     </span>
    </p>
   </div>
   <div class='ocr_carea' id='block_1_51' title="bbox 1265 2865 2250 2949">
    <p class='ocr_par' dir='ltr' id='par_1_51' title="bbox 1265 2865 2250 2949">
     <span class='ocr_line' id='line_1_51' title="bbox 1265 2865 2250 2949; baseline 0.001 -4"><span class='ocrx_word' id='word_1_366' title='bbox 1265 2869 1377 2947; x_wconf 80' lang='lat' dir='ltr'><strong>1N</strong></span> <span class='ocrx_word' id='word_1_367' title='bbox 1453 2865 2250 2949; x_wconf 81' lang='lat' dir='ltr'><strong>ROGATIONIBUS.</strong></span> 
     </span>
    </p>
   </div>
   <div class='ocr_carea' id='block_1_52' title="bbox 1420 3044 2091 3107">
    <p class='ocr_par' dir='ltr' id='par_1_52' title="bbox 1420 3044 2091 3107">
     <span class='ocr_line' id='line_1_52' title="bbox 1420 3044 2091 3107; baseline 0 -2"><span class='ocrx_word' id='word_1_368' title='bbox 1420 3044 1790 3107; x_wconf 83' lang='lat' dir='ltr'><strong>Secundum</strong></span> <span class='ocrx_word' id='word_1_369' title='bbox 1833 3047 2091 3106; x_wconf 78' lang='lat' dir='ltr'><strong>Lucam.</strong></span> 
     </span>
    </p>
   </div>
   <div class='ocr_carea' id='block_1_53' title="bbox 203 3208 3387 3283">
    <p class='ocr_par' dir='ltr' id='par_1_53' title="bbox 203 3208 3387 3283">
     <span class='ocr_line' id='line_1_53' title="bbox 203 3208 3387 3283; baseline 0.003 -23"><span class='ocrx_word' id='word_1_370' title='bbox 203 3229 218 3260; x_wconf 80' lang='grc' dir='ltr'>ι</span> <span class='ocrx_word' id='word_1_371' title='bbox 245 3208 368 3276; x_wconf 85' lang='lat' dir='ltr'><strong>Quis</strong></span> <span class='ocrx_word' id='word_1_372' title='bbox 398 3221 646 3267; x_wconf 89' lang='lat' dir='ltr'><strong>vestrum</strong></span> <span class='ocrx_word' id='word_1_373' title='bbox 674 3209 893 3265; x_wconf 83' lang='lat' dir='ltr'><strong>habebit</strong></span> <span class='ocrx_word' id='word_1_374' title='bbox 922 3211 1179 3275; x_wconf 88' lang='lat' dir='ltr'><strong>amicum,</strong></span> <span class='ocrx_word' id='word_1_375' title='bbox 1211 3219 1264 3265; x_wconf 90' lang='lat' dir='ltr'><strong>et</strong></span> <span class='ocrx_word' id='word_1_376' title='bbox 1311 3211 1407 3265; x_wconf 93' lang='lat' dir='ltr'><strong>ihit</strong></span> <span class='ocrx_word' id='word_1_377' title='bbox 1435 3220 1499 3265; x_wconf 87' lang='lat' dir='ltr'><strong>ad</strong></span> <span class='ocrx_word' id='word_1_378' title='bbox 1542 3211 1692 3264; x_wconf 90' lang='lat' dir='ltr'><strong>illum</strong></span> <span class='ocrx_word' id='word_1_379' title='bbox 1723 3213 1767 3277; x_wconf 87' lang='lat' dir='ltr'><strong>C</strong></span> <span class='ocrx_word' id='word_1_380' title='bbox 1800 3211 2115 3283; x_wconf 75' lang='lat' dir='ltr'><strong>interrogat,</strong></span> <span class='ocrx_word' id='word_1_381' title='bbox 2143 3221 2198 3266; x_wconf 91' lang='lat' dir='ltr'><strong>et</strong></span> <span class='ocrx_word' id='word_1_382' title='bbox 2231 3221 2286 3266; x_wconf 91' lang='lat' dir='ltr'><strong>tu</strong></span> <span class='ocrx_word' id='word_1_383' title='bbox 2335 3210 2560 3268; x_wconf 90' lang='lat' dir='ltr'><strong>Paulum</strong></span> <span class='ocrx_word' id='word_1_384' title='bbox 2586 3213 2668 3267; x_wconf 89' lang='lat' dir='ltr'><strong>vel</strong></span> <span class='ocrx_word' id='word_1_385' title='bbox 2697 3212 2916 3267; x_wconf 78' lang='lat' dir='ltr'><strong>Petrum</strong></span> <span class='ocrx_word' id='word_1_386' title='bbox 2944 3229 3050 3268; x_wconf 88' lang='lat' dir='ltr'><strong>non</strong></span> <span class='ocrx_word' id='word_1_387' title='bbox 3073 3215 3269 3271; x_wconf 84' lang='lat' dir='ltr'><strong>sineris</strong></span> <span class='ocrx_word' id='word_1_388' title='bbox 3294 3215 3387 3270; x_wconf 79' lang='lat' dir='ltr'><strong>in-</strong></span> 
     </span>
    </p>
   </div>
   <div class='ocr_carea' id='block_1_54' title="bbox 138 3303 1693 3370">
    <p class='ocr_par' dir='ltr' id='par_1_54' title="bbox 138 3303 1693 3370">
     <span class='ocr_line' id='line_1_54' title="bbox 138 3303 1693 3370; baseline 0.002 -15"><span class='ocrx_word' id='word_1_389' title='bbox 138 3303 181 3356; x_wconf 88' lang='lat' dir='ltr'><strong>in</strong></span> <span class='ocrx_word' id='word_1_390' title='bbox 206 3305 365 3359; x_wconf 88' lang='lat' dir='ltr'><strong>media</strong></span> <span class='ocrx_word' id='word_1_391' title='bbox 392 3316 574 3370; x_wconf 88' lang='lat' dir='ltr'><strong>nocte,</strong></span> <span class='ocrx_word' id='word_1_392' title='bbox 602 3314 655 3359; x_wconf 90' lang='lat' dir='ltr'><strong>et</strong></span> <span class='ocrx_word' id='word_1_393' title='bbox 687 3305 831 3358; x_wconf 84' lang='lat' dir='ltr'><strong>dicet</strong></span> <span class='ocrx_word' id='word_1_394' title='bbox 854 3303 928 3358; x_wconf 91' lang='lat' dir='ltr'><strong>illi</strong></span> <span class='ocrx_word' id='word_1_395' title='bbox 962 3323 975 3357; x_wconf 91' lang='lat'>:</span> <span class='ocrx_word' id='word_1_396' title='bbox 1004 3305 1211 3369; x_wconf 78' lang='lat' dir='ltr'><strong>Amice,</strong></span> <span class='ocrx_word' id='word_1_397' title='bbox 1239 3305 1525 3358; x_wconf 88' lang='lat' dir='ltr'><strong>commoda</strong></span> <span class='ocrx_word' id='word_1_398' title='bbox 1558 3304 1693 3358; x_wconf 91' lang='lat' dir='ltr'><strong>mihi</strong></span> 
     </span>
    </p>
   </div>
   <div class='ocr_carea' id='block_1_55' title="bbox 138 3394 1693 3465">
    <p class='ocr_par' dir='ltr' id='par_1_55' title="bbox 138 3394 1693 3465">
     <span class='ocr_line' id='line_1_55' title="bbox 138 3394 1693 3465; baseline 0.003 -21"><span class='ocrx_word' id='word_1_399' title='bbox 138 3402 231 3446; x_wconf 84' lang='lat' dir='ltr'><strong>tres</strong></span> <span class='ocrx_word' id='word_1_400' title='bbox 261 3411 440 3463; x_wconf 88' lang='lat' dir='ltr'><strong>panes.</strong></span> <span class='ocrx_word' id='word_1_401' title='bbox 471 3394 742 3465; x_wconf 89' lang='lat' dir='ltr'><strong>quoniam</strong></span> <span class='ocrx_word' id='word_1_402' title='bbox 784 3394 993 3449; x_wconf 86' lang='lat' dir='ltr'><strong>amicus</strong></span> <span class='ocrx_word' id='word_1_403' title='bbox 1030 3410 1184 3449; x_wconf 91' lang='lat' dir='ltr'><strong>meus</strong></span> <span class='ocrx_word' id='word_1_404' title='bbox 1230 3394 1376 3448; x_wconf 85' lang='lat' dir='ltr'><strong>venit</strong></span> <span class='ocrx_word' id='word_1_405' title='bbox 1406 3395 1472 3449; x_wconf 91' lang='lat' dir='ltr'><strong>de</strong></span> <span class='ocrx_word' id='word_1_406' title='bbox 1502 3395 1585 3449; x_wconf 90' lang='lat' dir='ltr'><strong>via</strong></span> <span class='ocrx_word' id='word_1_407' title='bbox 1625 3394 1693 3448; x_wconf 89' lang='lat' dir='ltr'><strong>ad</strong></span> 
     </span>
    </p>
   </div>
   <div class='ocr_carea' id='block_1_56' title="bbox 134 3487 1695 3558">
    <p class='ocr_par' dir='ltr' id='par_1_56' title="bbox 134 3487 1695 3558">
     <span class='ocr_line' id='line_1_56' title="bbox 134 3487 1695 3558; baseline 0.003 -19"><span class='ocrx_word' id='word_1_408' title='bbox 134 3498 418 3549; x_wconf 88' lang='lat' dir='ltr'><strong>me,etnon</strong></span> <span class='ocrx_word' id='word_1_409' title='bbox 459 3489 644 3543; x_wconf 84' lang='lat' dir='ltr'><strong>habeo</strong></span> <span class='ocrx_word' id='word_1_410' title='bbox 688 3487 833 3558; x_wconf 89' lang='lat' dir='ltr'><strong>quod</strong></span> <span class='ocrx_word' id='word_1_411' title='bbox 877 3503 1075 3557; x_wconf 88' lang='lat' dir='ltr'><strong>ponam</strong></span> <span class='ocrx_word' id='word_1_412' title='bbox 1122 3497 1248 3542; x_wconf 88' lang='lat' dir='ltr'><strong>ante</strong></span> <span class='ocrx_word' id='word_1_413' title='bbox 1293 3487 1465 3542; x_wconf 91' lang='lat' dir='ltr'><strong>illum.</strong></span> <span class='ocrx_word' id='word_1_414' title='bbox 1506 3488 1570 3543; x_wconf 79' lang='lat' dir='ltr'><strong>Et</strong></span> <span class='ocrx_word' id='word_1_415' title='bbox 1604 3488 1695 3543; x_wconf 89' lang='lat' dir='ltr'><strong>ille</strong></span> 
     </span>
    </p>
   </div>
   <div class='ocr_carea' id='block_1_57' title="bbox 132 3577 1687 3635">
    <p class='ocr_par' dir='ltr' id='par_1_57' title="bbox 132 3577 1687 3635">
     <span class='ocr_line' id='line_1_57' title="bbox 132 3577 1687 3635; baseline 0.005 -8"><span class='ocrx_word' id='word_1_416' title='bbox 132 3578 323 3633; x_wconf 85' lang='lat' dir='ltr'><strong>deintns</strong></span> <span class='ocrx_word' id='word_1_417' title='bbox 370 3579 523 3634; x_wconf 84' lang='lat' dir='ltr'><strong>dicat</strong></span> <span class='ocrx_word' id='word_1_418' title='bbox 557 3600 570 3634; x_wconf 94' lang='lat'>:</span> <span class='ocrx_word' id='word_1_419' title='bbox 611 3578 728 3633; x_wconf 87' lang='lat' dir='ltr'><strong>Noli</strong></span> <span class='ocrx_word' id='word_1_420' title='bbox 780 3580 915 3633; x_wconf 90' lang='lat' dir='ltr'><strong>mihi</strong></span> <span class='ocrx_word' id='word_1_421' title='bbox 984 3579 1249 3635; x_wconf 89' lang='lat' dir='ltr'><strong>molestus</strong></span> <span class='ocrx_word' id='word_1_422' title='bbox 1287 3595 1429 3634; x_wconf 89' lang='lat' dir='ltr'><strong>esse.</strong></span> <span class='ocrx_word' id='word_1_423' title='bbox 1468 3577 1586 3633; x_wconf 84' lang='lat' dir='ltr'><strong>Jam</strong></span> <span class='ocrx_word' id='word_1_424' title='bbox 1627 3596 1687 3634; x_wconf 83' lang='lat' dir='ltr'><strong>o-</strong></span> 
     </span>
    </p>
   </div>
   <div class='ocr_carea' id='block_1_58' title="bbox 131 3670 1694 3741">
    <p class='ocr_par' dir='ltr' id='par_1_58' title="bbox 131 3670 1694 3741">
     <span class='ocr_line' id='line_1_58' title="bbox 131 3670 1694 3741; baseline 0.001 -20"><span class='ocrx_word' id='word_1_425' title='bbox 131 3673 272 3723; x_wconf 80' lang='lat' dir='ltr'><strong>stium</strong></span> <span class='ocrx_word' id='word_1_426' title='bbox 300 3673 546 3727; x_wconf 86' lang='lat' dir='ltr'><strong>clausum</strong></span> <span class='ocrx_word' id='word_1_427' title='bbox 571 3681 678 3739; x_wconf 84' lang='lat' dir='ltr'><strong>est,</strong></span> <span class='ocrx_word' id='word_1_428' title='bbox 707 3681 762 3726; x_wconf 89' lang='lat' dir='ltr'><strong>et</strong></span> <span class='ocrx_word' id='word_1_429' title='bbox 791 3671 943 3741; x_wconf 88' lang='lat' dir='ltr'><strong>pueri</strong></span> <span class='ocrx_word' id='word_1_430' title='bbox 977 3672 1082 3725; x_wconf 87' lang='lat' dir='ltr'><strong>mei</strong></span> <span class='ocrx_word' id='word_1_431' title='bbox 1118 3686 1329 3725; x_wconf 91' lang='lat' dir='ltr'><strong>mecum</strong></span> <span class='ocrx_word' id='word_1_432' title='bbox 1361 3680 1488 3725; x_wconf 91' lang='lat' dir='ltr'><strong>sunt</strong></span> <span class='ocrx_word' id='word_1_433' title='bbox 1517 3670 1569 3723; x_wconf 96' lang='lat' dir='ltr'><strong>in</strong></span> <span class='ocrx_word' id='word_1_434' title='bbox 1598 3686 1694 3725; x_wconf 86' lang='lat' dir='ltr'><strong>cu-</strong></span> 
     </span>
    </p>
   </div>
   <div class='ocr_carea' id='block_1_59' title="bbox 129 3761 1693 3834">
    <p class='ocr_par' dir='ltr' id='par_1_59' title="bbox 129 3761 1693 3834">
     <span class='ocr_line' id='line_1_59' title="bbox 129 3761 1693 3834; baseline 0.003 -20"><span class='ocrx_word' id='word_1_435' title='bbox 129 3761 226 3816; x_wconf 80' lang='lat' dir='ltr'><strong>bili.</strong></span> <span class='ocrx_word' id='word_1_436' title='bbox 256 3762 364 3817; x_wconf 88' lang='lat' dir='ltr'><strong>Non</strong></span> <span class='ocrx_word' id='word_1_437' title='bbox 418 3780 653 3834; x_wconf 88' lang='lat' dir='ltr'><strong>possum</strong></span> <span class='ocrx_word' id='word_1_438' title='bbox 705 3779 928 3833; x_wconf 76' lang='lat' dir='ltr'><strong>surgere</strong></span> <span class='ocrx_word' id='word_1_439' title='bbox 961 3773 1015 3818; x_wconf 92' lang='lat' dir='ltr'><strong>et</strong></span> <span class='ocrx_word' id='word_1_440' title='bbox 1062 3764 1191 3818; x_wconf 87' lang='lat' dir='ltr'><strong>dare</strong></span> <span class='ocrx_word' id='word_1_441' title='bbox 1248 3764 1362 3819; x_wconf 89' lang='lat' dir='ltr'><strong>tibi.</strong></span> <span class='ocrx_word' id='word_1_442' title='bbox 1394 3762 1457 3817; x_wconf 84' lang='lat' dir='ltr'><strong>Et</strong></span> <span class='ocrx_word' id='word_1_443' title='bbox 1504 3763 1548 3817; x_wconf 91' lang='lat' dir='ltr'><strong>si</strong></span> <span class='ocrx_word' id='word_1_444' title='bbox 1604 3763 1693 3818; x_wconf 88' lang='lat' dir='ltr'><strong>ille</strong></span> 
     </span>
    </p>
   </div>
   <div class='ocr_carea' id='block_1_60' title="bbox 128 3855 1694 3926">
    <p class='ocr_par' dir='ltr' id='par_1_60' title="bbox 128 3855 1694 3926">
     <span class='ocr_line' id='line_1_60' title="bbox 128 3855 1694 3926; baseline 0.001 -18"><span class='ocrx_word' id='word_1_445' title='bbox 128 3857 527 3921; x_wconf 83' lang='lat' dir='ltr'><strong>perseveraverit</strong></span> <span class='ocrx_word' id='word_1_446' title='bbox 563 3857 813 3926; x_wconf 89' lang='lat' dir='ltr'><strong>pulsans,</strong></span> <span class='ocrx_word' id='word_1_447' title='bbox 837 3855 960 3909; x_wconf 88' lang='lat' dir='ltr'><strong>dico</strong></span> <span class='ocrx_word' id='word_1_448' title='bbox 988 3855 1162 3921; x_wconf 83' lang='lat' dir='ltr'><strong>vobis,</strong></span> <span class='ocrx_word' id='word_1_449' title='bbox 1194 3864 1249 3910; x_wconf 90' lang='lat' dir='ltr'><strong>et</strong></span> <span class='ocrx_word' id='word_1_450' title='bbox 1297 3855 1343 3909; x_wconf 88' lang='lat' dir='ltr'><strong>si</strong></span> <span class='ocrx_word' id='word_1_451' title='bbox 1394 3871 1501 3910; x_wconf 91' lang='lat' dir='ltr'><strong>non</strong></span> <span class='ocrx_word' id='word_1_452' title='bbox 1544 3855 1694 3910; x_wconf 86' lang='lat' dir='ltr'><strong>dabit</strong></span> 
     </span>
    </p>
   </div>
   <div class='ocr_carea' id='block_1_61' title="bbox 126 3944 1693 4016">
    <p class='ocr_par' dir='ltr' id='par_1_61' title="bbox 126 3944 1693 4016">
     <span class='ocr_line' id='line_1_61' title="bbox 126 3944 1693 4016; baseline 0.003 -21"><span class='ocrx_word' id='word_1_453' title='bbox 126 3945 189 3997; x_wconf 88' lang='lat' dir='ltr'><strong>illi</strong></span> <span class='ocrx_word' id='word_1_454' title='bbox 211 3961 453 4016; x_wconf 87' lang='lat' dir='ltr'><strong>surgens,</strong></span> <span class='ocrx_word' id='word_1_455' title='bbox 486 3964 556 4001; x_wconf 91' lang='lat' dir='ltr'><strong>eo</strong></span> <span class='ocrx_word' id='word_1_456' title='bbox 583 3945 732 4016; x_wconf 84' lang='lat' dir='ltr'><strong>quod</strong></span> <span class='ocrx_word' id='word_1_457' title='bbox 773 3945 985 3998; x_wconf 87' lang='lat' dir='ltr'><strong>amicus</strong></span> <span class='ocrx_word' id='word_1_458' title='bbox 1028 3945 1119 4009; x_wconf 91' lang='lat' dir='ltr'><strong>sit,</strong></span> <span class='ocrx_word' id='word_1_459' title='bbox 1137 3954 1357 4014; x_wconf 81' lang='lat' dir='ltr'><strong>propter</strong></span> <span class='ocrx_word' id='word_1_460' title='bbox 1377 3944 1693 4015; x_wconf 86' lang='lat' dir='ltr'><strong>improbita-</strong></span> 
     </span>
    </p>
   </div>
   <div class='ocr_carea' id='block_1_62' title="bbox 124 4034 1694 4106">
    <p class='ocr_par' dir='ltr' id='par_1_62' title="bbox 124 4034 1694 4106">
     <span class='ocr_line' id='line_1_62' title="bbox 124 4034 1694 4106; baseline 0.001 -17"><span class='ocrx_word' id='word_1_461' title='bbox 124 4042 215 4089; x_wconf 83' lang='lat' dir='ltr'><strong>tem</strong></span> <span class='ocrx_word' id='word_1_462' title='bbox 237 4044 408 4091; x_wconf 87' lang='lat' dir='ltr'><strong>tamen</strong></span> <span class='ocrx_word' id='word_1_463' title='bbox 454 4039 583 4106; x_wconf 83' lang='lat' dir='ltr'><strong>ejus</strong></span> <span class='ocrx_word' id='word_1_464' title='bbox 633 4045 837 4106; x_wconf 86' lang='lat' dir='ltr'><strong>surget,</strong></span> <span class='ocrx_word' id='word_1_465' title='bbox 864 4044 918 4089; x_wconf 88' lang='lat' dir='ltr'><strong>et</strong></span> <span class='ocrx_word' id='word_1_466' title='bbox 943 4034 1092 4088; x_wconf 89' lang='lat' dir='ltr'><strong>dabit</strong></span> <span class='ocrx_word' id='word_1_467' title='bbox 1130 4035 1205 4089; x_wconf 96' lang='lat' dir='ltr'><strong>illi</strong></span> <span class='ocrx_word' id='word_1_468' title='bbox 1230 4044 1498 4105; x_wconf 90' lang='lat' dir='ltr'><strong>quotquot</strong></span> <span class='ocrx_word' id='word_1_469' title='bbox 1531 4035 1694 4091; x_wconf 86' lang='lat' dir='ltr'><strong>habet</strong></span> 
     </span>
    </p>
   </div>
   <div class='ocr_carea' id='block_1_63' title="bbox 122 4126 1693 4197">
    <p class='ocr_par' dir='ltr' id='par_1_63' title="bbox 122 4126 1693 4197">
     <span class='ocr_line' id='line_1_63' title="bbox 122 4126 1693 4197; baseline 0.003 -20"><span class='ocrx_word' id='word_1_470' title='bbox 122 4131 440 4185; x_wconf 84' lang='lat' dir='ltr'><strong>necessarios</strong></span> <span class='ocrx_word' id='word_1_471' title='bbox 469 4130 634 4197; x_wconf 85' lang='lat' dir='ltr'><strong>(Luc.</strong></span> <span class='ocrx_word' id='word_1_472' title='bbox 660 4130 759 4190; x_wconf 70' lang='grc' dir='ltr'><strong>χι).</strong></span> <span class='ocrx_word' id='word_1_473' title='bbox 794 4147 813 4179; x_wconf 70' lang='grc' dir='ltr'><strong><em>ι</em></strong></span> <span class='ocrx_word' id='word_1_474' title='bbox 853 4126 1084 4194; x_wconf 87' lang='lat' dir='ltr'><strong>Quidam</strong></span> <span class='ocrx_word' id='word_1_475' title='bbox 1119 4127 1189 4182; x_wconf 89' lang='lat' dir='ltr'><strong>ibi</strong></span> <span class='ocrx_word' id='word_1_476' title='bbox 1233 4128 1437 4183; x_wconf 84' lang='lat' dir='ltr'><strong>faciunt</strong></span> <span class='ocrx_word' id='word_1_477' title='bbox 1464 4129 1693 4183; x_wconf 89' lang='lat' dir='ltr'><strong>interro-</strong></span> 
     </span>
    </p>
   </div>
   <div class='ocr_carea' id='block_1_64' title="bbox 121 4219 1689 4290">
    <p class='ocr_par' dir='ltr' id='par_1_64' title="bbox 121 4219 1689 4290">
     <span class='ocr_line' id='line_1_64' title="bbox 121 4219 1689 4290; baseline 0.004 -21"><span class='ocrx_word' id='word_1_478' title='bbox 121 4219 367 4285; x_wconf 74' lang='lat' dir='ltr'><strong>gationem</strong></span> <span class='ocrx_word' id='word_1_479' title='bbox 400 4240 413 4274; x_wconf 90' lang='lat'>:</span> <span class='ocrx_word' id='word_1_480' title='bbox 463 4240 481 4271; x_wconf 73' lang='grc' dir='ltr'>ι</span> <span class='ocrx_word' id='word_1_481' title='bbox 515 4219 641 4273; x_wconf 88' lang='lat' dir='ltr'><strong>Non</strong></span> <span class='ocrx_word' id='word_1_482' title='bbox 676 4235 901 4290; x_wconf 87' lang='lat' dir='ltr'><strong>possum</strong></span> <span class='ocrx_word' id='word_1_483' title='bbox 936 4233 1158 4289; x_wconf 86' lang='lat' dir='ltr'><strong>surgere</strong></span> <span class='ocrx_word' id='word_1_484' title='bbox 1186 4230 1236 4273; x_wconf 89' lang='lat' dir='ltr'><strong>et</strong></span> <span class='ocrx_word' id='word_1_485' title='bbox 1258 4220 1389 4274; x_wconf 89' lang='lat' dir='ltr'><strong>dare</strong></span> <span class='ocrx_word' id='word_1_486' title='bbox 1414 4220 1566 4287; x_wconf 64' lang='lat' dir='ltr'><strong>tibi,»</strong></span> <span class='ocrx_word' id='word_1_487' title='bbox 1594 4220 1689 4275; x_wconf 89' lang='lat' dir='ltr'><strong>sed</strong></span> 
     </span>
    </p>
   </div>
   <div class='ocr_carea' id='block_1_65' title="bbox 117 4309 1685 4383">
    <p class='ocr_par' dir='ltr' id='par_1_65' title="bbox 117 4309 1685 4383">
     <span class='ocr_line' id='line_1_65' title="bbox 117 4309 1685 4383; baseline 0.004 -23"><span class='ocrx_word' id='word_1_488' title='bbox 117 4309 258 4363; x_wconf 84' lang='lat' dir='ltr'><strong>etiam</strong></span> <span class='ocrx_word' id='word_1_489' title='bbox 280 4321 455 4366; x_wconf 89' lang='lat' dir='ltr'><strong>totum</strong></span> <span class='ocrx_word' id='word_1_490' title='bbox 483 4313 793 4382; x_wconf 87' lang='lat' dir='ltr'><strong>capitulum</strong></span> <span class='ocrx_word' id='word_1_491' title='bbox 817 4312 919 4366; x_wconf 93' lang='lat' dir='ltr'><strong>sub</strong></span> <span class='ocrx_word' id='word_1_492' title='bbox 943 4327 1054 4365; x_wconf 92' lang='lat' dir='ltr'><strong>uno</strong></span> <span class='ocrx_word' id='word_1_493' title='bbox 1074 4327 1233 4366; x_wconf 86' lang='lat' dir='ltr'><strong>versu</strong></span> <span class='ocrx_word' id='word_1_494' title='bbox 1253 4312 1330 4367; x_wconf 91' lang='lat' dir='ltr'><strong>sic</strong></span> <span class='ocrx_word' id='word_1_495' title='bbox 1351 4313 1448 4383; x_wconf 83' lang='lat' dir='ltr'><strong>legi</strong></span> <span class='ocrx_word' id='word_1_496' title='bbox 1470 4321 1648 4381; x_wconf 68' lang='lat' dir='ltr'><strong>potest</strong></span> <span class='ocrx_word' id='word_1_497' title='bbox 1672 4332 1685 4367; x_wconf 84' lang='lat'><strong>:</strong></span> 
     </span>
    </p>
   </div>
   <div class='ocr_carea' id='block_1_66' title="bbox 119 4398 1687 4474">
    <p class='ocr_par' dir='ltr' id='par_1_66' title="bbox 119 4398 1687 4474">
     <span class='ocr_line' id='line_1_66' title="bbox 119 4398 1687 4474; baseline 0.003 -21"><span class='ocrx_word' id='word_1_498' title='bbox 119 4398 234 4465; x_wconf 84' lang='lat' dir='ltr'><strong>Quis</strong></span> <span class='ocrx_word' id='word_1_499' title='bbox 258 4404 417 4457; x_wconf 90' lang='lat' dir='ltr'><strong>homo</strong></span> <span class='ocrx_word' id='word_1_500' title='bbox 451 4414 542 4459; x_wconf 87' lang='lat' dir='ltr'><strong>est</strong></span> <span class='ocrx_word' id='word_1_501' title='bbox 581 4424 599 4455; x_wconf 74' lang='grc' dir='ltr'>ι</span> <span class='ocrx_word' id='word_1_502' title='bbox 635 4404 679 4459; x_wconf 91' lang='lat' dir='ltr'><strong>si</strong></span> <span class='ocrx_word' id='word_1_503' title='bbox 726 4404 849 4474; x_wconf 91' lang='lat' dir='ltr'><strong>quis</strong></span> <span class='ocrx_word' id='word_1_504' title='bbox 895 4412 1136 4457; x_wconf 77' lang='lat' dir='ltr'><strong>vestrum</strong></span> <span class='ocrx_word' id='word_1_505' title='bbox 1170 4404 1389 4457; x_wconf 74' lang='lat' dir='ltr'><strong>habebit</strong></span> <span class='ocrx_word' id='word_1_506' title='bbox 1430 4404 1687 4470; x_wconf 89' lang='lat' dir='ltr'><strong>amicum,</strong></span> 
     </span>
    </p>
   </div>
   <div class='ocr_carea' id='block_1_67' title="bbox 112 4494 1692 4558">
    <p class='ocr_par' dir='ltr' id='par_1_67' title="bbox 112 4494 1692 4558">
     <span class='ocr_line' id='line_1_67' title="bbox 112 4494 1692 4558; baseline 0.004 -14"><span class='ocrx_word' id='word_1_507' title='bbox 112 4504 224 4558; x_wconf 87' lang='lat' dir='ltr'><strong>ctc.,</strong></span> <span class='ocrx_word' id='word_1_508' title='bbox 260 4506 312 4548; x_wconf 90' lang='lat' dir='ltr'><strong>et</strong></span> <span class='ocrx_word' id='word_1_509' title='bbox 362 4497 409 4550; x_wconf 92' lang='lat' dir='ltr'><strong>si</strong></span> <span class='ocrx_word' id='word_1_510' title='bbox 456 4496 551 4549; x_wconf 87' lang='lat' dir='ltr'><strong>ille</strong></span> <span class='ocrx_word' id='word_1_511' title='bbox 600 4496 817 4551; x_wconf 87' lang='lat' dir='ltr'><strong>deintus</strong></span> <span class='ocrx_word' id='word_1_512' title='bbox 860 4496 1004 4550; x_wconf 89' lang='lat' dir='ltr'><strong>dicat</strong></span> <span class='ocrx_word' id='word_1_513' title='bbox 1034 4515 1045 4548; x_wconf 88' lang='lat'><strong>:</strong></span> <span class='ocrx_word' id='word_1_514' title='bbox 1074 4494 1193 4549; x_wconf 88' lang='lat' dir='ltr'><strong>Noli</strong></span> <span class='ocrx_word' id='word_1_515' title='bbox 1251 4494 1381 4548; x_wconf 89' lang='lat' dir='ltr'><strong>mihi</strong></span> <span class='ocrx_word' id='word_1_516' title='bbox 1430 4497 1692 4551; x_wconf 83' lang='lat' dir='ltr'><strong>molestus</strong></span> 
     </span>
    </p>
   </div>
   <div class='ocr_carea' id='block_1_68' title="bbox 112 4587 1683 4656">
    <p class='ocr_par' dir='ltr' id='par_1_68' title="bbox 112 4587 1683 4656">
     <span class='ocr_line' id='line_1_68' title="bbox 112 4587 1683 4656; baseline 0.003 -22"><span class='ocrx_word' id='word_1_517' title='bbox 112 4598 235 4649; x_wconf 84' lang='lat' dir='ltr'><strong>esse,</strong></span> <span class='ocrx_word' id='word_1_518' title='bbox 260 4595 390 4651; x_wconf 77' lang='lat' dir='ltr'><strong>ctc.,</strong></span> <span class='ocrx_word' id='word_1_519' title='bbox 422 4596 482 4642; x_wconf 89' lang='lat' dir='ltr'><strong>et</strong></span> <span class='ocrx_word' id='word_1_520' title='bbox 537 4588 587 4643; x_wconf 91' lang='lat' dir='ltr'><strong>si</strong></span> <span class='ocrx_word' id='word_1_521' title='bbox 632 4587 720 4641; x_wconf 91' lang='lat' dir='ltr'><strong>ille</strong></span> <span class='ocrx_word' id='word_1_522' title='bbox 773 4587 1198 4656; x_wconf 86' lang='lat' dir='ltr'><strong>perseveraverit</strong></span> <span class='ocrx_word' id='word_1_523' title='bbox 1230 4588 1473 4656; x_wconf 87' lang='lat' dir='ltr'><strong>pulsans,</strong></span> <span class='ocrx_word' id='word_1_524' title='bbox 1504 4598 1632 4654; x_wconf 91' lang='lat' dir='ltr'><strong>ctc.,</strong></span> <span class='ocrx_word' id='word_1_525' title='bbox 1666 4608 1683 4639; x_wconf 75' lang='grc' dir='ltr'><strong><em>ι</em></strong></span> 
     </span>
    </p>
   </div>
   <div class='ocr_carea' id='block_1_69' title="bbox 110 4674 1745 4749">
    <p class='ocr_par' dir='ltr' id='par_1_69' title="bbox 110 4674 1745 4749">
     <span class='ocr_line' id='line_1_69' title="bbox 110 4674 1745 4749; baseline 0.006 -26"><span class='ocrx_word' id='word_1_526' title='bbox 110 4674 524 4749; x_wconf 33' lang='grc' dir='ltr'><strong>ιιίδὶιὸίιιπιιυι·</strong></span> <span class='ocrx_word' id='word_1_527' title='bbox 577 4678 672 4747; x_wconf 87' lang='lat' dir='ltr'><strong>qui</strong></span> <span class='ocrx_word' id='word_1_528' title='bbox 729 4694 835 4731; x_wconf 92' lang='lat' dir='ltr'><strong>non</strong></span> <span class='ocrx_word' id='word_1_529' title='bbox 902 4678 1063 4732; x_wconf 83' lang='lat' dir='ltr'><strong>modo</strong></span> <span class='ocrx_word' id='word_1_530' title='bbox 1116 4674 1344 4731; x_wconf 81' lang='lat' dir='ltr'><strong>fortnam</strong></span> <span class='ocrx_word' id='word_1_531' title='bbox 1387 4678 1687 4745; x_wconf 86' lang='lat' dir='ltr'><strong>orationis,</strong></span> <span class='ocrx_word' id='word_1_532' title='bbox 1737 4704 1745 4723; x_wconf 80' lang='grc' dir='ltr'>ι</span> 
     </span>
    </p>
   </div>
   <div class='ocr_carea' id='block_1_70' title="bbox 109 4766 1689 4841">
    <p class='ocr_par' dir='ltr' id='par_1_70' title="bbox 109 4766 1689 4841">
     <span class='ocr_line' id='line_1_70' title="bbox 109 4766 1689 4841; baseline 0.008 -24"><span class='ocrx_word' id='word_1_533' title='bbox 109 4766 189 4818; x_wconf 85' lang='lat' dir='ltr'><strong>sed</strong></span> <span class='ocrx_word' id='word_1_534' title='bbox 217 4767 541 4824; x_wconf 83' lang='lat' dir='ltr'><strong>instantiam</strong></span> <span class='ocrx_word' id='word_1_535' title='bbox 588 4770 1058 4841; x_wconf 88' lang='lat' dir='ltr'><strong>frequentiamqne</strong></span> <span class='ocrx_word' id='word_1_536' title='bbox 1112 4771 1333 4825; x_wconf 89' lang='lat' dir='ltr'><strong>tradidit</strong></span> <span class='ocrx_word' id='word_1_537' title='bbox 1380 4772 1689 4829; x_wconf 87' lang='lat' dir='ltr'><strong>erandius-</strong></span> 
     </span>
    </p>
   </div>
   <div class='ocr_carea' id='block_1_71' title="bbox 105 4859 1689 4930">
    <p class='ocr_par' dir='ltr' id='par_1_71' title="bbox 105 4859 1689 4930">
     <span class='ocr_line' id='line_1_71' title="bbox 105 4859 1689 4930; baseline 0.006 -21"><span class='ocrx_word' id='word_1_538' title='bbox 105 4872 198 4923; x_wconf 85' lang='lat' dir='ltr'><strong>que</strong></span> <span class='ocrx_word' id='word_1_539' title='bbox 218 4859 282 4913; x_wconf 87' lang='lat' dir='ltr'><strong>ad</strong></span> <span class='ocrx_word' id='word_1_540' title='bbox 310 4862 742 4916; x_wconf 85' lang='lat' dir='ltr'><strong>similitudinem</strong></span> <span class='ocrx_word' id='word_1_541' title='bbox 777 4862 1174 4930; x_wconf 83' lang='lat' dir='ltr'><strong>improbitatis?</strong></span> <span class='ocrx_word' id='word_1_542' title='bbox 1204 4862 1347 4917; x_wconf 84' lang='lat' dir='ltr'><strong>Usus</strong></span> <span class='ocrx_word' id='word_1_543' title='bbox 1387 4873 1463 4918; x_wconf 85' lang='lat' dir='ltr'><strong>est</strong></span> <span class='ocrx_word' id='word_1_544' title='bbox 1503 4879 1689 4919; x_wconf 78' lang='lat' dir='ltr'><strong>excin-</strong></span> 
     </span>
    </p>
   </div>
   <div class='ocr_carea' id='block_1_72' title="bbox 105 4950 1684 5025">
    <p class='ocr_par' dir='ltr' id='par_1_72' title="bbox 105 4950 1684 5025">
     <span class='ocr_line' id='line_1_72' title="bbox 105 4950 1684 5025; baseline 0.009 -27"><span class='ocrx_word' id='word_1_545' title='bbox 105 4950 182 5013; x_wconf 86' lang='lat' dir='ltr'><strong>plo</strong></span> <span class='ocrx_word' id='word_1_546' title='bbox 207 4966 236 5003; x_wconf 91' lang='lat' dir='ltr'><strong>a</strong></span> <span class='ocrx_word' id='word_1_547' title='bbox 264 4954 583 5018; x_wconf 89' lang='lat' dir='ltr'><strong>contrario,</strong></span> <span class='ocrx_word' id='word_1_548' title='bbox 616 4953 759 5008; x_wconf 89' lang='lat' dir='ltr'><strong>sicut</strong></span> <span class='ocrx_word' id='word_1_549' title='bbox 799 4954 867 5009; x_wconf 89' lang='lat' dir='ltr'><strong>de</strong></span> <span class='ocrx_word' id='word_1_550' title='bbox 917 4955 1010 5008; x_wconf 91' lang='lat' dir='ltr'><strong>illo</strong></span> <span class='ocrx_word' id='word_1_551' title='bbox 1051 4953 1235 5023; x_wconf 82' lang='lat' dir='ltr'><strong>judice</strong></span> <span class='ocrx_word' id='word_1_552' title='bbox 1272 4956 1363 5025; x_wconf 87' lang='lat' dir='ltr'><strong>qui</strong></span> <span class='ocrx_word' id='word_1_553' title='bbox 1391 4972 1488 5010; x_wconf 88' lang='lat' dir='ltr'><strong>nec</strong></span> <span class='ocrx_word' id='word_1_554' title='bbox 1516 4955 1684 5012; x_wconf 89' lang='lat' dir='ltr'><strong>Deum</strong></span> 
     </span>
    </p>
   </div>
   <div class='ocr_carea' id='block_1_73' title="bbox 101 5042 1689 5111">
    <p class='ocr_par' dir='ltr' id='par_1_73' title="bbox 101 5042 1689 5111">
     <span class='ocr_line' id='line_1_73' title="bbox 101 5042 1689 5111; baseline 0.006 -18"><span class='ocrx_word' id='word_1_555' title='bbox 101 5042 134 5094; x_wconf 88' lang='lat' dir='ltr'><strong>ti</strong></span> <span class='ocrx_word' id='word_1_556' title='bbox 156 5043 330 5111; x_wconf 54' lang='lat' dir='ltr'><strong>nebat,</strong></span> <span class='ocrx_word' id='word_1_557' title='bbox 367 5061 476 5100; x_wconf 85' lang='lat' dir='ltr'><strong>nec</strong></span> <span class='ocrx_word' id='word_1_558' title='bbox 524 5046 779 5100; x_wconf 76' lang='lat' dir='ltr'><strong>[nomines</strong></span> <span class='ocrx_word' id='word_1_559' title='bbox 826 5046 1189 5111; x_wconf 87' lang='lat' dir='ltr'><strong>reverehatur,</strong></span> <span class='ocrx_word' id='word_1_560' title='bbox 1220 5057 1274 5101; x_wconf 90' lang='lat' dir='ltr'><strong>et</strong></span> <span class='ocrx_word' id='word_1_561' title='bbox 1308 5058 1488 5102; x_wconf 89' lang='lat' dir='ltr'><strong>tamen</strong></span> <span class='ocrx_word' id='word_1_562' title='bbox 1529 5049 1689 5104; x_wconf 65' lang='lat' dir='ltr'><strong>taedio</strong></span> 
     </span>
    </p>
   </div>
   <div class='ocr_carea' id='block_1_74' title="bbox 100 5136 1687 5208">
    <p class='ocr_par' dir='ltr' id='par_1_74' title="bbox 100 5136 1687 5208">
     <span class='ocr_line' id='line_1_74' title="bbox 100 5136 1687 5208; baseline 0.005 -20"><span class='ocrx_word' id='word_1_563' title='bbox 100 5136 264 5192; x_wconf 84' lang='lat' dir='ltr'><strong>victus</strong></span> <span class='ocrx_word' id='word_1_564' title='bbox 295 5139 607 5194; x_wconf 85' lang='lat' dir='ltr'><strong>vindicavit</strong></span> <span class='ocrx_word' id='word_1_565' title='bbox 648 5138 865 5192; x_wconf 87' lang='lat' dir='ltr'><strong>viduam</strong></span> <span class='ocrx_word' id='word_1_566' title='bbox 891 5138 1039 5207; x_wconf 86' lang='lat' dir='ltr'><strong>(Luc.</strong></span> <span class='ocrx_word' id='word_1_567' title='bbox 1076 5138 1254 5208; x_wconf 81' lang='lat' dir='ltr'><strong>xvm).</strong></span> <span class='ocrx_word' id='word_1_568' title='bbox 1294 5137 1451 5194; x_wconf 73' lang='lat' dir='ltr'><strong>Venit</strong></span> <span class='ocrx_word' id='word_1_569' title='bbox 1478 5142 1687 5196; x_wconf 85' lang='lat' dir='ltr'><strong>amicus</strong></span> 
     </span>
    </p>
   </div>
   <div class='ocr_carea' id='block_1_75' title="bbox 96 5225 1687 5297">
    <p class='ocr_par' dir='ltr' id='par_1_75' title="bbox 96 5225 1687 5297">
     <span class='ocr_line' id='line_1_75' title="bbox 96 5225 1687 5297; baseline 0.003 -17"><span class='ocrx_word' id='word_1_570' title='bbox 96 5225 155 5281; x_wconf 86' lang='lat' dir='ltr'><strong>de</strong></span> <span class='ocrx_word' id='word_1_571' title='bbox 181 5228 285 5295; x_wconf 87' lang='lat' dir='ltr'><strong>via,</strong></span> <span class='ocrx_word' id='word_1_572' title='bbox 333 5230 405 5285; x_wconf 86' lang='lat' dir='ltr'><strong>de</strong></span> <span class='ocrx_word' id='word_1_573' title='bbox 453 5231 572 5283; x_wconf 90' lang='lat' dir='ltr'><strong>vita</strong></span> <span class='ocrx_word' id='word_1_574' title='bbox 620 5229 783 5297; x_wconf 88' lang='lat' dir='ltr'><strong>hujus</strong></span> <span class='ocrx_word' id='word_1_575' title='bbox 813 5228 995 5282; x_wconf 68' lang='lat' dir='ltr'><strong>seculi</strong></span> <span class='ocrx_word' id='word_1_576' title='bbox 1026 5228 1190 5293; x_wconf 89' lang='lat' dir='ltr'><strong>mala,</strong></span> <span class='ocrx_word' id='word_1_577' title='bbox 1244 5243 1351 5281; x_wconf 94' lang='lat' dir='ltr'><strong>non</strong></span> <span class='ocrx_word' id='word_1_578' title='bbox 1404 5228 1687 5285; x_wconf 83' lang='lat' dir='ltr'><strong>inveniens</strong></span> 
     </span>
    </p>
   </div>
   <div class='ocr_carea' id='block_1_76' title="bbox 94 5316 1684 5389">
    <p class='ocr_par' dir='ltr' id='par_1_76' title="bbox 94 5316 1684 5389">
     <span class='ocr_line' id='line_1_76' title="bbox 94 5316 1684 5389; baseline 0.002 -21"><span class='ocrx_word' id='word_1_579' title='bbox 94 5319 364 5375; x_wconf 77' lang='lat' dir='ltr'><strong>veritatem</strong></span> <span class='ocrx_word' id='word_1_580' title='bbox 392 5336 512 5389; x_wconf 86' lang='lat' dir='ltr'><strong>qua</strong></span> <span class='ocrx_word' id='word_1_581' title='bbox 549 5320 739 5374; x_wconf 87' lang='lat' dir='ltr'><strong>beatus</strong></span> <span class='ocrx_word' id='word_1_582' title='bbox 769 5319 879 5372; x_wconf 86' lang='lat' dir='ltr'><strong>fiat.</strong></span> <span class='ocrx_word' id='word_1_583' title='bbox 918 5316 1075 5373; x_wconf 86' lang='lat' dir='ltr'><strong>Venit</strong></span> <span class='ocrx_word' id='word_1_584' title='bbox 1098 5319 1163 5372; x_wconf 89' lang='lat' dir='ltr'><strong>ad</strong></span> <span class='ocrx_word' id='word_1_585' title='bbox 1207 5327 1258 5373; x_wconf 88' lang='lat' dir='ltr'><strong>te</strong></span> <span class='ocrx_word' id='word_1_586' title='bbox 1285 5318 1684 5382; x_wconf 88' lang='lat' dir='ltr'><strong>Christianum,</strong></span> 
     </span>
    </p>
   </div>
   <div class='ocr_carea' id='block_1_77' title="bbox 92 5409 1678 5476">
    <p class='ocr_par' dir='ltr' id='par_1_77' title="bbox 92 5409 1678 5476">
     <span class='ocr_line' id='line_1_77' title="bbox 92 5409 1678 5476; baseline 0.001 -14"><span class='ocrx_word' id='word_1_587' title='bbox 92 5418 139 5463; x_wconf 81' lang='lat' dir='ltr'><strong>et</strong></span> <span class='ocrx_word' id='word_1_588' title='bbox 163 5410 293 5465; x_wconf 91' lang='lat' dir='ltr'><strong>dicit</strong></span> <span class='ocrx_word' id='word_1_589' title='bbox 328 5430 344 5466; x_wconf 91' lang='lat'>:</span> <span class='ocrx_word' id='word_1_590' title='bbox 376 5411 577 5466; x_wconf 80' lang='lat' dir='ltr'><strong>Redde</strong></span> <span class='ocrx_word' id='word_1_591' title='bbox 606 5409 738 5464; x_wconf 91' lang='lat' dir='ltr'><strong>mihi</strong></span> <span class='ocrx_word' id='word_1_592' title='bbox 767 5411 1056 5476; x_wconf 88' lang='lat' dir='ltr'><strong>rationem,</strong></span> <span class='ocrx_word' id='word_1_593' title='bbox 1084 5421 1138 5465; x_wconf 89' lang='lat' dir='ltr'><strong>et</strong></span> <span class='ocrx_word' id='word_1_594' title='bbox 1163 5411 1286 5465; x_wconf 84' lang='lat' dir='ltr'><strong>tiam</strong></span> <span class='ocrx_word' id='word_1_595' title='bbox 1316 5410 1678 5465; x_wconf 73' lang='lat' dir='ltr'><strong>Christianus.</strong></span> 
     </span>
    </p>
   </div>
   <div class='ocr_carea' id='block_1_78' title="bbox 91 5498 1681 5572">
    <p class='ocr_par' dir='ltr' id='par_1_78' title="bbox 91 5498 1681 5572">
     <span class='ocr_line' id='line_1_78' title="bbox 91 5498 1681 5572; baseline 0.003 -22"><span class='ocrx_word' id='word_1_596' title='bbox 91 5498 388 5572; x_wconf 75' lang='lat' dir='ltr'><strong>lnterrogat</strong></span> <span class='ocrx_word' id='word_1_597' title='bbox 435 5512 493 5557; x_wconf 89' lang='lat' dir='ltr'><strong>te</strong></span> <span class='ocrx_word' id='word_1_598' title='bbox 550 5501 695 5571; x_wconf 89' lang='lat' dir='ltr'><strong>quod</strong></span> <span class='ocrx_word' id='word_1_599' title='bbox 753 5502 980 5556; x_wconf 89' lang='lat' dir='ltr'><strong>forsitan</strong></span> <span class='ocrx_word' id='word_1_600' title='bbox 1029 5503 1228 5568; x_wconf 84' lang='lat' dir='ltr'><strong>nescis,</strong></span> <span class='ocrx_word' id='word_1_601' title='bbox 1257 5511 1311 5556; x_wconf 91' lang='lat' dir='ltr'><strong>et</strong></span> <span class='ocrx_word' id='word_1_602' title='bbox 1341 5517 1447 5555; x_wconf 91' lang='lat' dir='ltr'><strong>non</strong></span> <span class='ocrx_word' id='word_1_603' title='bbox 1477 5501 1681 5556; x_wconf 83' lang='lat' dir='ltr'><strong>esttibi</strong></span> 
     </span>
    </p>
   </div>
   <div class='ocr_carea' id='block_1_79' title="bbox 89 5591 1683 5662">
    <p class='ocr_par' dir='ltr' id='par_1_79' title="bbox 89 5591 1683 5662">
     <span class='ocr_line' id='line_1_79' title="bbox 89 5591 1683 5662; baseline 0.003 -20"><span class='ocrx_word' id='word_1_604' title='bbox 89 5591 225 5645; x_wconf 85' lang='lat' dir='ltr'><strong>unde</strong></span> <span class='ocrx_word' id='word_1_605' title='bbox 260 5593 491 5648; x_wconf 76' lang='lat' dir='ltr'><strong>reﬂeias</strong></span> <span class='ocrx_word' id='word_1_606' title='bbox 541 5593 894 5660; x_wconf 88' lang='lat' dir='ltr'><strong>esurientem,</strong></span> <span class='ocrx_word' id='word_1_607' title='bbox 922 5594 1014 5649; x_wconf 83' lang='lat' dir='ltr'><strong>sed</strong></span> <span class='ocrx_word' id='word_1_608' title='bbox 1037 5610 1163 5650; x_wconf 89' lang='lat' dir='ltr'><strong>eum</strong></span> <span class='ocrx_word' id='word_1_609' title='bbox 1190 5594 1270 5649; x_wconf 87' lang='lat' dir='ltr'><strong>vis</strong></span> <span class='ocrx_word' id='word_1_610' title='bbox 1302 5593 1496 5647; x_wconf 89' lang='lat' dir='ltr'><strong>docere</strong></span> <span class='ocrx_word' id='word_1_611' title='bbox 1522 5608 1683 5662; x_wconf 84' lang='lat' dir='ltr'><strong>coge-</strong></span> 
     </span>
    </p>
   </div>
   <div class='ocr_carea' id='block_1_80' title="bbox 87 5681 1686 5750">
    <p class='ocr_par' dir='ltr' id='par_1_80' title="bbox 87 5681 1686 5750">
     <span class='ocr_line' id='line_1_80' title="bbox 87 5681 1686 5750; baseline 0.003 -19"><span class='ocrx_word' id='word_1_612' title='bbox 87 5681 158 5734; x_wconf 85' lang='lat' dir='ltr'><strong>ris</strong></span> <span class='ocrx_word' id='word_1_613' title='bbox 204 5684 447 5737; x_wconf 68' lang='lat' dir='ltr'><strong>discere.</strong></span> <span class='ocrx_word' id='word_1_614' title='bbox 482 5681 592 5737; x_wconf 87' lang='lat' dir='ltr'><strong>Ubi</strong></span> <span class='ocrx_word' id='word_1_615' title='bbox 633 5683 853 5750; x_wconf 80' lang='lat' dir='ltr'><strong>disces,</strong></span> <span class='ocrx_word' id='word_1_616' title='bbox 906 5685 1008 5738; x_wconf 91' lang='lat' dir='ltr'><strong>nisi</strong></span> <span class='ocrx_word' id='word_1_617' title='bbox 1063 5686 1115 5738; x_wconf 92' lang='lat' dir='ltr'><strong>in</strong></span> <span class='ocrx_word' id='word_1_618' title='bbox 1177 5683 1466 5739; x_wconf 88' lang='lat' dir='ltr'><strong>dominicis</strong></span> <span class='ocrx_word' id='word_1_619' title='bbox 1497 5682 1686 5738; x_wconf 79' lang='lat' dir='ltr'><strong>libris?</strong></span> 
     </span>
    </p>
   </div>
   <div class='ocr_carea' id='block_1_81' title="bbox 87 5770 1683 5845">
    <p class='ocr_par' dir='ltr' id='par_1_81' title="bbox 87 5770 1683 5845">
     <span class='ocr_line' id='line_1_81' title="bbox 87 5770 1683 5845; baseline 0.001 -17"><span class='ocrx_word' id='word_1_620' title='bbox 87 5770 182 5830; x_wconf 76' lang='lat' dir='ltr'><strong>Sed</strong></span> <span class='ocrx_word' id='word_1_621' title='bbox 208 5775 478 5834; x_wconf 81' lang='lat' dir='ltr'><strong>fortassis</strong></span> <span class='ocrx_word' id='word_1_622' title='bbox 504 5777 562 5829; x_wconf 87' lang='lat' dir='ltr'><strong>in</strong></span> <span class='ocrx_word' id='word_1_623' title='bbox 600 5777 752 5830; x_wconf 81' lang='lat' dir='ltr'><strong>libris</strong></span> <span class='ocrx_word' id='word_1_624' title='bbox 784 5777 1014 5828; x_wconf 75' lang='lat' dir='ltr'><strong>obscure</strong></span> <span class='ocrx_word' id='word_1_625' title='bbox 1048 5776 1283 5845; x_wconf 70' lang='lat' dir='ltr'><strong>positum</strong></span> <span class='ocrx_word' id='word_1_626' title='bbox 1311 5784 1393 5827; x_wconf 80' lang='lat' dir='ltr'><strong>est</strong></span> <span class='ocrx_word' id='word_1_627' title='bbox 1441 5774 1583 5842; x_wconf 82' lang='lat' dir='ltr'><strong>quod</strong></span> <span class='ocrx_word' id='word_1_628' title='bbox 1633 5785 1683 5829; x_wconf 90' lang='lat' dir='ltr'><strong>te</strong></span> 
     </span>
    </p>
   </div>
   <div class='ocr_carea' id='block_1_82' title="bbox 996 5906 1033 5933">
    <p class='ocr_par' dir='ltr' id='par_1_82' title="bbox 996 5906 1033 5933">
     <span class='ocr_line' id='line_1_82' title="bbox 996 5906 1033 5933; baseline 0 -20"><span class='ocrx_word' id='word_1_629' title='bbox 996 5906 1033 5933; x_wconf 51' lang='grc' dir='ltr'><strong>α.</strong></span> 
     </span>
    </p>
   </div>
   <div class='ocr_carea' id='block_1_83' title="bbox 1799 3302 3388 3373">
    <p class='ocr_par' dir='ltr' id='par_1_83' title="bbox 1799 3302 3388 3373">
     <span class='ocr_line' id='line_1_83' title="bbox 1799 3302 3388 3373; baseline 0.003 -18"><span class='ocrx_word' id='word_1_630' title='bbox 1799 3310 2095 3373; x_wconf 81' lang='lat' dir='ltr'><strong>terrogare,</strong></span> <span class='ocrx_word' id='word_1_631' title='bbox 2117 3302 2244 3371; x_wconf 88' lang='lat' dir='ltr'><strong>quia</strong></span> <span class='ocrx_word' id='word_1_632' title='bbox 2263 3303 2375 3372; x_wconf 89' lang='lat' dir='ltr'><strong>jam</strong></span> <span class='ocrx_word' id='word_1_633' title='bbox 2401 3304 2691 3373; x_wconf 85' lang='lat' dir='ltr'><strong>requiescit</strong></span> <span class='ocrx_word' id='word_1_634' title='bbox 2734 3303 2835 3359; x_wconf 89' lang='lat' dir='ltr'><strong>ista</strong></span> <span class='ocrx_word' id='word_1_635' title='bbox 2871 3302 3073 3359; x_wconf 86' lang='lat' dir='ltr'><strong>familia</strong></span> <span class='ocrx_word' id='word_1_636' title='bbox 3103 3321 3228 3360; x_wconf 91' lang='lat' dir='ltr'><strong>cum</strong></span> <span class='ocrx_word' id='word_1_637' title='bbox 3276 3304 3388 3361; x_wconf 91' lang='lat' dir='ltr'><strong>Do-</strong></span> 
     </span>
    </p>
   </div>
   <div class='ocr_carea' id='block_1_84' title="bbox 1801 3394 3383 3466">
    <p class='ocr_par' dir='ltr' id='par_1_84' title="bbox 1801 3394 3383 3466">
     <span class='ocr_line' id='line_1_84' title="bbox 1801 3394 3383 3466; baseline 0.003 -17"><span class='ocrx_word' id='word_1_638' title='bbox 1801 3395 1952 3449; x_wconf 91' lang='lat' dir='ltr'><strong>mino</strong></span> <span class='ocrx_word' id='word_1_639' title='bbox 1999 3409 2120 3449; x_wconf 87' lang='lat' dir='ltr'><strong>suo.</strong></span> <span class='ocrx_word' id='word_1_640' title='bbox 2153 3394 2322 3449; x_wconf 85' lang='lat' dir='ltr'><strong>Media</strong></span> <span class='ocrx_word' id='word_1_641' title='bbox 2372 3411 2477 3450; x_wconf 83' lang='lat' dir='ltr'><strong>nox</strong></span> <span class='ocrx_word' id='word_1_642' title='bbox 2524 3404 2609 3451; x_wconf 89' lang='lat' dir='ltr'><strong>est</strong></span> <span class='ocrx_word' id='word_1_643' title='bbox 2650 3395 2825 3451; x_wconf 89' lang='lat' dir='ltr'><strong>valida</strong></span> <span class='ocrx_word' id='word_1_644' title='bbox 2886 3396 3210 3466; x_wconf 88' lang='lat' dir='ltr'><strong>ignorantia.</strong></span> <span class='ocrx_word' id='word_1_645' title='bbox 3261 3397 3383 3453; x_wconf 81' lang='lat' dir='ltr'><strong>Non</strong></span> 
     </span>
    </p>
   </div>
   <div class='ocr_carea' id='block_1_85' title="bbox 1796 3487 3382 3563">
    <p class='ocr_par' dir='ltr' id='par_1_85' title="bbox 1796 3487 3382 3563">
     <span class='ocr_line' id='line_1_85' title="bbox 1796 3487 3382 3563; baseline 0.002 -20"><span class='ocrx_word' id='word_1_646' title='bbox 1796 3488 1918 3544; x_wconf 87' lang='lat' dir='ltr'><strong>ideo</strong></span> <span class='ocrx_word' id='word_1_647' title='bbox 1950 3487 2283 3542; x_wconf 88' lang='lat' dir='ltr'><strong>deserendus</strong></span> <span class='ocrx_word' id='word_1_648' title='bbox 2324 3497 2409 3543; x_wconf 82' lang='lat' dir='ltr'><strong>est</strong></span> <span class='ocrx_word' id='word_1_649' title='bbox 2455 3489 2666 3544; x_wconf 87' lang='lat' dir='ltr'><strong>amicus</strong></span> <span class='ocrx_word' id='word_1_650' title='bbox 2697 3489 2971 3555; x_wconf 82' lang='lat' dir='ltr'><strong>esuriens,</strong></span> <span class='ocrx_word' id='word_1_651' title='bbox 3000 3490 3092 3560; x_wconf 91' lang='lat' dir='ltr'><strong>qui</strong></span> <span class='ocrx_word' id='word_1_652' title='bbox 3119 3500 3170 3545; x_wconf 88' lang='lat' dir='ltr'><strong>te</strong></span> <span class='ocrx_word' id='word_1_653' title='bbox 3198 3499 3382 3563; x_wconf 83' lang='lat' dir='ltr'><strong>urget.</strong></span> 
     </span>
    </p>
   </div>
   <div class='ocr_carea' id='block_1_86' title="bbox 1798 3579 3372 3653">
    <p class='ocr_par' dir='ltr' id='par_1_86' title="bbox 1798 3579 3372 3653">
     <span class='ocr_line' id='line_1_86' title="bbox 1798 3579 3372 3653; baseline 0.001 -17"><span class='ocrx_word' id='word_1_654' title='bbox 1798 3581 1892 3636; x_wconf 85' lang='lat' dir='ltr'><strong>sed</strong></span> <span class='ocrx_word' id='word_1_655' title='bbox 1916 3581 2135 3650; x_wconf 88' lang='lat' dir='ltr'><strong>pulsare</strong></span> <span class='ocrx_word' id='word_1_656' title='bbox 2161 3581 2324 3636; x_wconf 88' lang='lat' dir='ltr'><strong>debes</strong></span> <span class='ocrx_word' id='word_1_657' title='bbox 2352 3580 2421 3635; x_wconf 90' lang='lat' dir='ltr'><strong>ad</strong></span> <span class='ocrx_word' id='word_1_658' title='bbox 2448 3580 2625 3653; x_wconf 88' lang='lat' dir='ltr'><strong>ipsum</strong></span> <span class='ocrx_word' id='word_1_659' title='bbox 2656 3579 2971 3647; x_wconf 89' lang='lat' dir='ltr'><strong>Dominum,</strong></span> <span class='ocrx_word' id='word_1_660' title='bbox 3003 3597 3126 3636; x_wconf 88' lang='lat' dir='ltr'><strong>cum</strong></span> <span class='ocrx_word' id='word_1_661' title='bbox 3150 3598 3262 3652; x_wconf 92' lang='lat' dir='ltr'><strong>quo</strong></span> <span class='ocrx_word' id='word_1_662' title='bbox 3290 3598 3372 3637; x_wconf 60' lang='lat' dir='ltr'><strong>cae</strong></span> 
     </span>
    </p>
   </div>
   <div class='ocr_carea' id='block_1_87' title="bbox 1795 3670 3387 3741">
    <p class='ocr_par' dir='ltr' id='par_1_87' title="bbox 1795 3670 3387 3741">
     <span class='ocr_line' id='line_1_87' title="bbox 1795 3670 3387 3741; baseline 0.003 -16"><span class='ocrx_word' id='word_1_663' title='bbox 1795 3671 1951 3741; x_wconf 88' lang='lat' dir='ltr'><strong>piens</strong></span> <span class='ocrx_word' id='word_1_664' title='bbox 1995 3670 2200 3727; x_wconf 85' lang='lat' dir='ltr'><strong>familia</strong></span> <span class='ocrx_word' id='word_1_665' title='bbox 2249 3672 2561 3741; x_wconf 88' lang='lat' dir='ltr'><strong>requiescit.</strong></span> <span class='ocrx_word' id='word_1_666' title='bbox 2592 3671 2695 3737; x_wconf 85' lang='lat' dir='ltr'><strong>Qui</strong></span> <span class='ocrx_word' id='word_1_667' title='bbox 2744 3672 2790 3726; x_wconf 88' lang='lat' dir='ltr'><strong>si</strong></span> <span class='ocrx_word' id='word_1_668' title='bbox 2844 3673 3025 3729; x_wconf 86' lang='lat' dir='ltr'><strong>ditl&#39;ert</strong></span> <span class='ocrx_word' id='word_1_669' title='bbox 3069 3675 3233 3738; x_wconf 87' lang='lat' dir='ltr'><strong>dare,</strong></span> <span class='ocrx_word' id='word_1_670' title='bbox 3268 3674 3387 3729; x_wconf 78' lang='lat' dir='ltr'><strong>vult</strong></span> 
     </span>
    </p>
   </div>
   <div class='ocr_carea' id='block_1_88' title="bbox 1798 3762 3387 3831">
    <p class='ocr_par' dir='ltr' id='par_1_88' title="bbox 1798 3762 3387 3831">
     <span class='ocr_line' id='line_1_88' title="bbox 1798 3762 3387 3831; baseline 0.001 -14"><span class='ocrx_word' id='word_1_671' title='bbox 1798 3772 1976 3817; x_wconf 88' lang='lat' dir='ltr'><strong>tamen</strong></span> <span class='ocrx_word' id='word_1_672' title='bbox 2008 3780 2022 3816; x_wconf 92' lang='lat'>:</span> <span class='ocrx_word' id='word_1_673' title='bbox 2053 3762 2147 3818; x_wconf 90' lang='lat' dir='ltr'><strong>sed</strong></span> <span class='ocrx_word' id='word_1_674' title='bbox 2191 3763 2306 3816; x_wconf 89' lang='lat' dir='ltr'><strong>vult</strong></span> <span class='ocrx_word' id='word_1_675' title='bbox 2356 3772 2418 3817; x_wconf 90' lang='lat' dir='ltr'><strong>ut</strong></span> <span class='ocrx_word' id='word_1_676' title='bbox 2470 3763 2706 3831; x_wconf 83' lang='lat' dir='ltr'><strong>amplius</strong></span> <span class='ocrx_word' id='word_1_677' title='bbox 2732 3762 3014 3818; x_wconf 89' lang='lat' dir='ltr'><strong>desideres</strong></span> <span class='ocrx_word' id='word_1_678' title='bbox 3040 3763 3287 3830; x_wconf 87' lang='lat' dir='ltr'><strong>dilatum,</strong></span> <span class='ocrx_word' id='word_1_679' title='bbox 3315 3780 3387 3820; x_wconf 80' lang='lat' dir='ltr'><strong>ne</strong></span> 
     </span>
    </p>
   </div>
   <div class='ocr_carea' id='block_1_89' title="bbox 1794 3852 3384 3924">
    <p class='ocr_par' dir='ltr' id='par_1_89' title="bbox 1794 3852 3384 3924">
     <span class='ocr_line' id='line_1_89' title="bbox 1794 3852 3384 3924; baseline 0.002 -16"><span class='ocrx_word' id='word_1_680' title='bbox 1794 3854 2020 3908; x_wconf 89' lang='lat' dir='ltr'><strong>vilescat</strong></span> <span class='ocrx_word' id='word_1_681' title='bbox 2046 3855 2155 3909; x_wconf 90' lang='lat' dir='ltr'><strong>cito</strong></span> <span class='ocrx_word' id='word_1_682' title='bbox 2192 3854 2398 3908; x_wconf 90' lang='lat' dir='ltr'><strong>datum.</strong></span> <span class='ocrx_word' id='word_1_683' title='bbox 2429 3852 2567 3907; x_wconf 87' lang='lat' dir='ltr'><strong>Cum</strong></span> <span class='ocrx_word' id='word_1_684' title='bbox 2614 3863 2795 3908; x_wconf 87' lang='lat' dir='ltr'><strong>autem</strong></span> <span class='ocrx_word' id='word_1_685' title='bbox 2830 3858 3141 3924; x_wconf 74' lang='lat' dir='ltr'><strong>perveneris</strong></span> <span class='ocrx_word' id='word_1_686' title='bbox 3182 3857 3251 3911; x_wconf 91' lang='lat' dir='ltr'><strong>ad</strong></span> <span class='ocrx_word' id='word_1_687' title='bbox 3299 3858 3384 3910; x_wconf 91' lang='lat' dir='ltr'><strong>in-</strong></span> 
     </span>
    </p>
   </div>
   <div class='ocr_carea' id='block_1_90' title="bbox 1795 3944 3385 4016">
    <p class='ocr_par' dir='ltr' id='par_1_90' title="bbox 1795 3944 3385 4016">
     <span class='ocr_line' id='line_1_90' title="bbox 1795 3944 3385 4016; baseline 0.001 -17"><span class='ocrx_word' id='word_1_688' title='bbox 1795 3945 2143 4014; x_wconf 83' lang='lat' dir='ltr'><strong>telligentiam</strong></span> <span class='ocrx_word' id='word_1_689' title='bbox 2200 3944 2529 4009; x_wconf 86' lang='lat' dir='ltr'><strong>Trinitatis,</strong></span> <span class='ocrx_word' id='word_1_690' title='bbox 2588 3945 2756 3998; x_wconf 85' lang='lat' dir='ltr'><strong>habes</strong></span> <span class='ocrx_word' id='word_1_691' title='bbox 2820 3959 2929 4000; x_wconf 86' lang='lat' dir='ltr'><strong>tres</strong></span> <span class='ocrx_word' id='word_1_692' title='bbox 2993 3963 3161 4016; x_wconf 82' lang='lat' dir='ltr'><strong>panes</strong></span> <span class='ocrx_word' id='word_1_693' title='bbox 3234 3948 3385 4002; x_wconf 87' lang='lat' dir='ltr'><strong>unde</strong></span> 
     </span>
    </p>
   </div>
   <div class='ocr_carea' id='block_1_91' title="bbox 1796 4034 3380 4106">
    <p class='ocr_par' dir='ltr' id='par_1_91' title="bbox 1796 4034 3380 4106">
     <span class='ocr_line' id='line_1_91' title="bbox 1796 4034 3380 4106; baseline 0.002 -17"><span class='ocrx_word' id='word_1_694' title='bbox 1796 4051 1989 4105; x_wconf 87' lang='lat' dir='ltr'><strong>pascas</strong></span> <span class='ocrx_word' id='word_1_695' title='bbox 2005 4036 2240 4090; x_wconf 91' lang='lat' dir='ltr'><strong>amicum</strong></span> <span class='ocrx_word' id='word_1_696' title='bbox 2261 4036 2623 4104; x_wconf 82' lang='lat' dir='ltr'><strong>prregrinum.</strong></span> <span class='ocrx_word' id='word_1_697' title='bbox 2642 4034 2726 4088; x_wconf 86' lang='lat' dir='ltr'><strong>Nil</strong></span> <span class='ocrx_word' id='word_1_698' title='bbox 2749 4036 2942 4090; x_wconf 88' lang='lat' dir='ltr'><strong>melius</strong></span> <span class='ocrx_word' id='word_1_699' title='bbox 2959 4053 3123 4105; x_wconf 88' lang='lat' dir='ltr'><strong>quam</strong></span> <span class='ocrx_word' id='word_1_700' title='bbox 3140 4039 3380 4106; x_wconf 87' lang='lat' dir='ltr'><strong>seipsum</strong></span> 
     </span>
    </p>
   </div>
   <div class='ocr_carea' id='block_1_92' title="bbox 1796 4124 3382 4195">
    <p class='ocr_par' dir='ltr' id='par_1_92' title="bbox 1796 4124 3382 4195">
     <span class='ocr_line' id='line_1_92' title="bbox 1796 4124 3382 4195; baseline 0.002 -18"><span class='ocrx_word' id='word_1_701' title='bbox 1796 4124 1889 4178; x_wconf 82' lang='lat' dir='ltr'><strong>dat</strong></span> <span class='ocrx_word' id='word_1_702' title='bbox 1912 4125 2007 4178; x_wconf 86' lang='lat' dir='ltr'><strong>tibi</strong></span> <span class='ocrx_word' id='word_1_703' title='bbox 2037 4124 2200 4180; x_wconf 86' lang='lat' dir='ltr'><strong>Deus.</strong></span> <span class='ocrx_word' id='word_1_704' title='bbox 2230 4124 2322 4178; x_wconf 78' lang='lat' dir='ltr'><strong>Vel</strong></span> <span class='ocrx_word' id='word_1_705' title='bbox 2363 4128 2433 4179; x_wconf 91' lang='lat' dir='ltr'><strong>ita</strong></span> <span class='ocrx_word' id='word_1_706' title='bbox 2469 4144 2480 4177; x_wconf 96' lang='lat'>:</span> <span class='ocrx_word' id='word_1_707' title='bbox 2513 4125 2739 4180; x_wconf 83' lang='lat' dir='ltr'><strong>Amicus</strong></span> <span class='ocrx_word' id='word_1_708' title='bbox 2771 4128 2864 4195; x_wconf 88' lang='lat' dir='ltr'><strong>qui</strong></span> <span class='ocrx_word' id='word_1_709' title='bbox 2902 4129 3050 4180; x_wconf 88' lang='lat' dir='ltr'><strong>venit</strong></span> <span class='ocrx_word' id='word_1_710' title='bbox 3075 4128 3143 4181; x_wconf 90' lang='lat' dir='ltr'><strong>de</strong></span> <span class='ocrx_word' id='word_1_711' title='bbox 3166 4130 3252 4181; x_wconf 85' lang='lat' dir='ltr'><strong>via</strong></span> <span class='ocrx_word' id='word_1_712' title='bbox 3281 4144 3382 4180; x_wconf 87' lang='lat' dir='ltr'><strong>no-</strong></span> 
     </span>
    </p>
   </div>
   <div class='ocr_carea' id='block_1_93' title="bbox 1795 4217 3379 4287">
    <p class='ocr_par' dir='ltr' id='par_1_93' title="bbox 1795 4217 3379 4287">
     <span class='ocr_line' id='line_1_93' title="bbox 1795 4217 3379 4287; baseline 0.002 -17"><span class='ocrx_word' id='word_1_713' title='bbox 1795 4227 1907 4271; x_wconf 89' lang='lat' dir='ltr'><strong>ster</strong></span> <span class='ocrx_word' id='word_1_714' title='bbox 1932 4225 2017 4271; x_wconf 88' lang='lat' dir='ltr'><strong>est</strong></span> <span class='ocrx_word' id='word_1_715' title='bbox 2048 4217 2298 4281; x_wconf 83' lang='lat' dir='ltr'><strong>animus,</strong></span> <span class='ocrx_word' id='word_1_716' title='bbox 2330 4217 2424 4285; x_wconf 90' lang='lat' dir='ltr'><strong>qui</strong></span> <span class='ocrx_word' id='word_1_717' title='bbox 2466 4218 2625 4272; x_wconf 71' lang='lat' dir='ltr'><strong>toties</strong></span> <span class='ocrx_word' id='word_1_718' title='bbox 2651 4233 2681 4270; x_wconf 89' lang='lat' dir='ltr'><strong>a</strong></span> <span class='ocrx_word' id='word_1_719' title='bbox 2710 4218 2868 4273; x_wconf 87' lang='lat' dir='ltr'><strong>nobis</strong></span> <span class='ocrx_word' id='word_1_720' title='bbox 2907 4218 3112 4272; x_wconf 83' lang='lat' dir='ltr'><strong>recedit</strong></span> <span class='ocrx_word' id='word_1_721' title='bbox 3164 4220 3379 4287; x_wconf 85' lang='lat' dir='ltr'><strong>quoties</strong></span> 
     </span>
    </p>
   </div>
   <div class='ocr_carea' id='block_1_94' title="bbox 1794 4306 3381 4377">
    <p class='ocr_par' dir='ltr' id='par_1_94' title="bbox 1794 4306 3381 4377">
     <span class='ocr_line' id='line_1_94' title="bbox 1794 4306 3381 4377; baseline 0.001 -16"><span class='ocrx_word' id='word_1_722' title='bbox 1794 4306 1861 4369; x_wconf 82' lang='lat' dir='ltr'><strong>ad</strong></span> <span class='ocrx_word' id='word_1_723' title='bbox 1894 4307 2190 4376; x_wconf 88' lang='lat' dir='ltr'><strong>appetenda</strong></span> <span class='ocrx_word' id='word_1_724' title='bbox 2237 4318 2448 4362; x_wconf 88' lang='lat' dir='ltr'><strong>terrena</strong></span> <span class='ocrx_word' id='word_1_725' title='bbox 2494 4306 2627 4362; x_wconf 74' lang='lat' dir='ltr'><strong>foris</strong></span> <span class='ocrx_word' id='word_1_726' title='bbox 2658 4316 2902 4377; x_wconf 78' lang='lat' dir='ltr'><strong>vagatur.</strong></span> <span class='ocrx_word' id='word_1_727' title='bbox 2932 4306 3090 4362; x_wconf 83' lang='lat' dir='ltr'><strong>Redit</strong></span> <span class='ocrx_word' id='word_1_728' title='bbox 3112 4324 3242 4361; x_wconf 87' lang='lat' dir='ltr'><strong>vero</strong></span> <span class='ocrx_word' id='word_1_729' title='bbox 3266 4324 3381 4363; x_wconf 74' lang='lat' dir='ltr'><strong>cte-</strong></span> 
     </span>
    </p>
   </div>
   <div class='ocr_carea' id='block_1_95' title="bbox 1795 4398 3379 4468">
    <p class='ocr_par' dir='ltr' id='par_1_95' title="bbox 1795 4398 3379 4468">
     <span class='ocr_line' id='line_1_95' title="bbox 1795 4398 3379 4468; baseline -0.001 -15"><span class='ocrx_word' id='word_1_730' title='bbox 1795 4400 2025 4468; x_wconf 88' lang='lat' dir='ltr'><strong>lestique</strong></span> <span class='ocrx_word' id='word_1_731' title='bbox 2064 4399 2319 4452; x_wconf 87' lang='lat' dir='ltr'><strong>alimonia</strong></span> <span class='ocrx_word' id='word_1_732' title='bbox 2363 4398 2509 4452; x_wconf 87' lang='lat' dir='ltr'><strong>retici</strong></span> <span class='ocrx_word' id='word_1_733' title='bbox 2543 4398 2850 4463; x_wconf 87' lang='lat' dir='ltr'><strong>desiderat,</strong></span> <span class='ocrx_word' id='word_1_734' title='bbox 2882 4414 3005 4452; x_wconf 91' lang='lat' dir='ltr'><strong>cum</strong></span> <span class='ocrx_word' id='word_1_735' title='bbox 3032 4399 3167 4452; x_wconf 87' lang='lat' dir='ltr'><strong>inse</strong></span> <span class='ocrx_word' id='word_1_736' title='bbox 3198 4414 3379 4453; x_wconf 89' lang='lat' dir='ltr'><strong>rever-</strong></span> 
     </span>
    </p>
   </div>
   <div class='ocr_carea' id='block_1_96' title="bbox 1796 4490 3379 4561">
    <p class='ocr_par' dir='ltr' id='par_1_96' title="bbox 1796 4490 3379 4561">
     <span class='ocr_line' id='line_1_96' title="bbox 1796 4490 3379 4561; baseline -0.001 -15"><span class='ocrx_word' id='word_1_737' title='bbox 1796 4507 1891 4547; x_wconf 88' lang='lat' dir='ltr'><strong>sus</strong></span> <span class='ocrx_word' id='word_1_738' title='bbox 1926 4506 2162 4561; x_wconf 87' lang='lat' dir='ltr'><strong>superna</strong></span> <span class='ocrx_word' id='word_1_739' title='bbox 2193 4507 2257 4546; x_wconf 89' lang='lat' dir='ltr'><strong>ac</strong></span> <span class='ocrx_word' id='word_1_740' title='bbox 2283 4490 2549 4559; x_wconf 77' lang='lat' dir='ltr'><strong>spiritalia</strong></span> <span class='ocrx_word' id='word_1_741' title='bbox 2598 4490 2824 4560; x_wconf 68' lang='lat' dir='ltr'><strong>cmperit</strong></span> <span class='ocrx_word' id='word_1_742' title='bbox 2862 4490 3129 4546; x_wconf 86' lang='lat' dir='ltr'><strong>meditari.</strong></span> <span class='ocrx_word' id='word_1_743' title='bbox 3166 4490 3238 4545; x_wconf 92' lang='lat' dir='ltr'><strong>De</strong></span> <span class='ocrx_word' id='word_1_744' title='bbox 3266 4506 3379 4559; x_wconf 91' lang='lat' dir='ltr'><strong>quo</strong></span> 
     </span>
    </p>
   </div>
   <div class='ocr_carea' id='block_1_97' title="bbox 1796 4581 3379 4653">
    <p class='ocr_par' dir='ltr' id='par_1_97' title="bbox 1796 4581 3379 4653">
     <span class='ocr_line' id='line_1_97' title="bbox 1796 4581 3379 4653; baseline 0 -16"><span class='ocrx_word' id='word_1_745' title='bbox 1796 4592 1983 4653; x_wconf 81' lang='lat' dir='ltr'><strong>petens</strong></span> <span class='ocrx_word' id='word_1_746' title='bbox 2012 4583 2236 4653; x_wconf 89' lang='lat' dir='ltr'><strong>pulchre</strong></span> <span class='ocrx_word' id='word_1_747' title='bbox 2286 4582 2531 4652; x_wconf 72' lang='lat' dir='ltr'><strong>adjnngit</strong></span> <span class='ocrx_word' id='word_1_748' title='bbox 2563 4597 2670 4636; x_wconf 91' lang='lat' dir='ltr'><strong>non</strong></span> <span class='ocrx_word' id='word_1_749' title='bbox 2701 4596 2759 4637; x_wconf 91' lang='lat' dir='ltr'><strong>se</strong></span> <span class='ocrx_word' id='word_1_750' title='bbox 2793 4581 2990 4636; x_wconf 86' lang='lat' dir='ltr'><strong>habere</strong></span> <span class='ocrx_word' id='word_1_751' title='bbox 3021 4582 3166 4651; x_wconf 91' lang='lat' dir='ltr'><strong>quod</strong></span> <span class='ocrx_word' id='word_1_752' title='bbox 3212 4591 3379 4651; x_wconf 85' lang='lat' dir='ltr'><strong>ponat</strong></span> 
     </span>
    </p>
   </div>
   <div class='ocr_carea' id='block_1_98' title="bbox 1796 4668 3379 4745">
    <p class='ocr_par' dir='ltr' id='par_1_98' title="bbox 1796 4668 3379 4745">
     <span class='ocr_line' id='line_1_98' title="bbox 1796 4668 3379 4745; baseline -0.001 -15"><span class='ocrx_word' id='word_1_753' title='bbox 1796 4668 1921 4730; x_wconf 82' lang='lat' dir='ltr'><strong>ante</strong></span> <span class='ocrx_word' id='word_1_754' title='bbox 1952 4676 2124 4741; x_wconf 91' lang='lat' dir='ltr'><strong>illum,</strong></span> <span class='ocrx_word' id='word_1_755' title='bbox 2152 4674 2374 4745; x_wconf 90' lang='lat' dir='ltr'><strong>quando</strong></span> <span class='ocrx_word' id='word_1_756' title='bbox 2409 4676 2461 4728; x_wconf 92' lang='lat' dir='ltr'><strong>in</strong></span> <span class='ocrx_word' id='word_1_757' title='bbox 2501 4681 2710 4729; x_wconf 89' lang='lat' dir='ltr'><strong>tantum</strong></span> <span class='ocrx_word' id='word_1_758' title='bbox 2760 4682 2979 4729; x_wconf 78' lang='lat' dir='ltr'><strong>secutus</strong></span> <span class='ocrx_word' id='word_1_759' title='bbox 3026 4685 3109 4729; x_wconf 88' lang='lat' dir='ltr'><strong>est</strong></span> <span class='ocrx_word' id='word_1_760' title='bbox 3151 4674 3379 4729; x_wconf 68' lang='lat' dir='ltr'><strong>swcula-</strong></span> 
     </span>
    </p>
   </div>
   <div class='ocr_carea' id='block_1_99' title="bbox 1795 4764 3379 4835">
    <p class='ocr_par' dir='ltr' id='par_1_99' title="bbox 1795 4764 3379 4835">
     <span class='ocr_line' id='line_1_99' title="bbox 1795 4764 3379 4835; baseline 0.001 -14"><span class='ocrx_word' id='word_1_761' title='bbox 1795 4767 1895 4832; x_wconf 90' lang='lat' dir='ltr'><strong>ria,</strong></span> <span class='ocrx_word' id='word_1_762' title='bbox 1923 4777 1981 4821; x_wconf 94' lang='lat' dir='ltr'><strong>ut</strong></span> <span class='ocrx_word' id='word_1_763' title='bbox 2029 4783 2128 4822; x_wconf 88' lang='lat' dir='ltr'><strong>nec</strong></span> <span class='ocrx_word' id='word_1_764' title='bbox 2181 4767 2283 4820; x_wconf 79' lang='lat' dir='ltr'><strong>sibi</strong></span> <span class='ocrx_word' id='word_1_765' title='bbox 2327 4765 2585 4835; x_wconf 90' lang='lat' dir='ltr'><strong>pabulum</strong></span> <span class='ocrx_word' id='word_1_766' title='bbox 2641 4765 2836 4823; x_wconf 84' lang='lat' dir='ltr'><strong>habeat</strong></span> <span class='ocrx_word' id='word_1_767' title='bbox 2877 4764 3045 4820; x_wconf 90' lang='lat' dir='ltr'><strong>divini</strong></span> <span class='ocrx_word' id='word_1_768' title='bbox 3079 4765 3251 4832; x_wconf 88' lang='lat' dir='ltr'><strong>verbi,</strong></span> <span class='ocrx_word' id='word_1_769' title='bbox 3276 4779 3379 4822; x_wconf 87' lang='lat' dir='ltr'><strong>nec</strong></span> 
     </span>
    </p>
   </div>
   <div class='ocr_carea' id='block_1_100' title="bbox 1792 4857 3378 4929">
    <p class='ocr_par' dir='ltr' id='par_1_100' title="bbox 1792 4857 3378 4929">
     <span class='ocr_line' id='line_1_100' title="bbox 1792 4857 3378 4929; baseline 0 -15"><span class='ocrx_word' id='word_1_770' title='bbox 1792 4860 1947 4914; x_wconf 87' lang='lat' dir='ltr'><strong>alteri</strong></span> <span class='ocrx_word' id='word_1_771' title='bbox 1974 4875 2002 4914; x_wconf 90' lang='lat' dir='ltr'><strong>a</strong></span> <span class='ocrx_word' id='word_1_772' title='bbox 2031 4876 2089 4914; x_wconf 86' lang='lat' dir='ltr'><strong>se</strong></span> <span class='ocrx_word' id='word_1_773' title='bbox 2117 4859 2337 4929; x_wconf 82' lang='lat' dir='ltr'><strong>petenti.</strong></span> <span class='ocrx_word' id='word_1_774' title='bbox 2362 4858 2429 4913; x_wconf 89' lang='lat' dir='ltr'><strong>Et</strong></span> <span class='ocrx_word' id='word_1_775' title='bbox 2452 4859 2579 4928; x_wconf 88' lang='lat' dir='ltr'><strong>quia</strong></span> <span class='ocrx_word' id='word_1_776' title='bbox 2606 4872 2707 4913; x_wconf 87' lang='lat' dir='ltr'><strong>nec</strong></span> <span class='ocrx_word' id='word_1_777' title='bbox 2733 4875 2762 4912; x_wconf 89' lang='lat' dir='ltr'><strong>a</strong></span> <span class='ocrx_word' id='word_1_778' title='bbox 2797 4874 2856 4914; x_wconf 90' lang='lat' dir='ltr'><strong>se</strong></span> <span class='ocrx_word' id='word_1_779' title='bbox 2886 4873 2986 4912; x_wconf 88' lang='lat' dir='ltr'><strong>nec</strong></span> <span class='ocrx_word' id='word_1_780' title='bbox 3007 4858 3075 4913; x_wconf 91' lang='lat' dir='ltr'><strong>ab</strong></span> <span class='ocrx_word' id='word_1_781' title='bbox 3102 4857 3211 4914; x_wconf 89' lang='lat' dir='ltr'><strong>alio</strong></span> <span class='ocrx_word' id='word_1_782' title='bbox 3232 4858 3378 4915; x_wconf 87' lang='lat' dir='ltr'><strong>valet</strong></span> 
     </span>
    </p>
   </div>
   <div class='ocr_carea' id='block_1_101' title="bbox 1796 4948 3378 5020">
    <p class='ocr_par' dir='ltr' id='par_1_101' title="bbox 1796 4948 3378 5020">
     <span class='ocr_line' id='line_1_101' title="bbox 1796 4948 3378 5020; baseline 0.001 -16"><span class='ocrx_word' id='word_1_783' title='bbox 1796 4952 1992 5005; x_wconf 86' lang='lat' dir='ltr'><strong>habere</strong></span> <span class='ocrx_word' id='word_1_784' title='bbox 2029 4951 2356 5015; x_wconf 86' lang='lat' dir='ltr'><strong>doctrinam,</strong></span> <span class='ocrx_word' id='word_1_785' title='bbox 2386 4949 2487 5003; x_wconf 90' lang='lat' dir='ltr'><strong>nisi</strong></span> <span class='ocrx_word' id='word_1_786' title='bbox 2520 4965 2614 5018; x_wconf 86' lang='lat' dir='ltr'><strong>per</strong></span> <span class='ocrx_word' id='word_1_787' title='bbox 2645 4950 2874 5020; x_wconf 82' lang='lat' dir='ltr'><strong>gratiam</strong></span> <span class='ocrx_word' id='word_1_788' title='bbox 2918 4948 3033 5015; x_wconf 87' lang='lat' dir='ltr'><strong>Dei,</strong></span> <span class='ocrx_word' id='word_1_789' title='bbox 3063 4966 3093 5005; x_wconf 86' lang='lat' dir='ltr'><strong>a</strong></span> <span class='ocrx_word' id='word_1_790' title='bbox 3117 4948 3230 5005; x_wconf 89' lang='lat' dir='ltr'><strong>Deo</strong></span> <span class='ocrx_word' id='word_1_791' title='bbox 3280 4965 3378 5006; x_wconf 83' lang='lat' dir='ltr'><strong>ne-</strong></span> 
     </span>
    </p>
   </div>
   <div class='ocr_carea' id='block_1_102' title="bbox 1794 5038 3371 5108">
    <p class='ocr_par' dir='ltr' id='par_1_102' title="bbox 1794 5038 3371 5108">
     <span class='ocr_line' id='line_1_102' title="bbox 1794 5038 3371 5108; baseline 0.001 -13"><span class='ocrx_word' id='word_1_792' title='bbox 1794 5057 1942 5095; x_wconf 79' lang='lat' dir='ltr'><strong>ccssc</strong></span> <span class='ocrx_word' id='word_1_793' title='bbox 1970 5050 2054 5096; x_wconf 82' lang='lat' dir='ltr'><strong>est</strong></span> <span class='ocrx_word' id='word_1_794' title='bbox 2100 5056 2225 5095; x_wconf 93' lang='lat' dir='ltr'><strong>cum</strong></span> <span class='ocrx_word' id='word_1_795' title='bbox 2273 5038 2516 5108; x_wconf 81' lang='lat' dir='ltr'><strong>ﬂagitare</strong></span> <span class='ocrx_word' id='word_1_796' title='bbox 2570 5040 2624 5093; x_wconf 90' lang='lat' dir='ltr'><strong>in</strong></span> <span class='ocrx_word' id='word_1_797' title='bbox 2662 5048 2821 5095; x_wconf 88' lang='lat' dir='ltr'><strong>nocte</strong></span> <span class='ocrx_word' id='word_1_798' title='bbox 2864 5040 3229 5095; x_wconf 81' lang='lat' dir='ltr'><strong>tribulationis</strong></span> <span class='ocrx_word' id='word_1_799' title='bbox 3257 5050 3371 5097; x_wconf 76' lang='lat' dir='ltr'><strong>tres</strong></span> 
     </span>
    </p>
   </div>
   <div class='ocr_carea' id='block_1_103' title="bbox 1792 5131 3376 5205">
    <p class='ocr_par' dir='ltr' id='par_1_103' title="bbox 1792 5131 3376 5205">
     <span class='ocr_line' id='line_1_103' title="bbox 1792 5131 3376 5205; baseline 0.001 -18"><span class='ocrx_word' id='word_1_800' title='bbox 1792 5149 1980 5201; x_wconf 88' lang='lat' dir='ltr'><strong>panes,</strong></span> <span class='ocrx_word' id='word_1_801' title='bbox 2008 5134 2057 5187; x_wconf 91' lang='lat' dir='ltr'><strong>id</strong></span> <span class='ocrx_word' id='word_1_802' title='bbox 2092 5142 2177 5189; x_wconf 92' lang='lat' dir='ltr'><strong>est</strong></span> <span class='ocrx_word' id='word_1_803' title='bbox 2228 5133 2634 5203; x_wconf 85' lang='lat' dir='ltr'><strong>intelligentiam</strong></span> <span class='ocrx_word' id='word_1_804' title='bbox 2674 5131 2980 5200; x_wconf 85' lang='lat' dir='ltr'><strong>Trinitatis,</strong></span> <span class='ocrx_word' id='word_1_805' title='bbox 3002 5150 3108 5204; x_wconf 83' lang='lat' dir='ltr'><strong>qua</strong></span> <span class='ocrx_word' id='word_1_806' title='bbox 3136 5150 3376 5205; x_wconf 59' lang='lat' dir='ltr'><strong>praesen-</strong></span> 
     </span>
    </p>
   </div>
   <div class='ocr_carea' id='block_1_104' title="bbox 1792 5224 3374 5282">
    <p class='ocr_par' dir='ltr' id='par_1_104' title="bbox 1792 5224 3374 5282">
     <span class='ocr_line' id='line_1_104' title="bbox 1792 5224 3374 5282; baseline 0 -1"><span class='ocrx_word' id='word_1_807' title='bbox 1792 5228 1862 5281; x_wconf 88' lang='lat' dir='ltr'><strong>tis</strong></span> <span class='ocrx_word' id='word_1_808' title='bbox 1886 5228 2009 5280; x_wconf 69' lang='lat' dir='ltr'><strong>vitae</strong></span> <span class='ocrx_word' id='word_1_809' title='bbox 2044 5226 2393 5281; x_wconf 89' lang='lat' dir='ltr'><strong>consolentur</strong></span> <span class='ocrx_word' id='word_1_810' title='bbox 2444 5226 2677 5280; x_wconf 86' lang='lat' dir='ltr'><strong>labores.</strong></span> <span class='ocrx_word' id='word_1_811' title='bbox 2712 5224 2922 5281; x_wconf 84' lang='lat' dir='ltr'><strong>Ostium</strong></span> <span class='ocrx_word' id='word_1_812' title='bbox 2969 5226 3129 5282; x_wconf 89' lang='lat' dir='ltr'><strong>amici</strong></span> <span class='ocrx_word' id='word_1_813' title='bbox 3173 5226 3374 5282; x_wconf 86' lang='lat' dir='ltr'><strong>intelli-</strong></span> 
     </span>
    </p>
   </div>
   <div class='ocr_carea' id='block_1_105' title="bbox 1790 5317 3372 5388">
    <p class='ocr_par' dir='ltr' id='par_1_105' title="bbox 1790 5317 3372 5388">
     <span class='ocr_line' id='line_1_105' title="bbox 1790 5317 3372 5388; baseline 0.001 -17"><span class='ocrx_word' id='word_1_814' title='bbox 1790 5319 1967 5388; x_wconf 77' lang='lat' dir='ltr'><strong>gentia</strong></span> <span class='ocrx_word' id='word_1_815' title='bbox 2010 5327 2093 5373; x_wconf 85' lang='lat' dir='ltr'><strong>est</strong></span> <span class='ocrx_word' id='word_1_816' title='bbox 2145 5317 2311 5372; x_wconf 87' lang='lat' dir='ltr'><strong>divini</strong></span> <span class='ocrx_word' id='word_1_817' title='bbox 2365 5318 2656 5383; x_wconf 87' lang='lat' dir='ltr'><strong>sermonis,</strong></span> <span class='ocrx_word' id='word_1_818' title='bbox 2687 5333 2810 5387; x_wconf 78' lang='lat' dir='ltr'><strong>qua:</strong></span> <span class='ocrx_word' id='word_1_819' title='bbox 2858 5318 3044 5373; x_wconf 86' lang='lat' dir='ltr'><strong>clausa</strong></span> <span class='ocrx_word' id='word_1_820' title='bbox 3093 5326 3171 5372; x_wconf 84' lang='lat' dir='ltr'><strong>est</strong></span> <span class='ocrx_word' id='word_1_821' title='bbox 3221 5318 3372 5373; x_wconf 87' lang='lat' dir='ltr'><strong>omni</strong></span> 
     </span>
    </p>
   </div>
   <div class='ocr_carea' id='block_1_106' title="bbox 1794 5406 3375 5479">
    <p class='ocr_par' dir='ltr' id='par_1_106' title="bbox 1794 5406 3375 5479">
     <span class='ocr_line' id='line_1_106' title="bbox 1794 5406 3375 5479; baseline -0.002 -16"><span class='ocrx_word' id='word_1_822' title='bbox 1794 5423 1901 5463; x_wconf 89' lang='lat' dir='ltr'><strong>non</strong></span> <span class='ocrx_word' id='word_1_823' title='bbox 1940 5408 2277 5479; x_wconf 86' lang='lat' dir='ltr'><strong>intelligenti,</strong></span> <span class='ocrx_word' id='word_1_824' title='bbox 2301 5410 2475 5464; x_wconf 88' lang='lat' dir='ltr'><strong>donec</strong></span> <span class='ocrx_word' id='word_1_825' title='bbox 2524 5410 2801 5479; x_wconf 89' lang='lat' dir='ltr'><strong>aperiatur</strong></span> <span class='ocrx_word' id='word_1_826' title='bbox 2844 5408 2916 5464; x_wconf 87' lang='lat' dir='ltr'><strong>ei.</strong></span> <span class='ocrx_word' id='word_1_827' title='bbox 2951 5406 3106 5463; x_wconf 86' lang='lat' dir='ltr'><strong>Unde</strong></span> <span class='ocrx_word' id='word_1_828' title='bbox 3136 5408 3375 5474; x_wconf 82' lang='lat' dir='ltr'><strong>Aposto-</strong></span> 
     </span>
    </p>
   </div>
   <div class='ocr_carea' id='block_1_107' title="bbox 1791 5495 3370 5569">
    <p class='ocr_par' dir='ltr' id='par_1_107' title="bbox 1791 5495 3370 5569">
     <span class='ocr_line' id='line_1_107' title="bbox 1791 5495 3370 5569; baseline -0.001 -16"><span class='ocrx_word' id='word_1_829' title='bbox 1791 5500 1878 5554; x_wconf 94' lang='lat' dir='ltr'><strong>lus</strong></span> <span class='ocrx_word' id='word_1_830' title='bbox 1907 5542 1922 5565; x_wconf 94' lang='lat'><strong>,</strong></span> <span class='ocrx_word' id='word_1_831' title='bbox 1958 5501 2154 5568; x_wconf 83' lang='lat' dir='ltr'><strong>aperiri</strong></span> <span class='ocrx_word' id='word_1_832' title='bbox 2195 5501 2297 5555; x_wconf 89' lang='lat' dir='ltr'><strong>sibi</strong></span> <span class='ocrx_word' id='word_1_833' title='bbox 2348 5510 2469 5554; x_wconf 85' lang='lat' dir='ltr'><strong>orat</strong></span> <span class='ocrx_word' id='word_1_834' title='bbox 2541 5501 2607 5555; x_wconf 89' lang='lat' dir='ltr'><strong>ad</strong></span> <span class='ocrx_word' id='word_1_835' title='bbox 2654 5498 2984 5569; x_wconf 88' lang='lat' dir='ltr'><strong>loquendum</strong></span> <span class='ocrx_word' id='word_1_836' title='bbox 3050 5495 3370 5566; x_wconf 81' lang='lat' dir='ltr'><strong>mysterium</strong></span> 
     </span>
    </p>
   </div>
   <div class='ocr_carea' id='block_1_108' title="bbox 1788 5585 3372 5662">
    <p class='ocr_par' dir='ltr' id='par_1_108' title="bbox 1788 5585 3372 5662">
     <span class='ocr_line' id='line_1_108' title="bbox 1788 5585 3372 5662; baseline -0.003 -15"><span class='ocrx_word' id='word_1_837' title='bbox 1788 5591 1989 5647; x_wconf 88' lang='lat' dir='ltr'><strong>Christi</strong></span> <span class='ocrx_word' id='word_1_838' title='bbox 2016 5591 2241 5662; x_wconf 65' lang='lat' dir='ltr'><strong>(Colon.</strong></span> <span class='ocrx_word' id='word_1_839' title='bbox 2271 5592 2366 5661; x_wconf 80' lang='lat' dir='ltr'><strong>iv).</strong></span> <span class='ocrx_word' id='word_1_840' title='bbox 2397 5590 2547 5645; x_wconf 68' lang='lat' dir='ltr'><strong>«Noli</strong></span> <span class='ocrx_word' id='word_1_841' title='bbox 2576 5591 2708 5645; x_wconf 92' lang='lat' dir='ltr'><strong>mihi</strong></span> <span class='ocrx_word' id='word_1_842' title='bbox 2731 5590 2991 5646; x_wconf 83' lang='lat' dir='ltr'><strong>molestus</strong></span> <span class='ocrx_word' id='word_1_843' title='bbox 3010 5602 3183 5642; x_wconf 68' lang='lat' dir='ltr'><strong>esse.»</strong></span> <span class='ocrx_word' id='word_1_844' title='bbox 3202 5585 3372 5652; x_wconf 80' lang='lat' dir='ltr'><strong>Quasi</strong></span> 
     </span>
    </p>
   </div>
   <div class='ocr_carea' id='block_1_109' title="bbox 1789 5676 3370 5752">
    <p class='ocr_par' dir='ltr' id='par_1_109' title="bbox 1789 5676 3370 5752">
     <span class='ocr_line' id='line_1_109' title="bbox 1789 5676 3370 5752; baseline -0.003 -16"><span class='ocrx_word' id='word_1_845' title='bbox 1789 5682 1935 5738; x_wconf 89' lang='lat' dir='ltr'><strong>Deus</strong></span> <span class='ocrx_word' id='word_1_846' title='bbox 1965 5684 2113 5737; x_wconf 89' lang='lat' dir='ltr'><strong>dicat</strong></span> <span class='ocrx_word' id='word_1_847' title='bbox 2148 5700 2159 5736; x_wconf 91' lang='lat'>:</span> <span class='ocrx_word' id='word_1_848' title='bbox 2196 5681 2251 5736; x_wconf 89' lang='lat' dir='ltr'><strong>Si</strong></span> <span class='ocrx_word' id='word_1_849' title='bbox 2284 5684 2366 5737; x_wconf 87' lang='lat' dir='ltr'><strong>vis</strong></span> <span class='ocrx_word' id='word_1_850' title='bbox 2398 5684 2638 5752; x_wconf 85' lang='lat' dir='ltr'><strong>recipere</strong></span> <span class='ocrx_word' id='word_1_851' title='bbox 2676 5680 2822 5751; x_wconf 85' lang='lat' dir='ltr'><strong>quod</strong></span> <span class='ocrx_word' id='word_1_852' title='bbox 2879 5679 3037 5748; x_wconf 82' lang='lat' dir='ltr'><strong>petis,</strong></span> <span class='ocrx_word' id='word_1_853' title='bbox 3070 5677 3179 5732; x_wconf 89' lang='lat' dir='ltr'><strong>noli</strong></span> <span class='ocrx_word' id='word_1_854' title='bbox 3233 5676 3370 5732; x_wconf 84' lang='lat' dir='ltr'><strong>mihi</strong></span> 
     </span>
    </p>
   </div>
   <div class='ocr_carea' id='block_1_110' title="bbox 1789 5767 3368 5845">
    <p class='ocr_par' dir='ltr' id='par_1_110' title="bbox 1789 5767 3368 5845">
     <span class='ocr_line' id='line_1_110' title="bbox 1789 5767 3368 5845; baseline -0.003 -14"><span class='ocrx_word' id='word_1_855' title='bbox 1789 5775 2020 5845; x_wconf 87' lang='lat' dir='ltr'><strong>amplius</strong></span> <span class='ocrx_word' id='word_1_856' title='bbox 2079 5775 2382 5829; x_wconf 78' lang='lat' dir='ltr'><strong>nitlestiam</strong></span> <span class='ocrx_word' id='word_1_857' title='bbox 2434 5773 2651 5827; x_wconf 75' lang='lat' dir='ltr'><strong>inferre.</strong></span> <span class='ocrx_word' id='word_1_858' title='bbox 2682 5771 2798 5825; x_wconf 77' lang='lat' dir='ltr'><strong>Noli</strong></span> <span class='ocrx_word' id='word_1_859' title='bbox 2827 5813 2841 5837; x_wconf 97' lang='lat'><strong>,</strong></span> <span class='ocrx_word' id='word_1_860' title='bbox 2886 5780 2942 5823; x_wconf 90' lang='lat' dir='ltr'><strong>ut</strong></span> <span class='ocrx_word' id='word_1_861' title='bbox 2984 5771 3245 5825; x_wconf 84' lang='lat' dir='ltr'><strong>hactenus</strong></span> <span class='ocrx_word' id='word_1_862' title='bbox 3291 5767 3368 5826; x_wconf 76' lang='lat' dir='ltr'><strong>fe-</strong></span> 
     </span>
    </p>
   </div>
  </div>
