3948 6448
513 439 618 494 963
1653 421 1980 478 WERNERI
2021 417 2314 473 ABBATIS
2354 416 2411 473 S.
2456 413 2674 470 DLASII
3695 409 3779 467 9m

515 554 662 622 cisti,
687 568 775 610 me
795 550 1149 609 saecularibus
1175 555 1521 618 postponere.
1556 541 1845 596 Revertere
1883 538 1950 593 ad
1992 551 2098 601 me,
2133 538 2174 593 Α
2206 535 2301 596 ait.
2330 552 2349 583 ε
2384 531 2533 587 dabit
2558 529 2818 600 Spiritum
2850 531 3052 585 bonum
3086 546 3105 580 ι
3136 541 3240 599 pro
3268 539 3380 598 quo
3401 524 3684 622 ὶξαιῑιιπιιδ
3704 542 3781 596 po-

516 654 572 702 et
608 617 712 716 ego
747 654 990 698 revertar
1032 639 1100 692 ad
1148 617 1221 692 te.
1255 635 1386 692 Pete
1429 643 1491 690 ut
1539 632 1727 698 debes,
1750 641 1804 687 et
1851 644 1954 700 ego
2006 628 2103 684 tibi
2205 623 2336 690 suit,
2376 642 2393 673 ι
2424 622 2573 676 dabit
2614 621 2752 675 bona
2779 620 2993 693 (Matth.
3020 620 3153 690 vn),
3195 617 3493 716 {ostendit
3542 617 3780 716 Spir-itum

516 708 811 807 plusvdabo
837 747 1001 802 quam
1031 744 1239 800 speres.
1271 747 1289 779 ι
1307 725 1425 781 Non
1454 740 1676 797 possum
1696 738 1971 793 surgere,»
1998 720 2104 776 hoc
2206 726 2456 772 sanctum
2486 714 2892 770 distributorcm
2916 711 3166 766 omnium
3224 709 3505 765 bonorum
3544 708 3779 777 spiritua-

514 798 599 882 est
626 841 734 878 non
760 798 982 893 possum
1013 798 1348 889 tevadjuvare
1380 834 1478 889 per
1501 816 1793 886 justitiam,
1823 814 1927 870 nisi
1953 824 2105 884 petas
2206 808 2361 862 lium.
2415 808 2433 877 (
2460 805 2820 859 Ancusrtscs.
2844 808 2862 872 )
2886 892 2891 893 γ
2915 800 3141 873 Mystice
3248 799 3411 870 panis
3453 887 3466 893 Α
3492 798 3781 871 intelligitur

513 930 610 984 per
640 913 800 968 ﬁdem
830 923 1054 966 rectam.
1091 910 1326 981 Surgere
1356 908 1452 963 Dei
1493 908 1824 977 adjutorium
1851 906 1972 975 ejus
1998 913 2102 958 est.

514 1002 777 1071 Quamvis
822 1001 1088 1055 Dominus
1121 1017 1230 1054 non
1256 998 1348 1055 det
1388 999 1608 1069 petenti,
1635 997 1903 1068 adjuvans
1957 996 2105 1050 illico

512 1111 675 1163 eum,
730 1095 852 1149 ideo
896 1094 1041 1165 quod
1093 1094 1305 1148 amicus
1347 1091 1468 1162 ejus
1518 1092 1610 1156 sit,
1648 1089 1950 1147 secundum
2001 1089 2108 1144 hoc

515 1187 659 1258 quod
690 1197 941 1244 creatura
982 1186 1102 1256 ejus
1136 1193 1238 1249 est,
1272 1198 1380 1239 non
1421 1194 1599 1238 tamen
1632 1192 1915 1254 propterea
1949 1181 2108 1236 intel-

514 1279 767 1351 ligendus
789 1288 874 1335 est
910 1292 1108 1348 negare
1153 1274 1611 1340 misericordiam,
1637 1275 1731 1330 sed
1778 1274 1995 1329 diﬁ‘erre
2039 1272 2106 1327 ad

517 1371 810 1442 gratiorem
837 1369 1226 1438 reccptionem,
1259 1375 1312 1422 et
1354 1367 1423 1422 ad
1465 1366 1846 1421 ineulcandam
1893 1364 2111 1436 petitio-

518 1477 667 1516 nem.
701 1459 856 1517 Unde
896 1459 1190 1530 sequitur:
1221 1477 1241 1510 ι
1280 1457 1508 1528 Propter
1569 1457 1975 1527 improbitatem
2027 1464 2111 1511 ta-

519 1568 646 1608 men
691 1553 833 1624 ejus,
872 1570 890 1603 ι
928 1552 1033 1606 hoc
1083 1559 1168 1606 est
1213 1559 1436 1621 propter
1466 1549 1780 1604 instantiam
1832 1548 2111 1620 petitionis

520 1643 671 1714 ejus,
714 1643 1065 1713 Oadjuvabit
1113 1659 1261 1708 eum,
1316 1651 1372 1697 ct
1414 1642 1562 1697 dabit
1598 1641 1676 1695 illi
1719 1642 2048 1696 necessaria.
2085 1659 2105 1693 ι

523 1734 653 1791 Vult
681 1735 825 1792 Deus
858 1736 1087 1791 ﬁdeliter
1114 1736 1222 1806 peti
1252 1751 1285 1790 a
1314 1750 1373 1791 se
1394 1735 1540 1806 quod
1576 1734 1845 1804 disposuit
1878 1733 2111 1804 petenti-

523 1826 627 1880 bus
649 1840 895 1896 erogare.

2206 895 2447 951 charitas
2475 902 2697 965 propter
2721 892 3014 962 appetitum
3046 900 3160 945 tam
3188 887 3588 953 necessarium,
3613 894 3670 943 ut
3686 890 3780 946 sine

2208 989 2310 1060 illa.
2364 994 2558 1041 (uetera
2611 984 2745 1039 nihil
2795 983 2927 1049 sint,
2973 983 3117 1037 sicut
3167 980 3287 1036 sine
3328 995 3473 1049 pane
3515 978 3668 1049 inops
3715 992 3779 1036 est

2208 1092 2417 1133 mensa.
2443 1076 2541 1130 Cui
2570 1075 2846 1130 contraria
2870 1083 2949 1129 est
2977 1073 3161 1128 cordis
3195 1070 3398 1124 duritia
3429 1085 3599 1141 quam
3640 1069 3778 1141 lapidi

2209 1167 2565 1239 comparavit.
2594 1164 2764 1221 Piscis
2792 1176 2876 1221 est
2905 1165 3036 1220 ﬁdes
3072 1163 3456 1218 invisibilium.
3488 1160 3775 1217 Sicutenim

2210 1262 2376 1332 piscis
2432 1260 2536 1314 sub
2592 1266 2908 1328 tegumento
2960 1271 3228 1325 aquarum
3274 1254 3548 1321 nascitur,
3582 1253 3703 1309 vivit
3736 1265 3778 1311 et

2211 1355 2418 1423 alitur“:
2456 1351 2526 1405 ita
2555 1350 2708 1416 ﬁdes,
2738 1365 2861 1419 qua:
2888 1348 2942 1401 in
2971 1346 3141 1401 Deum
3164 1355 3268 1412 est,
3293 1345 3350 1400 in
3377 1346 3546 1400 corde
3568 1344 3778 1400 invisibi-

2212 1446 2333 1500 liter
2379 1443 2637 1513 gignitur,
2674 1440 2931 1495 invisibili
2981 1439 3156 1509 gratia
3203 1435 3448 1508 Spiritus
3500 1451 3598 1506 per
3638 1452 3777 1506 aquas

2212 1536 2465 1607 baptismi
2491 1542 2868 1599 consecratur,
2902 1530 3163 1586 invisibili
3206 1530 3414 1584 auxilio
3443 1528 3640 1583 divinae
3676 1543 3775 1598 pro-

2216 1628 2469 1685 tectionis
2494 1643 2561 1682 ne
2585 1626 2801 1682 deliciat
2849 1624 3110 1690 nutritur,
3145 1622 3404 1679 invisibili
3461 1623 3775 1694 prmmiorum

2217 1722 2418 1777 intuitu
2468 1721 2607 1775 bene
2672 1727 2951 1788 cperatur.
3004 1716 3162 1784 Quod
3234 1716 3402 1771 etiam
3458 1716 3594 1771 ﬁdes
3642 1716 3777 1787 hujus

2219 1811 2407 1866 mundi
2454 1810 2708 1864 fluctibus
2750 1807 3158 1862 circumlatrata
3191 1820 3300 1859 non
3348 1804 3634 1875 frangitur,
3662 1815 3778 1860 recte

601 1937 620 1970 ι
664 1918 730 1973 Et
747 1877 883 1990 cego
936 1919 1091 1974 vobis
1134 1918 1301 1973 dico:
1333 1917 1508 1973 Petite
1552 1926 1609 1973 et
1661 1917 1882 1974 dabitur
1931 1918 2111 1985 vobis,

2220 1903 2349 1976 pisci
2379 1908 2747 1972 comparatur.
2779 1898 2880 1954 Cui
2926 1896 3264 1953 contrarium
3288 1895 3475 1967 posuit
3506 1904 3775 1965 serpentem

524 2012 751 2083 qumrite
789 2021 843 2067 et
885 2011 1202 2078 invenietis,
1233 2011 1447 2081 pulsate
1483 2020 1537 2066 et
1565 2008 1843 2081 aperietur
1864 2010 2039 2066 vobis.
2088 2028 2106 2060 ι

525 2105 694 2174 Quasi
721 2106 918 2177 aliquis
946 2106 1149 2161 diceret
1177 2123 1190 2159 :
1221 2104 1360 2171 Quid
1388 2112 1638 2160 sanctum
1668 2112 1818 2160 vetas
1855 2119 1957 2159 nos
1985 2102 2115 2157 dare

524 2198 788 2263 canibus,
816 2213 938 2251 cum
969 2196 1151 2251 adhuc
1211 2195 1345 2249 nihil
1392 2195 1669 2250 sciamus?
1699 2193 1823 2249 ldeo
1869 2194 2117 2248 hortatur

527 2298 711 2359 petere
759 2287 1024 2358 spiritalia
1056 2288 1150 2357 qui
1200 2287 1436 2342 carnalia
1470 2302 1633 2357 supra
1659 2294 1902 2342 vetuerat
1931 2294 2119 2356 postuo

527 2380 652 2434 lari.
676 2379 871 2433 Petilio
902 2380 1133 2448 pertinet
1162 2378 1230 2433 ad
1275 2378 1671 2449 impetrandam
1699 2378 1985 2434 sanitatem
2025 2377 2119 2432 ﬁr~

528 2471 881 2541 unitatemque
909 2470 1100 2535 animi,
1131 2480 1192 2524 ut
1224 2486 1286 2524 ea
1317 2486 1440 2540 quae
1474 2470 1865 2541 praecipiuntur
1894 2471 2119 2542 implere

528 2566 827 2635 possimus.
879 2565 1166 2636 inquisitio
1219 2567 1286 2621 ad
1367 2567 1746 2622 inveniendam
1813 2567 2116 2629 veritatem,

529 2657 766 2726 pulsatio
812 2658 879 2713 ad
935 2659 1361 2728 possessionem.
1416 2660 1498 2714 Ad
1556 2660 1671 2716 hzec
1724 2661 1826 2715 tria
1885 2658 2119 2715 manife-

531 2749 725 2803 standa
754 2765 1025 2820 ponamus
1054 2750 1290 2819 aliquem
1329 2750 1566 2805 inﬁrmis
1591 2750 1818 2822 pedibus
1838 2750 2122 2805 ambulare

532 2853 643 2893 non
675 2854 854 2909 posse.
883 2838 1043 2894 Prius
1071 2855 1203 2910 ergo
1225 2841 1503 2897 sanandus
1532 2850 1635 2907 est,
1659 2852 1707 2896 et
1733 2842 1927 2897 adhoc
1956 2840 2123 2912 perti-

533 2939 626 2985 net
655 2941 856 3001 petere.
894 2930 1151 3002 Sedquid
1192 2933 1412 3002 prodest
1449 2934 1563 3003 jam
1612 2949 1772 3004 posse
1817 2934 2119 2999 ambulare,

531 3024 575 3078 si
619 3024 764 3079 viam
824 3025 1015 3079 nescit.
1052 3021 1170 3077 Nan
1236 3024 1515 3093 perveniet
1548 3040 1659 3095 quo
1705 3025 1861 3079 vult:
1906 3025 1972 3080 ad
2021 3026 2123 3080 lnzc

2215 2006 2436 2066 pr0pter
2500 2007 2707 2047 venena
2789 1989 3163 2056 inlidelitatis,
3230 2004 3357 2059 qua:
3422 1988 3584 2043 etiam
3630 1988 3777 2058 primo

2218 2084 2425 2141 homini
2498 2084 2641 2138 male
2704 2080 2983 2137 suadendo
3033 2080 3454 2150 proseminavit.
3524 2079 3652 2150 Spes
3696 2096 3777 2134 ovo

2217 2184 2567 2246 comparatur
2599 2194 2611 2229 :
2666 2172 2908 2227 nondum
2964 2171 3109 2225 enim
3157 2170 3405 2240 pervenit
3441 2170 3507 2223 ad
3547 2186 3673 2233 rem,
3695 2172 3777 2228 sic-

2219 2276 2279 2321 ut
2330 2282 2491 2320 ovum
2549 2264 2793 2318 nondum
2843 2271 2928 2318 est
2975 2261 3178 2331 pullus,
3208 2261 3302 2315 sed
3347 2258 3578 2314 fovendo
3622 2275 3778 2330 spera-

2221 2368 2327 2412 tur.
2358 2356 2456 2409 Cui
2487 2353 2823 2409 contrarium
2851 2351 3050 2425 jposuit
3097 2350 3469 2420 scorpionem,
3496 2348 3647 2417 cujus
3672 2364 3778 2403 acu-

2221 2449 2338 2502 leus
2363 2454 2660 2500 vrnenatus
2688 2454 2835 2499 retro
2865 2442 3140 2498 timendus
3189 2454 3296 2508 est,
3325 2441 3468 2496 sicut
3514 2443 3621 2511 spei
3671 2457 3778 2495 cou-

2222 2540 2449 2595 trarium
2482 2547 2566 2593 est
2597 2548 2743 2591 retro
2787 2536 3063 2606 respicere
3115 2549 3243 2589 cum
3291 2549 3420 2604 spes
3465 2534 3517 2587 in
3540 2534 3771 2588 anterior:

2221 2632 2363 2687 bona
2392 2629 2737 2686 extendatur.

2549 2738 2782 2795 SEllllO
2833 2736 2899 2792 ΙΝ
2954 2734 3493 2792 ROGATIONIBUS.

2300 2855 2318 2888 ι
2348 2834 2504 2890 Oculi
2554 2832 2773 2887 Domini
2820 2847 2983 2901 super
3020 2831 3236 2901 justus,
3266 2837 3322 2884 et
3372 2844 3533 2884 aures
3576 2829 3689 2898 ejus
3733 2829 3777 2881 in

2224 2940 2616 2999 prccesearum
2647 2922 2824 2994 (Psal.
2866 2926 3085 2991 χχχιιι).
3108 2942 3126 2972 ι
3157 2922 3260 2987 Qui
3289 2937 3320 2975 a
3345 2921 3489 2975 malo
3514 2919 3777 2983 declinant,

2229 3019 2636 3083 fornicationes,
2666 3016 2953 3083 adulteria,
2999 3015 3264 3085 perjuria,
3296 3014 3464 3081 furta,
3493 3012 3619 3068 falsa
3653 3014 3782 3067 testi-

528 3116 767 3185 ‘pertinet
797 3131 1061 3185 quaerere.
1095 3114 1153 3169 Si
1207 3130 1334 3171 vero
1367 3117 1545 3172 locum
1578 3118 1669 3173 ubi
1728 3118 1841 3172 vult
1879 3119 2125 3174 habitare
2226 3116 2434 3181 inania,
2466 3122 2520 3168 et
2559 3113 2643 3169 his
2673 3111 2873 3167 similia
2905 3111 3171 3165 devitant.
3208 3107 3278 3164 Et
3314 3110 3409 3180 qui
3441 3109 3575 3163 bona
3601 3107 3781 3162 faciunt

530 3208 778 3263 clausum
794 3208 1082 3274 invenerit,
1101 3224 1208 3261 non
1227 3210 1522 3279 proderitei
1540 3210 1849 3266 ambulasse
1863 3226 1926 3266 ac
1941 3226 2129 3281 perve-
2156 3220 2198 3277 (ς
2233 3206 2343 3263 Deo
2363 3222 2484 3276 sua,
2513 3217 2565 3263 et
2593 3208 2907 3264 hominibus
2934 3208 3155 3263 solvunt
3181 3224 3303 3263 sua.
3319 3206 3383 3261 lli
3409 3206 3537 3278 justi
3562 3214 3723 3263 sunt:
3740 3214 3786 3259 et

533 3302 701 3365 nisse,
727 3301 831 3355 nisi
860 3300 962 3357 sibi
989 3300 1293 3371 aperiatur:
1317 3302 1385 3356 ad
1409 3302 1511 3358 hoc
1536 3304 1767 3372 pertinet
1799 3306 2036 3373 pu'sare.

611 3414 630 3445 ι
660 3391 753 3449 Bis
770 3393 916 3447 enim
937 3393 1044 3464 qui
1065 3393 1201 3463 petit
1230 3394 1449 3464 accipit,
1472 3402 1526 3449 et
1549 3394 1642 3464 qui
1672 3396 1868 3465 quan-it
1892 3396 2120 3464 invenit,

531 3496 584 3541 et
612 3486 848 3556 pulsanti
881 3486 1176 3556 aperietur.
1218 3507 1237 3538 ι
1264 3484 1426 3540 Juxta
1450 3488 1762 3556 parabolam
1796 3490 2121 3559 postulantis

535 3576 702 3630 amici
733 3574 1140 3645 perseverantia
1190 3591 1329 3645 opus
1376 3584 1461 3631 est
1509 3587 1566 3630 ut
1611 3578 1945 3647 accipiamus
1975 3579 2122 3649 quod

535 3669 592 3722 in
622 3668 727 3722 ﬁde
749 3668 959 3722 orando
989 3667 1245 3737 petimus.
1280 3667 1621 3724 inveniamus
1653 3671 1800 3739 quod
1842 3687 1937 3741 spe
1978 3681 2123 3726 recte

535 3759 768 3814 vivendo
815 3758 1133 3829 quaerimus,
1158 3758 1433 3828 aperiatur
1461 3760 1514 3815 id
1552 3760 1618 3815 ad
1663 3761 1809 3832 quod
1860 3763 2124 3818 charitate

536 3850 840 3921 pulsamus.
872 3848 973 3904 Cui
1013 3857 1193 3903 autem
1231 3866 1339 3905 non
1374 3850 1536 3905 datur
1562 3861 1803 3923 apparet,
1834 3854 1960 3924 quia
1989 3854 2124 3910 bene

535 3956 646 3996 nou
699 3942 917 4011 petitur.
942 3939 1199 3997 Petamus
1247 3943 1429 4013 itaque
1469 3951 1524 3997 et
1572 3944 1854 4013 pulsemus
1896 3946 2122 4016 januam

534 4031 760 4100 Christi,
783 4034 850 4088 de
874 4049 982 4104 qua
1036 4034 1242 4089 dictum
1272 4042 1396 4089 est:
1436 4053 1455 4087 ι
1491 4034 1618 4091 llzee
1659 4046 1812 4107 porta
1870 4037 2120 4107 Domini;

530 4125 666 4196 justi
699 4126 981 4180 intrabunt
1008 4141 1103 4196 per
1129 4127 1440 4199 eam(Psal.
1460 4131 1650 4199 cxvn).
1674 4148 1691 4181 ι
1715 4128 1922 4185 Utcum
1956 4132 2125 4187 intra-

533 4218 797 4286 verimus,
826 4220 1076 4289 aperiant
1103 4220 1259 4275 nobis
1286 4221 1529 4277 thesauri
1550 4222 1854 4278 absconditi
1879 4224 1932 4279 in
1959 4224 2123 4279 Chri-

536 4320 622 4366 sto
651 4309 800 4374 Jcsu,
834 4312 888 4365 in
923 4327 1035 4381 quo
1055 4321 1140 4367 est
1167 4312 1348 4368 omnis
1383 4313 1628 4368 scientia.

613 4421 634 4453 ι
673 4405 780 4457 Λιιι
819 4403 944 4473 quis
974 4418 1042 4457 ex
1068 4403 1224 4458 vobis
1256 4403 1440 4470 homo,
1468 4420 1630 4475 quem
1670 4405 1716 4460 si
1743 4408 1956 4477 petierit
1981 4408 2123 4467 ﬁlius

535 4510 670 4551 suus
708 4511 927 4565 panem,
958 4496 1205 4565 nunquid
1260 4496 1494 4567 lapidem
1541 4499 1781 4570 porriget
1798 4501 1887 4555 ei?
1926 4502 2035 4557 Aut
2076 4504 2122 4559 si

534 4587 738 4658 piscem
768 4586 921 4657 petit,
950 4585 1197 4655 nunquid
1226 4596 1530 4656 serpentem
1559 4590 1801 4660 porriget
1827 4592 1910 4644 ci?
1937 4590 2045 4646 Aut
2071 4594 2118 4648 si
2153 4579 2194 4632 ί)

535 4692 699 4733 ovum
748 4677 985 4747 petierit,
1017 4678 1263 4747 nunquid
1323 4678 1562 4749 porriget
1589 4680 1638 4734 ei
1680 4682 2115 4751 scorpionem?»

535 4770 758 4827 Petendi
788 4771 1172 4827 conﬁdentiam
1221 4770 1440 4841 praebet,
1471 4780 1526 4827 et
1557 4773 1687 4843 quid
1724 4776 2014 4844 petendum
2051 4777 2124 4832 sit

535 4864 790 4932 explanat
816 4879 846 4918 a
877 4863 1184 4918 minoribus
1210 4861 1278 4917 ad
1309 4862 1540 4932 majora,
1573 4865 1716 4921 sicut
1761 4868 2016 4937 superius
2054 4868 2122 4923 de

539 4952 848 5011 volatilibus
881 4954 1005 5011 caeli
1025 4965 1079 5010 et
1101 4955 1250 5010 liliis.

614 5061 633 5094 ι
680 5041 738 5098 Si
771 5059 902 5117 ergo
931 5060 1030 5102 vos
1061 5063 1185 5103 cum
1217 5048 1336 5105 sitis
1365 5049 1522 5115 mali,
1571 5047 1746 5105 nostis
1797 5048 1939 5103 bona
1996 5049 2118 5103 data

537 5133 668 5189 dare
706 5133 833 5190 ﬁliis
854 5136 1071 5203 vestris,
1106 5147 1310 5207 quanto
1335 5139 1507 5209 magis
1538 5137 1698 5193 Pater
1721 5148 1916 5205 vester,
1941 5139 2033 5209 qui
2066 5140 2120 5193 in

537 5226 693 5306 ctelis
721 5236 825 5295 est,
857 5227 1007 5282 dabit
1055 5229 1197 5284 bona
1239 5232 1546 5300 petentibus
1584 5246 1659 5286 se.
1703 5251 1721 5284 ι
1761 5230 1930 5287 Malos
1964 5240 2123 5287 vocat

537 5319 723 5375 seculi
762 5327 1037 5375 amatores
1076 5337 1311 5391 quorum
1362 5322 1505 5376 dona
1553 5323 1854 5378 secundum
1897 5339 2120 5378 sensum

536 5427 727 5468 eorum
753 5412 979 5468 dicenda
1006 5424 1135 5468 sunt
1164 5414 1325 5468 bona.
1354 5412 1449 5468 Vel
1478 5415 1619 5469 bona
1650 5428 1780 5471 sunt
1800 5416 2123 5470 naturaliter

537 5503 719 5557 omnia
749 5518 871 5573 quae
894 5503 1036 5559 Deus
1064 5504 1210 5559 fecit.

612 5613 633 5646 ι
679 5593 737 5649 Si
778 5612 909 5666 ergo
958 5613 1059 5651 nos
1107 5611 1232 5651 cum
1284 5596 1458 5652 simus
1506 5596 1632 5650 mali
1678 5596 1811 5651 dare
1868 5597 2121 5654 novimus

539 5685 683 5754 quod
708 5687 964 5755 petimur,
991 5696 1197 5756 quanto
1221 5687 1393 5756 magis
1418 5687 1578 5741 Deus.
1595 5706 1612 5739 ι
1634 5687 1924 5756 Apostolos
1946 5688 2121 5743 malos

534 5776 676 5831 dixit
699 5778 783 5831 vel
813 5779 1109 5833 humanum
1146 5795 1317 5850 genus
1343 5780 1445 5833 sub
1482 5795 1713 5849 persona
1751 5781 2119 5848 apostolorum

541 5866 609 5920 ad
652 5868 1109 5937 comparationem
1156 5870 1353 5925 divinae
1391 5870 1708 5925 clementiae.
1734 5869 1891 5935 Quod
1942 5871 2121 5929 Lucas

2228 3314 2396 3369 super
2434 3300 2534 3354 hos
2563 3300 2708 3355 oculi
2740 3300 3132 3356 misericordi:e
3163 3298 3258 3354 Dei
3289 3299 3593 3368 respiciunt,
3623 3306 3675 3352 et
3700 3311 3787 3351 au-

2224 3407 2314 3447 res
2338 3392 2457 3461 ejus
2483 3391 2549 3446 ad
2578 3407 2769 3462 preces
2799 3407 3016 3458 eorum,
3047 3389 3200 3461 quia,
3232 3401 3511 3460 antequam
3546 3390 3789 3443 invocent

2224 3499 2371 3548 eum,
2402 3484 2546 3539 dicet
2597 3482 2882 3539 eiszEece
2927 3483 3147 3539 adsum.
3176 3501 3197 3534 ι
3240 3480 3427 3536 Vultus
3467 3489 3640 3535 autem
3687 3480 3789 3533 De.

2228 3576 2361 3631 mini
2399 3591 2563 3646 super
2595 3574 2855 3631 facientes
2897 3575 3042 3629 mala
3073 3573 3275 3645 (ibid.).
3312 3592 3331 3627 ι
3365 3572 3444 3627 Ad
3471 3570 3637 3642 quid!
3670 3589 3691 3622 ι
3727 3570 3790 3626 Ut

2225 3668 2413 3740 perdat
2465 3668 2533 3722 de
2588 3678 2729 3722 terra
2786 3667 3109 3722 memoriam
3161 3681 3355 3720 eorum
3389 3664 3586 3734 (ibid.).
3619 3661 3786 3717 ilusti

2224 3773 2355 3829 ergo
2377 3774 2407 3812 a
2434 3757 2543 3812 Deo
2566 3757 2765 3827 respici
2800 3766 2856 3812 et
2880 3758 2950 3812 ab
2975 3773 3042 3813 eo
3066 3757 3316 3812 exauditi
3354 3756 3638 3825 gaudeant,
3664 3763 3713 3809 et
3737 3753 3782 3807 in

2227 3852 2422 3905 melius
2472 3849 2791 3921 proﬁciant;
2826 3850 2931 3904 mei
2984 3859 3166 3904 autem
3232 3848 3572 3914 consimiles,
3603 3847 3786 3902 scilicet

2226 3944 2280 4000 in
2310 3944 2632 3999 criminibus
2670 3942 2922 4009 fetentcs,
2955 3951 3175 4013 peccata
3207 3941 3489 4008 deserant,
3520 3950 3572 3994 et
3593 3940 3656 3995 ad
3681 3954 3789 3993 ora.

2228 4035 2390 4092 tionis
2412 4035 2692 4090 munimen
2723 4033 3064 4105 confugiant,
3087 4043 3142 4089 et
3162 4049 3222 4090 sc
3246 4034 3417 4089 etiam
3448 4034 3785 4091 exaudiendus

2226 4128 2421 4185 sciant.
2451 4128 2649 4183 Tribus
2678 4137 2863 4183 autem
2896 4128 3074 4183 modis
3106 4128 3387 4183 orationes
3419 4139 3614 4185 nostra:
3639 4128 3787 4197 impe-

2224 4220 2450 4276 diuntur
2474 4221 2619 4291 quod
2647 4236 2677 4275 a
2713 4219 2823 4275 Deo
2870 4235 2979 4275 non
3039 4221 3433 4275 exaudiuntur.
3470 4220 3574 4288 Qui
3597 4229 3707 4275 orat
3737 4229 3787 4271 at

2224 4314 2292 4369 de
2318 4313 2555 4368 inimicis
2606 4313 2723 4368 suis
2760 4312 3077 4378 ulciscatur,
3107 4313 3197 4368 hic
3238 4328 3349 4367 non
3383 4314 3683 4376 exauditur,
3706 4310 3786 4366 sed

2225 4406 2402 4462 oratio
2451 4405 2572 4475 ejus
2615 4405 2667 4457 in
2713 4417 2997 4474 peccatum
3060 4406 3404 4485 convertitur
3437 4404 3608 4476 (Psal.
3634 4408 3785 4459 cvnt‘.

2226 4498 2330 4567 Qui
2360 4499 2543 4553 odium
2584 4497 2637 4551 in
2679 4497 2843 4552 corde
2871 4496 3087 4562 retinet,
3116 4505 3171 4551 et
3217 4497 3270 4551 in
3323 4513 3385 4550 se.
3438 4496 3789 4567 peccaminum

2223 4590 2464 4655 dimittit,
2496 4589 2639 4644 hunc
2666 4597 2913 4643 orantem
2940 4586 3083 4643 Deus
3130 4604 3238 4643 non
3268 4590 3550 4644 exaudiet.
3577 4588 3674 4655 Qui
3699 4585 3790 4640 eri-

2222 4683 2445 4739 tninalia
2493 4690 2715 4753 peccata
2763 4691 3057 4752 perpetrat,
3088 4683 3229 4737 etin
3288 4683 3377 4738 liis
3428 4681 3789 4738 delectabiliter

2222 4781 2554 4844 perseverat,
2596 4770 2687 4827 hic
2720 4770 2999 4827 incassum
3031 4787 3224 4841 preces
3281 4771 3485 4837 fundit,
3517 4774 3641 4844 quia
3670 4771 3791 4825 Deus

2222 4876 2535 4936 peccatores
2560 4881 2669 4921 non
2710 4865 2862 4921 audit
2883 4863 3065 4936 (Joan.
3097 4868 3196 4933 ix).
3231 4863 3385 4919 Unde
3435 4881 3535 4937 per
3580 4865 3792 4937 prophe-

2223 4970 2332 5015 tam
2378 4959 2578 5015 dicitur
2610 4977 2624 5013 :
2661 4977 2679 5009 ι
2710 4958 2886 5013 Aures
2934 4957 3027 5012 Dei
3079 4974 3188 5012 non
3224 4966 3355 5012 sunt
3416 4966 3716 5029 aggravata:
3745 4961 3795 5007 ut

2223 5067 2330 5105 non
2355 5051 2560 5117 audiat,
2588 5051 2680 5106 sed
2713 5059 2931 5121 peccata
2959 5060 3133 5105 vestra
3179 5049 3401 5104 obstant
3435 5066 3505 5105 ne
3534 5066 3630 5105 vos
3646 5063 3795 5103 exau-

2222 5142 2355 5198 diat.
2379 5162 2397 5194 ι
2426 5142 2555 5198 Item
2579 5142 2720 5198 idem
2744 5160 2758 5197 :
2788 5160 2807 5193 ι
2838 5141 3063 5211 Propter
3086 5149 3304 5209 peccata
3329 5151 3543 5208 nostra,
3567 5140 3792 5199 Domine,

2223 5236 2527 5307 Opposuisti
2578 5235 2677 5291 tibi
2724 5235 2947 5300 nubem,
2982 5247 3050 5287 ne
3102 5243 3347 5287 transeat
3389 5234 3568 5288 oratio
3595 5231 3792 5304 (Threx.

2226 5332 2329 5399 ιιι).
2363 5348 2382 5379 ι
2400 5328 2689 5383 Peccatum
2709 5327 2910 5397 quippe
2931 5340 3095 5396 grave
3116 5334 3201 5381 est
3217 5333 3276 5378 ut
3291 5325 3601 5396 plumbum,
3624 5322 3795 5379 ctidio

2224 5419 2492 5489 pcrtrahit
2540 5419 2817 5473 hominem
2872 5416 2925 5471 in
2977 5415 3219 5470 barathri
3269 5413 3628 5485 profundum.
3662 5412 3797 5468 Sicut

2222 5511 2367 5566 enim
2409 5520 2526 5566 rota
2565 5510 2620 5565 in
2668 5519 2852 5567 monte
2896 5509 3222 5573 demittitur,
3244 5516 3299 5561 et
3326 5523 3425 5578 per
3451 5505 3795 5579 praecipitium

2224 5605 2290 5659 ad
2323 5605 2430 5658 ima
2458 5603 2721 5659 convallis
2743 5602 3067 5667 devolvitur,
3091 5602 3172 5657 sic
3203 5600 3388 5655 anima
3414 5611 3613 5671 sponte
3642 5601 3793 5652 Deum

2222 5694 2481 5750 deserens
2502 5694 2623 5749 etin
2647 5693 2985 5764 iniquitatem
3008 5705 3300 5762 proruens,
3315 5705 3602 5761 nunquam
3625 5691 3680 5744 in
3700 5690 3796 5742 imo

2223 5786 2375 5856 lapsu
2404 5785 2725 5851 morabitur,
2755 5784 2850 5840 sed
2902 5797 3117 5853 semper
3166 5781 3398 5837 ulterius
3424 5782 3493 5837 ad
3538 5781 3796 5836 deteriora

2223 5876 2562 5946 prolabitur,
2607 5886 2658 5931 et
2711 5883 2988 5946 peccatum
3044 5873 3193 5944 quod
3262 5874 3432 5929 citius
3490 5869 3802 5944 peuiteutia
