3948 6440
184 357 283 415 965

1061 347 1635 408 DEFLORATIONES
1673 354 1773 411 SS.
1814 354 2126 415 PATRUM.
2160 390 2226 399 —-
2264 360 2399 417 LIB.
2439 362 2478 417 1.

3308 377 3413 434 966

185 483 283 524 non
304 460 467 525 diluit,
495 472 619 514 mox
657 458 799 513 aliud
829 473 929 514 suo
952 460 1188 529 pondere
1218 464 1402 531 trahit,
1432 474 1487 520 et
1507 466 1574 522 de
1598 483 1724 538 pec-
1754 480 1799 534 Α
1828 472 2011 538 beant,
2068 489 2293 530 necesse
2337 487 2421 533 est
2451 489 2508 533 ut
2558 482 2780 538 verbum
2814 483 2906 540 Dei
2956 485 3007 540 in
3059 488 3141 545 eis
3173 503 3409 549 arescat.

172 567 280 616 cato
303 555 353 609 in
380 560 656 623 peccatum
695 549 854 615 cadit,
886 567 1057 621 usque
1088 552 1217 607 dum
1275 554 1328 609 in
1385 555 1716 625 profundum

163 648 408 705 malorum
454 640 678 704 venerit,
712 641 835 695 inde
872 641 925 695 in
991 652 1207 699 aeternae
1241 647 1435 702 mortis
1492 659 1717 718 puteum

164 736 371 812 proruit.
397 733 568 801 Super
598 731 757 800 cujus
786 747 851 786 os
895 732 1032 803 lapis
1081 736 1448 793 damnationis
1474 741 1715 810 ponitur,

165 842 318 899 usque
348 826 470 879 dum
516 821 705 876 reddat
737 823 1098 881 novissimum
1158 829 1516 898 quadrantem
1567 834 1719 890 exire

164 935 260 976 non
280 916 619 988 promittitur.

223 1011 426 1067 Devotis
449 1022 576 1079 ergo
606 1008 878 1077 precibus,
910 1012 1244 1081 cbarissimi,
1277 1030 1307 1070 a
1347 1016 1458 1073 Deo
1481 1021 1712 1090 poscite,

171 1125 187 1157 ι
213 1118 271 1158 ne
298 1115 391 1155 vos
419 1097 701 1154 absorbcat
737 1100 1101 1172 profundum,
1135 1122 1310 1179 neque
1337 1121 1529 1179 urgeat
1550 1129 1716 1184 super

161 1212 243 1251 vos
255 1201 437 1264 puteus
462 1205 523 1245 os
545 1205 703 1245 suum
729 1191 905 1261 (Paul.
924 1198 1135 1267 vani).
1151 1219 1168 1251 ι
1185 1230 1256 1239 -
1273 1221 1292 1253 σ
1312 1201 1502 1275 Fugite
1524 1208 1712 1263 mundi

158 1281 382 1339 etcarnis
401 1279 683 1347 desideria,
697 1299 819 1352 qua).
839 1288 1285 1347 suntdtemonum
1304 1297 1546 1365 servitia;
1564 1315 1713 1369 qum-

159 1378 247 1430 rite
275 1372 574 1438 Dominum,
594 1382 649 1427 et
676 1374 821 1429 vivet
867 1377 1049 1434 anima
1076 1390 1253 1437 vestra
1282 1385 1483 1458 (ibid.).
1525 1408 1543 1440 ›
1578 1388 1712 1444 Pro-

155 1468 296 1537 pheta
325 1479 552 1535 namque
575 1465 707 1521 vidit
746 1468 840 1523 ubi
891 1472 1090 1527 mulier
1138 1473 1191 1529 iu
1228 1479 1490 1548 amphora
1516 1483 1711 1539 sedens

155 1559 201 1612 in
225 1557 347 1611 mari
373 1557 609 1624 natabat,
633 1574 796 1629 quam
846 1578 1029 1619 massa
1080 1566 1287 1636 plumbi
1330 1574 1609 1642 gravabat.
1645 1576 1711 1633 Et

152 1649 396 1704 ecceduze
437 1650 693 1706 mulieres
723 1651 881 1708 alata:
933 1657 1254 1727 amphoram
1301 1678 1425 1718 cum
1480 1667 1710 1725 muliere

154 1740 414 1804 levabant,
446 1748 499 1793 et
547 1756 665 1795 eam
723 1742 776 1797 in
833 1753 1031 1802 terram
1089 1738 1382 1824 Babylonis
1436 1756 1709 1817 ducebant

1828 560 1984 627 Quod
2034 574 2217 619 autem
2263 567 2434 636 spina:
2468 570 2755 641 suifocant,
2787 586 2915 630 sunt
2951 576 3004 630 hi
3033 579 3235 649 quibus
3266 583 3409 639 divi-

1821 651 1928 720 tiae,
1953 655 2278 725 voluptates,
2297 657 2421 714 vitae
2445 662 2840 723 sollicitudines
2865 684 3028 725 aures
3057 686 3089 724 a
3123 674 3290 729 verbo
3313 671 3408 732 Dei

1818 747 2110 803 obdurant.
2138 747 2296 817 Quod
2323 760 2504 807 autem
2534 754 2587 809 in
2613 765 2813 813 terram
2840 760 3040 816 bonam
3066 764 3270 821 cadens
3300 764 3411 822 fru-

1821 840 2044 909 etiﬁcat,
2075 853 2158 899 est
2193 844 2484 902 multitudo
2510 847 2774 918 fidelium,
2804 869 2928 923 quae
2954 856 3122 910 verbo
3145 856 3240 912 Dei
3270 859 3406 914 obe-

1816 932 1996 1000 diens,
2028 934 2191 990 bonis
2220 938 2435 993 actibus
2464 939 2705 997 insudat.
2737 942 3031 1018 Conjugati
3063 943 3404 1005 tricesimum

1817 1023 2056 1081 fructum
2105 1027 2374 1096 referunt,
2402 1032 2531 1087 dum
2566 1034 2724 1089 fidem
2758 1047 2961 1093 sanctae
2990 1038 3273 1099 Trinitatis
3302 1042 3408 1100 Dc-

1814 1118 2006 1187 calogo
2035 1119 2168 1190 legis
2214 1122 2518 1191 perficiunt.
2562 1124 2919 1183 Continentes
2964 1145 3096 1185 vero
3125 1134 3407 1205 sexagesi-

1814 1223 1963 1263 mum
2006 1209 2312 1279 proferunt,
2362 1214 2491 1270 dum
2524 1216 2639 1272 haec
2667 1219 2952 1275 actualitcr
2989 1230 3044 1277 et
3088 1223 3406 1292 spiritaliter

1814 1300 2042 1371 implere
2088 1312 2364 1374 satagunt.
2416 1304 2667 1378 Virgines
2696 1318 2877 1365 autem
2911 1314 3270 1370 centesimum
3320 1316 3404 1372 f’e-

1812 1395 1963 1452 runt,
2006 1401 2130 1441 cum
2163 1387 2278 1444 Deo
2318 1405 2548 1462 corpore
2582 1402 2635 1448 et
2682 1393 2877 1464 spiritu
2911 1398 3127 1468 placere
3165 1400 3405 1469 perfecte

1811 1476 2175 1533 contendunt.

1882 1566 2057 1634 liunc,
2074 1568 2408 1639 cbarissimi,
2429 1571 2639 1630 debetis
2659 1574 2898 1631 breviter
2924 1577 3236 1634 auscultare
3260 1579 3403 1635 unde

1810 1660 2088 1716 decretum
2136 1662 2210 1719 sit
2252 1663 2374 1720 istis
2422 1665 2617 1721 diebus
2668 1683 2861 1724 cruces
2909 1678 3149 1740 portare.
3206 1670 3402 1727 Fertur

1810 1754 1954 1821 quod
1979 1763 2123 1810 terra
2152 1754 2418 1826 siccitate,
2447 1759 2699 1815 homines
2728 1776 2859 1815 vero
2885 1769 2937 1816 et
2971 1762 3268 1818 animantia
3313 1773 3399 1819 ta-

151 1829 404 1897 (Zarh.v).
432 1830 579 1886 Mare
607 1833 978 1893 turbulentum
1003 1850 1087 1896 est
1115 1842 1218 1898 hoc
1240 1848 1498 1904 saeculum
1524 1850 1694 1907 adver

1814 1842 2052 1899 buerunt
2081 1845 2448 1915 mortalitate;
2478 1848 2706 1920 insuper
2726 1849 2913 1907 feritas
2936 1868 3217 1920 ursorum,
3249 1855 3400 1925 lupo.

148 1922 377 1975 sitatibus
407 1925 793 1992 procellosum.
820 1927 1014 1986 Mulier
1042 1948 1165 2003 qua:
1215 1935 1269 1990 in
1301 1939 1565 2009 amphora
1611 1960 1711 1998 na-

144 2023 210 2067 tat
235 2023 309 2067 est
334 2015 509 2068 anima
543 2026 750 2085 nostra,
780 2036 904 2090 quae
950 2026 1165 2094 corpori
1207 2029 1505 2097 praesidens
1534 2033 1586 2088 in
1616 2051 1711 2105 pe-

144 2104 309 2158 riculis
352 2106 533 2161 saeculi
588 2108 818 2166 laborat.
843 2110 1018 2179 Quam
1049 2130 1232 2173 massa
1258 2119 1466 2190 plumbi
1497 2104 1705 2195 gravat,

139 2192 249 2259 quia
275 2194 506 2249 animam
558 2207 803 2255 nostram
827 2203 1010 2272 gravis
1041 2204 1304 2277 iniquitas
1332 2192 1541 2269 onerat.
1578 2192 1708 2273 Duae

141 2283 391 2350 mulieres,
422 2301 547 2355 quzu
577 2289 896 2358 amphoram
924 2308 1049 2347 cum
1082 2297 1311 2354 muliere
1344 2298 1546 2372 levant,
1577 2316 1706 2363 sunt

136 2373 231 2427 duo
254 2375 395 2441 vitia,
423 2379 685 2447 superbia
715 2382 927 2439 scilicet
960 2392 1016 2439 et
1047 2386 1286 2457 luxuria,
1315 2407 1440 2462 quae
1464 2394 1703 2452 animam

136 2474 352 2520 nostram
379 2477 431 2522 et
461 2484 670 2539 corpus
710 2483 960 2530 nostrum
1006 2476 1074 2532 ad
1127 2478 1311 2536 illicita
1363 2485 1699 2544 mollilicant.

134 2553 369 2626 Superbia
400 2561 549 2616 enim
585 2565 824 2620 animam
878 2567 932 2621 in
964 2568 1257 2626 elationem
1299 2575 1494 2645 erigit;
1543 2578 1703 2634 luxu-

131 2648 199 2701 ria
219 2664 337 2704 vero
358 2667 584 2709 carnem
608 2656 662 2709 in
689 2656 1091 2715 immunditiam
1115 2662 1388 2733 deprimit.
1419 2666 1540 2723 Mox
1571 2671 1700 2729 dum

128 2739 330 2807 spiritus
356 2742 408 2795 in
438 2746 758 2815 superbiam
787 2750 1087 2818 extollitur,
1126 2754 1271 2810 illico
1298 2772 1428 2812 caro
1455 2759 1509 2815 in
1544 2762 1701 2819 luxu-

127 2830 245 2885 riam
290 2834 575 2905 mergitur.
630 2836 722 2893 πω
770 2840 926 2897 alata:
970 2843 1387 2915 describuntur,
1439 2853 1569 2921 quia
1624 2856 1700 2910 in-

123 2923 321 2981 stabiles
348 2927 659 2984 redduntur
711 2932 805 3003 qui
856 2948 949 2988 eas
1005 2950 1329 3007 sequuntur.
1362 2942 1697 3015 Amplioram

123 3030 230 3070 eum
253 3019 473 3076 muliere
504 3021 563 3076 in
599 3033 798 3079 terram
830 3025 1145 3097 Babylonis,
1180 3033 1325 3101 quod
1353 3037 1593 3093 confusio
1615 3041 1697 3094 di-

121 3107 262 3176 citur,
292 3110 522 3179 ducunt,
547 3115 681 3184 quia
728 3116 830 3171 sibi
878 3130 1281 3179 consentientes
1329 3126 1528 3198 duplici
1565 3144 1697 3185 con-

1814 1952 1935 1991 rum
1989 1945 2043 1992 et
2088 1938 2327 1993 aliarum
2374 1940 2674 1996 bestiarum
2723 1942 2988 2012 plurimos
3032 1944 3336 2000 devastavit
3379 1963 3395 2001 :

1810 2045 2045 2098 quarum
2080 2031 2397 2100 multitudo,
2423 2034 2628 2104 passim
2659 2035 2906 2092 civitates
2941 2044 2997 2092 et
3023 2037 3176 2092 villas
3217 2039 3399 2108 ingre-

1810 2124 1986 2189 diens,
2018 2126 2277 2192 parvulos
2302 2128 2355 2181 in
2383 2128 2542 2184 cuuis
2574 2129 2737 2184 etiam
2767 2130 3104 2188 dilaceravit.
3138 2132 3216 2188 Eo
3253 2142 3396 2189 tem-

1809 2230 1961 2283 pore,
1999 2214 2298 2273 Mamertus
2343 2218 2637 2290 episcopus
2676 2219 3042 2278 Viennensem
3094 2223 3395 2282 Ecclesium

1808 2304 2047 2375 regebat.
2113 2304 2217 2373 Qui
2266 2320 2568 2366 convocato
2619 2313 2819 2382 populo
2887 2314 3073 2370 triduo
3118 2315 3394 2387 jejunarc,

1807 2410 1986 2463 orare,
2006 2414 2199 2454 cruces
2224 2409 2446 2470 portare
2476 2405 2753 2470 monebat,
2783 2413 2842 2460 ut
2865 2406 3242 2463 misericordia
3277 2409 3391 2477 Dei,

1804 2503 1929 2558 qua:
1954 2488 2230 2547 Ninivitas
2253 2508 2350 2563 per
2377 2494 2694 2551 triduanum
2731 2497 3006 2568 jejunium
3045 2500 3333 2556 liberasset
3361 2518 3392 2556 a

1805 2581 2180 2649 subversione,
2212 2585 2415 2655 populo
2450 2601 2554 2641 suo
2593 2588 2910 2643 subveniret
2940 2590 2992 2643 in
3021 2591 3270 2660 praesenti
3306 2592 3391 2646 af-

1804 2672 2061 2728 flictione.
2094 2672 2215 2741 Quo
2248 2674 2394 2731 facto
2432 2678 2588 2750 plaga
2625 2679 2868 2748 sedatur,
2907 2681 3163 2751 gaudium
3203 2694 3256 2739 et
3296 2684 3394 2739 ab-

1804 2766 2064 2820 undantia
2097 2784 2279 2823 rerum
2310 2770 2523 2827 afflictis
2551 2772 2806 2828 donatur.
2831 2772 3005 2829 Porro
3035 2775 3123 2831 ille
3151 2777 3267 2833 dics
3296 2779 3392 2848 qui

1803 2858 1979 2929 major
2005 2859 2192 2916 litania
2223 2861 2445 2930 dicitur,
2474 2879 2538 2919 ea
2562 2864 2629 2920 de
2665 2881 2829 2921 causa
2855 2867 3140 2925 institutus
3172 2871 3387 2941 legitur.

1802 2947 2030 3021 Tyberis
2073 2951 2195 3022 plus
2236 2953 2399 3008 solito
2449 2953 2757 3023 inundavit,
2801 2955 3032 3013 Romam
3083 2960 3393 3031 ingrediens

1800 3039 2073 3095 maximas
2104 3041 2355 3111 regiones
2381 3042 2435 3096 in
2463 3058 2526 3098 ea
2564 3045 2873 3115 occupavit,
2908 3048 3172 3105 ecclesias
3198 3050 3388 3118 diruit,

1799 3131 1972 3187 multa
2022 3132 2248 3188 aedificia
2320 3150 2443 3189 cum
2496 3136 2697 3205 populo
2744 3138 3029 3195 subvertit.
3080 3139 3183 3197 Per
3229 3143 3390 3214 cujus

1407 3192 1421 3198 -
2498 3192 2511 3205 .
2569 3192 2583 3205 .
2756 3192 2763 3193 κ
3080 3192 3175 3197 -η
3235 3192 3388 3214 η---

116 3196 310 3256 fusione
336 3202 604 3271 induunt,
628 3207 758 3262 dum
802 3218 855 3264 et
906 3211 996 3267 hic
1044 3227 1229 3269 coram
1278 3217 1594 3277 hominibus
1635 3222 1688 3279 in
1723 3192 1764 3250 θ
1798 3220 2012 3275 alveum
2052 3222 2243 3294 ingens
2278 3224 2447 3280 draco
2484 3242 2610 3281 eum
2645 3243 2840 3300 magna
2874 3232 3224 3288 multitudine
3267 3249 3389 3290 ser—

115 3305 322 3361 corpore
363 3294 824 3366 confunduntur,
893 3311 949 3357 et
1028 3304 1081 3359 in
1144 3304 1326 3364 futuro
1395 3310 1448 3364 in
1507 3313 1687 3367 anima

113 3392 290 3440 aeterna
317 3386 658 3444 confusione
688 3394 1025 3464 puniuntur,
1056 3398 1200 3453 sicut
1227 3399 1467 3457 dicitur:
1500 3421 1517 3454 ι
1548 3401 1688 3475 Ope—

113 3472 301 3567 rientur
373 3478 591 3550 duplici
645 3482 990 3555 confusione,
1044 3492 1184 3546 sicut
1239 3491 1478 3564 diploide
1512 3472 1683 3567 (Paul.

109 3566 263 3634 cvm).
300 3586 317 3618 ι
347 3567 544 3638 Igitur,
583 3572 923 3642 cbarissimi,
974 3580 1287 3649 stiperbiam
1330 3592 1385 3639 et
1413 3566 1686 3644 luxuriam

108 3660 473 3729 exsecramini,
501 3672 675 3733 atque
702 3663 756 3719 in
798 3664 1031 3724 Domino
1064 3670 1429 3741 delcctamiui,
1456 3686 1510 3731 et
1538 3678 1688 3735 dabit

108 3747 243 3805 vobis
269 3753 574 3820 petitiones
609 3757 790 3814 cordis
819 3761 983 3815 vestri
1025 3761 1197 3832 (Psal.
1227 3767 1434 3838 xxxvi).

780 3865 1000 3907 DIVISIO.

160 3929 290 3996 Quia
324 3936 687 3995 confluxistis
722 3938 905 4010 hodie,
946 3943 1170 4002 verbum
1216 3946 1310 4002 Dei
1346 3948 1549 4005 intente
1586 3966 1684 4008 au-

101 4022 202 4078 dire
245 4025 480 4085 debetis.
536 4030 662 4102 Ipse
711 4032 977 4091 Dominus
1022 4047 1210 4094 noster
1248 4039 1421 4097 dicit:
1450 4041 1680 4109 Quidam

98 4134 262 4177 semen
287 4142 454 4181 suum
492 4128 776 4185 seminare
802 4131 954 4199 exiit,
985 4143 1039 4189 et
1067 4135 1197 4190 dum
1243 4138 1497 4197 seminat.
1532 4140 1681 4198 aliud

98 4227 238 4270 secus
266 4218 413 4273 viam
450 4221 666 4277 cadens
700 4224 1051 4281 conculcatur
1076 4237 1130 4283 et
1159 4245 1189 4283 a
1233 4230 1548 4290 volucribus
1586 4235 1682 4292 de-

91 4318 332 4378 voratur;
384 4313 548 4369 aliud
610 4329 775 4385 supra
830 4326 1037 4387 petram
1109 4321 1424 4391 prosiliens,
1490 4334 1679 4383 natum

93 4396 239 4466 aruit,
268 4402 400 4472 quia
434 4403 738 4462 humorem
769 4422 877 4462 non
909 4409 1118 4465 habuit.
1149 4411 1310 4468 Aliud
1334 4414 1508 4484 spinis
1536 4431 1680 4472 com-

1793 3315 2035 3384 pentium
2064 3330 2214 3370 mare
2247 3315 2548 3385 ingreditur
2576 3336 2588 3372 :
2620 3334 2745 3374 cum
2773 3321 2974 3391 quibus
3004 3324 3263 3382 omnibus
3290 3326 3380 3382 ibi-

1791 3406 1912 3462 dem
1949 3406 2265 3463 suffocatur.
2294 3407 2397 3475 Qui
2423 3409 2479 3464 in
2503 3409 2658 3467 littus
2686 3412 2912 3483 projecti
2944 3430 3126 3472 aerem
3158 3433 3257 3473 sua
3286 3434 3389 3490 pu-

1790 3498 2001 3553 tredine
2018 3511 2402 3569 corruperunt,
2431 3508 2485 3556 et
2499 3516 2717 3572 gravem
2736 3503 3121 3560 mortalitatem
3146 3506 3389 3563 humano

1790 3590 1976 3661 generi
2025 3591 2347 3647 intulerunt.
2397 3591 2618 3664 Sagittae
2647 3608 2885 3665 namque
2934 3595 3152 3653 ecl-litus
3199 3599 3387 3654 venire

1789 3680 2288 3751 conspiciebantur,
2317 3682 2384 3738 de
2414 3684 2615 3753 quibus
2643 3684 2862 3757 inguina
2912 3688 3194 3743 hominum
3243 3698 3385 3746 tacta

1789 3772 1907 3828 sine
1919 3788 2073 3829 mora
2105 3774 2503 3831 moriebantur.
2530 3775 2795 3833 Primitus
2822 3794 2960 3849 papa
2991 3777 3244 3852 Pelagius
3267 3798 3387 3838 mo-

1786 3866 1959 3933 ritur;
2008 3866 2204 3923 deinde
2243 3869 2480 3938 populus
2529 3867 2815 3925 Romanus
2855 3888 2992 3941 pene
3023 3882 3168 3929 totus
3202 3875 3383 3932 subita

1787 3967 1962 4013 morte
1982 3959 2347 4014 consumitur.
2404 3959 2700 4029 Gregorius
2747 3960 2932 4031 itaque
2969 3963 3261 4035 episcopus
3298 3967 3383 4021 lc—

1786 4060 1947 4106 vatur
1971 4051 2065 4121 qui
2092 4052 2354 4122 populum
2379 4051 2650 4121 jejunare,
2678 4067 2872 4107 cruces
2901 4062 3119 4122 portare
3142 4065 3196 4110 et
3220 4071 3382 4113 orare

1785 4144 2055 4200 hortatur.
2091 4142 2249 4211 Quod
2273 4145 2402 4199 dum
2421 4144 2613 4198 devote
2626 4143 3085 4216 peragunt,plaga
3115 4156 3382 4215 cessat,et

1784 4236 2021 4308 populus
2071 4252 2207 4309 pace
2246 4236 2340 4292 Dei
2394 4236 2652 4293 exsultat.
2699 4237 2850 4295 Unde
2897 4249 3159 4296 statutum
3201 4252 3285 4298 est
3320 4254 3381 4299 nt

1784 4330 1975 4386 eadem
2010 4330 2127 4387 dies
2169 4330 2451 4386 annuatim
2481 4329 2535 4385 in
2589 4330 2819 4387 ecclesia
2848 4342 3040 4405 agatur
3065 4350 3189 4389 cum
3230 4335 3377 4406 jeju-

1785 4421 2009 4476 niorum
2065 4430 2120 4476 et
2169 4420 2486 4475 litauiarum
2537 4420 2921 4489 celebratione,
2963 4432 3235 4494 quatenus
3277 4443 3378 4482 nos

87 4490 361 4548 mendatur
409 4504 469 4549 et
503 4511 538 4551 a
591 4496 766 4566 spinis
808 4497 1126 4555 suffocatur.
1175 4500 1338 4557 Aliud
1382 4503 1437 4558 in
1477 4504 1676 4560 bonam
1711 4532 1756 4587 Ι)
1788 4511 1930 4568 Deus
1954 4520 2009 4569 et
2039 4512 2298 4568 animalia
2336 4522 2522 4568 nostra
2552 4514 2827 4569 custodiat
2853 4529 2883 4569 a
2927 4490 3276 4570 mortalitate.
3306 4515 3374 4572 Et

87 4587 268 4638 terram
296 4588 533 4655 cecidit,
571 4597 629 4643 et
650 4589 795 4644 aliud
828 4588 1186 4660 tricesimum,
1220 4593 1369 4649 aliud
1398 4598 1678 4670 sexagesi-

83 4678 406 4744 uium,aliud
437 4680 816 4736 centesimum
834 4680 1072 4738 fructum
1088 4684 1515 4757 obtulitUIattlt.
1536 4693 1678 4760 xui).

84 4764 175 4832 Qui
202 4785 396 4827 semen
429 4775 701 4841 seminat,
747 4788 830 4830 est
879 4778 1156 4845 sacerdos,
1205 4780 1300 4850 qui
1331 4781 1558 4836 verbum
1585 4779 1681 4838 Dei

75 4864 359 4935 pnedicat;
396 4883 545 4940 ager
572 4869 630 4925 in
653 4886 763 4941 quo
796 4885 981 4927 semen
1015 4875 1308 4944 spargitur,
1346 4884 1476 4932 sunt
1502 4888 1680 4933 vestra

75 4957 226 5012 corda
256 4960 312 5014 in
344 4963 572 5032 quibus
615 4964 840 5019 verbum
878 4963 973 5021 Dei
1015 4966 1242 5038 jacitur.
1275 4967 1473 5025 Semen
1509 4971 1562 5025 in
1594 4973 1679 5027 via

66 5045 285 5121 jactum,
308 5062 367 5108 et
398 5070 431 5108 a
461 5056 929 5125 praetereuntibus
957 5060 1359 5128 conculcatum,
1385 5077 1415 5116 a
1441 5063 1680 5119 volucri-

70 5136 163 5192 bus
187 5142 565 5211 devoratum,
602 5145 849 5218 designat
871 5163 967 5204 eos
988 5150 1082 5219 qui
1114 5151 1341 5206 verbum
1374 5151 1471 5208 Dei
1502 5155 1680 5224 perci-

65 5230 232 5300 piunt,
266 5235 367 5290 sed
398 5235 780 5293 saacularibus
808 5239 1046 5308 negotiis
1070 5248 1126 5295 et
1151 5241 1446 5299 mundanis
1464 5243 1679 5299 deside-

62 5325 152 5381 riis
181 5327 386 5383 intenti
421 5329 575 5384 illud
605 5330 762 5401 quasi
791 5340 1100 5401 proternnt,
1128 5342 1182 5389 et
1210 5334 1487 5392 daemones
1510 5352 1540 5391 a
1563 5352 1678 5392 me-

60 5422 227 5477 moria
281 5438 502 5479 eorum
556 5423 773 5489 tollunt,
818 5434 873 5480 et
918 5426 1127 5481 nullum
1174 5427 1393 5497 pietatis
1435 5427 1674 5486 fructum

59 5512 322 5572 referunt.
378 5515 585 5587 Supra
629 5524 835 5586 petram
878 5526 1060 5573 autem
1093 5519 1297 5575 cadens
1325 5529 1380 5575 et
1428 5521 1501 5576 ibi
1549 5538 1674 5578 are-

53 5617 205 5664 tcens
246 5607 614 5664 duricordes
666 5609 947 5682 designat,
985 5611 1100 5681 qui,
1152 5613 1403 5680 quamvis
1448 5615 1674 5669 verbum

48 5693 140 5752 Dei
167 5699 503 5771 aliquando
540 5700 700 5756 avide
727 5701 975 5769 audiant,
1004 5702 1057 5756 in
1094 5703 1300 5757 malitia
1329 5713 1509 5760 tamen
1546 5721 1673 5777 per-

44 5787 267 5862 durant,
303 5802 363 5849 ct
399 5807 552 5849 cum
602 5791 884 5849 humorem
929 5810 1178 5864 superna:
1220 5796 1408 5863 gratia:
1435 5812 1544 5852 non
1575 5797 1673 5852 ha-

1785 4607 1913 4678 quia
1945 4621 2088 4678 sepe
2117 4606 2224 4663 hoc
2269 4615 2515 4677 tempore
2561 4623 2629 4663 ex
2661 4607 3012 4663 inclementia
3050 4608 3196 4664 acris
3240 4609 3378 4665 solet

1783 4698 2022 4764 evenire,
2054 4698 2201 4769 quod
2224 4697 2368 4768 jacta
2397 4698 2607 4754 semina
2652 4698 2847 4756 usibus
2893 4699 3099 4756 nostris
3144 4710 3377 4770 possunt

1784 4790 2052 4859 deperire,
2085 4788 2365 4846 decretum
2395 4800 2479 4846 est
2509 4799 2570 4846 ut
2599 4790 2688 4847 isti
2721 4790 2838 4846 dies
2864 4789 3056 4845 eodem
3089 4791 3222 4855 ritu,
3266 4791 3376 4847 sci-

1783 4880 1907 4936 licet
1936 4895 2060 4935 cum
2090 4880 2316 4953 jcjuniis
2363 4889 2419 4936 et
2468 4880 2671 4936 litaniis
2719 4888 3071 4952 peragantur,
3103 4890 3164 4937 ut
3207 4882 3375 4937 totius

1781 4972 1910 5027 anni
1941 4972 2154 5027 fructus
2175 4971 2334 5027 nobis
2364 4972 2433 5027 ab
2461 4975 2612 5027 omni
2635 4970 2938 5027 infortunio
2968 4973 3369 5029 custodiantur.

1782 5063 1844 5119 Et
1874 5074 1931 5119 ut
1959 5064 2083 5134 pius
2110 5062 2379 5118 Dominus
2406 5063 2497 5118 det
2544 5062 2703 5119 nobis
2733 5062 2987 5117 fiduciam
3020 5062 3371 5134 impetrandi,

1781 5154 2032 5209 hortatur
2078 5168 2181 5209 nos
2207 5151 2274 5208 ad
2323 5153 2563 5209 studium
2596 5152 2812 5208 orandi.
2850 5151 2991 5208 Dicit
3022 5153 3165 5209 enim
3207 5172 3220 5208 :
3263 5172 3282 5205 ι
3313 5153 3371 5209 Si

1778 5247 1904 5317 quis
1960 5246 2136 5302 media
2182 5253 2344 5301 nocte
2390 5260 2559 5315 panes
2603 5246 2673 5301 ab
2738 5244 2917 5300 amico
2983 5255 3174 5315 petat,
3231 5260 3372 5315 quos

1778 5346 1907 5393 ante
1936 5337 2175 5393 amicum
2218 5352 2381 5392 suum
2423 5336 2490 5391 de
2529 5336 2615 5390 via
2645 5336 2952 5392 venientem
3001 5344 3189 5405 ponat,
3235 5333 3280 5388 si
3315 5333 3366 5388 ei

1778 5438 1999 5501 propter
2028 5426 2322 5482 amicitiam
2369 5441 2478 5481 non
2534 5426 2759 5491 tribuat,
2794 5437 3015 5497 propter
3043 5425 3364 5496 improbita-

1778 5531 1886 5575 tem
1941 5518 2061 5588 ejus
2109 5518 2202 5589 qui
2255 5517 2432 5587 poscit
2478 5518 2734 5573 exhibeat
2762 5517 2914 5588 (Luc.
2943 5518 3040 5585 xi).
3074 5535 3091 5565 ι
3139 5515 3366 5570 Amicus

1777 5612 1867 5667 hic
1898 5619 1982 5667 est
2023 5609 2188 5676 Deus,
2223 5609 2318 5679 qui
2356 5624 2455 5664 nos
2489 5609 2680 5664 dilexit
2721 5617 2776 5663 et
2814 5606 3160 5677 Unigenitum
3192 5621 3357 5660 suum

1776 5718 1878 5774 pro
1908 5702 2065 5757 nobis
2092 5700 2335 5757 tradidit.
2384 5700 2467 5755 Ab
2493 5703 2597 5756 hoc
2626 5700 2805 5755 media
2838 5707 2995 5752 nocte
3035 5712 3231 5766 panem
3265 5712 3367 5766 pe-

1778 5794 1966 5860 timus,
1991 5793 2119 5848 dum
2145 5793 2200 5848 in
2224 5792 2573 5848 tribulatione
2597 5793 2716 5862 ejus
2744 5788 3005 5844 auxilium
3038 5787 3365 5858 quaerimus.
