3948 6442
529 528 596 584 Ει
619 529 665 583 si
697 540 856 580 nonis
877 531 1096 594 propter
1127 524 1348 590 peccata
1376 520 1561 568 nostra
1589 509 1881 565 subvenire
1911 507 2111 572 tardat,
2144 509 2188 566 Α

527 631 717 676 tamen
752 617 798 672 si
832 611 1324 686 persevcravimus,
1357 603 1788 660 misericordiam
1827 615 1984 656 suam
2019 613 2120 652 no-

532 713 618 766 bis
653 713 940 779 prergat.
999 703 1221 770 Absque
1271 697 1438 754 dubio
1488 703 1669 750 autem
1719 708 1821 748 nos
1871 689 2116 745 exaudiri

533 813 850 860 noscamus,
914 794 959 848 si
1024 790 1247 846 instanti
1291 803 1450 860 prece
1489 785 1744 856 petimus,
1805 782 1851 838 si
1911 781 2118 836 intenta

533 900 712 944 meme
749 885 1068 958 quaerimus,
1103 883 1148 938 si
1181 880 1438 936 lacrvmis
1463 879 1765 949 pulsamus.
1823 873 1930 942 Qui
1971 873 2120 928 enim

534 991 746 1052 patrem
779 994 972 1049 panem
1003 977 1159 1046 petit,
1203 974 1354 1029 nullo
1399 973 1560 1027 modo
1593 970 1642 1026 ei
1681 967 1917 1040 lapidem
1947 965 2116 1020 dabit.

533 1073 600 1128 Et
631 1073 724 1144 qui
759 1089 788 1125 a
817 1079 968 1140 patre
995 1068 1199 1137 piscem
1229 1065 1420 1137 exigit,
1448 1063 1674 1120 minime
1697 1067 2004 1130 serpentem
2038 1073 2122 1112 ac-

533 1165 683 1236 cipit.
730 1163 798 1218 Et
843 1163 888 1216 si
919 1177 1081 1216 ovum
1111 1160 1306 1230 poscit,
1354 1171 1636 1227 nunquam
1681 1154 1732 1208 ei
1775 1151 2122 1222 scorpionem

535 1253 808 1326 porrigit?
849 1251 954 1306 Per
1005 1267 1220 1322 panem,
1253 1249 1347 1320 qui
1395 1264 1492 1304 eor
1521 1245 1764 1302 hominis
1813 1243 2120 1307 conlirmat,

541 1347 786 1403 eharitas
815 1343 1146 1407 declaratur,
1179 1357 1276 1412 per
1315 1355 1480 1412 quam
1535 1339 1699 1392 homo
1742 1334 1796 1390 in
1832 1333 2126 1388 virtutibus

539 1439 950 1494 corroboratur.
999 1435 1101 1490 Per
1136 1435 1362 1504 piscem,
1408 1431 1499 1502 qui
1530 1430 1689 1500 pulsu
1721 1428 1982 1483 [luctuum
2018 1441 2122 1479 nu-

543 1530 730 1594 tritur,
768 1530 902 1584 ﬁdes
953 1527 1294 1596 intelligitur,
1325 1539 1448 1594 quae
1491 1521 1745 1594 procellis
1786 1517 2126 1590 persecutio—

539 1638 672 1676 num
704 1621 772 1677 ad
812 1621 1144 1677 incrementa
1174 1617 1508 1688 perducitur.
1553 1613 1657 1668 Per
1704 1628 1866 1668 ovum
1915 1611 1982 1666 de
2016 1625 2127 1682 quo

542 1715 686 1770 fetus
719 1724 1086 1784 exspectatur,
1107 1729 1232 1783 spes
1273 1712 1566 1775 indicatur,
1600 1724 1698 1779 per
1743 1722 1910 1779 quam
1945 1704 2124 1760 hitura

542 1808 824 1862 beatitudo
853 1815 1123 1878 speratur.
1175 1804 1346 1860 Porro
1385 1819 1480 1874 per
1506 1802 1738 1872 lapidem
1765 1798 1946 1856 cordis
1975 1797 2126 1851 duri-

542 1878 752 1968 tia,per
783 1907 1088 1968 serpentem
1111 1893 1482 1950 veneniferum
1517 1892 1720 1946 animal
1749 1888 1989 1956 malitia;
2029 1903 2125 1959 per

545 1990 889 2061 scorpionem
922 2003 1072 2053 vero,
1091 1987 1184 2058 qui
1215 1985 1388 2041 cauda
1420 1983 1672 2055 percutit,
1709 1981 1976 2052 accipitur
2001 1996 2127 2051 pec-

545 2090 792 2138 catorum
829 2081 1088 2136 vindicta.
1136 2078 1239 2146 Qui
1275 2094 1406 2150 ergo
1448 2093 1479 2132 a
1523 2076 1634 2132 Deo
1674 2076 1994 2132 charitatem
2025 2089 2126 2144 pe-

546 2175 733 2244 stulat,
765 2191 1044 2245 nunquam
1069 2189 1193 2229 eum
1220 2173 1274 2226 in
1308 2173 1467 2226 malis
1497 2171 1739 2236 indurat,
1762 2179 1816 2225 et
1841 2169 1936 2240 qui
1969 2167 2128 2222 ﬁdem

546 2267 617 2320 ab
645 2280 710 2320 eo
743 2265 937 2335 poscit,
971 2265 1122 2319 nullo
1151 2263 1314 2318 modo
1346 2277 1470 2317 eum
1497 2260 1549 2315 in
1577 2259 1781 2314 malitia
1811 2271 2132 2329 permanere

548 2355 699 2416 sinit.
757 2359 859 2426 Qui
898 2375 1026 2413 vero
1055 2373 1204 2428 spem
1257 2357 1328 2412 ab
1369 2373 1436 2412 eo
1477 2364 1655 2426 rogat,
1689 2366 2037 2423 nequaquam
2081 2349 2132 2404 ei

551 2454 877 2524 supplicium
911 2452 1132 2522 irrogat.
1168 2451 1273 2507 Per
1303 2465 1498 2522 panem
1526 2462 1747 2520 quoque
1774 2444 1808 2499 fi
1828 2453 2006 2503 uctus.
2039 2441 2132 2512 qui

551 2560 700 2600 nunc
747 2545 800 2599 in
840 2543 1003 2598 herba
1056 2544 1251 2612 surgit,
1287 2542 1589 2612 accipitur;
1622 2553 1720 2610 per
1771 2552 1959 2600 ovum,
1994 2535 2134 2588 fetus

551 2637 871 2691 animalium
918 2637 1273 2705 intelligitur;
1327 2651 1422 2705 per
1467 2635 1671 2704 piscem
1715 2629 1981 2702 quidquid
2021 2628 2134 2696 jam

550 2739 634 2784 est
663 2743 774 2800 quo
803 2728 1036 2798 quisque
1068 2727 1308 2781 nutritur
1331 2725 1596 2803 inuuitur.
1627 2722 1733 2777 Pro
1754 2721 1954 2792 quibus
1975 2733 2141 2788 opor—

548 2831 624 2877 tet
651 2829 710 2875 ut
737 2820 956 2875 dilectio
991 2827 1174 2874 vestra
1212 2833 1399 2889 preces
1427 2815 1662 2870 Domino
1687 2813 1900 2876 fundat,
1942 2820 2138 2880 quate-

551 2929 656 2968 nus
681 2913 769 2966 hic
793 2928 824 2966 a
858 2912 1033 2981 lapide
1064 2910 1370 2982 grandinis,
1399 2925 1430 2963 a
1469 2914 1720 2977 serpente
1765 2901 2138 2967 mortalitatis,

551 3021 583 3060 a
615 3005 905 3076 scorpione
929 3002 1272 3068 tempestatis
1307 2999 1602 3057 custodiat.

1239 3109 1458 3152 DIVISIO.

1675 392 1996 451 WERNERI
2033 389 2136 446 AB]

2240 385 2328 440 I'IS
2368 384 2425 439 S.
2469 379 2686 436 BLASII
3695 366 3774 422 908

2219 499 2367 553 Elias
2415 509 2522 550 non
2568 497 2752 563 posset
2783 488 3046 560 corrigere
3079 481 3502 556 praedicatione,
3533 478 3717 534 clausit
3739 484 3775 536 ei

2222 591 2427 648 corium
2461 585 2624 641 annis
2652 583 2827 638 tribus
2858 590 2912 635 et
2936 578 3222 634 mensibus
3254 589 3352 630 sex
3391 571 3642 626 oratione
3662 568 3772 636 (Jac.

2220 685 2295 744 ν).
2345 680 2534 734 Pluvia
2582 691 2712 732 vero
2756 689 2787 729 a
2836 673 2974 728 coalo
3027 668 3264 724 inhibita
3315 664 3597 720 sitibunda
3650 663 3778 720 tellus

2218 769 2463 842 elanguit
2510 765 2772 825 marcida.
2817 771 2871 818 et
2901 759 3208 816 cultoribus
3235 757 3356 812 suis
3383 755 3628 808 minatur
3649 750 3780 812 fatuis

2221 857 2565 916 discrimina.
2609 853 2776 908 Fame
2807 853 2988 922 itaque
3023 857 3276 918 urgente,
3315 844 3556 916 populus
3596 843 3658 898 ad
3686 844 3780 900 cul-

2224 959 2338 1004 tmn
2365 947 2472 1002 vivi
2503 956 2554 1000 et
2581 944 2694 1000 veri
2730 943 2824 998 Dei
2846 941 3192 1010 compellitur
3218 946 3275 994 et
3305 945 3502 992 orante
3533 934 3645 990 Elia
3667 945 3778 994 tem

2223 1040 2522 1098 abundanti
2565 1040 2741 1094 imbre
2789 1036 3158 1108 perfunditur,
3206 1041 3262 1089 et
3305 1047 3576 1089 converso
3615 1034 3779 1102 populo

2223 1135 2378 1206 copia
2409 1149 2592 1190 rerum
2633 1130 2899 1188 redditur.
2928 1129 3006 1184 En
3046 1144 3142 1198 per
3173 1127 3486 1182 orationem
3518 1125 3678 1179 unius
3705 1126 3778 1180 ho-

2225 1235 2392 1292 minis
2431 1235 2628 1290 emlum
2666 1232 2817 1287 omni
2857 1230 3061 1301 populo
3091 1228 3392 1292 clauditur,
3416 1233 3473 1282 et
3501 1241 3708 1282 rursum
3729 1243 3778 1282 co

2226 1338 2420 1385 orante
2450 1327 2772 1383 recluditur.
3225 1368 3232 1378 .

2296 1421 2546 1489 Quodam
2593 1419 2754 1475 etiam
2811 1426 3059 1486 tempore
3121 1415 3192 1469 ob
3245 1421 3469 1484 peccata
3532 1412 3776 1468 hominum

2228 1529 2360 1568 arva
2407 1512 2653 1568 siccitate
2684 1519 2964 1575 arescunt,
3009 1520 3063 1563 et
3087 1506 3256 1563 corda
3295 1506 3594 1560 multorum
3621 1506 3778 1560 timore

2230 1605 2394 1660 famis
2462 1605 2768 1659 tabescunt.
2809 1600 3022 1668 Quibus
3067 1599 3472 1670 jejunantibus,
3501 1583 3578 1651 'et
3623 1613 3780 1653 crum

2229 1711 2355 1752 cum
2385 1695 2591 1749 litaniis
2621 1692 2970 1764 portantibus
3013 1689 3236 1760 quidam
3289 1697 3507 1759 patrum
3559 1690 3778 1759 occurrit,

2231 1803 2456 1842 causam
2481 1785 2790 1841 alllictionis
2817 1785 3064 1856 inquirit.
3115 1783 3220 1851 Qui
3245 1799 3372 1838 eum
3404 1783 3694 1838 siccitatem
3713 1799 3781 1840 re-

2229 1879 2580 1948 sponderent,
2605 1876 2743 1932 dixit
2766 1894 2780 1930 :
2809 1875 2922 1931 Cur
2945 1893 3054 1932 non
3087 1875 3350 1931 orarent?
3389 1874 3495 1941 Qui
3523 1892 3644 1932 cum
3667 1875 3779 1932 adir-

2229 1981 2444 2026 marent
2497 1986 2556 2025 se
2599 1969 2896 2040 plurimum
2947 1969 3157 2024 orando
3189 1967 3496 2032 laborasse.
3527 1977 3580 2023 et
3624 1985 3777 2040 parum

2230 2065 2574 2132 impetrasse,
2609 2063 2784 2118 dixit:
2819 2059 2876 2116 Si
2908 2062 3113 2117 intente
3150 2071 3416 2132 peterent,
3443 2061 3624 2131 utique
3653 2063 3778 2130 petita

2232 2159 2562 2229 acciperent.
2619 2156 2894 2228 Stansque
2941 2172 3128 2212 coram
3195 2155 3480 2222 omnibus,
3513 2170 3694 2210 manus
3727 2156 3778 2207 ad

2234 2250 2543 2306 orationem
2592 2249 2857 2316 extendit,
2894 2258 2948 2303 et
2993 2248 3059 2304 ad
3102 2247 3282 2318 prima
3331 2247 3501 2301 verba
3551 2246 3782 2316 precantis

2234 2342 2416 2413 pluvia
2471 2341 2774 2406 descendit,
2827 2349 3082 2409 terraque
3125 2338 3218 2392 diu
3274 2347 3534 2410 negatum
3585 2337 3779 2392 fructum

2236 2433 2496 2508 agricolis
2528 2433 2812 2504 impendit.
2866 2432 3101 2499 Quidam
3153 2431 3323 2486 etiam
3373 2430 3670 2486 monachus
3695 2439 3782 2484 erat

2237 2525 2292 2580 in
2337 2523 2588 2578 oratione
2628 2523 2906 2578 assiduus.
2953 2519 3108 2576 Unus
3157 2536 3285 2576 vero
3333 2517 3778 2575 daemonumaln-

2239 2615 2389 2671 liano
2424 2615 2755 2686 imperatore
2790 2628 2889 2683 pro
2935 2612 3174 2684 quodam
3225 2627 3500 2683 responso
3555 2612 3780 2675 mittitur;

2240 2706 2335 2762 sed
2363 2705 2612 2776 ejusdem
2638 2705 2739 2759 viri
2780 2703 3036 2775 precibus
3059 2721 3130 2758 xx
3153 2704 3352 2758 diebus
3384 2703 3440 2758 in
3477 2718 3582 2758 uno
3612 2703 3718 2759 loco
3736 2701 3782 2755 ti-

2241 2797 2386 2867 gitur
2412 2815 2426 2863 ;
2463 2796 2659 2852 deinde
2685 2812 2894 2851 vacuus
2917 2796 2983 2850 ad
3014 2810 3193 2866 regem
3225 2797 3540 2850 revertitur.
3577 2793 3698 2849 llum
3717 2792 3785 2848 ille

2241 2903 2466 2944 causam
2497 2903 2665 2942 morm
2690 2887 3012 2957 inquireret,
3047 2887 3124 2941 ait
3150 2905 3164 2940 :
3197 2885 3263 2940 Et
3286 2885 3520 2952 tardavi,
3550 2897 3602 2942 et
3625 2887 3788 2956 imper-

2243 2977 2386 3034 fecto
2444 2978 2663 3051 negotio
2709 2977 2980 3048 repedavi.
3027 2974 3163 3031 Nam
3212 2993 3338 3032 cum
3385 2978 3518 3032 mihi
3552 2993 3644 3048 per
3665 2978 3787 3032 illum

2244 3069 2576 3123 monachum
2638 3078 2784 3125 esset
2827 3069 3114 3136 transitus,
3143 3069 3490 3124 orationibus
3515 3069 3655 3124 illius
3690 3084 3788 3124 sum

621 3191 813 3256 Multa,
845 3189 1182 3252 charissimi,
1225 3188 1493 3243 habemus
1523 3184 1772 3253 exempla
1811 3181 1958 3252 quod
2001 3180 2142 3236 mul-
2169 3209 2212 3266 ρ
2247 3163 2559 3266 ῇηρεςιίιυε.
2591 3161 2840 3266 (ὶξξιξιίιυθ
2880 3162 3228 3266 Ριςωειξξιίηθτ
3267 3163 3312 3216 εί
3348 3161 3483 3216 “me
3527 3162 3791 3216 ονθῑίοιιεηι

554 3291 670 3336 tum
703 3281 846 3336 valet
894 3279 1204 3350 deprecatio
1233 3278 1368 3348 justi
1423 3275 1647 3332 assidua
1695 3275 1836 3344 (Jac.
1870 3278 1947 3342 v).
2001 3271 2138 3326 Cum

555 3374 790 3444 pepulus
818 3373 1062 3444 quinque
1096 3371 1380 3426 civitatum
1425 3367 1718 3422 horrendis
1747 3364 1965 3435 ﬂagitiis
2005 3364 2140 3418 iram

556 3464 651 3518 Dei
685 3481 850 3536 super
888 3480 948 3520 se
990 3469 1362 3534 provocasset,
1402 3460 1682 3514 Abraham
1735 3455 1902 3511 Deum
1935 3455 2144 3527 rogavit

557 3568 620 3613 ut
645 3557 725 3613 cis
755 3565 1022 3626 parceret,
1056 3555 1100 3610 si
1150 3554 1340 3608 decem
1385 3553 1568 3622 justos
1604 3551 1744 3605 inter
1781 3564 1877 3603 eos
1931 3547 2144 3602 inveni-

556 3657 660 3704 ret.
709 3647 976 3702 Dominus
1007 3655 1188 3700 autem
1217 3643 1374 3709 dixit,
1411 3641 1456 3696 si
1505 3643 1690 3696 decem
1733 3641 1914 3710 justos
1948 3638 2000 3692 in
2038 3637 2144 3692 illis

558 3741 805 3812 quinque
833 3739 1017 3810 regnis
1063 3737 1346 3807 reperiret,
1389 3734 1514 3790 aliis
1565 3733 1824 3788 omnibus
1865 3732 2006 3786 inter
2047 3746 2144 3786 cos

557 3835 898 3898 dimitteret;
930 3831 1153 3899 insuper
1183 3829 1302 3884 loca
1333 3844 1444 3882 non
1477 3827 1834 3882 subverteret.
1889 3823 1991 3879 Sed
2016 3825 2144 3894 quia

2245 3255 2446 3323 ﬁniret,
2481 3263 2539 3310 ut
2575 3255 2707 3310 mihi
2737 3255 3014 3326 prieterire
3045 3255 3254 3320 liceret,
3283 3255 3372 3308 iile
3412 3257 3568 3308 tinem
3599 3271 3696 3309 non
3727 3253 3791 3307 [e-

2243 3348 2320 3403 cit
2348 3349 2622 3418 precibus,
2654 3356 2709 3403 et
2732 3362 2832 3418 ego
2877 3346 3016 3401 ultra
3066 3348 3146 3401 ire
3193 3362 3306 3401 non
3340 3348 3537 3412 valens,
3568 3361 3799 3400 reversus

2244 3453 2367 3494 sum
2403 3453 2630 3493 vacuus.
2667 3436 2918 3493 Julianus
2968 3447 3148 3493 autem
3183 3439 3486 3493 minabatur
3524 3437 3571 3492 ei
3599 3437 3795 3507 suppli-

2247 3529 2416 3596 cium,
2453 3530 2547 3586 sed
2598 3531 2714 3600 ipse
2744 3546 2853 3586 non
2884 3532 3055 3586 multo
3085 3541 3211 3602 post
3240 3532 3382 3588 bello
3399 3531 3625 3598 occisus,
3647 3531 3798 3586 subiit

2245 3629 2530 3674 aeternum.
2563 3618 3002 3690 Penset,qu:eso,
3023 3621 3244 3676 dilectio
3264 3631 3724 3692 vestra,quantun1
3749 3635 3796 3675 se

2247 3711 2558 3766 dilataverit
2585 3711 2749 3782 hujus
2797 3712 2899 3766 viri
2930 3713 3130 3766 oratio.
3175 3711 3339 3768 Cerne
3379 3714 3624 3768 diabolus
3650 3720 3797 3782 potest

2246 3817 2342 3873 per
2371 3818 2498 3857 aera
2529 3803 2891 3870 transvolare,
2920 3811 3098 3873 potest
3128 3811 3304 3858 terras
3329 3812 3629 3873 penetrare,
3652 3809 3796 3872 potest

2247 3893 2410 3949 etiam
2429 3909 2580 3950 mare
2593 3903 2950 3950 transmeare.
2970 3893 3075 3950 Sed
3092 3895 3258 3966 hujus
3280 3911 3375 3950 ora
3384 3896 3462 3950 tio
3475 3911 3588 3951 sese
3605 3907 3793 3950 sursum

560 3942 670 3980 non
727 3924 831 3978 nisi
879 3939 1020 3978 unus
1069 3923 1252 3992 justus
1296 3931 1382 3977 est
1425 3921 1700 3981 inventus,
1742 3919 1832 3974 hic
1875 3919 2024 3974 solus
2064 3927 2148 3972 cst

557 4023 798 4084 ereptus.
853 4011 1164 4083 Pentapolis
1193 4027 1323 4066 vero
1365 4025 1490 4065 cum
1541 4009 1746 4080 populo
1790 4008 1913 4080 igne
1939 4018 1994 4063 et
2033 4007 2147 4064 sul-

559 4109 733 4178 phure
761 4105 1115 4170 subvertitur,
1146 4112 1196 4159 et
1228 4119 1366 4158 uxor
1391 4102 1550 4172 justi,
1581 4117 1704 4172 qua:
1735 4115 1861 4155 eum
1889 4115 2148 4170 corpora-

559 4200 684 4254 liter
708 4208 919 4252 tantum
949 4197 1334 4262 comitabatur,
1353 4211 1478 4250 cum
1499 4193 1796 4248 Sodomitis
1823 4201 2004 4248 autem
2031 4208 2149 4247 mo-

560 4292 786 4347 rabatur
818 4298 1035 4355 mente,
1086 4289 1141 4342 in
1174 4296 1412 4344 statuam
1459 4285 1590 4341 salis
1625 4284 1961 4340 convertitur
1992 4282 2143 4355 (Gen.

561 4386 697 4454 xix).
747 4381 885 4436 llinc
912 4352 1074 4438 datur
1118 4378 1344 4450 intelligi
1388 4378 1534 4449 quod
1565 4377 1840 4446 jnstorum
1869 4352 2149 4432 cohabita-
2250 4355 2516 4454 Ρθῖῖηξδίιο
2547 4352 2612 4408 Et
2650 4370 2838 4409 rever“
2862 4354 2952 4454 lli?
2975 4355 3140 4454 Immo
3169 4371 3374 4454 οίξτρυδ
3397 4355 3680 4426 aliquando
3698 4354 3796 4454 οίξξο

561 4475 638 4530 uo
659 4444 750 4531 εει
790 4488 1084 4544 pravorum
1131 4472 1186 4526 in
1231 4444 1334 4525 ,ηιξ
1368 4444 1477 4524 νέω
1523 4444 1866 4537 εύδωηιωίο,
1897 4470 2024 4526 dum
2054 4485 2150 4540 per
2252 4447 2526 4544 interdum
2568 4463 2764 4503 somno
2791 4445 3102 4515 reﬁciebat;
3138 4447 3233 4502 sed
3268 4457 3382 4502 tota
3407 4448 3632 4502 intentio
3651 4444 3796 4500 cordis

564 4567 779 4624 illorum
803 4565 1081 4619 orationes
1111 4563 1250 4616 ultra
1281 4561 1501 4616 dextera
1534 4561 1816 4627 liberatur,
1860 4575 1930 4615 ne
1953 4537 2145 4614 eorum
2179 4552 2222 4606 D
2253 4537 2336 4593 sui
2364 4538 2446 4594 Sic
2459 4537 2528 4592 ad
2548 4538 2716 4593 Dem“
2737 4537 2940 4610 Ῐυὲἷίίθτ
2961 4538 3294 4594 δδυθηάθικη
3318 4539 3469 4610 quoa
3491 4539 3662 4594 omnis
3681 4537 3799 4592 θθιέο

2249 3986 2313 4042 ad
2339 3984 2543 4042 malum
2572 3987 2861 4058 porrigens
2891 3989 3180 4043 transitum
3217 3989 3265 4043 ei
3304 4003 3404 4058 per
3428 4003 3551 4043 aera
3577 3987 3794 4050 inhibuit,

2248 4079 2504 4134 deorsum
2536 4094 2594 4135 se
2623 4086 2690 4134 ad
2720 4087 2924 4135 tartara
2953 4081 3255 4136 extendens
3279 4081 3616 4152 pertransire
3639 4077 3794 4150 prohi-

2251 4171 2392 4238 buit,
2430 4173 2566 4226 ﬁnes
2594 4171 2746 4227 orbis
2778 4173 3037 4242 utrinque
3067 4172 3344 4244 attingens
3375 4174 3430 4228 in
3463 4181 3646 4228 neutra
3674 4180 3796 4243 parte

2251 4260 2590 4333 transfugam
2635 4262 2888 4332 spiritum
2931 4277 2960 4316 a
2999 4261 3186 4334 refuga
3222 4263 3451 4318 homine
3493 4261 3794 4334 prietergredi

563 4659 822 4732 pravitas,
857 4666 915 4712 ut
961 4665 1222 4720 tueretur,
1257 4654 1438 4710 subito
1498 4654 1552 4708 in
1601 4653 1962 4724 perditionem
2016 4653 2148 4708 sub-

567 4757 856 4820 mergatur.
885 4747 1024 4802 Cum
1056 4761 1187 4801 vero
1219 4747 1356 4817 justi
1407 4747 1692 4812 tolluntur,
1727 4762 1856 4800 mox
1894 4747 2046 4817 impii
2078 4747 2148 4802 ad

563 4849 834 4896 tormenta
887 4841 1216 4910 rapiuntur:
1257 4841 1336 4894 sic
1370 4837 1606 4894 Sodoma
1649 4838 1810 4909 periit
1857 4847 2144 4908 postquam

563 4931 668 4986 Lot
715 4933 842 4987 inde.
889 4934 1041 4988 exiit.
1086 4932 1224 4986 Cum
1272 4932 1504 5002 populus
1551 4929 1643 4984 Dei
1673 4945 1770 5000 per
1819 4928 2040 5000 Moysen
2079 4930 2148 4985 de

563 5022 800 5094 Aﬁgypto
826 5023 1096 5088 educitur,
1125 5022 1194 5076 ab
1221 5021 1470 5076 hostibus
1510 5019 1563 5074 iu
1593 5020 1679 5074 via
1717 5018 1888 5074 armis
1933 5017 2146 5074 invadi-

563 5125 674 5171 tur.
709 5114 922 5186 Moyses
947 5123 1129 5168 autem
1163 5113 1218 5167 in
1253 5122 1439 5167 monte
1467 5110 1709 5166 extensis
1741 5110 1997 5165 manibus
2023 5124 2148 5163 ora-

563 5209 676 5274 hat,
703 5216 758 5261 et
787 5205 953 5261 Israel
983 5206 1168 5261 hostes
1199 5205 1508 5275 superabat.
1549 5201 1605 5256 Si
1635 5217 1767 5256 vero
1793 5201 2005 5273 Moyses
2032 5217 2148 5255 ma-

561 5315 666 5355 nus
697 5297 928 5362 remisit,
959 5295 1183 5351 Amalec
1210 5296 1410 5350 devicit
1442 5293 1641 5365 (Exod.
1674 5293 1830 5364 xvn).
1881 5291 2017 5348 llinc
2046 5309 2146 5363 pa-

563 5400 638 5446 tet
665 5390 812 5461 quod
838 5389 926 5444 ille
955 5389 1077 5459 plus
1099 5388 1208 5458 egit
1233 5387 1488 5458 precibus
1508 5401 1672 5455 quam
1701 5385 1870 5440 armis
1890 5385 2144 5454 populus.

563 5481 698 5539 Nam
751 5482 1036 5537 victoriam
1093 5479 1331 5534 obtinuit
1389 5478 1620 5543 orando,
1676 5494 1842 5548 quam
1912 5479 2149 5548 populus

565 5573 788 5644 adipisci
813 5587 924 5627 non
956 5570 1126 5626 valuit
1151 5569 1464 5640 pugnando.
1497 5567 1762 5623 Similiter
1792 5566 2015 5622 Samuel
2051 5567 2145 5622 ho-

565 5673 674 5723 stes
704 5665 959 5734 precibus
995 5662 1224 5732 depulit,
1252 5676 1392 5731 quos
1435 5657 1711 5714 exercitus
1749 5659 1920 5714 armis
1948 5657 2148 5728 pellere

564 5771 673 5813 non
701 5757 899 5828 potuit.
935 5755 1177 5825 Populus
1207 5753 1337 5810 olim
1379 5769 1410 5808 a
1463 5753 1580 5823 lege
1611 5761 1666 5806 et
1689 5752 1836 5808 cultu
1867 5751 1962 5805 Dei
1993 5765 2149 5804 aver-

564 5848 698 5902 titur
751 5857 806 5902 et
853 5849 920 5903 ad
979 5845 1340 5901 idololatriam
1393 5841 1746 5899 convertitur.
1795 5842 1969 5908 Quem
2020 5856 2144 5896 cum

2190 4648 2201 4660 ·
2249 4634 2368 4706 ejus
2397 4633 2574 4689 oratio
2598 4642 2735 4688 erat.

2938 4741 3158 4782 DIVISIO.

2319 4817 2667 4885 Charissimi,
2683 4833 2876 4874 omnes
2893 4817 3028 4888 justi
3055 4819 3125 4873 ab
3148 4818 3539 4885 initiomundi,
3557 4819 3644 4891 qui
3666 4832 3800 4888 regna

2249 4912 2374 4966 vitae
2389 4921 2712 4967 meruerunt
2725 4911 2896 4966 beata:
2913 4911 2986 4966 ita
3001 4910 3210 4966 orando
3234 4912 3608 4968 obtinuerunt.
3633 4911 3802 4968 Omnes

2250 5020 2489 5075 namque
2531 5003 2668 5075 justi
2701 5004 2939 5059 orationi
2980 5003 3262 5060 studuisse
3303 5005 3580 5077 leguntur,
3619 5013 3674 5060 et
3707 5004 3803 5058 ideo

2249 5112 2349 5168 pro
2379 5113 2490 5168 quo
2535 5107 2851 5163 oraverunt,
2905 5097 3069 5167 pleno
3105 5099 3307 5169 gaudio
3343 5099 3510 5155 hodie
3547 5098 3787 5171 perfruun

2250 5197 2356 5243 tur.
2387 5189 2577 5260 Itaque
2607 5199 2661 5244 et
2692 5205 2792 5244 nos
2823 5188 3136 5260 frequenter
3164 5192 3406 5246 orationi
3433 5192 3804 5247 incumbamus

2249 5295 2310 5338 ut
2337 5299 2463 5340 cum
2505 5283 2586 5338 eis
2633 5283 2852 5354 plenum
2885 5273 3144 5354 gaudium
3176 5285 3408 5354 adipisci
3444 5287 3733 5340 valeamus.
3768 5281 3810 5333 In

2249 5375 2474 5430 nomine
2501 5382 2683 5430 autem
2715 5373 2845 5430 Jesu
2889 5375 3075 5428 omnia
3111 5385 3390 5445 petamus,
3433 5377 3478 5433 si
3507 5391 3694 5447 preces
3733 5389 3807 5426 uo-

2251 5476 2394 5524 stras
2459 5465 2708 5520 exaudiri
2779 5479 3056 5538 optamus.
3121 5465 3180 5522 In
3247 5471 3473 5525 nomine
3539 5469 3671 5526 .Iesu
3729 5464 3810 5520 Pa-

2257 5569 2392 5614 trem
2417 5559 2716 5628 poscimus,
2748 5559 2792 5612 si
2845 5566 3054 5612 tantum
3088 5559 3286 5615 anima:
3313 5562 3596 5627 salutaria,
3627 5571 3682 5616 et
3711 5572 3809 5612 cor-

2250 5651 2400 5722 poris
2441 5649 2751 5704 neccssaria
2800 5651 3054 5719 petimus.
3113 5649 3348 5708 Orantes
3397 5669 3527 5708 vero
3571 5653 3811 5708 debemus
3910 5649 3912 5718 ξ

2249 5745 2316 5798 de
2371 5741 2582 5798 meritis
2634 5741 2838 5797 nostris
2902 5741 3162 5808 diﬁidcre,
3223 5745 3293 5799 de
3348 5745 3471 5815 ejus
3523 5745 3812 5801 misericor-

2251 5839 2341 5893 dia
2385 5847 2735 5908 przesumcre,‘
2785 5837 2912 5908 quia
2954 5833 3069 5908 ipse
3099 5831 3236 5893 dixit
3283 5856 3297 5894 :
3341 5838 3554 5896 «Amen
3581 5839 3711 5894 dico
3737 5850 3819 5890 vo-
