3948 6482
211 358 315 418 969

1116 337 1689 403 DEFLORATIONES
1725 339 1825 398 SS.
1867 338 2176 399 PATRUM.
2211 370 2281 382 --
2316 339 2444 396 LIB.
2484 339 2523 394 l.

3364 347 3471 415 9.70

213 477 315 542 bis,
348 464 613 543 quidquid
653 471 879 527 orantes
914 460 1118 532 petitis,
1143 461 1349 517 credite
1380 460 1512 531 quia
1549 460 1782 531 accipie-
1808 465 1857 522 A
1883 460 2013 517 dum
2051 460 2201 517 anxii
2231 459 2300 517 de
2339 459 2574 516 terrenis
2601 466 2656 515 et
2691 458 2918 527 solliciti
2949 456 3018 514 de
3057 458 3299 528 caducis,
3340 464 3469 533 quia

204 570 290 635 tis,
319 573 372 620 et
394 562 483 617 ﬁet
516 557 696 613 vobis.
740 556 798 610 Si
833 556 940 611 duo
979 555 1067 608 ex'
1088 553 1244 608 vobis
1269 552 1668 619 consenserint,
1714 551 1782 607 de

204 654 343 715 omni
382 667 443 707 re
497 660 834 720 quacunque
891 643 1174 715 petierint,
1238 643 1330 698 ﬁet
1375 657 1408 697 a
1452 641 1613 699 Patre
1659 657 1782 699 meo

209 744 413 821 (Matth.
439 738 658 807 xvut).i
697 739 900 792 Omnes
943 750 1074 805 ergo
1123 736 1412 789 unanimes
1440 734 1496 789 in
1525 734 1783 791 oratione

206 844 387 897 estote,
437 828 607 884 corda
657 840 788 882 cum
838 824 1096 880 manibus
1122 824 1190 878 ad
1219 823 1391 878 Deum
1438 824 1637 891 levate,
1681 837 1782 893 pro

209 925 449 983 omnibus
472 920 612 974 vivis
635 926 694 973 et
714 915 1007 983 defunctis,
1035 922 1091 971 et
1107 914 1204 986 qui
1227 915 1283 969 in
1315 915 1496 985 aliqua
1522 929 1782 987 pressura

209 1024 330 1074 sunt
353 1021 523 1067 orate.
560 1006 623 1063 Si
673 1007 822 1063 enim
866 1021 967 1077 pro
1020 1013 1133 1060 tota
1184 1004 1428 1061 Ecclesia
1469 1012 1654 1075 utpote
1682 1018 1782 1074 pro

211 1114 372 1162 matre
384 1109 563 1157 vestra
583 1098 774 1164 oretis,
800 1105 909 1152 tota
933 1095 1173 1151 Ecclesia
1199 1095 1469 1166 supplicat
1484 1110 1585 1166 pro
1601 1095 1778 1162 vobis,

209 1205 265 1253 ut
288 1201 411 1267 puta
441 1207 542 1264 pro
562 1190 680 1246 suis
714 1189 860 1244 ﬁliis.
895 1185 952 1242 Si
997 1195 1178 1243 autem
1218 1202 1318 1257 pro
1346 1186 1620 1243 defunctis
1650 1202 1780 1243 ora-

208 1288 293 1353 tis,
322 1300 416 1340 vos
437 1283 584 1353 ipsos
614 1279 878 1344 liberatis,
902 1279 1033 1350 quia
1079 1278 1126 1334 si
1168 1279 1221 1333 in
1266 1278 1466 1351 gaudio
1496 1286 1644 1345 sunt,
1676 1277 1780 1348 ipsi

210 1383 393 1448 rcgant
417 1381 478 1429 ut
504 1372 738 1428 celerius
760 1371 828 1426 ad
850 1386 947 1426 eos
971 1368 1226 1438 veniatis;
1257 1369 1302 1427 si
1330 1384 1463 1425 vero
1490 1368 1545 1424 in
1570 1368 1780 1439 suppli-

210 1469 310 1535 cio,
356 1465 636 1539 postulant
678 1474 739 1519 ut
772 1478 1053 1533 nunquam
1085 1460 1220 1517 illuc
1249 1461 1504 1517 veniatis.
1526 1459 1782 1531 Denique

210 1559 297 1633 qui
323 1566 460 1622 orat,
514 1554 749 1609 Domino
780 1552 1184 1619 confabulatur,
1212 1561 1267 1608 ct
1297 1551 1418 1607 ideo
1444 1566 1670 1607 necesse
1697 1559 1783 1607 est

210 1659 263 1705 nt
285 1648 374 1719 qui
404 1645 635 1700 ﬁdeliter
661 1644 815 1714 petit,
834 1652 1182 1713 asscquatur.
1214 1640 1283 1696 Et
1307 1656 1434 1697 cum
1458 1641 1574 1712 ipse
1601 1641 1775 1696 dicat:

212 1760 233 1796 ι
253 1739 353 1796 Ubi
375 1738 485 1795 duo
499 1736 587 1791 vel
611 1744 722 1793 tres
748 1734 1058 1806 congregati
1083 1733 1284 1789 fuerint
1306 1732 1362 1788 in
1387 1732 1611 1788 nomine
1634 1747 1778 1800 meo,

1886 552 2227 609 baereditabit
2257 554 2422 609 homo
2444 567 2679 617 vermes,
2707 551 2913 608 bestias
2939 558 2995 608 et
3039 562 3340 622 serpentes.
3369 554 3473 611 Ro-

1885 650 2007 713 gate
2034 650 2216 697 autem
2230 642 2422 709 Deum,
2449 649 2512 697 ut
2535 643 2605 697 ab
2635 643 2722 699 liis
2746 641 3276 699 necessitatibusvos
3293 656 3471 712 eruat.

1885 743 2050 803 atque
2081 733 2233 800 illnc,
2273 734 2367 788 ubi
2409 733 2497 789 his
2526 749 2636 788 non
2668 733 2978 804 indigeatis,
3021 733 3351 789 transferat:
3377 737 3470 791 ubi

1884 839 1995 879 non
2023 824 2288 890 esurient,
2318 839 2496 894 neque
2541 823 2726 880 siticnt
2759 824 3016 895 amplius,
3063 832 3118 880 et
3144 826 3235 880 ubi
3275 828 3472 882 anima:

1883 914 2238 983 requiescunt
2270 927 2302 966 a
2328 912 2445 968 suis
2470 912 2776 977 laboribus,
2800 921 2853 967 et
2875 913 2970 968 ubi
2994 922 3188 968 vacant
3209 923 3263 969 et
3285 916 3471 971 vident

1883 1003 2142 1073 quoniam
2193 1001 2308 1072 ipse
2338 1009 2424 1058 est
2458 1001 2623 1069 Deus,
2677 1003 2734 1057 in
2763 1002 2924 1073 cujus
2959 1002 3172 1058 visione
3208 1004 3471 1059 reﬁciun-

1883 1102 1973 1147 tur
2001 1093 2232 1166 angelici
2254 1103 2470 1162 cnetus;
2501 1102 2561 1149 ut
2602 1093 2708 1149 hoc
2748 1105 3002 1165 petamus
3044 1094 3115 1149 ab
3145 1094 3265 1164 ipso
3286 1096 3469 1151 edocti

1882 1200 2078 1241 sumus
2109 1206 2125 1241 :
2164 1204 2183 1239 ι
2211 1185 2406 1255 Petite,
2452 1185 2649 1256 inquit,
2679 1193 2736 1241 et
2757 1186 3056 1257 accipietis,
3107 1194 3171 1243 ut
3205 1189 3467 1258 gaudium

1881 1285 2126 1333 vestrum
2146 1278 2219 1334 sit
2242 1278 2463 1348 plenum
2478 1277 2659 1349 (Joan.
2685 1276 2822 1348 xvr).
2847 1295 2867 1330 ι
2890 1275 3063 1334 Omne
3090 1279 3256 1350 hujus
3277 1281 3469 1336 mundi

1882 1368 2140 1440 gaudium
2188 1377 2274 1425 est
2314 1368 2481 1424 fallax
2514 1378 2569 1425 et
2622 1383 2863 1424 maerore
2910 1369 3156 1440 plenum.
3196 1370 3269 1425 'Si
3318 1372 3469 1428 enim

1882 1461 2008 1531 quis
2041 1460 2107 1516 de
2135 1460 2385 1530 speciosa
2429 1459 2663 1531 conjuge
2696 1459 2937 1528 laetatur,
2988 1468 3167 1516 morte
3222 1462 3467 1519 interve-

1880 1551 2066 1605 niente
2117 1551 2387 1605 tristatur.
2445 1549 2503 1605 Si
2552 1549 2620 1605 de
2667 1548 2852 1605 charis
2906 1550 3053 1605 natis
3107 1550 3467 1620 jucundatnr,
3514 1576 3517 1579 π

1880 1642 2075 1698 morbo
2121 1642 2350 1710 aﬁ‘ectis,
2396 1641 2483 1697 vel
2525 1649 2701 1697 morte
2749 1641 2966 1710 ablatis,
2992 1628 3370 1699 contristatur.
3407 1642 3469 1698 Si

1879 1730 1948 1788 de
2004 1732 2383 1812 possessione,
2427 1732 2515 1788 vel
2541 1731 2774 1803 pecunia
2818 1731 3038 1804 gaudet,
3070 1732 3257 1804 aliquo
3295 1732 3471 1789 infor—

207 1834 276 1890 ibi
298 1844 414 1887 sum
434 1829 489 1884 in
510 1828 695 1884 medio
721 1842 912 1883 eorum
943 1825 1163 1899 (Matth.
1188 1824 1399 1896 xvnt),i
1428 1833 1634 1895 quanto
1658 1839 1778 1879 ma-
1810 1812 1853 1868 Β
1882 1822 2036 1878 tunio
2072 1823 2293 1879 amissis
2328 1831 2542 1879 moeret.
2579 1822 2713 1877 illud
2742 1831 2926 1878 autem
2947 1839 3139 1879 verum
3165 1833 3219 1880 et
3242 1823 3467 1895 plenum

208 1923 284 1996 gis
311 1918 615 1976 credendus
647 1926 731 1973 est
756 1916 919 1973 hodie
958 1915 1224 1974 interesse
1253 1922 1418 1979 tantae
1448 1902 1783 1970 multitudini

207 2031 258 2071 ιιι
284 2012 497 2069 nomine
529 2011 660 2081 ejus
697 2018 1037 2080 congregata:
1064 2008 1131 2064 ad
1163 2007 1487 2078 postulanda
1526 2006 1783 2078 suffragia

207 2102 694 2164 sanctorum?Cum
722 2101 886 2174 igitur
907 2101 1132 2171 largitor
1156 2100 1401 2157 omnium
1416 2098 1688 2154 bonorum
1711 2098 1784 2154 sit

168 2232 174 2239 ο
206 2215 256 2256 ιιι
279 2197 452 2253 medio
479 2202 732 2251 vestrum
786 2195 845 2250 in
900 2193 1123 2249 nomine
1154 2193 1275 2263 ejus
1303 2201 1782 2262 congregatorutn,

207 2291 372 2361 ipsum
400 2288 505 2358 piis
532 2288 794 2357 precibus
818 2282 1372 2354 invocate,lacrymis
1395 2290 1449 2337 et
1481 2281 1784 2351 elecmosy-

206 2381 284 2438 nis
300 2380 527 2449 pulsate,
542 2378 779 2434 utvobis
808 2386 1005 2433 cuneta
1031 2374 1281 2446 corporis
1304 2382 1361 2429 et
1375 2372 1572 2428 anima:
1591 2385 1783 2427 neces-

206 2471 340 2528 saria
375 2469 611 2537 tribuat,
634 2476 691 2524 et
717 2469 785 2524 de
808 2466 1230 2524 necessitatibus
1255 2464 1453 2522 vestris
1482 2478 1583 2519 vos
1601 2469 1778 2520 eruat.

206 2559 345 2616 Licet
382 2560 577 2614 multae
624 2559 734 2615 sint
760 2556 1137 2622 necessitates,
1159 2555 1404 2626 quinque
1448 2562 1629 2609 tamen
1655 2561 1783 2609 sunt

207 2651 542 2723 principales,
583 2665 710 2721 quae
757 2649 804 2705 si
849 2663 960 2705 non
1000 2647 1257 2703 remediis
1287 2645 1647 2716 depellantur,
1673 2644 1779 2699 ho-

208 2744 370 2799 mines
400 2757 498 2813 per
523 2757 629 2798 eas
675 2749 851 2796 morte
894 2739 1295 2810 periclitantur.
1333 2737 1413 2791 Ex
1448 2736 1781 2793 necessitate

204 2835 340 2891 enim
359 2834 527 2902 homo
556 2834 820 2900 comedit,
851 2833 980 2904 quia
1009 2832 1055 2887 si
1083 2845 1194 2886 non
1209 2828 1464 2896 comedit,
1482 2826 1627 2883 fame
1655 2841 1779 2883 mo-

204 2925 349 2981 ritur.
381 2923 460 2979 Ex
497 2924 838 2980 necessitate
877 2922 1035 2991 bibit,
1074 2921 1205 2992 quia
1248 2921 1297 2977 si
1347 2935 1458 2975 non
1507 2918 1664 2986 bibit,
1688 2916 1780 2974 siti

205 3017 446 3087 moritur.
477 3015 565 3071 Ex
601 3015 927 3072 necessitate
948 3013 1172 3085 digerit,
1214 3011 1363 3084 quod
1406 3010 1455 3067 si
1493 3025 1603 3067 non
1633 3009 1779 3066 fece-

201 3110 285 3177 rit,
325 3110 735 3179 constipatione
781 3108 1037 3164 moritur.
1091 3105 1171 3162 Ex
1200 3104 1528 3163 necessitate
1574 3118 1778 3174 corpus

198 3215 382 3258 somno
405 3202 684 3268 reﬁcitur,
727 3200 875 3272 quod
907 3199 954 3256 si
980 3198 1295 3270 neglexerit,
1327 3196 1653 3255 lassitudine
1682 3195 1779 3252 de-

196 3290 320 3347 ﬁcit.
343 3291 423 3361 Ex
447 3292 787 3348 necessitate
816 3292 1070 3360 vestitur,
1102 3290 1247 3363 quod
1275 3289 1322 3358 si
1347 3287 1775 3362 praetermiserit,

192 3382 387 3454 [rigore
407 3393 465 3440 et
490 3383 699 3439 ardore
719 3383 1023 3454 perimitur.

262 3472 391 3530 Hinc
414 3483 501 3531 est
537 3482 721 3530 totum
752 3474 898 3545 quod
943 3473 1280 3541 laboramus,
1309 3478 1371 3526 ut
1394 3469 1555 3527 nobis
1597 3469 1655 3526 in
1687 3468 1775 3527 his

193 3566 612 3622 necessitatibus
628 3566 1064 3621 subveniamum
1092 3564 1359 3631 Primum,
1392 3562 1592 3633 inquit,
1623 3576 1774 3631 quae-

193 3657 286 3713 rite
311 3670 541 3728 regnum
576 3655 699 3724 Dei,
724 3663 781 3710 et
799 3655 1070 3726 justitiam
1089 3655 1231 3726 ejus,
1247 3664 1302 3711 et
1330 3652 1645 3709 hazcomnia
1669 3650 1769 3705 ad—

186 3747 432 3818 jicientur
469 3750 640 3807 vobis
671 3747 890 3814 (Matth.
922 3749 1020 3820 vi).
1048 3768 1068 3803 ι
1117 3748 1183 3804 Ει
1213 3764 1282 3804 ne
1311 3748 1432 3807 sitis
1459 3747 1601 3802 ultra
1651 3760 1770 3817 mo-

1885 1913 2142 1984 gaudium
2163 1923 2249 1971 est
2269 1915 2527 1971 omnibus
2557 1914 2806 1972 ﬁdelibus
2835 1914 3123 1972 totisvotis
3144 1918 3465 1987 optandum,

1884 2003 1978 2058 ubi
2001 2003 2055 2058 in
2087 2005 2285 2075 gaudio
2312 2004 2528 2061 Domini
2550 2021 2714 2077 super
2741 2006 2929 2062 omnia
2960 2006 3104 2062 bona
3135 2022 3235 2063 sua
3256 2008 3469 2065 consti-

1883 2103 2131 2164 tuuntur,
2158 2105 2213 2152 et
2232 2106 2448 2152 aeternae
2475 2098 2707 2153 visionis
2736 2097 2986 2154 claritate
3032 2107 3296 2170 perpetuo
3328 2115 3466 2172 .pcr-

1884 2185 2162 2256 fruuntur,
2193 2197 2248 2244 et
2268 2189 2362 2244 ubi
2391 2189 2711 2260 angelorum
2751 2190 2999 2243 omnium
3040 2190 3210 2261 gloria
3244 2191 3467 2262 potiun-

1885 2285 1993 2347 tur,
2017 2279 2372 2351 omniumque
2403 2290 2717 2337 sanctorum
2747 2281 3172 2337 contubernium
3230 2283 3467 2339 sortiun-

1884 2381 1993 2441 tur,
2017 2383 2072 2429 et
2119 2374 2223 2429 hoc
2270 2374 2529 2446 gaudium
2561 2376 3099 2447 nunquam‘jtolletur
3154 2377 3226 2434 ab
3278 2377 3360 2433 eis
3388 2378 3465 2435 lin

1882 2479 2079 2521 aevum.
2122 2463 2414 2537 Propterea
2439 2467 2637 2523 mulier
2662 2483 2811 2523 nunc
2834 2482 2960 2524 cum
2989 2468 3464 2540 paritﬂtristitiam

1883 2560 2067 2627 habet,
2102 2575 2229 2616 cum
2275 2570 2457 2617 autem
2499 2563 2706 2634 peperit
2742 2579 2998 2635 puerum,
3039 2565 3155 2635 jam
3189 2581 3465 2637 pressura

1882 2650 2109 2706 minime
2121 2651 2390 2720 meminit,
2417 2664 2638 2724 propter
2657 2656 3080 2728 gaudiumquod
3107 2657 3272 2715 homo
3298 2667 3465 2717 natus

1880 2749 1968 2796 est
1992 2740 2049 2795 in
2072 2742 2337 2797 mundum
2360 2741 2543 2812 (Joan.
2573 2745 2707 2815 xvi).
2728 2744 3063 2802 Haecmulier
3086 2758 3172 2803 est
3194 2747 3461 2816 Ecclesia.

1880 2846 2006 2902 quae
2049 2847 2199 2888 nunc
2244 2833 2300 2888 in
2354 2833 2570 2890 tristitia
2597 2834 2829 2903 laborat,
2854 2846 2915 2892 ut
2961 2838 3219 2909 populum
3244 2838 3464 2896 ﬁdelem

1880 2923 2100 2981 Christo
2155 2926 2354 2996 pariat.
2403 2926 2542 2982 Cum
2590 2937 2775 2984 autem
2812 2938 2951 3000 post
2998 2932 3462 2990 resurrectionem

1880 3024 2097 3075 aeternae
2121 3018 2246 3073 vita“:
2268 3019 2497 3090 peperit,
2521 3018 2635 3089 jam
2682 3036 2954 3092 pressurae
2985 3022 3149 3093 hujus
3189 3025 3315 3079 vita:
3349 3040 3461 3081 non

1882 3108 2152 3176 meminit,
2163 3119 2384 3181 propter
2400 3111 2657 3183 gaudium
2685 3111 2956 3169 ineffabile
2978 3113 3125 3185 quod
3139 3123 3271 3170 tunc
3285 3115 3463 3170 omni-

1880 3198 1985 3265 bus
2009 3200 2139 3258 ﬁliis
2172 3203 2289 3259 suis
2317 3204 2537 3263 dabitur
2557 3205 2802 3276 plenum,
2830 3206 2959 3276 quia
2993 3216 3124 3263 tunc
3145 3206 3285 3277 justi
3316 3207 3461 3264 sicut

1875 3292 1960 3349 sol
1993 3290 2296 3365 fulgebunt,
2327 3304 2383 3351 et
2415 3297 2651 3367 aequales
2668 3296 2877 3369 angelis
2898 3305 3079 3361 erunt.
3109 3297 3457 3369 Charissimi,

1875 3384 2095 3454 quando
2124 3399 2257 3440 crux
2308 3394 2436 3442 ante
2483 3402 2584 3442 nos
2622 3396 2872 3458 portatur
2917 3403 3020 3444 nos
3045 3390 3346 3464 sequimur,
3381 3391 3460 3449 ita

1871 3475 2119 3547 exempla
2140 3477 2384 3535 cruciﬁxi
2394 3477 2598 3535 Christi
2608 3494 2925 3551 sequamur,
2942 3487 3001 3534 ut
3011 3495 3107 3551 per
3119 3480 3460 3553 triumphum

1870 3564 2182 3635 victoriosa:
2224 3570 2408 3627 crucis
2443 3569 2512 3626 ad
2545 3570 2637 3625 illa
2673 3570 2870 3641 gaudia
2920 3570 3206 3642 pervenire
3244 3587 3457 3629 merea-

1876 3673 2002 3717 mur
2030 3674 2155 3730 qua:
2197 3660 2393 3719 oculus
2428 3675 2540 3733 non
2588 3660 2747 3732 vidit,
2788 3671 2844 3719 et
2889 3662 3042 3727 auris
3089 3678 3205 3721 non
3248 3663 3461 3722 audivit

1875 3747 1929 3819 (ι
1954 3747 2079 3805 Cor.
2119 3751 2205 3823 ιι).

1164 4024 1273 4102 IN
1365 4018 1775 4103 ASCENS]

1876 4020 1999 4101 NE
2066 4020 2487 4119 DOMINI.
3328 4061 3358 4093 ιε

1502 4194 1869 4265 Secundum
1895 4198 2201 4271 Mannum.

250 4384 267 4418 ι
285 4363 770 4420 Recumhentibus
791 4362 1043 4419 undecim
1068 4360 1639 4431 discipulis,apparuit
1656 4360 1766 4417 illis
1798 4362 1842 4419 D
1870 4375 1993 4415 cum
2025 4359 2450 4431 contemplantes
2468 4361 2588 4424 sine
2613 4359 3060 4418 ﬁnecollaudant.
3076 4363 3177 4418 Cui
3197 4367 3455 4438 congruit

177 4453 422 4523 Iesus,et
448 4455 810 4526 exprobravit
837 4453 1271 4509 incredulitatem
1300 4452 1769 4519 illorum,etduri-

178 4546 302 4601 tiam
325 4547 543 4612 cordis,
570 4545 701 4616 quia
732 4543 820 4601 bis
852 4544 946 4615 qui
977 4543 1224 4598 viderant
1248 4558 1373 4598 eum
1400 4542 1768 4598 resurrexisse

175 4652 280 4693 non
311 4638 679 4695 crediderunt
702 4635 897 4707 (Marc.
924 4642 1091 4705 xm.)
1115 4632 1380 4690 Undecim
1403 4634 1677 4704 discipuli,
1706 4641 1769 4689 ut

174 4726 464 4783 Matthaeus
494 4727 715 4793 scribit,
762 4726 1014 4781 abierunt
1040 4726 1093 4780 in
1109 4725 1383 4782 Galilaeam
1423 4726 1477 4781 in
1501 4736 1765 4793 montem,

175 4817 260 4872 ubi
280 4821 657 4874 constituerat
678 4818 786 4873 illis
805 4817 987 4873 Jcsns.
1010 4817 1075 4872 Et
1097 4818 1340 4873 videntes
1365 4833 1489 4872 eum
1513 4818 1768 4874 adorave-

172 4918 324 4977 runt;
357 4910 596 4981 quidam
636 4917 818 4963 autem
860 4910 1248 4964 dubitaverunt
1301 4908 1518 4980 (Matth.
1543 4910 1763 4981 xxvm).

169 4999 226 5055 ln
254 5011 449 5057 monte
474 5001 753 5071 apparuit,
774 5001 1173 5071 ntsigniﬁcaret
1200 5015 1398 5070 corpus
1422 5011 1764 5072 assumptum

161 5095 274 5164 jam
306 5112 483 5167 super
512 5095 699 5151 omnia
727 5104 941 5150 terrena
970 5095 1333 5150 sublevatum.
1367 5093 1550 5162 Quare
1577 5106 1763 5153 autem

156 5189 491 5258 specialiter
516 5204 577 5243 se
600 5190 654 5242 in
681 5187 956 5243 Galilaeam
985 5203 1379 5258 prmcessurum
1405 5198 1457 5244 et
1480 5189 1554 5244 ibi
1576 5190 1765 5246 viden-

164 5280 294 5335 dum
331 5281 622 5352 praedixit,
670 5295 796 5335 cum
851 5295 1028 5349 neque
1064 5280 1141 5335 ibi
1198 5281 1400 5347 solum,
1454 5295 1633 5351 neque
1686 5281 1763 5336 ibi

163 5373 410 5440 primum
438 5373 603 5427 visus
638 5371 743 5427 sit?
774 5371 913 5438 Quia
939 5370 1159 5426 Galilaea
1186 5372 1587 5442 transmigratio
1617 5372 1764 5442 facta

161 5465 246 5519 vel
289 5465 562 5519 revelatio
608 5462 830 5530 dicitur,
887 5471 943 5519 et
986 5471 1218 5534 utraque
1269 5463 1644 5533 interpretatio
1694 5464 1763 5519 ad

163 5570 336 5612 unum
367 5558 550 5612 ﬁnem
578 5556 798 5626 reSpicit
823 5573 836 5609 :
860 5555 1132 5626 signiﬁcat
1158 5555 1305 5626 quod
1338 5555 1479 5611 sicut
1507 5554 1763 5613 Christus

159 5650 226 5705 de
265 5659 459 5705 morte
507 5647 661 5703 venit
706 5647 773 5702 ad
818 5647 1005 5714 vitam,
1045 5648 1121 5701 ita
1178 5662 1440 5718 sequaces
1488 5647 1556 5702 de
1586 5658 1763 5704 morte

159 5743 579 5811 transmigrant
606 5739 673 5794 ad
700 5740 950 5807 vitam,et
971 5740 1026 5795 in
1060 5741 1293 5812 speciem
1323 5754 1436 5797 suae
1459 5738 1758 5799 divinitatis

505 5834 777 5895 Ρλτιιοι..
821 5834 1060 5896 CLVlI.

1874 4453 2152 4517 revelatio,
2193 4468 2300 4524 qua
2330 4468 2662 4525 quocunque
2691 4455 2855 4510 modo
2884 4455 3190 4512 revelamus
3229 4458 3299 4514 ad
3322 4473 3450 4514 eum

1871 4543 2016 4599 viam
2051 4553 2292 4600 nostram
2342 4553 2397 4600 et
2443 4546 2563 4616 ejus
2610 4545 2838 4617 vestigia
2883 4548 3188 4618 sequimur,
3218 4549 3450 4621 gloriam

1870 4635 2087 4693 Domini
2110 4636 2453 4708 speculantes
2478 4637 2533 4691 in
2570 4639 2818 4695 eamdem
2861 4638 3155 4711 imaginem
3184 4641 3452 4698 transfor-

1868 4742 2104 4783 mamur.
2159 4726 2395 4794 Quidam
2441 4737 2623 4784 autem
2656 4729 3046 4786 dubitaverunt
3088 4741 3312 4802 propter
3343 4731 3449 4789 hoc

1866 4819 2015 4890 quod
2067 4818 2246 4874 Lucas
2292 4819 2414 4875 ait:
2452 4818 2818 4875 «Conturbati
2868 4836 2998 4877 vero
3053 4832 3111 4878 et
3161 4825 3447 4880 conterriti

1865 4912 2252 4968 existimabant
2325 4926 2386 4967 se
2453 4913 2631 4967 visum
2702 4911 3001 4983 [spiritum]
3046 4913 3234 4970 videre
3286 4915 3442 4986 (Luc.

1865 5003 2069 5067 XXIV).I
2100 5003 2314 5060 Marcus
2344 5012 2521 5059 autem
2547 5004 2650 5058 ait:
2670 5022 2689 5056 ι
2708 5002 2774 5058 Et
2793 5005 3143 5075 exprobravit
3190 5007 3448 5066 incredu-

1864 5094 2069 5149 litatem
2085 5104 2140 5149 et
2158 5094 2415 5149 duritiam
2439 5094 2785 5165 cordis,quia
2808 5096 2895 5151 his
2915 5096 3011 5167 qui
3034 5097 3289 5159 viderant
3316 5115 3444 5156 eum

1864 5184 2233 5239 resnrrexisse
2249 5199 2356 5238 non
2374 5182 2739 5238 crediderunt.
2755 5201 2773 5235 ι
2790 5183 3093 5256 lncrepavit
3118 5186 3442 5259 discipulos,

1864 5290 1989 5332 cum
2018 5291 2115 5331 eos
2143 5276 2496 5346 corporaliter
2517 5273 2658 5331 foret
2678 5276 2992 5345 relicturus,
3011 5287 3072 5333 ut
3100 5280 3283 5347 verba,
3318 5295 3443 5351 qua

1862 5375 2143 5421 revertens
2169 5365 2402 5433 dicebat,
2428 5367 2484 5420 in
2525 5366 2687 5421 corde
2724 5366 3061 5423 audientium
3094 5370 3313 5425 arctius
3336 5370 3444 5423 im-

1861 5473 2051 5530 pressa
2094 5467 2455 5514 remanerent.
2515 5458 2822 5529 Exprobrat
2875 5460 3307 5515 incredulitatem
3382 5468 3441 5516 et

1862 5550 2119 5606 duritiam
2156 5548 2357 5615 cordis,
2395 5559 2455 5604 ut
2491 5551 2748 5606 succedat
2776 5551 3070 5605 credulitas
3097 5559 3152 5604 et
3180 5564 3278 5606 cor
3315 5568 3439 5607 car-

1862 5657 2025 5700 neum
2049 5640 2313 5696 charitate
2334 5642 2575 5710 plenum.
2590 5639 2737 5695 .Hinc
2759 5649 2843 5695 est
2863 5640 3006 5709 quod
3026 5650 3258 5696 caterva:
3290 5658 3438 5697 mar-

1865 5744 2041 5808 tyrum
2082 5739 2312 5787 mortem
2342 5730 2509 5802 hujus
2533 5730 2720 5790 saeculi
2740 5729 2969 5786 libenter
2992 5728 3272 5799 atl‘ectant,
3290 5732 3433 5803 .quia

3038 5817 3116 5882 31
