3948 6444
503 324 621 396 ’ὮἮ

1626 320 1959 387 πωπω
1997 314 2293 384 ΑΒεΑτιε
2332 326 2391 383 ε.
2429 318 2655 383 ΒιΑειΙ

3687 329 3777 384 επ

519 453 711 510 volunt
741 467 841 524 pro
881 448 1166 522 temporali
1217 447 1438 504 interitu
1472 452 1737 517 perpetuo
1775 458 1833 500 se
1868 458 1989 499 esse
2024 443 2102 498 vi-
2131 447 2179 505 Α
2206 440 2324 497 buit
2345 441 2488 512 (Act.
2518 441 2638 512 vn).
2679 438 2878 507 Sedere
2912 454 3148 511 namque
3173 437 3479 509 judicantis
3501 448 3616 508 est,
3653 451 3780 503 stara

518 555 705 604 cturos
735 544 1085 602 :beatissima
1109 539 1520 610 transmigratio
1558 553 1623 593 ex
1653 538 1758 593 hoc
1804 536 2006 591 saculo
2047 534 2101 587 in

517 640 900 695 aternitatem.

596 771 614 802 ι
638 749 852 804 Etdixit
873 746 953 802 eis
974 765 986 801 :
1005 744 1211 800 Euntes
1244 744 1302 799 in
1332 743 1595 798 mundum
1623 742 1938 797 universum
1963 756 2101 810 pra-

513 841 690 895 dicate
743 837 1099 907 Evangelium
1155 822 1304 889 omni
1360 843 1693 890 creatura.»
1746 830 1908 887 Omni
1950 846 2104 886 crea-

510 942 647 986 tura
676 944 786 984 non
822 928 1030 983 dicitur
1062 941 1162 997 pro
1196 926 1493 983 insensatis
1518 914 1604 981 vel
1638 919 1818 980 brutis
1849 923 2103 977 animali-

509 1021 634 1086 bus,
710 1019 805 1074 sed
876 1017 1059 1073 omnis
1120 1024 1386 1072 creatura
1452 1014 1677 1070 nomine
1757 1006 2103 1085 signiﬁcatur

487 1114 679 1168 ~homo
706 1112 915 1167 habens
942 1125 1064 1166 esse
1090 1124 1218 1165 cum
1258 1109 1552 1179 lapidibus,
1575 1107 1756 1163 vivere
1781 1122 1907 1162 cum
1938 1106 2103 1160 arbo-

510 1206 685 1271 ribus,
721 1204 927 1260 sentire
958 1218 1084 1259 cum
1112 1202 1470 1269 animalibus,
1513 1200 1815 1272 intelligere
1843 1214 1967 1255 cum
2000 1214 2101 1252 an-

509 1298 653 1369 gelo,
686 1306 944 1353 constare
980 1312 1046 1351 ex
1071 1295 1249 1351 calido
1277 1303 1331 1349 et
1353 1295 1572 1365 frigido,
1598 1294 1824 1349 humido
1847 1302 1902 1347 et
1923 1292 2097 1358 arido,

509 1389 640 1459 quia
668 1388 850 1444 minor
867 1388 1105 1442 mundus
1129 1387 1295 1441 homo
1319 1384 1574 1441 est.Cum
1604 1400 1734 1457 ergo
1749 1384 1930 1439 omnis
1942 1399 2100 1438 crea-

510 1489 650 1536 tura
680 1480 887 1551 aliquid
912 1479 1110 1535 habeat
1135 1479 1321 1545 homo,
1353 1478 1503 1533 omni
1534 1488 1802 1533 creatura
1836 1476 2101 1547 pradica-

512 1583 601 1630 tur
649 1572 1024 1644 Evangelium,
1068 1586 1193 1627 cum
1238 1570 1450 1625 homini
1493 1569 1843 1640 pradicatur,
1868 1576 2095 1639 propter

508 1682 673 1737 quem
708 1675 905 1722 cuncta
937 1673 1118 1721 creata
1141 1672 1291 1731 sunt,
1315 1673 1369 1719 et
1394 1664 1482 1719 cui
1515 1671 1712 1719 cuncta
1757 1670 1885 1717 sunt
1912 1661 2098 1730 aliquo

508 1759 675 1814 modo
723 1758 956 1825 similia;
995 1758 1080 1812 vel
1113 1772 1214 1827 per
1270 1770 1492 1811 omnem
1544 1764 1860 1811 creaturam
1920 1763 2098 1823 potest
2131 1786 2173 1845 Β

508 1848 791 1921 designari
827 1847 977 1903 natio
1006 1846 1271 1918 gentium.
1301 1844 1477 1899 Antea
1521 1845 1668 1899 enim
1703 1843 1911 1899 dictum
1939 1847 2092 1897 erat‘:

498 1964 532 1996 -ι
561 1944 620 2000 In
668 1944 814 1998 viam
865 1940 1108 2014 gentium
1162 1953 1228 1993 ne
1261 1936 1506 1992 abieritis
1530 1924 1755 2008 (Matth.
1792 1937 1870 2006 ι).
1897 1955 1916 1988 ι
1956 1934 2097 1991 Cum

507 2035 807 2107 discipulos
851 2034 918 2091 ad
963 2029 1370 2104 pradicandum
1421 2028 1638 2084 Veritas
1687 2027 1874 2095 mittit,
1926 2042 2096 2099 grana

500 2128 736 2183 seminis
753 2129 809 2181 in
834 2126 1040 2182 mundo
1063 2124 1292 2195 spargit,
1307 2134 1361 2179 et
1382 2137 1557 2193 pauca
1586 2120 1752 2175 mittit
1775 2120 1830 2174 in
1853 2121 2092 2187 semine,

505 2228 568 2276 ut
617 2220 919 2274 multarum
966 2217 1232 2274 messium
1299 2213 1485 2286 fruges
1535 2212 1764 2284 recipiat
1806 2227 1874 2270 ex
1906 2220 2096 2266 nostra

505 2312 633 2367 (ide.
668 2310 927 2381 Sequitur
950 2327 964 2364 :

586 2444 606 2478 ι
625 2425 728 2491 Qui
742 2423 1034 2480 crediderit
1047 2429 1101 2477 et
1116 2421 1423 2491 baptizatus
1440 2421 1625 2488 fuerit,
1650 2422 1833 2478 salvus
1846 2422 1978 2486 crit;
1999 2420 2095 2491 qui

504 2529 638 2571 vero
663 2531 772 2570 non
800 2513 1094 2570 crediderit
1120 2514 1597 2570 condemnabitur.
1623 2532 1642 2564 ›
1675 2511 1815 2579 Quid
1848 2512 1936 2567 hic
1956 2511 2093 2567 dici-

504 2623 631 2663 mus
655 2607 721 2661 de
742 2605 1004 2676 parvulis.
1029 2604 1124 2675 qui
1162 2619 1259 2674 per
1285 2613 1497 2659 atatem
1525 2603 1707 2657 adhuc
1736 2603 1957 2657 credere
1984 2617 2090 2656 non

504 2699 725 2755 valent?
755 2697 828 2752 De
873 2695 1177 2765 majoribus
1220 2694 1369 2748 nulla
1398 2692 1629 2764 quastio
1683 2701 1784 2748 est.
1814 2690 1917 2746 Per
1953 2693 2091 2746 alios

504 2788 671 2859 igitur
695 2785 905 2856 parvuli
941 2784 1172 2840 credunt
1197 2784 1250 2837 in
1284 2782 1543 2849 Ecclesia,
1569 2783 1712 2838 sicut
1736 2797 1802 2836 ex
1830 2782 1953 2836 aliis
1983 2790 2092 2859 tra-

506 2858 647 2934 hunt
670 2886 892 2948 peccata
916 2891 1041 2946 qua
1066 2874 1174 2930 illis
1200 2874 1255 2929 in
1288 2875 1559 2946 baptismo
1581 2870 1961 2929 remittuntur.
2012 2858 2017 2864 ’

582 3028 601 3061 ι
635 3006 801 3080 Signa
831 3014 1015 3063 autem
1063 3021 1161 3063 eos
1188 3006 1284 3088 qui
1310 3006 1664 3073 crediderint,
1711 3006 1828 3061 haec
1858 3020 2092 3077 sequen-

505 3110 598 3163 tur
632 3119 645 3156 :
687 3100 745 3156 In
771 3101 995 3156 nomine
1041 3099 1466 3171 meoﬁdamonia
1512 3099 1752 3170 ejicient,
1782 3099 1984 3169 linguis
2018 3100 2092 3156 lo-

502 3203 744 3266 quentur
772 3194 952 3258 novis,
978 3200 1262 3264 serpentes
1295 3192 1517 3258 tollent';
1566 3200 1623 3247 et
1650 3192 1697 3248 si
1741 3191 2089 3248 mortiferum

502 3287 635 3358 quid
662 3286 919 3353 biberint,
953 3300 1066 3341 non
1093 3285 1175 3341 eis
1203 3285 1438 3340 nocebit.
1485 3283 1664 3354 Super
1691 3299 1868 3355 agros
1891 3301 2093 3342 manus

504 3380 808 3452 imponent,
858 3386 914 3435 et
958 3379 1099 3435 bene
1137 3378 1434 3433 habebunt.
1457 3396 1476 3429 ι
1508 3374 1767 3446 Nunquid
1798 3377 1926 3447 quia
1976 3377 2091 3433 haec

504 3474 659 3546 signa
688 3487 795 3526 non
825 3470 1081 3538 facimus,
1115 3484 1225 3525 non
1271 3469 1592 3525 credimus?
1624 3467 1749 3523 Hac
1786 3469 1838 3523 in
1863 3469 2093 3524 exordio

504 3547 763 3622 Ecclesiae
783 3563 1006 3619 fuerunt
1021 3562 1434 3627 necessaria,ut
1455 3561 1590 3617 ﬁdes
1620 3561 1957 3616 credentium
1991 3562 2094 3615 mi-

501 3657 710 3713 raculis
732 3652 1183 3711 nutriretur.Nos
1197 3655 1343 3708 enim
1368 3669 1493 3709 cum
1517 3653 2090 3723 arbustafplantamus,

504 3748 697 3804 tandiu
727 3748 809 3803 eis
830 3761 1032 3817 aquam
1055 3744 1360 3813 fundimus,
1383 3760 1674 3816 quousque
1698 3745 1753 3799 in
1787 3753 1931 3800 terra
1959 3761 2094 3802 con-

505 3842 804 3897 valescant.
822 3836 963 3894 Hinc
982 3836 1188 3894 Paulus
1214 3856 1258 3891 ει
1283 3836 1507 3909 Lingua
1529 3837 1581 3891 in
1607 3836 1825 3907 signum
1846 3845 2092 3891 suntnon

504 3932 777 3999 ﬁdelibus,
804 3930 899 3987 sed
925 3929 1236 3985 infidelibus
1253 3927 1305 3999 (1
1321 3927 1445 3985 Cor.
1471 3936 1607 4000 xxv).
1634 3949 1652 3981 ι
1690 3927 1887 3984 Sancta
1910 3937 2092 3983 tamen

503 4022 753 4080 Ecclesia
796 4022 1043 4094 quotidie
1090 4022 1408 4092 spiritaliter
1457 4020 1591 4076 facit
1634 4020 1784 4091 quod
1835 4028 1966 4076 tunc
1995 4035 2093 4091 per

500 4118 783 4191 apostolos
844 4115 1205 4189 corporaliter
1249 4115 1505 4172 faciebat.
1563 4113 1889 4169 Sacerdotes
1943 4114 2093 4168 enim

500 4227 598 4282 per
637 4210 933 4267 exorcismi
977 4209 1232 4282 gratiam,
1276 4223 1476 4263 manus
1523 4206 1873 4262 credentibus
1920 4206 2095 4275 impo-

501 4311 721 4373 nentes,
739 4304 1009 4360 damonia
1037 4303 1289 4375 ejiciunt,
1321 4310 1376 4357 et
1404 4300 1591 4356 fideles
1620 4298 1903 4355 saecularia
1926 4298 2094 4353 verba

502 4396 873 4467 relinquentes
913 4394 1234 4451 Conditoris
1280 4392 1366 4449 sui
1408 4386 1914 4457 laudes'insonant,
1941 4389 2091 4461 quod

2204 546 2334 587 vero
2365 532 2660 603 pugnantis
2684 543 2767 588 est
2793 532 2875 587 vel
2896 532 3220 603 adjuvantis.

2281 642 2300 675 ι
2332 621 2412 676 Illi
2463 631 2645 678 autem
2685 622 2913 693 profecti
2962 623 3403 693 pradicaverunt
3435 621 3661 692 ubique,
3687 623 3780 682 Deo

2205 722 2553 783 cooperante,
2577 722 2633 768 et
2682 728 2990 768 sermonem
3036 713 3405 767 contirmante
3440 716 3781 783 sequentibus

2205 805 2395 875 signis.
2420 823 2438 856 ι
2490 805 2829 876 Praceptnm
2865 804 3196 871 obedientia,
3224 804 3603 861 obedientiam
3646 807 3779 877 signa

2202 897 2551 953 comitantur.
2592 896 2847 968 Legimus
2867 897 3010 967 quod
3027 879 3174 950 Elias
3194 897 3264 952 sit
3295 905 3492 966 raptus
3520 896 3579 950 in
3602 897 3775 952 calum

2205 986 2257 1055 (l
2274 985 2452 1058 VReg.
2483 989 2567 1057 il),
2606 988 2699 1043 sed
2720 988 2866 1043 aliud
2894 996 2979 1041 cst
2997 986 3197 1042 calum
3210 1002 3459 1051 aereum,
3474 986 3627 1040 aliud
3638 988 3779 1042 athe-

2203 1094 2379 1133 reum.
2412 1078 2546 1133 lllud
2565 1080 2715 1133 enim
2745 1088 2829 1133 est
2850 1086 3006 1133 terra
3031 1079 3370 1148 proximum,
3395 1079 3528 1149 quia
3540 1094 3639 1149 per
3668 1079 3775 1134 illud

2203 1184 2331 1226 aves
2357 1170 2603 1225 volitant.
2630 1169 2773 1240 Ergo
2794 1179 2984 1238 raptus
3008 1178 3092 1225 est
3116 1168 3265 1224 Elias
3286 1169 3341 1223 in
3364 1186 3620 1236 aereum,
3641 1179 3695 1224 ut
3710 1188 3776 1225 re-

2202 1270 2362 1332 pente
2383 1262 2672 1317 duceretur
2696 1263 2753 1316 in
2786 1262 3364 1332 quamdamsccretam
3396 1262 3674 1333 regionem
3686 1271 3775 1317 ter.

2202 1370 2298 1421 rae,
2330 1354 2421 1409 ubi
2437 1354 2690 1424 usquead
2705 1355 2867 1409 linem
2884 1355 3010 1410 vita
3027 1354 3191 1421 vivat,
3218 1361 3274 1408 et
3290 1362 3423 1408 tunc
3437 1354 3568 1408 inde
3592 1354 3769 1422 redeat,

2200 1455 2254 1500 et
2284 1446 2571 1501 moriatur.
2603 1444 2723 1500 Non
2756 1446 2904 1501 enim
2936 1446 3112 1501 evasit
3154 1454 3415 1514 mortem,
3440 1445 3539 1502 sed
3560 1446 3765 1503 distulit.

2201 1536 2532 1608 Redemptor
2560 1550 2742 1593 autem
2765 1547 2953 1594 noster
2977 1553 3086 1594 non
3110 1538 3347 1605 distulit,
3369 1538 3469 1593 sed
3494 1539 3764 1607 superavit,

2199 1637 2254 1685 et
2299 1630 2531 1701 gloriam
2580 1630 3008 1687 resurrectionis
3063 1630 3420 1686 ascendendo
3473 1629 3763 1685 declaravit.

2199 1722 2375 1778 Curru
2407 1722 2651 1778 ascendit
2678 1721 2845 1790 Elias,
2876 1733 2940 1777 ut
2979 1722 3148 1778 homo
3177 1737 3376 1792 purus,
3409 1721 3655 1792 indigens
3681 1722 3763 1777 ad-

2193 1815 2425 1886 j'utorio,
2469 1829 2565 1885 per
2595 1815 2821 1885 angelos
2847 1815 2992 1869 enim
3025 1813 3172 1869 facta
3199 1822 3332 1870 sunt
3358 1813 3450 1869 illa
3477 1813 3763 1883 adjumenta

2198 1913 2254 1960 et
2281 1914 2524 1961 ostensa.
2558 1904 2890 1976 Redemptor
2918 1914 3101 1961 autem
3127 1914 3318 1961 noster
3346 1921 3447 1961 nec
3487 1920 3644 1961 curru
3677 1921 3762 1960 nec

2198 1997 2404 2067 angelis
2428 1997 2628 2068 legitur
2657 1997 2996 2065 sublevatus,
3020 1997 3115 2053 sed
3141 1998 3366 2067 propria
3388 1997 3607 2052 virtute.

2269 2088 2454 2143 Enoch
2485 2105 2706 2160 quoque
2743 2090 3041 2144 translatus
3090 2089 3160 2143 ad
3193 2104 3421 2143 aereum
3454 2089 3643 2143 caelum
3669 2086 3760 2141 Do.

2198 2178 2457 2233 minicam
2494 2179 2874 2234 ascensionem
2909 2178 3237 2251 designavit,
3263 2179 3409 2233 sicut
3433 2176 3625 2247 Joseph
3644 2192 3758 2232 ven-

2196 2269 2477 2326 ditionem.
2530 2270 2890 2326 Ascensionis
2933 2286 3064 2343 ergo
3125 2286 3241 2326 sua
3298 2269 3570 2324 Dominus
3613 2277 3757 2324 testes

2194 2361 2423 2418 habuit:
2449 2377 2619 2416 unum
2650 2372 2775 2418 ante
2798 2363 2993 2434 legem,
3018 2372 3071 2418 et
3100 2364 3334 2418 alterum
3362 2362 3467 2417 sub
3483 2362 3610 2432 lege.
3629 2361 3755 2416 Ordo

2196 2457 2252 2511 in
2299 2466 2531 2526 utraque
2582 2454 2960 2510 sublevatione
3003 2471 3099 2525 per
3146 2455 3403 2526 quadam
3453 2455 3754 2509 incrementa

2194 2547 2550 2617 distinguitur
2582 2565 2595 2601 :
2624 2560 2752 2601 nam
2797 2544 2980 2599 Enoch
3024 2546 3347 2611 translatus,
3390 2544 3539 2599 Elias
3587 2544 3753 2599 subve-

2195 2647 2317 2694 ctus
2368 2650 2767 2707 memorantur,
2813 2649 2876 2693 ut
2918 2638 3270 2710 postmodum
3305 2638 3517 2693 veniret
3539 2638 3625 2708 qui
3671 2652 3752 2691 nec

2196 2731 2492 2786 translatus
2546 2746 2646 2787 nec
2702 2732 3037 2801 subvectus,
3091 2730 3293 2786 caelum
3338 2730 3622 2786 atheneum
3669 2745 3751 2784 sua

2196 2821 2395 2877 virtute
2439 2832 2766 2892 penetraret.
2807 2823 3040 2881 Pensate
3091 2840 3223 2896 ergo
3287 2823 3564 2897 quomodo
3605 2823 3752 2878 crevit

2194 2915 2464 2971 munditia
2495 2917 2823 2985 sanctitatis,
2861 2918 3007 2989 quod
3040 2928 3226 2990 aperte
3257 2912 3563 2975 ostenditur
3596 2918 3645 2971 in
3684 2915 3751 2970 fa-

2193 3007 2358 3062 mulis
2386 3019 2441 3064 et
2475 3007 2729 3064 Domino.
2761 3009 3085 3067 Translatus
3109 3021 3193 3067 est
3222 3011 3437 3079 Enoch,
3460 3022 3513 3067 et
3538 3027 3625 3082 per
3670 3027 3751 3065 ro-

2195 3100 2330 3156 itum
2361 3101 2579 3173 genitus
2603 3110 2659 3158 et
2684 3118 2780 3173 per
2801 3103 3004 3159 coitum
3033 3114 3348 3174 generatus,
3384 3120 3596 3160 uxorem
3621 3104 3751 3158 cnim

2196 3192 2388 3248 habuit
2406 3201 2460 3248 et
2480 3194 2640 3249 filios.
2662 3193 2869 3265 Raptus
2892 3204 2978 3252 est
3006 3194 3174 3264 Elias,
3199 3212 3297 3266 per
3319 3198 3517 3252 coitum
3538 3196 3751 3268 genitus,

2196 3286 2291 3342 sed
2315 3300 2424 3340 non
2451 3301 2550 3356 per
2592 3286 2797 3342 coitum
2828 3304 3127 3361 generans;
3164 3305 3344 3360 neque
3374 3289 3510 3345 enim
3541 3303 3754 3349 uxorem

2197 3377 2391 3433 habuit
2429 3393 2530 3434 nec
2558 3377 2723 3435 filios.
2766 3379 3097 3452 Assumptus
3151 3391 3240 3437 est
3287 3392 3455 3436 autem
3501 3379 3755 3435 Dominus

2194 3481 2371 3541 neque
2402 3486 2499 3542 per
2527 3473 2732 3527 coitum
2771 3488 3060 3544 generans,
3104 3489 3287 3543 neque
3329 3489 3413 3543 per
3440 3472 3631 3528 coitum
3662 3489 3754 3542 ge-

2194 3575 2438 3622 neratus.

2436 3654 2669 3711 SERMO
2706 3655 2773 3709 IN
2812 3654 3243 3712 ASCENSIONE
3282 3653 3533 3712 DOMINL

2267 3745 2458 3814 Hodie,
2513 3747 2709 3803 fratres
2758 3748 3090 3815 charissimi,
3136 3757 3220 3802 cst
3270 3746 3619 3803 Ascensionis
3662 3743 3757 3797 Do-

2194 3840 2330 3896 mini
2354 3840 2597 3911 jucunda
2622 3839 2913 3896 festivitas.
2944 3838 3111 3894 llodie
3134 3840 3413 3894 destructa
3439 3838 3756 3894 esLhnmani

2195 3933 2410 4003 generis
2439 3932 2767 4001 captivitas;
2820 3932 2983 3987 hodie
3032 3932 3273 3988 secunda
3306 3932 3535 3986 victoria
3571 3929 3756 3984 Christi

2195 4022 2465 4092 completa
2487 4031 2605 4087 est;
2629 4022 2789 4078 hodie
2818 4022 3168 4092 triumphalia
3195 4021 3391 4076 vexilla
3411 4020 3528 4091 ejus
3554 4022 3755 4091 erigun-

2195 4123 2304 4178 tur,
2348 4114 2416 4168 de
2443 4114 2837 4184 despoliatione
2898 4131 2994 4169 sua
3038 4115 3184 4168 dolet
3238 4128 3366 4168 cum
3409 4112 3647 4183 principe
3670 4124 3758 4166 suo

2197 4216 2453 4262 tartarus.
2486 4205 2564 4262 De
2598 4209 3002 4263 restauratione
3031 4208 3220 4262 damni
3270 4207 3358 4262 sui
3391 4206 3589 4278 gaudet
3612 4204 3757 4261 cale-

2195 4298 2296 4354 stis
2315 4300 2610 4355 exercitus.
2640 4297 2810 4353 Hodie
2840 4300 2931 4353 illa
2961 4315 3116 4365 caro,
3145 4315 3270 4370 qua
3296 4299 3367 4355 de
3399 4300 3560 4355 terris
3591 4298 3758 4353 suble‘

2194 4399 2318 4446 vata
2354 4401 2457 4457 est,
2504 4392 2574 4446 ad
2621 4392 2903 4447 dexteram
2950 4392 3134 4449 Patris
3185 4393 3459 4450 collocata
3504 4402 3607 4459 est,
3647 4389 3760 4460 quia

503 4499 586 4544 est
611 4489 813 4560 linguis
850 4488 1011 4543 novis
1057 4487 1228 4557 loqui.
1281 4484 1387 4552 Qui
1415 4484 1581 4539 etiam
1619 4484 1751 4539 dum
1790 4483 1952 4538 bonis
2001 4497 2093 4537 ει·
2122 4477 2169 4537 D
2194 4481 2344 4538 omni
2372 4492 2638 4539 creatura
2664 4484 2886 4554 pralata
2926 4493 3033 4552 est,
3060 4494 3115 4541 et
3142 4486 3325 4541 omnis
3355 4485 3689 4556 principatus
3712 4489 3762 4537 et

504 4579 912 4637 hortationibus
966 4579 1234 4635 malitiam
1277 4578 1344 4634 de
1400 4577 1594 4633 alienis
1639 4576 1898 4632 cordibus
1941 4574 2091 4630 aufe-

504 4680 654 4739 runt,
699 4677 983 4741 serpentes
1016 4669 1232 4725 tollunt.
1267 4667 1329 4723 Et
1359 4668 1491 4723 dum
1533 4666 1823 4738 pestiferas
1862 4666 2092 4721 audiunt

502 4762 813 4829 snasiones,
842 4762 938 4818 sed
974 4769 1157 4816 tamen
1209 4760 1277 4815 ad
1321 4759 1694 4831 operationem
1738 4773 1961 4829 pravam
1990 4758 2093 4813 mi-

504 4856 654 4911 nime
681 4856 1091 4926 pertrahuntur,
1128 4853 1476 4910 mortiferum
1500 4854 1721 4924 quidem
1749 4854 1964 4918 bibunt,
1994 4852 2090 4908 sed

503 4963 617 5004 non
640 4949 721 5004 eis
744 4957 923 5005 nocet.
960 4947 1099 5003 Dum
1127 4956 1307 5003 autcm
1335 4946 1502 5003 vitam
1532 4948 1875 5003 infirmorum
1904 4947 1957 5000 in
1991 4946 2094 5000 fide

504 5040 757 5110 exemplo
807 5055 924 5096 sua
981 5039 1318 5110 operationis
1367 5040 1648 5106 roborant,
1702 5055 1866 5108 super
1918 5051 2092 5109 agros

505 5144 706 5185 manus
734 5129 1044 5200 imponunt.
1072 5129 1214 5203 Ergo
1239 5140 1390 5187 tanto
1416 5130 1628 5202 majora
1656 5139 1786 5185 sunt
1806 5130 2090 5196 miracula,

505 5227 714 5288 quanto
740 5234 837 5289 per
862 5219 979 5275 hac
1006 5234 1114 5275 non
1146 5236 1377 5291 corpora
1399 5222 1494 5277 sed
1516 5221 1713 5274 animae
1735 5220 2089 5275 suscitantur.

582 5297 680 5366 «Et
706 5310 972 5367 Dominus
990 5312 1209 5382 quidem
1234 5311 1414 5377 Jesus,
1447 5320 1734 5381 postquam
1770 5311 1985 5367 locutus
2012 5320 2097 5367 εει

503 5403 920 5472 εἰενῦεηεᾱίιὶι
943 5404 1071 5472 illis,
1110 5413 1165 5459 et
1190 5404 1417 5459 recessit
1446 5404 1514 5457 ah
1549 5403 1651 5470 eis,
1697 5412 1751 5457 et
1780 5412 2094 5472 assumptus

503 5509 587 5554 est
617 5498 672 5552 in
695 5499 917 5563 calum,
944 5506 999 5553 et
1022 5498 1163 5552 sedit
1191 5511 1222 5551 a
1256 5497 1462 5550 dextris
1496 5496 1607 5551 Dei.
1642 5516 1659 5548 ι
1695 5496 1833 5563 Quia
1862 5497 2095 5552 Redem-

505 5598 630 5658 ptor
681 5594 868 5643 noster
922 5600 1073 5642 nunc
1121 5584 1305 5655 omnia
1331 5584 1564 5654 judicat,
1595 5595 1650 5641 et
1681 5587 1896 5642 tandem
1924 5587 2094 5657 judex

505 5679 638 5733 olim
686 5687 953 5735 venturus
999 5686 1105 5743 est,
1152 5673 1369 5732 Marcus
1389 5691 1516 5732 eum
1564 5678 1754 5734 sedere
1793 5678 2091 5745 describit;

509 5767 820 5839 Stephanus
842 5784 975 5825 vero
1002 5777 1237 5825 stantem
1264 5767 1415 5836 vidit,
1451 5784 1614 5840 quem
1659 5771 1964 5843 adjutorem
1996 5772 2095 5826 ha-

2194 4582 2435 4645 potestas
2483 4583 2609 4629 ante
2650 4589 2773 4630 eam
2825 4585 3053 4631 curvata
3095 4587 3198 4633 est.
3250 4575 3428 4632 Hodie
3481 4578 3660 4645 itaque
3684 4574 3763 4627 via

2195 4681 2353 4731 nova,
2388 4665 2455 4721 de
2483 4681 2592 4736 qua
2621 4664 3073 4738 dicitApostolus
3097 4667 3288 4739 (Hebr.
3317 4669 3401 4739 ι),
3435 4668 3649 4723 initiata
3666 4673 3760 4727 esl.

2193 4758 2321 4829 quia
2344 4773 2441 4829 per
2460 4773 2682 4815 carnem
2709 4760 2917 4816 Christi
2945 4759 3127 4816 aditus
3151 4761 3299 4827 cali,
3328 4776 3427 4832 per
3448 4776 3610 4832 quem
3628 4757 3765 4813 nulla

2195 4853 2345 4922 prius
2371 4869 2499 4907 caro
2532 4854 2846 4921 transierat,
2882 4865 3162 4911 reseratus
3198 4864 3301 4911 est.
3349 4853 3525 4911 Hodie
3569 4852 3766 4923 apertio

2195 4942 2319 4996 libri
2359 4940 2598 5012 perfecta
2626 4952 2731 5011 est,
2764 4958 2929 5013 quem
2974 4958 3136 4999 nemo
3186 4944 3364 5013 potuit
3418 4944 3632 5013 aperire
3670 4940 3768 4996 nisi

2192 5033 2489 5106 Agnusqui
2516 5037 2738 5092 occisus
2764 5045 2848 5092 est
2889 5035 3158 5107 (Apoc.v),
3185 5035 3411 5105 quando
3435 5042 3769 5092 sacramenta

2194 5124 2315 5193 ejus
2342 5125 2576 5180 revelata
2604 5134 2733 5180 sunt
2769 5141 2895 5181 cum
2925 5127 3006 5181 eis
3038 5141 3163 5196 qua
3197 5126 3252 5180 in
3280 5126 3401 5197 lege
3426 5136 3480 5182 et
3501 5126 3772 5198 pr0phetis

2195 5213 2548 5271 inveniuntur
2572 5217 2639 5272 de
2666 5216 2909 5272 Christo.
2940 5215 3114 5272 Hodie
3143 5232 3366 5288 quoque
3379 5219 3654 5287 completa
3678 5226 3773 5282 est,

2195 5317 2576 5363 consummata
2598 5306 2936 5379 dispensatio
2969 5310 3332 5366 humanitatis
3366 5312 3508 5382 ejus.
3535 5309 3773 5366 Descen-

2195 5401 2276 5455 dit
2317 5401 2497 5471 primo
2546 5399 2925 5471 Omnipotens,
2948 5412 3008 5457 ut
3059 5411 3264 5458 nostra
3313 5403 3594 5473 particeps
3632 5401 3777 5456 fleret

2197 5502 2427 5559 natura,
2473 5502 2753 5563 postremo
2796 5494 3063 5561 ascendit,
3103 5502 3161 5547 ut
3200 5510 3316 5548 sua
3347 5509 3450 5549 nos
3486 5493 3777 5563 participes

2196 5584 2399 5641 faceret
2431 5584 2637 5655 gloria.
2678 5584 2989 5647 Descendit,
3028 5597 3091 5639 ut
3117 5600 3219 5641 nos
3246 5585 3547 5653 exaltaret;
3578 5597 3777 5655 ascen-

2196 5677 2294 5741 dit,
2327 5685 2388 5731 ut
2421 5693 2521 5732 nos
2553 5692 2735 5732 secum
2762 5677 3059 5734 ascendere
3089 5678 3314 5735 faceret.

2269 5769 2375 5827 Sed
2409 5770 2700 5827 videndum
2728 5780 2810 5826 est
2845 5787 3016 5842 quare
3036 5787 3155 5845 non
3194 5772 3377 5827 statim
3410 5779 3536 5842 post
3565 5769 3778 5826 Ascen-
