3948 6442
272 343 376 399 973

1235 342 1811 404 DEFLOBATIONES
1851 347 1952 405 SS.
1993 346 2379 405 PATRUM.—
2405 350 2535 406 LIB.
2571 350 2610 405 Ι.

3435 362 3544 418 974

271 454 508 519 sionem,
531 456 627 511 sed
661 464 785 526 post
824 455 1010 511 decem
1043 455 1163 512 dies
1197 457 1413 513 miserit
1449 460 1713 530 apostolis
1743 458 1862 530 Spi-
1889 467 1937 524 Α
1964 459 2230 517 mundum
2260 460 2441 532 (Joan.
2472 461 2535 533 ι),
2571 462 2639 518 ad
2677 462 2941 533 etelestia,
2971 466 3101 536 quia
3143 482 3240 537 per
3263 474 3546 527 ascensio-

267 545 435 601 ritum
483 555 740 603 sanctum
787 547 927 616 (Act.
979 546 1063 615 ιι).
1118 544 1202 603 Ob
1240 557 1352 603 tres
1396 550 1588 620 utique
1610 565 1851 605 causas:

267 639 476 710 primo,
535 647 600 693 ut
643 639 878 709 apostoli
920 638 1146 710 jejuniis
1167 648 1221 695 et
1248 640 1589 697 orationibus
1615 657 1675 697 se
1702 651 1858 712 aptos

267 745 388 788 esse
419 730 679 786 adventui
711 742 1084 800 praepararent
1108 732 1261 803 ejus;
1309 732 1574 797 secundo,
1612 734 1757 804 quod
1802 734 1858 789 hi

270 820 534 891 Spiritum
570 830 824 878 sanctum
861 823 1225 893 perciperent,
1249 823 1346 894 qui
1372 824 1559 879 decem
1586 833 1855 895 praecepta

267 911 582 982 explerent;
618 912 799 977 tertio,
827 911 974 982 quod
1015 912 1072 966 in
1114 912 1576 984 quinquagesimo
1605 915 1693 971 die
1717 931 1747 969 a
1778 931 1862 970 re-

269 1004 630 1069 surrectione,
678 1005 821 1059 sicut
851 1005 1085 1075 populus
1107 1005 1202 1059 Dei
1234 1016 1356 1075 post
1388 1008 1762 1065 liberationem
1788 1010 1858 1064 ab

267 1093 528 1166 Egypto,
555 1094 1013 1165 quinquagesimo
1049 1095 1137 1150 die
1169 1096 1380 1165 accepit
1420 1097 1590 1167 legem
1622 1099 1856 1167 timoris,

268 1185 341 1240 ita
370 1186 604 1255 populus
628 1186 866 1240 ildelium
885 1195 1008 1256 post
1032 1187 1409 1242 liberationem
1427 1204 1582 1243 suam
1603 1206 1634 1245 a
1650 1191 1858 1246 mundo

266 1275 726 1346 quinquagesimo
757 1277 845 1331 die
883 1279 1153 1348 acciperet
1212 1279 1386 1351 legem
1434 1281 1657 1336 amoris.
1686 1282 1743 1336 In
1769 1282 1860 1352 ju-

265 1368 429 1423 bilzo
472 1369 662 1434 etiam,
721 1368 776 1423 id
824 1378 910 1425 est
939 1371 1397 1443 quinquagesimo
1443 1354 1612 1439 anno,
1657 1374 1862 1443 recepit

266 1462 504 1531 populus
557 1462 825 1518 amissam
876 1462 1184 1521 libertatem
1239 1473 1294 1519 et
1340 1464 1750 1532 haereditatem;
1807 1474 1861 1521 et

268 1550 371 1607 hac
432 1552 522 1607 die
600 1553 807 1622 recepit
868 1555 1101 1624 populus
1174 1554 1525 1612 Christianus
1599 1559 1860 1614 amissam

266 1644 574 1699 libertatem
630 1654 684 1699 et
736 1646 977 1714 paradisi
1014 1646 1410 1703 haereditatem.
1459 1646 1632 1703 Habet
1675 1649 1860 1720 itaque

266 1734 521 1791 Christus
540 1751 688 1791 nunc
701 1737 921 1807 plenum
947 1739 1227 1809 gaudium;
1243 1740 1650 1811 quodammodo
1674 1742 1856 1811 habet,

1963 566 2084 606 nem
2116 552 2238 623 ejus
2263 553 2391 608 luna
2423 553 2572 609 stetit
2609 554 2661 608 in
2693 553 2903 610 ordine.
2937 553 3091 613 Luna
3121 557 3362 617 Ecclesia
3403 562 3545 619 dici-

1964 651 2075 710 tur,
2104 646 2232 713 quia
2263 645 2554 701 sicutluna
2585 645 2769 701 lumen
2802 647 2993 718 recipit
3018 664 3048 704 a
3092 664 3226 718 sere,
3264 653 3337 708 ita
3358 652 3548 710 Eccle-

1960 732 2056 788 siae
2081 734 2329 790 defectus
2359 753 2388 790 a
2410 735 2631 791 Christo
2655 737 3017 805 illuminatur,
3043 750 3096 797 et
3126 742 3267 798 sicut
3295 744 3421 800 luna
3448 763 3549 818 pa-

1962 823 2095 879 titur
2125 826 2418 897 aliquando
2445 827 2710 897 eciipsim,
2744 828 2813 883 ita
2838 828 3078 887 Ecclesia
3110 834 3249 889 inter
3274 838 3547 892 mundana

1961 914 2174 969 tolerat.
2215 914 2320 970 Sed
2346 916 2461 970 haec.
2484 916 2612 971 luna
2642 926 2765 987 post
2790 921 3169 976 ascensionem
3202 921 3404 979 Christi
3436 934 3548 981 ste-

1963 1006 2027 1060 tit
2058 1006 2112 1061 in
2141 1007 2334 1062 ordine
2371 1022 2491 1063 suo.
2537 1007 2718 1076 Stetit,
2750 1010 2878 1080 quia
2928 1011 2983 1065 in
3036 1014 3423 1082 prmdicatione
3454 1031 3551 1070 ex-

1960 1099 2154 1165 crevit,
2180 1099 2308 1169 quia
2333 1100 2398 1155 ad
2425 1099 2804 1156 tribulationes
2829 1102 3109 1171 patiendas
3136 1106 3360 1161 exarsit.
3395 1105 3551 1162 Tunc

1959 1186 2174 1255 Petrus,
2211 1190 2304 1259 qui
2342 1189 2408 1243 ad
2434 1205 2623 1244 vocem
2649 1190 2884 1245 ostiaria:
2911 1194 3216 1260 succubuit,
3264 1196 3330 1250 ad
3361 1212 3549 1253 vocem

1960 1276 2191 1333 Neronis
2227 1279 2531 1334 resistentis
2563 1295 2672 1334 non
2724 1282 2965 1336 recessit.
3008 1280 3134 1340 Hac
3173 1288 3424 1342 ascensio
3462 1299 3549 1343 est

1960 1385 2105 1425 unus
2126 1370 2193 1423 de
2228 1369 2459 1425 saltibus
2482 1369 2721 1437 Domini,
2748 1371 2813 1427 de
2838 1374 3038 1443 quibus
3062 1373 3192 1430 facit
3215 1378 3547 1434 mentionem

1963 1459 2220 1515 Salomon
2252 1461 2304 1514 in
2335 1460 2575 1517 Canticis
2603 1482 2614 1516 :
2649 1482 2668 1515 ‹
2698 1462 2837 1518 Ecce
2872 1466 3053 1520 veniet
3076 1468 3280 1522 saliens
3312 1467 3365 1522 in
3395 1485 3551 1524 mon-

1959 1552 2127 1618 tibus,
2154 1560 2207 1605 et
2240 1552 2551 1606 transiliens
2578 1564 2791 1609 montes
2831 1552 3011 1625 (Cant.
3047 1558 3130 1628 ιι).
3154 1576 3171 1608 ι
3219 1557 3433 1614 Saliens
3460 1576 3553 1615 ve-

1960 1642 2062 1708 nit,
2092 1643 2186 1713 qui
2220 1642 2487 1698 veniendo
2522 1644 2587 1699 ad
2628 1646 3059 1716 redemptionem
3100 1659 3348 1706 nostram
3387 1668 3554 1723 quos-

1960 1736 2085 1790 dam
2116 1736 2288 1793 saltus
2308 1735 2457 1792 dedit
2481 1737 2547 1792 de
2581 1738 2739 1804 cmio,
2764 1739 2989 1796 veniens
3021 1741 3074 1795 in
3104 1752 3257 1797 utero
3289 1740 3550 1814 Virginis,

268 1826 676 1897 quodammodo
701 1843 809 1883 non
840 1829 1035 1897 habet;
1067 1840 1333 1901 quantum
1360 1832 1426 1887 ad
1453 1833 1537 1889 sui
1567 1849 1857 1904 personam
1891 1832 1934 1886 Β
1961 1825 2029 1880 de
2056 1834 2210 1881 utero
2233 1826 2286 1880 in
2311 1827 2655 1897 praesepium,
2683 1828 2749 1883 de
2774 1830 3039 1899 prmscpio
3058 1832 3201 1886 venit
3224 1831 3280 1887 in
3306 1848 3548 1897 crucem,

266 1918 683 1988 plenissimum;
733 1930 1008 1991 quantum
1027 1922 1095 1977 ad
1129 1937 1333 1995 corpus
1375 1941 1560 1992 suum,
1591 1924 1737 1996 quod
1773 1933 1857 1980 est

266 2008 531 2077 Ecclesia,
592 2011 774 2068 adhuc
834 2013 1079 2070 minime.
1138 2013 1185 2068 Α
1234 2014 1437 2071 Judzeis
1486 2018 1633 2071 enim
1676 2011 1857 2073 adhuc

266 2102 696 2173 blasphematur,
721 2120 752 2159 a
774 2106 1026 2176 gentibus
1056 2106 1450 2172 subsannatur,
1477 2109 1546 2162 ab
1587 2108 1855 2165 haereticis

264 2196 614 2263 dilaceratur,
651 2212 681 2251 a
713 2198 872 2251 malis
900 2198 1230 2256 Christianis
1284 2200 1662 2271 impugnatur,
1700 2216 1731 2256 a
1766 2217 1856 2257 sa-

265 2288 578 2343 cerdOtibus
614 2288 847 2343 luxuriae
887 2288 1105 2358 deditis,
1133 2299 1188 2346 et
1212 2290 1283 2346 ob
1309 2292 1412 2347 hoc
1462 2292 1674 2363 publice
1718 2308 1855 2347 ana-

265 2379 655 2446 thematizatis,
692 2380 1058 2450 vilipenditur.
1111 2380 1169 2436 In
1218 2383 1482 2439 membris
1532 2385 1698 2439 etiam
1738 2385 1856 2441 suis

265 2470 509 2539 quotidie
526 2472 749 2540 patitur.
793 2471 931 2526 Cum
957 2473 1070 2528 hmc
1105 2474 1289 2529 omnia
1336 2476 1404 2530 ad
1446 2491 1507 2531 se
1556 2477 1851 2547 collegerit,

265 2569 397 2616 tunc
421 2563 646 2633 plenum
675 2564 932 2634 gaudium
975 2564 1216 2619 habebit.
1269 2564 1560 2632 Quomodo
1607 2581 1738 2622 vero
1773 2576 1857 2623 est

265 2649 507 2707 Ecclesia
536 2653 659 2723 ejus
683 2669 903 2724 corpus,
935 2662 988 2710 et
1009 2654 1166 2710 electi
1210 2657 1499 2713 membra?
1546 2656 1700 2713 Sicut
1730 2673 1855 2713 cor-

266 2758 369 2814 pus
411 2745 574 2815 capiti
621 2745 847 2801 inhaeret
876 2757 931 2801 et
976 2748 1046 2802 ab
1077 2764 1143 2803 eo
1170 2758 1184 2809 .'
1199 2749 1426 2819 regitur,
1485 2750 1558 2804 ita
1612 2749 1855 2806 Ecclesia

266 2852 365 2908 per
390 2848 797 2894 sacramentum
829 2840 1074 2909 corporis
1122 2840 1327 2896 Christi
1387 2840 1438 2896 ei
1483 2842 1854 2913 conjungitur,

267 2931 381 2985 imo
411 2946 582 2985 unum
614 2946 739 2985 cum
783 2946 849 2986 eo
877 2931 1124 2997 elIicitur,
1159 2947 1189 2987 a
1238 2947 1351 3003 quo
1391 2947 1583 2988 omnes
1612 2932 1749 3003 justi
1799 2935 1856 2989 in

267 3036 371 3077 suo
390 3021 584 3076 ordine
618 3031 678 3076 ut
713 3023 954 3078 membra
978 3038 1007 3077 a
1036 3024 1211 3095 capite
1249 3026 1641 3096 gubernantur.
1683 3026 1857 3097 Cujus

267 3114 465 3184 capitis
487 3114 631 3169 oculi
659 3115 956 3185 prophetae,
980 3116 1073 3186 qui
1094 3115 1275 3171 futura
1302 3118 1696 3187 praeviderunt;
1722 3134 1854 3174 san-

266 3207 338 3261 cti
364 3206 619 3276 apostoli,
650 3206 743 3276 qui
772 3206 907 3261 alios
937 3207 1003 3261 de
1030 3207 1115 3262 via
1150 3208 1355 3263 erroris
1382 3207 1450 3262 ad
1479 3208 1662 3264 lumen
1689 3210 1855 3280 justi«

265 3298 359 3352 tiae
379 3298 740 3352 deduxerunt.
783 3300 958 3354 Aures
983 3312 1113 3354 sunt
1152 3299 1490 3368 obedientes,
1538 3316 1700 3357 nares
1728 3312 1858 3357 sunt

266 3391 524 3457 discreti;
566 3390 760 3461 ilegma
798 3391 946 3461 quod
992 3402 1089 3461 per
1120 3406 1280 3447 nares
1326 3392 1540 3462 ejicitur
1592 3393 1853 3460 haeretici,

264 3482 360 3552 qui
384 3482 595 3551 judicio
617 3483 977 3538 discretorum
1009 3484 1078 3539 de
1114 3483 1290 3553 capite
1310 3482 1516 3539 Christi
1550 3499 1856 3557 emungun-

267 3583 377 3629 tur.
418 3572 494 3628 0s
541 3584 761 3629 sanctos
810 3576 1085 3642 doctores,
1133 3575 1327 3632 dentes
1355 3591 1527 3633 sacrae
1562 3574 1858 3649 Scriptum

266 3665 628 3735 expositores,
656 3652 853 3721 manus
883 3665 1141 3722 Ecclesia!
1162 3665 1500 3733 defensores,
1523 3667 1691 3737 pedes
1712 3669 1857 3739 agri-

266 3758 402 3813 colzr
428 3756 727 3813 Ecclesiam
757 3772 1060 3829 pascentes.
1101 3758 1273 3816 Porro
1300 3761 1485 3827 fimus,
1514 3761 1607 3830 qui
1636 3761 1701 3816 de
1726 3777 1852 3816 ven-

269 3857 351 3903 tre
379 3848 644 3921 egeritur,
680 3858 810 3905 sunt
838 3851 1106 3906 immundi
1148 3860 1204 3907 et
1238 3852 1505 3907 luxuriosi
1537 3853 1725 3907 altaris
1752 3853 1857 3907 mi-

268 3942 451 4007 nistri,
496 3950 552 3996 et
592 3942 684 3996 alii
715 3941 859 3997 infra
891 3941 1190 3998 Ecclesiam
1221 3942 1540 4010 facinerosi,
1595 3945 1690 4014 qui
1727 3960 1857 3999 ven-

268 4042 404 4087 trem
441 4035 635 4091 matris
661 4033 918 4093 Ecclesia:
945 4042 1195 4102 onerant,
1226 4049 1366 4105 quos
1394 4050 1491 4105 per
1515 4035 1708 4089 mortis
1733 4050 1857 4106 ege-

266 4124 503 4180 stionem
549 4126 824 4182 daemones
863 4136 922 4180 ut
951 4126 1104 4197 porci
1134 4125 1417 4181 devorant.
1448 4124 1618 4196 lgitur
1648 4125 1774 4194 quia
1799 4124 1855 4178 in

266 4218 594 4273 ascensione
617 4216 832 4273 Domini
870 4218 1043 4273 induti
1088 4233 1277 4273 sumus
1299 4218 1567 4287 corporali
1589 4217 1707 4287 ejus
1727 4232 1858 4286 prte-

267 4309 466 4375 sentia,
519 4310 588 4364 ad
631 4321 891 4366 aeternam
924 4310 1187 4367 visionem
1237 4310 1357 4380 ejus
1399 4318 1511 4364 tota
1558 4308 1856 4363 intentione

267 4397 611 4456 festinemus.

956 4508 1157 4550 DIVISIO

337 4584 682 4641 Dominicam
721 4587 1099 4643 ascensionem
1131 4585 1386 4641 Habacuc
1413 4583 1672 4655 prOpheta
1716 4597 1855 4653 pra-

261 4676 461 4733 videns
500 4678 576 4733 ait
608 4696 622 4732 :
663 4697 683 4730 ι
716 4677 970 4734 Elevatus
999 4688 1083 4734 est
1110 4679 1213 4743 sol,
1252 4688 1306 4732 et
1332 4678 1460 4731 luna
1499 4675 1649 4730 stetit
1673 4674 1727 4729 in
1762 4689 1856 4729 or-

262 4769 397 4824 dine
416 4785 520 4825 suo
536 4769 767 4841 (Hebae.
791 4771 867 4842 v).
891 4791 909 4822 ι
951 4772 1089 4826 Cum
1112 4771 1258 4826 enim
1280 4769 1545 4824 Dominus
1570 4767 1624 4821 in
1648 4765 1855 4824 mundo

262 4875 397 4916 cum
425 4861 710 4932 discipulis
760 4872 1068 4919 moraretur
1103 4863 1240 4930 suis,
1269 4860 1499 4933 apostoli
1528 4861 1582 4915 in
1610 4874 1855 4929 praesen-

264 4954 341 5009 tia
376 4954 594 5011 Domini
616 4957 970 5022 conﬁdentes,
1001 4972 1111 5014 non
1152 4959 1220 5014 ad
1249 4962 1489 5017 cretestia
1517 4963 1853 5033 aspirabant,

263 5047 388 5113 sed,
419 5061 710 5119 postquam
743 5064 802 5105 se
829 5048 1095 5106 Dominus
1140 5050 1211 5106 ab
1239 5066 1431 5107 eorum
1459 5054 1635 5110 oculis
1657 5055 1857 5110 absen-

262 5138 425 5204 tavit,
459 5149 512 5194 et
540 5140 595 5193 in
621 5141 821 5197 caelum
849 5143 1114 5198 ascendit.
1153 5142 1276 5210 Quo
1303 5144 1567 5201 Dominus
1597 5147 1859 5203 ascende-

263 5235 377 5293 rat,
398 5229 601 5285 milites
631 5224 893 5286 inhiando
923 5232 1152 5302 cupiunt
1189 5234 1504 5289 ascendere.
1556 5232 1684 5290 llaec
1707 5236 1854 5291 enim

260 5328 609 5382 consuetudo
636 5328 776 5383 inter
802 5342 905 5383 nos
925 5337 1009 5383 est
1030 5336 1091 5382 ut
1111 5327 1319 5384 familia
1342 5343 1521 5400 regem
1547 5330 1855 5399 praeceden-

258 5425 378 5472 tctn
402 5420 557 5487 sequi
585 5418 873 5474 desideret.
907 5418 1063 5475 Unde
1102 5420 1180 5474 ait
1211 5419 1451 5476 Ecclesia
1493 5420 1546 5475 in
1579 5418 1852 5476 Canticis:

266 5527 290 5562 σ
329 5507 512 5565 Trahe
541 5525 629 5565 me
652 5519 778 5580 post
804 5520 856 5566 te
883 5510 1065 5582 (Cant.
1108 5510 1168 5580 ι).
1210 5530 1229 5563 ι
1275 5510 1440 5566 Trahi
1469 5511 1616 5585 enim
1638 5511 1857 5568 deside-

256 5601 424 5658 rabat
445 5603 515 5659 ad
537 5602 740 5672 Regem
767 5604 1171 5673 ascendentem,
1201 5616 1490 5675 postquam
1521 5601 1700 5660 caruit
1719 5619 1824 5660 con
1839 5635 1857 5647 -

255 5694 536 5749 solatione
587 5693 708 5763 ejus
733 5696 1052 5765 praesentiae.
1096 5694 1222 5751 ideo
1257 5696 1501 5754 eievatus
1529 5705 1615 5752 est
1634 5699 1737 5765 sol,
1761 5695 1854 5767 qui

254 5786 543 5841 illuminat
597 5800 816 5841 omnem
881 5787 1162 5842 hominem
1220 5788 1526 5845 venientem
1591 5789 1646 5843 in
1708 5789 1854 5844 hunc

1957 1917 2024 1974 de
2054 1932 2218 1973 cruce
2246 1918 2393 1973 venit
2437 1916 2491 1971 in
2540 1918 2870 1988 sepulcrum,
2920 1921 2985 1975 de
3015 1922 3264 1991 sepulcro
3298 1922 3456 1978 rediit
3498 1924 3552 1976 in

1957 2009 2179 2064 caelum.
2212 2007 2366 2064 Unde
2405 2007 2480 2063 ait
2508 2008 2779 2079 Propheta
2807 2029 2819 2064 :
2858 2031 2876 2062 ι
2899 2010 3202 2068 Exsultavit
3231 2022 3290 2068 ut
3324 2015 3500 2085 gigas,
3528 2035 3547 2065 ι

1955 2106 2062 2153 etc.
2108 2097 2285 2169 (Psal.
2320 2098 2498 2169 xvm.)
2539 2096 2690 2154 lianc
2731 2101 3148 2157 exsultationem
3202 2103 3331 2158 alibi
3378 2104 3555 2159 deno-

1956 2193 2129 2247 tavit:
2168 2212 2187 2243 ι
2222 2192 2296 2248 De
2325 2202 2565 2250 torrente
2595 2195 2649 2249 in
2682 2196 2768 2249 via
2802 2196 2952 2251 bibet
3008 2195 3181 2268 (Psal.
3226 2209 3359 2268 cxx).
3410 2216 3430 2250 ι
3490 2196 3551 2252 In

1958 2284 2163 2340 mundo
2183 2293 2301 2339 erat
2327 2292 2540 2340 torrens
2561 2286 2755 2342 mortis
2783 2286 3027 2343 deﬂuens
3053 2304 3083 2343 a
3110 2302 3334 2358 peccato
3382 2276 3550 2359 primi

1955 2375 2215 2445 parentis.
2260 2374 2334 2430 De
2359 2376 2445 2432 his
2472 2376 2529 2431 in
2562 2378 2648 2433 via
2673 2377 2830 2444 bibit,
2859 2378 2988 2449 quia
3008 2388 3240 2435 mortem
3278 2380 3331 2435 in
3368 2390 3551 2436 trans-

1958 2466 2035 2520 itu
2096 2467 2351 2537 gustavit,
2397 2476 2561 2538 atque
2602 2468 2726 2524 ideo
2769 2470 3028 2525 exaltavit
3073 2479 3255 2541 caput,
3286 2472 3415 2542 quia
3442 2473 3549 2525 hoc

1956 2556 2103 2628 quod
2131 2558 2415 2613 moriendo
2437 2560 2490 2612 in
2517 2562 2767 2630 sepulcro
2786 2561 2989 2631 posuit,
3019 2564 3354 2634 resurgendo
3383 2578 3549 2632 super

1958 2649 2180 2720 angelos
2211 2650 2426 2705 levavit.
2461 2650 2685 2707 Levavit
2720 2667 2884 2722 super
2912 2654 3133 2725 angelos
3154 2663 3278 2723 post
3302 2669 3551 2709 resurre-

1957 2741 2192 2796 ctionem
2224 2742 2521 2797 humanam
2558 2753 2830 2811 naturam,
2864 2760 2987 2815 qum
3028 2744 3180 2814 prius
3213 2754 3335 2801 erat
3366 2747 3550 2801 minor

1960 2836 2185 2907 angelis.
2228 2835 2382 2893 Unde
2424 2837 2687 2908 scriptum
2728 2848 2811 2894 est
2846 2857 2859 2893 :
2906 2857 2924 2891 ι
2956 2837 3199 2895 Minuisti
3232 2855 3358 2895 eum
3384 2842 3549 2912 paulo

1958 2928 2142 2984 minus
2167 2928 2236 2984 ab
2267 2930 2474 3001 angelis
2500 2929 2676 3001 (Psal.
2706 2932 2848 3002 vui).
2876 2949 2894 2983 ι
2940 2930 3193 2998 Quandiu
3234 2933 3379 2988 enim
3422 2949 3549 3004 pas-

1960 3018 2134 3075 sibilis
2164 3019 2266 3075 fuit
2298 3029 2352 3076 et
2394 3021 2661 3085 mortalis,
2690 3021 2869 3075 minor
2899 3020 3004 3077 fuit
3041 3023 3283 3096 angelica
3328 3033 3545 3090 natura,

1959 3126 2081 3181 quae
2119 3112 2443 3169 immortalis
2470 3122 2571 3168 est.
2614 3112 2717 3170 Sed
2747 3123 3037 3187 postquam
3072 3115 3216 3173 Deus
3246 3115 3406 3173 Pater
3427 3118 3547 3189 glo-

1959 3202 2039 3257 ria
2071 3204 2487 3260 resurrectionis
2512 3214 2565 3260 et
2600 3205 2809 3262 honore
2842 3207 3268 3264 immortalitatis
3296 3225 3420 3264 eum
3453 3225 3550 3266 co-

1960 3296 2194 3363 ronavit,
2237 3300 2330 3368 qui
2382 3298 2536 3369 prius
2582 3298 2764 3353 minor
2794 3308 2933 3365 erat,
2986 3315 3151 3371 super
3197 3302 3417 3374 angelos
3464 3313 3550 3359 est

1958 3383 2158 3443 factus.

2030 3474 2168 3532 Cum
2218 3476 2385 3548 igitur
2429 3480 2606 3551 angeli
2650 3481 2948 3537 humanam
2990 3492 3241 3538 naturam
3289 3484 3549 3555 angelicas

1956 3568 2238 3638 praelatam
2284 3571 2547 3640 viderent,
2574 3573 2667 3643 qui
2705 3574 2858 3643 prius
2896 3574 2966 3630 ab
2994 3574 3315 3631 hominibus
3346 3591 3406 3632 se
3448 3577 3548 3632 ad-

1958 3661 2104 3715 orari
2138 3662 2501 3732 patiebantur,
2535 3665 2604 3719 ab
2631 3665 2872 3721 humano
2905 3683 3100 3739 genere
3124 3668 3196 3722 ita
3223 3669 3460 3723 exaltato
3489 3684 3549 3725 se

1958 3751 2175 3806 adorari
2200 3762 2390 3823 postea
2419 3753 2739 3811 timuerunt.
2782 3758 3059 3813 Abraham
3089 3758 3337 3814 adoravit
3374 3775 3547 3830 ange-

1958 3842 2069 3897 lum
2098 3859 2224 3898 cum
2247 3854 2357 3901 tres
2386 3846 2540 3913 vidit,
2571 3856 2625 3902 et
2656 3864 2822 3902 unum
2851 3849 3118 3917 adoravit,
3143 3867 3243 3906 nec
3269 3852 3550 3921 prohibuit

1959 3931 2113 4005 (Gen.
2144 3936 2324 4005 xviii).
2372 3935 2557 3992 Voluit
2581 3939 2810 3994 adorare
2839 3938 3080 3997 Joannes
3125 3943 3379 4015 angelum
3422 3954 3546 4014 post

1958 4028 2434 4094 resurrectionem,
2468 4044 2568 4084 nec
2586 4030 2668 4084 'ab
2694 4030 2886 4101 angelo
2924 4033 3224 4101 permissus
3247 4049 3329 4090 est
3356 4036 3542 4107 (Aper.

1960 4116 2096 4186 xix).
2135 4114 2515 4188 Despiciebant
2550 4120 2828 4177 hominem
2878 4124 3033 4193 prius
3081 4140 3243 4194 quem
3287 4127 3548 4184 videbant

1957 4206 2115 4277 culpa
2161 4225 2257 4264 sua
2288 4210 2634 4279 exsulatum;
2672 4213 3083 4270 honoraverunt
3111 4216 3351 4272 hominis
3381 4227 3546 4273 natu-

1957 4312 2097 4365 ram,
2128 4316 2293 4370 quam
2334 4302 2589 4358 videbant
2616 4320 2780 4375 super
2827 4321 2887 4362 se
2933 4308 3246 4363 exaltatam.
3290 4305 3547 4368 Sciebant

1957 4391 2176 4461 quidem
2207 4393 2482 4450 hominem
2517 4394 2721 4452 factum
2748 4413 2869 4454 esse
2907 4407 3035 4454 ante
3063 4409 3347 4469 peccatum
3371 4400 3440 4457 ad
3458 4416 3548 4456 re-

1959 4485 2350 4540 staurationem
2395 4488 2654 4556 angelicae
2684 4489 2934 4561 legionis,
2967 4507 3073 4562 qua
3105 4492 3408 4561 ceciderat,
3449 4493 3544 4548 sed

1958 4576 2384 4647 redemptionem
2418 4578 2538 4648 ejus
2574 4596 2668 4650 per
2693 4579 2892 4637 Filium
2927 4581 3268 4653 ignorabant.
3307 4581 3365 4637 In
3393 4583 3545 4653 prin-

1957 4669 2101 4741 cipio
2114 4670 2261 4727 enim
2287 4672 2477 4728 mundi
2492 4671 2621 4729 fecit
2644 4672 2784 4730 Deus
2806 4674 3057 4746 angelum
3078 4673 3370 4746 quemdam
3399 4690 3542 4746 prte-

1956 4762 2236 4820 cellentem
2287 4764 2432 4829 aliis,
2456 4764 2612 4820 valde
2662 4766 2969 4835 speciosum
3004 4774 3060 4822 et
3102 4766 3402 4836 sapientem
3467 4766 3542 4823 De

1956 4870 2067 4925 quo
2088 4865 2274 4925 postea
2299 4871 2395 4925 per
2419 4855 2745 4926 Prophetam
2779 4876 2791 4910 :
2831 4878 2849 4908 ε
2874 4857 2954 4912 Tu
2981 4858 3322 4929 signaculum
3347 4859 3542 4915 simili-

1957 4946 2162 5002 tudinis
2191 4946 2308 5012 Dei,
2338 4947 2531 5016 pienus
2561 4948 2851 5016 sapientia,
2899 4958 2954 5005 et
3010 4948 3282 5021 perfectus
3320 4951 3538 5017 decore,

1957 5036 2012 5091 in
2042 5036 2252 5092 deliciis
2281 5038 2518 5108 paradisi
2543 5038 2637 5094 Dei
2670 5038 2821 5095 fuisti
2845 5040 3062 5112 (Ezech.
3093 5043 3307 5114 xxviii).
3334 5062 3352 5094 ι
3395 5042 3451 5096 in
3475 5060 3541 5100 eo

1956 5129 2100 5185 enim
2132 5139 2249 5186 erat
2276 5131 2526 5188 subtilior
2568 5141 2786 5199 natura,
2817 5134 2870 5190 in
2899 5135 2991 5190 illo
3020 5135 3200 5206 imago
3250 5135 3346 5192 Dei
3399 5137 3541 5191 lilio-

1957 5237 2101 5289 rum,
2124 5223 2269 5294 quod
2319 5223 2633 5280 insinuatur
2682 5241 2806 5281 cum
2845 5227 3083 5283 dicitur'
3122 5225 3352 5282 cOmnis
3398 5228 3539 5296 lapis

1958 5324 2228 5393 pretiosus
2249 5323 2645 5395 operimentum
2671 5336 2822 5382 tuum
2848 5327 3080 5399 (ibid.),i
3094 5328 3226 5398 quia
3240 5342 3431 5383 novem
3453 5342 3542 5382 or-

1955 5414 2177 5470 dinibus
2206 5415 2294 5470 ille
2323 5415 2536 5486 primus
2563 5417 2790 5489 angelus
2810 5429 3038 5474 ornatus
3078 5425 3132 5473 et
3169 5424 3393 5486 opertus
3412 5415 3534 5479 fuit.

1956 5507 2086 5563 dum
2132 5507 2347 5564 cunctis
2380 5506 2691 5578 agminibus
2720 5509 3036 5580 angelorum
3074 5509 3327 5579 praelatus
3355 5516 3440 5562 est
3483 5516 3537 5561 et

1957 5615 2146 5655 eorum
2175 5599 2584 5669 comparatione
2613 5600 2812 5656 clarior
2845 5598 2966 5654 fuit.
3010 5596 3115 5653 Sed
3144 5598 3235 5653 ille
3260 5612 3454 5652 versus
3480 5594 3532 5649 in

1958 5690 2292 5761 superbiam,
2314 5706 2383 5746 ex
2419 5691 2588 5746 nimia
2602 5691 2846 5747 claritate
2866 5690 3004 5746 dixit
3033 5706 3048 5744 :
3083 5708 3101 5740 ι
3131 5687 3432 5745 Ascendam
3478 5686 3533 5741 in

1958 5784 2180 5851 coelum,
2206 5798 2405 5852 ponam
2454 5782 2637 5838 sedem
2664 5796 2843 5837 meam
2865 5780 2933 5836 ad
2965 5780 3301 5851 aquilonem,
3326 5788 3397 5861 'et
3437 5792 3536 5834 ero
