3950 6380
425 334 527 391 975

1530 325 1856 382 WERNEIH
1895 323 2189 381 ABBATIS
2227 323 2283 381 S.
2328 324 2548 380 BLASII

3633 326 3748 382 976

421 449 618 508 similis
643 443 922 500 Altissimo
946 440 1082 512 (Isa.
1111 441 1246 511 xiv).
1277 457 1296 494 ι
1339 439 1588 496 Fuerunt
1608 440 1753 496 enim
1780 454 2010 496 consen-
2041 443 2088 503 Α
2116 439 2281 494 homo
2305 439 2487 494 locum
2537 436 2740 494 summi
2777 438 2954 511 angeli
2983 437 3270 509 supplevit.
3311 437 3424 492 Alii
3453 452 3610 518 vero
3633 441 3746 496 ho-

424 544 620 598 tientes
649 538 698 592 ei
741 552 809 591 ex
855 533 1062 604 angelis
1094 532 1215 598 alii;
1247 533 1363 602 qui,
1397 548 1522 588 eum
1551 531 1663 587 Deo
1689 532 1897 587 similes
1924 547 2015 585 νο.

423 633 608 686 lehant
634 625 747 681 fieri
774 632 826 678 cl
869 623 1105 692 impares
1128 621 1356 692 angelis,
1385 621 1628 676 minores
1654 619 1831 675 effecti
1860 627 2008 674 sunt.

421 722 488 776 Et
535 720 745 789 primus
789 715 877 770 ille
919 714 1143 784 angelus
1196 721 1251 767 et
1285 712 1372 768 sui
1425 711 1716 782 complices
1755 711 1821 766 de
1853 711 2012 777 coelo,

418 812 543 868 aliis
586 807 746 864 bouis
796 805 1080 876 spiritibus
1103 803 1535 869 remanentibus,
1586 801 1918 866 ceciderunt,
1941 800 2015 854 ita

420 903 564 974 quod
583 902 648 955 de
665 897 895 969 singulis
910 913 1108 954 novem
1125 896 1408 952 ordinibus
1423 894 1738 965 angelorum
1755 894 2018 950 cecidisse

423 994 695 1048 credatur.
743 991 930 1061 Itaque
971 1005 1096 1045 cum
1141 996 1327 1042 essent
1355 994 1480 1042 octo
1505 985 1746 1052 ordines,
1773 983 1841 1040 de
1870 997 2017 1039 nono

422 1084 670 1139 decimus
705 1082 882 1138 factus
906 1089 1011 1147 est,
1039 1079 1134 1150 qui
1157 1078 1340 1148 periit,
1365 1087 1420 1133 et
1464 1077 1534 1132 ad
1580 1077 1762 1132 locum
1798 1075 2016 1129 illorum

422 1174 784 1246 supplendum
833 1173 1012 1228 factus
1056 1179 1140 1226 est
1170 1170 1356 1224 homo.
1397 1169 1503 1235 Qui
1555 1168 1660 1224 nisi
1711 1175 2011 1238 peccasset,

423 1281 618 1322 omnes
647 1267 780 1320 salvi
807 1265 1058 1330 fuissent,
1090 1272 1143 1316 et
1169 1261 1377 1331 angelis
1404 1260 1611 1314 similes
1644 1267 1699 1313 et
1735 1258 2019 1311 immorta-

423 1359 504 1414 les
526 1368 728 1413 essent.
769 1356 886 1412 Nisi
907 1355 1054 1411 enim
1078 1364 1329 1424 peccaret
1351 1351 1523 1406 Adam
1542 1352 1595 1404 in
1623 1349 1901 1420 paradiso,
1926 1349 2015 1402 vi-

425 1461 579 1507 veret
599 1451 666 1506 de
703 1449 888 1505 fructu
915 1447 1198 1512 arborum,
1230 1455 1285 1500 et
1307 1444 1448 1499 filios
1476 1443 1595 1498 sine
1625 1441 2021 1511 concupiscen-

425 1544 500 1598 tia
526 1550 828 1613 generaret,
880 1549 935 1596 et
979 1547 1158 1594 tamen
1189 1536 1586 1607 unusquisque,
1615 1534 1671 1588 in
1702 1542 1845 1589 terra
1893 1546 2022 1601 per-

429 1645 692 1698 maneret,
717 1635 892 1691 donec
918 1633 988 1689 ad
1016 1632 1310 1688 terminum
1333 1630 1713 1686 constitutum.
1766 1627 2015 1694 Qualiter

431 1740 612 1786 autem
661 1730 962 1800 gignerent,
1029 1726 1076 1782 si
1138 1725 1192 1780 in
1231 1725 1486 1796 paradiso
1546 1719 2024 1794 permansissent?

433 1820 901 1887 Quemadmodum
924 1832 1121 1872 manus
1146 1814 1354 1881 manui,
1382 1814 1455 1868 ita
1479 1813 1597 1868 sine
1622 1810 2016 1880 coneupiscen-
2043 1793 2089 1852 Β

426 1914 497 1968 tia
525 1913 921 1982 jungerentur;
972 1918 1026 1965 et
1079 1908 1220 1964 sicut
1248 1906 1442 1961 oculus
1471 1920 1531 1960 se
1561 1903 1702 1958 levat
1731 1901 1798 1956 ad
1824 1899 2016 1954 viden-

426 2007 578 2072 dum,
611 2007 682 2061 ita
711 2006 827 2061 sine
859 2002 1217 2058 delectatione
1258 1999 1392 2054 illud
1415 1995 1671 2052 sensibile
1706 1991 2015 2048 membrum

428 2109 704 2172 perageret
730 2097 967 2153 ofﬁcium
1008 2110 1191 2162 suum,
1217 2094 1406 2164 sicque
1449 2090 1568 2147 sine
1599 2088 1788 2144 dolore
1811 2087 2018 2155 absque

427 2194 588 2250 sorde
617 2200 890 2263 parerent.
947 2188 1103 2244 Esset
1143 2187 1326 2243 infans
1361 2187 1436 2240 ita
1468 2181 1662 2240 debilis
1710 2189 1764 2238 et
1797 2195 1903 2236 non
1939 2179 2020 2234 lo-

428 2299 622 2354 quens,
649 2293 705 2337 ut
729 2283 908 2338 nunc?
926 2281 1049 2336 Mox
1076 2291 1134 2336 ut
1158 2285 1475 2336 nasceretur
1497 2274 1822 2340 ambularet,
1844 2281 1898 2326 et
1919 2270 2018 2325 ab-

428 2376 606 2432 solute
647 2375 981 2443 loqueretur,
1015 2380 1070 2427 et
1114 2380 1305 2426 contra
1351 2369 1598 2438 singulos
1653 2364 1900 2421 defectus
1952 2363 2020 2417 de

429 2465 593 2536 lignis
621 2463 694 2518 ibi
737 2463 927 2532 positis
959 2469 1225 2526 uteretur,
1247 2468 1300 2515 et
1324 2459 1547 2529 praefixo
1575 2471 1607 2510 a
1638 2454 1750 2511 Deo
1773 2463 2019 2523 tempore

428 2556 496 2610 de
517 2554 662 2625 ligno
683 2555 807 2608 vitae
835 2553 1038 2619 ederet,
1061 2560 1114 2606 et
1139 2551 1220 2606 sic
1242 2550 1297 2602 in
1326 2564 1436 2604 uno
1482 2555 1628 2604 statu
1660 2545 2018 2618 postmodum

429 2654 788 2720 permaneret.
830 2645 896 2698 Et
937 2643 1124 2699 tandiu
1145 2642 1454 2698 debuerunt
1493 2655 1617 2696 esse
1641 2639 1697 2693 in
1744 2637 2019 2708 paradiso,

431 2752 721 2808 quousque
757 2735 1073 2805 impleretur
1100 2747 1366 2787 numerus
1402 2731 1720 2800 angelorum
1757 2728 1853 2798 qui
1882 2727 2024 2782 ecci-

431 2833 647 2893 derant,
679 2837 734 2883 et
759 2828 848 2882 ille
879 2840 1142 2882 numerus
1171 2824 1467 2878 electorum
1498 2821 1593 2892 qui
1630 2828 1750 2875 erat
1793 2819 2024 2890 implen-

431 2923 556 2989 dus,
591 2921 638 2975 si
661 2918 836 2990 angeli
863 2933 973 2973 non
996 2915 1341 2972 cecidissent.
1375 2911 1664 2980 Quomodo
1689 2919 1871 2966 autem
1896 2925 2023 2980 pos-

433 3022 517 3069 set
548 3012 836 3082 paradisus
858 3023 1050 3065 omnes
1073 3006 1307 3078 capere?
1347 3004 1502 3060 Sicut
1551 3018 1698 3058 nunc
1746 3001 2025 3075 generatio

432 3120 529 3175 per
550 3113 802 3169 mortem,
841 3103 893 3157 id
923 3109 1008 3156 est
1041 3098 1349 3165 moriendo,
1384 3097 1642 3168 praeterit,
1667 3104 1720 3151 et
1748 3095 2023 3166 generatio

433 3209 530 3265 per
561 3193 746 3261 vitam,
776 3193 830 3248 id
851 3203 934 3248 est
962 3192 1259 3258 nascendo,
1297 3189 1534 3252 advenit,
1561 3189 1636 3244 ita
1670 3195 1800 3242 tunc
1837 3202 2029 3256 paren-

434 3294 517 3340 tes
540 3283 593 3338 in
621 3285 900 3339 meliorem
933 3291 1134 3338 statum
1153 3291 1582 3346 assumerentur;
1607 3279 1703 3333 ﬁlii
1733 3293 1861 3332 vero
1885 3291 2026 3346 prte-

435 3375 590 3430 finito
609 3385 848 3446 tempore
865 3371 1012 3445 quod
1027 3373 1268 3429 creditur
1288 3371 1433 3428 circa
1463 3371 1687 3441 triginta
1713 3383 1886 3422 annos
1906 3374 2031 3436 post

435 3483 591 3524 esum
627 3467 756 3539 ligni
778 3468 900 3522 vim
923 3466 1038 3522 suis
1061 3465 1296 3535 posteris
1343 3465 1620 3528 cederent,
1643 3470 1698 3516 et
1737 3458 1806 3515 ad
1848 3468 2029 3514 extre-

435 3574 587 3614 mum
609 3573 799 3612 omnes
816 3557 1017 3627 pariter
1037 3555 1240 3625 angelis
1265 3555 1318 3609 in
1347 3554 1500 3610 caelis
1518 3561 1952 3623 coaequareutur,
1975 3559 2030 3607 et

435 3651 492 3704 in
517 3649 716 3703 coelum
747 3648 856 3700 vivi
891 3645 1335 3701 transferrentur.
1379 3645 1484 3701 Sed
1515 3653 1771 3716 peccante
1803 3644 2025 3699 homine

433 3739 682 3808 ingressa
720 3744 802 3790 est
831 3751 980 3791 mors
1019 3737 1074 3790 in
1103 3736 1389 3804 mundum,
1418 3737 1579 3807 periit
1621 3735 2024 3803 immortalitas,

433 3827 594 3897 periit
616 3841 878 3881 ascensus
901 3827 954 3880 in
986 3826 1205 3881 coelum.
1252 3828 1358 3882 Sed
1381 3826 1526 3883 Deus
1549 3825 2027 3883 summm-miseri-

435 3918 636 3972 cordiae
663 3918 962 3987 hominem,
986 3919 1150 3975 homo
1176 3919 1371 3989 factus,
1396 3920 1654 3986 redemit;
1675 3934 1770 3990 per
1792 3927 2022 3973 mortem

434 4027 591 4065 suam
645 4023 878 4067 mortem
905 4021 1149 4068 nostram
1193 4014 1483 4080 destruxit,
1528 4029 1626 4084 per
1664 4013 2023 4068 resurrectio-

434 4119 558 4157 nem
588 4103 1052 4162 immortalitatem
1097 4109 1456 4178 recuperavit,
1498 4123 1593 4178 per
1642 4107 2020 4162 ascensionem

433 4193 644 4250 aditum
685 4197 841 4254 nobis
885 4197 942 4252 in
995 4198 1195 4254 coelum
1243 4197 1391 4268 fecit,
1441 4207 1496 4255 et
1546 4197 1664 4268 ipse
1702 4196 2022 4252 Dominicus

2118 531 2294 586 mines
2318 529 2604 587 inferiores
2631 530 2952 587 inferiorum
2974 531 3226 586 ordinum
3251 531 3480 585 ruinam
3503 540 3746 586 restau-

2117 629 2398 676 raverunt.
2440 620 2626 692 Itaque
2655 621 2909 678 Christus
2961 621 3261 677 secundum
3312 621 3746 677 humanitatem

2117 711 2281 766 etiam
2319 727 2484 782 super
2528 727 2719 768 omnes
2750 719 3031 768 creaturas
3055 719 3155 767 est.
3197 710 3357 767 Unde
3379 713 3464 767 ait
3491 712 3748 768 Psalmi-

2119 812 2247 859 sta:
2287 822 2305 855 ι
2335 802 2530 859 Omnia
2584 803 2864 875 subjecisti
2922 804 3026 860 sub
3075 805 3308 874 pedibus
3365 805 3500 874 ejus
3557 805 3739 875 (Ρωι.

2117 895 2260 965 vni).
2292 915 2311 943 ι
2356 893 2461 951 Sed
2511 895 2656 952 Deus
2696 895 2874 967 major
2898 903 2983 951 est
3008 904 3063 952 et
3096 897 3348 966 superior
3370 912 3445 951 eo
3482 897 3741 962 homine,

2119 989 2285 1046 Pater
2309 1007 2439 1046 vero
2467 999 2522 1046 et
2541 990 2714 1046 Filius
2749 999 2806 1048 et
2852 989 3090 1062 Spiritus
3134 1000 3382 1058 sanctus,
3416 993 3743 1046 secunda

2119 1083 2458 1138 divinitatem
2509 1090 2612 1139 est.
2673 1081 2828 1138 Unde
2858 1082 3148 1152 Apostolus
3189 1082 3304 1137 ait:
3341 1102 3362 1134 ‹
3400 1081 3580 1138 Tunc
3629 1084 3747 1153 ipse

2119 1171 2292 1230 Filius
2334 1175 2615 1244 subjectus
2666 1175 2770 1230 erit
2817 1175 2896 1230 illi
2947 1175 3042 1245 qui
3092 1174 3329 1244 subjecit
3375 1175 3493 1231 sibi
3549 1178 3743 1232 omnia

2123 1265 2175 1336 (1
2203 1265 2326 1320 Cor.
2360 1266 2472 1336 xv).
2507 1285 2525 1317 ι
2566 1265 2858 1320 Hominum
2889 1274 3070 1320 autem
3095 1267 3328 1320 aliorum
3351 1267 3455 1322 alii
3479 1269 3617 1323 aliis
3644 1284 3745 1338 pro

2121 1357 2331 1412 meritis
2358 1357 2669 1426 superiores
2715 1366 2878 1412 erunt
2911 1373 3036 1412 cum
3081 1357 3204 1412 aliis
3241 1359 3440 1428 positi.
3484 1356 3660 1414 Unde
3691 1360 3744 1415 i

2122 1445 2415 1518 Evangelio
2449 1466 2462 1502 :
2498 1467 2517 1500 ι
2549 1447 2608 1502 ln
2629 1448 2794 1504 domo
2836 1447 3013 1505 Patris
3047 1449 3152 1503 mei
3180 1449 3520 1505 mansiones
3555 1451 3747 1504 multa

2123 1548 2251 1594 sant
2279 1538 2461 1609 (Joan.
2490 1539 2625 1611 xlv).
2651 1559 2669 1592 ›
2696 1539 2764 1595 Et
2790 1540 2919 1594 alibi
2947 1558 2962 1595 :
2993 1558 3012 1592 ι
3040 1539 3107 1595 Et
3129 1550 3290 1596 erunt
3311 1557 3526 1597 omnes
3549 1557 3745 1612 aequa-

2123 1630 2202 1685 les
2224 1631 2430 1702 angelis
2453 1630 2606 1701 (Luc.
2631 1632 2748 1702 xx).
2776 1649 2796 1684 )
2843 1629 2901 1685 Si
2941 1631 3185 1702 quaeritis
3207 1643 3345 1699 quot
3368 1633 3523 1688 salvi
3555 1643 3746 1700 erunt.

2123 1722 2208 1776 vel
2229 1730 2363 1793 quot
2387 1723 2585 1779 animae
2615 1724 2681 1780 ad
2710 1725 2910 1780 ccelum
2937 1723 3278 1795 perveniant,
3309 1725 3517 1782 audite
3551 1727 3746 1798 Augu—

2117 1815 2320 1870 stinum
2358 1835 2371 1870 :
2409 1835 2428 1868 ι
2463 1815 2609 1884 Quot
2637 1819 2814 1890 angeli
2843 1817 2917 1874 ibi
2957 1819 3563 1890 remanserunt,'[tanta
3615 1821 3744 1877 illuc

2117 1921 2413 1963 ascensura
2453 1909 2694 1964 creditur
2739 1909 3034 1966 multitudo
3072 1911 3388 1978 hominum,
3434 1922 3498 1966 et
3539 1912 3744 1981 singuli

2117 1997 2348 2068 singulis
2389 1999 2672 2056 ordinibus
2719 2002 3038 2071 angelorum
3062 2003 3532 2070 associabuntur,
3574 2013 3742 2074 prout

2120 2088 2175 2144 in
2204 2090 2413 2146 meritis
2444 2107 2474 2146 a
2515 2090 2626 2147 Deo
2662 2091 3071 2160 discernuntur,
3125 2094 3270 2149 sicut
3313 2095 3610 2164 scriptum
3662 2103 3744 2150 est

2118 2179 2174 2233 in
2224 2181 2484 2250 propheta
2527 2201 2542 2236 :
2599 2181 2806 2237 Statuit
2851 2185 3100 2238 terminos
3149 2185 3390 2256 gentium
3439 2187 3744 2239 secundum

2120 2288 2395 2326 numerum
2436 2273 2670 2343 ﬁliorum
2701 2275 2802 2330 Dei
2839 2276 3018 2347 (Deut.
3070 2278 3230 2348 χχιι).
3288 2277 3424 2332 Haec
3465 2287 3564 2333 est
3616 2294 3744 2348 ergo

2121 2364 2211 2419 illa
2234 2365 2373 2430 dies,
2405 2364 2603 2422 fratres
2641 2367 2976 2436 charissimi,
3004 2370 3058 2424 in
3081 2385 3190 2439 qua
3211 2369 3373 2424 mina
3397 2371 3737 2441 angelorum

2120 2461 2422 2510 restaurata
2451 2464 2555 2524 est,
2591 2457 2647 2512 in
2685 2473 2793 2529 qua
2839 2459 3153 2530 angelorum
3201 2460 3402 2515 militia
3442 2462 3740 2516 consortio

2121 2546 2407 2601 hominum
2439 2548 2619 2604 ltetata
2647 2559 2750 2609 est.
2777 2549 2902 2606 Haac
2923 2560 3006 2608 est
3033 2551 3124 2607 illa
3153 2550 3428 2609 festivitas
3451 2569 3588 2624 qua:
3619 2554 3740 2608 fons

2127 2637 2373 2692 omnium
2400 2637 2754 2695 festivitatum
2783 2650 2866 2696 est
2895 2643 3148 2710 aliarum,
3192 2643 3310 2699 sine
3361 2659 3478 2714 qua
3529 2644 3740 2699 utilitas

2123 2728 2369 2783 omnium
2398 2730 2751 2799 periret.Nisi
2781 2733 2924 2788 enim
2949 2744 3092 2790 esset
3125 2750 3392 2791 ascensus
3415 2736 3473 2790 in
3499 2737 3732 2799 emtum,

2123 2835 2284 2876 cassa
2333 2831 2480 2878 esset
2524 2825 2803 2891 nativilas,
2859 2825 3197 2883 infructuosa
3250 2827 3462 2898 passio,
3522 2829 3736 2883 inutilis

2121 2914 2472 2970 resurrectio.
2516 2915 2642 2972 Haec
2668 2926 2750 2972 est
2774 2926 2920 2973 tanta
2952 2920 3098 2988 quod
3121 2919 3173 2973 in
3191 2929 3438 2989 tempore
3475 2918 3733 2976 Silvestri

2124 3018 2277 3075 papae
2298 3005 2354 3059 in
2381 3005 2590 3062 honore
2615 3008 2976 3076 ascensionis,
3002 3009 3192 3078 quinta
3218 3007 3375 3076 feria,
3403 3024 3508 3080 per
3539 3011 3732 3080 singu-

2127 3096 2210 3152 las
2239 3097 2611 3153 hebdomadas
2641 3097 2716 3152 ita
2750 3098 2978 3154 celebris
3005 3100 3328 3166 habebatur,
3378 3099 3534 3155 sicut
3582 3115 3730 3156 nunc

2129 3187 2412 3244 Dominica
2434 3189 2550 3246 dies
2575 3189 2630 3244 in
2651 3191 2971 3244 memoriam
2997 3191 3441 3247 resurrectionis.
3477 3191 3730 3264 Congra—

2129 3283 2368 3338 tulemur
2390 3282 2619 3353 angelis,
2643 3282 2738 3352 qui
2760 3283 3023 3338 hodierna
3065 3283 3154 3338 die
3195 3298 3322 3338 cum
3365 3299 3577 3354 magno
3597 3300 3729 3355 gau-

2131 3374 2221 3429 dio
2259 3384 2606 3430 occurrentes
2633 3373 2801 3443 regali
2845 3371 2984 3430 Filio
3009 3373 3324 3431 ascendenti
3363 3375 3436 3430 ad
3477 3374 3722 3432 Patrem.

2113 3465 2399 3522 Dixerunt
2434 3466 2579 3521 enim
2612 3484 2626 3520 :
2658 3486 2676 3518 ι
2701 3467 2838 3534 Quis
2857 3475 2942 3522 est
2964 3467 3066 3522 iste
3105 3465 3219 3521 Rex
3244 3467 3514 3537 gloriae?»
3546 3467 3723 3540 (Psal.

2133 3559 2338 3630 χχιιι.)
2409 3560 2515 3615 Alii
2559 3561 2848 3616 Dominum
2905 3561 3229 3618 comitantes
3275 3562 3721 3632 responderunt:

2135 3667 2154 3700 ι
2183 3649 2450 3706 Dominus
2486 3650 2642 3705 fortis
2669 3660 2724 3706 et
2745 3661 2958 3722 potens,
2991 3651 3258 3707 Dominus
3275 3662 3474 3722 potens
3496 3654 3561 3710 in
3589 3672 3726 3726 pra-

2124 3739 2200 3794 lio
2241 3741 2450 3812 (ibid.);
2481 3761 2501 3794 ι
2530 3750 2585 3797 et
2632 3757 2760 3797 vere
2803 3743 3011 3798 exstitit
3042 3743 3214 3799 Filius
3242 3745 3408 3814 regis.
3454 3743 3566 3801 Sed
3596 3747 3725 3818 quid

2127 3830 2269 3884 valet
2293 3831 2541 3887 liberatio
2563 3833 2858 3901 sociorum,
2881 3834 2988 3888 nisi
3009 3833 3309 3890 eﬂiciamur
3331 3837 3473 3892 socii
3495 3839 3726 3893 eorum?

2127 3922 2484 3993 Laboremus,
2522 3927 2935 3995 eharissimi,ut
2957 3929 3099 3984 sicut
3140 3945 3334 3987 sumus
3374 3933 3577 3988 eodem
3599 3949 3728 3989 san-

2126 4017 2291 4086 guine
2323 4017 2608 4088 redempti,
2637 4019 2711 4074 ita
2754 4021 2944 4076 eodem
2987 4022 3216 4092 praemio
3256 4025 3612 4082 ascensionis
3653 4028 3726 4082 si-

2123 4121 2250 4161 mus
2297 4110 2722 4179 remunerandi,
2767 4119 3061 4182 praestante
3104 4113 3224 4184 ipso
3264 4112 3505 4173 Domino
3535 4127 3729 4175 nostro

2125 4193 2256 4252 Jesu
2277 4195 2521 4254 Christo.

1221 4479 1732 4560 DOMINICA
1817 4477 2082 4559 POST
2173 4479 2918 4570 ASCENSIONEM.’

1704 4658 2074 4722 Secundum
2095 4657 2426 4724 Joannem
2441 4709 2457 4724 .

552 4825 691 4880 Cum
709 4823 918 4882 venerit
935 4820 1270 4889 Paracletus,
1288 4835 1449 4893 quem
1466 4836 1569 4894 ego
1591 4829 1802 4878 mittam
1821 4822 1978 4879 vobis
2001 4839 2034 4879 a
2064 4830 2110 4886 D
2135 4825 2328 4895 plures
2345 4839 2409 4880 ex
2437 4823 2520 4880 eis
2540 4823 2704 4881 faciat
2749 4823 2806 4879 in
2846 4839 2937 4882 me
2979 4827 3225 4886 credere.
3263 4827 3427 4887 Venit
3481 4827 3724 4901 Spiritus

436 4917 617 4980 Patre,
643 4913 905 4984 Spiritum
929 4913 1178 4970 veritatis
1225 4914 1376 4984 quia
1414 4911 1578 4969 Patre
1616 4913 1879 4984 procedit,
1929 4914 2021 4968 ille

436 5006 808 5063 testimonium
840 5006 1146 5075 perhibebit
1185 5005 1252 5059 de
1296 5019 1383 5060 me
1427 5003 1611 5076 (Joan.
1659 5006 1772 5075 xv).
1803 5023 1821 5057 ι
1861 5001 2024 5059 Venit

435 5100 491 5155 in
521 5099 608 5153 die
632 5097 978 5152 Pentecostes
1005 5095 1239 5166 Spiritus
1265 5105 1487 5152 sanctus
1515 5096 1568 5150 in
1593 5107 1811 5152 centum
1834 5096 2022 5166 viginti

435 5189 688 5244 homines
719 5194 1106 5256 congregatos,
1151 5186 1205 5239 in
1235 5187 1436 5256 quibus
1460 5194 1515 5240 et
1561 5187 1791 5255 apostoli
1830 5201 2022 5242 omnes

435 5290 609 5337 erant.
650 5279 756 5346 Qui
805 5294 930 5334 cum
974 5279 1177 5348 linguis
1215 5280 1593 5349 loquerentur,
1627 5281 1812 5349 plures
1845 5297 1911 5336 ex
1934 5281 2023 5336 his

435 5379 529 5447 qui
551 5377 778 5432 aderant
807 5383 956 5430 tanto
998 5373 1264 5428 miraculo
1307 5373 1594 5443 stupefacti
1637 5385 1690 5430 et
1738 5377 2022 5446 loquentes

433 5468 597 5523 Petro
656 5469 821 5524 corde
850 5467 1165 5538 eompuncti
1203 5466 1453 5522 conversi
1491 5475 1620 5523 sunt
1653 5477 1708 5522 et
1739 5469 2024 5540 indulgen-

435 5563 567 5614 tiam
591 5569 968 5629 perccperunt.
1010 5558 1124 5613 Hoc
1143 5574 1271 5630 ergo
1292 5560 1509 5614 intuens
1542 5559 1805 5616 Dominus
1828 5562 2020 5631 loque-

436 5650 599 5705 batur
647 5660 909 5721 tanquam
955 5651 1195 5707 diceret:
1229 5650 1366 5705 Odio
1413 5665 1501 5706 me
1542 5653 1872 5720 habuerunt,
1923 5655 2020 5710 sed

439 5742 545 5797 tale
589 5744 656 5800 de
694 5744 1137 5826 mevParaclctus
1166 5743 1538 5801 testimonium
1578 5745 1913 5816 perhibebit,
1963 5756 2023 5802 ut

2120 4925 2352 4973 isanctus
2380 4926 2592 4986 sponte,
2613 4927 2673 4973 ut
2693 4917 2840 4974 Deus
2859 4918 3028 4975 mittit
3045 4936 3171 4976 eum
3197 4920 3368 4979 Filius
3388 4939 3420 4978 a
3439 4921 3631 4990 Patre,
3655 4925 3722 4980 ad

2099 5038 2102 5040 η
2129 5025 2292 5080 quem
2319 5009 2504 5078 refert,
2533 5014 2751 5082 etquod
2775 5013 2892 5083 ipse
2925 5014 2993 5069 de
3031 5014 3126 5070 illo
3155 5024 3259 5081 est,
3281 5023 3336 5070 et
3365 5015 3520 5086 quod
3547 5013 3724 5086 Spiri-

2117 5111 2220 5158 tus
2265 5104 2336 5158 ab
2379 5113 2611 5174 utroque
2655 5105 2918 5175 procedit.
2977 5105 3069 5163 Sic
3089 5107 3158 5162 de
3186 5107 3326 5164 Filio
3355 5108 3582 5164 dictum
3625 5124 3720 5180 per

2127 5195 2490 5266 prephetam:
2549 5216 2566 5248 ι
2595 5195 2806 5253 Caelum
2837 5207 2891 5253 et
2939 5207 3145 5254 terram
3195 5215 3298 5270 ego
3331 5199 3533 5270 impleo
3579 5199 3719 5270 μιν.

2131 5288 2346 5357 χιιιι).›
2391 5285 2512 5354 Quo
2546 5288 2750 5344 missus
2783 5297 2868 5344 est
2895 5289 3000 5344 nisi
3028 5289 3122 5344 ubi
3151 5291 3311 5346 erat?
3342 5289 3402 5346 Si
3424 5291 3494 5346 de
3535 5290 3719 5359 Patre,

2132 5377 2226 5432 ubi
2255 5379 2433 5447 potuit
2469 5395 2592 5435 esse
2622 5380 2740 5435 sine
2771 5380 3040 5450 sapientia
3064 5397 3186 5450 sua,
3243 5401 3264 5434 ι
3295 5397 3403 5453 qua
3435 5383 3657 5455 attingit
3689 5401 3719 5440 a

2089 5495 2092 5498 ~
2130 5469 2238 5525 fine
2271 5486 2443 5542 usque
2477 5473 2544 5526 ad
2567 5473 2808 5528 finem?)
2855 5472 3006 5544 (Sep.
3036 5475 3184 5543 vm.)
3217 5473 3323 5530 Sed
3375 5491 3556 5547 neque
3601 5478 3719 5532 sine

2131 5563 2336 5632 Spiritu
2369 5579 2470 5620 suo
2507 5581 2739 5636 usquam
2779 5582 2902 5622 esse
2944 5568 3137 5638 potuit.
3195 5567 3436 5640 Ergolet
3481 5569 3718 5640 Spiritus

2128 5657 2569 5712 sanetus'missus
2599 5665 2684 5712 est
2711 5657 2964 5712 abierat.
2999 5655 3154 5712 Unde
3181 5657 3474 5715 Psahnista
3501 5678 3514 5714 :
3551 5680 3570 5710 ι
3599 5659 3717 5727 Quo

2130 5747 2222 5802 ibo
2251 5764 2280 5802 a
2307 5748 2508 5818 spiritu
2526 5756 2642 5816 tuo,
2669 5757 2723 5805 et
2751 5763 2861 5820 quo
2887 5765 2916 5806 a
2947 5748 3087 5806 facie
3112 5756 3204 5804 tua
3234 5747 3476 5824 fugiam?
3493 5769 3513 5804 ι
3539 5749 3712 5823 (Pent.
