3948 6452
279 370 372 431 ΟΠ

1164 360 1744 419 DEFLORATIONES
1780 362 1881 420 SS.
1922 361 2235 424 PATRUM.
2273 398 2341 411 --
2378 366 2509 424 LIB.
2549 366 2592 424 Ι.

3416 380 3527 436 9³18

272 473 548 544 εχιςνιιι.)
604 474 771 529 l’ater
826 487 1094 545 nusquam
1144 474 1341 545 legitur
1398 474 1618 532 missus.
1658 474 1837 543 Quaeri
1866 479 1915 539 Α
1943 494 2069 548 quia
2102 495 2212 536 non
2238 491 2511 537 noverunt
2539 480 2755 538 Patrem
2804 499 2982 556 neque
3016 500 3121 542 me.
3163 485 3268 542 Sed
3298 488 3414 546 haec
3440 491 3525 546 lo-

274 576 399 635 solet
430 583 524 626 cur
575 564 815 633 Spiritus
863 581 917 620 tu
967 567 1090 636 igne
1149 577 1421 636 apparuit,
1462 582 1560 622 cur
1612 568 1666 622 in
1715 568 1838 638 igne

271 662 420 726 simul
458 666 513 714 ct
547 656 778 724 lingms,
815 671 914 711 cur
963 657 1256 727 aliquando
1304 658 1358 711 in
1407 659 1682 744 cqlumba,
1733 660 1835 714 ali-

267 752 470 831 quando
497 749 553 804 in
582 746 711 818 igne
739 758 1110 816 monstratur;
1139 764 1239 805 cur
1255 766 1420 820 super
1442 750 1639 806 Filium
1663 750 1759 808 Dei
1781 752 1838 807 in

264 846 434 920 specie
477 841 768 908 columbae,
790 848 847 896 ct
876 854 1044 910 super
1071 840 1366 911 discipulos
1412 842 1467 896 in
1510 842 1635 913 igne
1666 857 1838 913 appa-

262 937 399 997 ruit?
428 932 556 995 Haec
593 941 831 1005 quatuor
854 932 1136 1002 proposita
1173 933 1475 990 videamus.
1505 932 1742 1004 Spiritus
1781 934 1837 988 in

262 1032 377 1102 igne
402 1032 760 1092 monstratur,
793 1021 925 1094 quia
950 1020 1246 1093 Apostolus
1279 1023 1355 1079 ait
1382 1042 1396 1078 :
1438 1041 1459 1075 ι
1485 1022 1629 1080 Deus
1654 1032 1839 1081 noster

263 1119 395 1191 ignis
435 1130 770 1175 consumens
813 1123 900 1171 cst
921 1112 1110 1186 (Hebr.
1143 1112 1263 1184 xu).
1292 1133 1312 1166 ι
1342 1111 1546 1168 Verum
1572 1122 1679 1180 est,
1708 1114 1839 1185 quia

263 1225 351 1280 per
383 1207 529 1264 hunc
564 1206 758 1277 rubigo
800 1214 1149 1275 peccatorum
1190 1203 1555 1260 consumitur.
1609 1202 1686 1259 De
1732 1204 1839 1261 hoc

261 1301 381 1375 igne
406 1298 613 1357 Veritas
634 1297 768 1354 dicit
790 1316 810 1355 ε,
838 1314 859 1348 ι
907 1294 1091 1367 Ignem
1119 1295 1241 1351 veni
1284 1295 1498 1352 mittere
1523 1296 1578 1351 in
1612 1305 1842 1364 terram,

254 1402 315 1453 iet
333 1390 456 1462 quid
489 1387 615 1444 volo
655 1388 762 1446 nisi
799 1395 862 1444 ut
904 1386 1129 1444 ardeat?
1160 1404 1181 1443 ι
1229 1385 1383 1458 (Luc.
1435 1403 1545 1454 xu;
1582 1386 1702 1441 Act.
1749 1386 1837 1456 ιι.)

265 1483 477 1541 Terram
502 1479 635 1536 dicit
657 1479 823 1535 corda
851 1488 1087 1545 terrena,
1109 1493 1231 1549 qua:
1252 1477 1440 1532 inﬁma
1468 1477 1836 1549 congerendo,

262 1588 291 1631 α
320 1568 564 1641 malignis
593 1568 877 1639 spiritibus
909 1561 1321 1624 conculcantur.
1347 1564 1406 1620 In
1429 1565 1602 1636 igneis
1635 1565 1841 1636 linguis

261 1669 587 1719 monstratus
610 1667 723 1728 est,
746 1658 875 1730 quia
898 1657 1085 1728 lingua
1111 1657 1279 1712 verbo
1301 1656 1571 1728 congruit,
1612 1663 1668 1711 et
1702 1653 1837 1709 Ver-

261 1757 406 1822 bum,
439 1752 586 1824 quod
631 1761 717 1809 est
747 1750 843 1806 Dei
886 1748 1080 1817 Filias,
1138 1764 1247 1804 una
1290 1759 1373 1805 est
1420 1746 1726 1804 substantia
1779 1746 1839 1802 in

262 1847 457 1918 Spiritu
486 1851 700 1902 sancto.
736 1841 834 1898 Vel
862 1841 985 1898 ideo
1012 1841 1067 1895 in
1098 1840 1322 1913 linguis,
1367 1840 1497 1913 quia
1546 1840 1690 1896 sicut
1734 1854 1832 1911 per
1864 1825 1908 1881 Β

257 1940 487 2010 linguam
523 1934 770 2007 procedit
813 1934 1079 2002 verbum,
1118 1933 1193 1989 ita
1249 1933 1343 2004 qui
1398 1941 1588 1989 sancto
1623 1930 1827 2003 Spiritu

256 2030 505 2102 tangitur,
547 2027 649 2084 Dei
702 2025 1054 2099 Unigenitum
1089 2025 1412 2092 conﬁtetur;
1465 2025 1551 2081 vel
1609 2025 1730 2081 ideo
1775 2024 1831 2080 in

256 2122 422 2196 igneis
448 2119 678 2193 linguis,
709 2120 839 2192 quia
861 2135 1000 2191 quos
1023 2119 1214 2190 replet,
1238 2117 1493 2175 ardentes
1519 2126 1574 2172 et
1602 2117 1832 2188 loquen-

256 2223 332 2271 tes
355 2214 522 2282 facit;
550 2214 651 2285 qui
677 2213 822 2269 enim
852 2212 1026 2269 Deum
1054 2211 1290 2268 amando
1322 2210 1637 2281 prmdicant,
1665 2209 1831 2267 corda

249 2305 578 2362 audientium
604 2304 971 2361 inflammant.
1006 2302 1315 2374 Aliquando
1342 2302 1398 2357 in
1432 2301 1708 2369 columba,
1740 2300 1836 2355 ali-

246 2396 456 2467 quando
483 2396 540 2451 in
572 2395 701 2469 igne
726 2403 1089 2462 monstratur,
1129 2394 1256 2465 quia
1301 2408 1439 2464 quos
1469 2392 1662 2463 replet,
1698 2392 1832 2448 sim--

247 2488 408 2559 plices
431 2494 486 2544 et
511 2488 773 2543 ardentes
814 2486 965 2543 facit.
1004 2484 1124 2542 Non
1174 2485 1320 2541 enim
1348 2486 1525 2556 placet
1573 2484 1686 2540 Deo
1737 2491 1837 2539 aut

243 2575 557 2646 simplicitas
587 2576 709 2632 sine
730 2575 867 2643 zelo,
880 2584 976 2631 aut
998 2575 1101 2631 iste
1121 2574 1240 2632 sine
1265 2574 1376 2630 illa.
1405 2573 1560 2630 Unde
1586 2573 1797 2630 Veritas
1815 2593 1835 2629 :.

247 2687 266 2721 σ
295 2667 478 2725 Estote
522 2669 832 2739 prudentes
877 2668 1023 2724 sicut
1072 2676 1351 2740 serpentes
1381 2708 1396 2735 ,
1446 2676 1502 2722 et
1553 2666 1832 2737 simplices

236 2759 371 2818 sicut
411 2759 695 2816 columbae
730 2759 948 2832 (Matth.
981 2759 1059 2828 x).
1091 2778 1111 2812 ι
1163 2757 1515 2815 Prudentiam
1564 2759 1833 2829 serpentis

235 2854 714 2937 exponitPaulus,
742 2853 931 2937 dicens
965 2873 980 2910 :
1011 2872 1030 2906 ι
1054 2852 1233 2910 Nolite
1277 2854 1431 2924 pueri
1482 2851 1619 2909 eﬁici
1657 2851 1834 2908 sensi-

234 2924 333 3000 bus
361 2924 430 3016 (ι’
447 2942 592 3000 Cor-
628 2924 805 3013 χιν).ἰ
849 2943 926 2999 De
960 2943 1306 3014 simplicitate
1351 2942 1516 2998 etiam
1565 2942 1837 2999 columbae

230 3036 355 3093 dicit
387 3056 402 3091 :
440 3056 459 3090 ι
492 3036 619 3092 Sed
651 3036 857 3092 malitia
886 3036 1097 3108 parvuli
1127 3044 1303 3092 estote
1331 3036 1534 3108 (ibid.).
1567 3054 1586 3088 ι
1624 3035 1683 3090 ln
1724 3035 1831 3090 Do-

228 3127 373 3185 mino
402 3144 501 3200 per
531 3129 882 3197 columbam,
918 3127 975 3183 in
1007 3127 1291 3198 discipulis
1319 3142 1418 3198 per
1452 3127 1633 3198 ignem
1660 3142 1831 3198 appa-

227 3219 350 3284 ruit,
379 3222 509 3290 quia
533 3219 737 3290 justus
752 3218 921 3290 judcx
954 3218 1130 3274 noluit
1151 3226 1468 3290 peccatores
1510 3218 1694 3285 ferire,
1733 3218 1831 3274 sed

223 3320 505 3367 mansuete
531 3311 845 3383 corrigere.
892 3308 957 3364 Hi
987 3318 1172 3366 autem
1217 3312 1313 3381 qui
1352 3311 1671 3383 simpliciter
1705 3321 1837 3369 sunt

224 3404 492 3473 homines,
517 3416 576 3461 et
625 3405 746 3461 ideo
780 3414 1116 3475 peccatores,
1140 3404 1449 3460 debuerunt
1472 3406 1835 3476 spiritualiter

221 3504 403 3550 contra
433 3495 610 3569 ipsos
629 3494 851 3550 accendi
871 3502 926 3550 et
944 3509 1039 3565 per
1060 3494 1436 3565 paenitentiam
1457 3496 1679 3553 salvari.

291 3606 310 3640 ι
337 3586 404 3644 Ει
428 3604 534 3644 vos
582 3587 971 3644 testimonium
1016 3587 1368 3658 perhibebitis
1399 3588 1528 3657 quia
1555 3589 1627 3645 ab
1676 3588 1834 3645 initio

217 3694 429 3735 mecum
487 3679 647 3738 estis
690 3677 872 3752 (Joan.
918 3679 1073 3749 XIII).
1117 3699 1134 3726 ο
1166 3677 1249 3733 Ab
1272 3678 1428 3733 initio
1458 3679 1669 3735 scilicet
1692 3695 1832 3750 prte-

214 3767 507 3824 dicationis
550 3782 726 3823 meae.
790 3766 952 3824 Dabit
1010 3768 1167 3826 vobis
1239 3768 1499 3839 loquendi
1576 3768 1833 3835 ﬁduciam

213 3859 455 3916 charitas
519 3857 740 3915 diffusa
782 3858 839 3914 in
881 3859 1139 3915 cordibus
1194 3859 1391 3915 vestris
1429 3874 1527 3930 per
1564 3857 1833 3938 Spiritum

210 3962 491 4008 sanctum.
522 3950 699 4006 Hanc
722 3949 919 4007 Petrus
941 3951 1184 4008 nondum
1204 3952 1461 4018 habebat,
1487 3952 1706 4021 quando
1737 3967 1832 4008 ne~

210 4042 357 4115 gavit
382 4041 730 4097 Dominum.
764 4040 1002 4112 Spiritus
1030 4051 1255 4097 sanctus
1291 4042 1599 4115 perhibebit
1624 4043 1683 4098 in
1704 4058 1830 4098 cor.

206 4134 370 4190 dibus
400 4134 656 4202 vestris,
678 4148 779 4190 vos
805 4143 987 4189 autem
1015 4134 1071 4188 in
1100 4134 1328 4189 vocibus
1357 4133 1556 4191 vestris
1574 4175 1590 4203 ,
1639 4143 1699 4191 ut
1725 4134 1829 4193 im-.

202 4228 422 4299 pleatur
450 4227 599 4283 illud
634 4244 649 4282 :
685 4244 704 4278 ι
726 4225 785 4281 ιιι
804 4241 1023 4281 omnem
1046 4234 1251 4281 terram
1270 4225 1621 4282 exivitsonus
1637 4241 1829 4303 eorum

205 4317 385 4390 (Psal.
411 4317 659 4390 xvnt).t
694 4334 713 4367 ι
731 4312 1101 4373 Haeclocutus
1122 4329 1245 4371 sum
1265 4314 1423 4370 vobis
1447 4323 1637 4369 utnon
1663 4330 1827 4375 scan:

207 4409 563 4467 dalizemini.
616 4408 842 4480 Absque
866 4407 1161 4480 synagogis
1226 4405 1431 4463 facient
1493 4422 1592 4463 vos
1642 4406 1827 4478 (Joan.

1936 583 2095 627 cutus
2122 588 2243 628 sum
2264 574 2439 641 vobis,
2462 582 2660 631 utcum
2683 576 2891 637 venerit
2911 578 3045 633 hora
3079 592 3268 633 eorum
3294 582 3526 636 remini~

1937 665 2169 720 scamilli
2192 666 2320 735 quia
2351 682 2452 737 ego
2478 666 2592 721 dixi
2616 668 2771 723 vobis
2802 667 2983 738 (Joan.
3016 671 3151 740 xvt).
3184 688 3203 722 ι
3234 670 3357 727 Ideo
3384 688 3525 742 prae:

1937 754 2052 810 dixi
2086 770 2153 809 ne
2179 755 2401 826 ignaros
2444 756 2746 827 improvisa
2777 759 3101 828 turbarent,
3142 760 3353 817 scilicet
3401 778 3525 833 pro-

1938 845 2053 901 visa
2076 846 2345 916 patienter
2370 844 2636 914 ferantur,
2662 863 2787 905 cum
2816 851 3025 906 venerit
3049 851 3181 907 hora
3228 853 3527 921 tenebrosa

1938 935 2232 993 malorum.

1938 1044 2018 1100 De
2045 1045 2222 1101 decem
2247 1043 2672 1104 desaeuilonibus
2688 1045 2909 1133 Christi,
2922 1063 2975 1107 et
2987 1063 3106 1108 octo
3128 1056 3529 1111 ascensionibus

2619 1136 2832 1175 ammte.

2010 1206 2069 1264 In
2102 1209 2242 1266 libro
2261 1219 2460 1281 quarto
2486 1210 2696 1283 Regum
2722 1213 2923 1284 legitur
2951 1217 3082 1286 quia
3105 1232 3232 1273 cum
3259 1215 3527 1281 Ezechias

1939 1314 2034 1355 rex
2092 1316 2269 1371 usque
2317 1303 2386 1358 ad
2427 1314 2663 1361 mortem
2704 1316 3014 1378 aegrotaret,
3046 1307 3214 1363 Isaias
3263 1308 3527 1377 propheta

1940 1390 2009 1446 ad
2037 1407 2165 1447 eum
2194 1394 2481 1449 intraverit
2502 1436 2519 1462 ,
2559 1405 2614 1452 et
2641 1397 2692 1451 ei
2722 1412 2752 1451 a
2780 1396 3027 1454 Domino.
3040 1399 3248 1454 diceret
3273 1398 3402 1468 quia
3434 1413 3527 1453 sas

1939 1482 2060 1536 nari
2087 1482 2326 1539 deberet.
2351 1483 2453 1540 Cui
2481 1486 2569 1541 ille
2598 1504 2613 1541 :
2642 1506 2660 1538 ι
2690 1486 2848 1553 Quod
2872 1488 2979 1544 erit
3005 1489 3245 1560 signum,
3262 1489 3392 1559 quia
3416 1487 3527 1541 Ποε-

1938 1575 2125 1631 minus
2148 1592 2234 1631 me
2265 1577 2514 1632 curabit?
2539 1578 2622 1633 Ad
2657 1580 2773 1636 haec
2801 1580 2973 1636 Isaias
2997 1579 3146 1636 :lioc
3169 1581 3293 1648 erit,
3325 1578 3531 1653 inquit,

1939 1664 2156 1736 signum
2186 1681 2218 1720 a
2243 1665 2476 1722 Domino
2499 1687 2513 1723 :
2544 1666 2638 1725 Vis
2666 1677 2728 1724 ut
2753 1670 3013 1726 ascendat
3037 1671 3229 1726 umbra
3250 1672 3438 1727 decem
3463 1671 3531 1741 li-|

1938 1758 2079 1826 neis,
2118 1775 2190 1814 an
2214 1768 2276 1815 ut
2296 1770 2598 1817 revertatur
2622 1762 2845 1818 totidem
2880 1764 3175 1834 gradibus?
3210 1763 3274 1819 Et
3296 1764 3372 1819 ait
3396 1763 3517 1819 Eze-

1933 1850 2087 1907 chias
2104 1868 2118 1905 :
2137 1848 2269 1907 Volo
2286 1859 2345 1906 ut
2365 1861 2667 1908 revertatur
2683 1860 2738 1909 et
2751 1853 3042 1910 descendat
3058 1855 3112 1908 in
3134 1854 3419 1926 horologio
3443 1870 3528 1911 re-:

1935 1950 2172 1997 trorsum
2195 1942 2382 1999 decem
2411 1941 2522 2014 (IV
2546 1942 2674 2015 Reg.
2695 1960 2801 2013 xx;
2828 1943 2942 1999 Isa.
2971 1944 3223 2015 xxxvtn).
3246 1964 3264 1997 ι
3295 1944 3452 2012 Quod
3473 1954 3530 2003 et

1933 2034 2009 2089 ita
2033 2032 2276 2105 contigit.
2293 2033 2452 2101 Quod
2475 2034 2738 2091 Ezechias
2760 2051 2857 2105 pro
2881 2036 3039 2107 signo
3062 2035 3405 2092 conferendae
3421 2035 3529 2105 sibi

1932 2125 2128 2182 salutis
2149 2124 2320 2195 petiit,
2337 2134 2398 2181 ut
2420 2124 2514 2181 Sol
2537 2127 2788 2182 retroiret
2807 2127 3090 2197 perdecem
3112 2125 3285 2181 lineas
3305 2125 3525 2180 horolo-
3598 2200 3605 2203 ‘

1933 2217 2028 2293 gii,
2045 2232 2183 2287 quas
2192 2216 2307 2286 jam
2328 2216 2638 2284 transierat,
2656 2216 2926 2288 significat
2940 2216 3124 2273 decem
3146 2216 3366 2272 ordines
3387 2224 3523 2270 tem-

1932 2323 2151 2378 porum,
2168 2322 2265 2378 per
2284 2322 2426 2379 quos
2440 2306 2715 2376 Christus,
2732 2308 2812 2365 sol
2827 2307 3073 2379 iustitiae,
3088 2298 3248 2378 quasi
3274 2307 3527 2371 umbram

1933 2401 2068 2473 legis
2091 2401 2395 2469 descendit,
2423 2410 2478 2457 et
2502 2400 2661 2472 quasi
2683 2400 2952 2470 quosdam
2979 2400 3152 2456 saltus
3194 2398 3375 2464 dedit,
3428 2412 3527 2470 per

1933 2508 2074 2564 quos
2107 2493 2306 2549 iterum
2338 2502 2465 2566 post
2490 2493 2952 2551 resurrectionem
2992 2494 3256 2551 ascendit.
3305 2492 3524 2554 Primus

1933 2585 2138 2657 gradus
2170 2585 2547 2642 descensionis
2575 2587 2697 2657 ejus
2726 2585 2833 2642 fuit
2880 2586 2949 2641 de
2992 2585 3104 2640 Deo
3145 2585 3201 2639 in
3244 2585 3527 2656 angelum,

1932 2678 2064 2748 quia
2117 2677 2235 2748 ipse
2281 2676 2387 2735 fuit
2433 2678 2617 2749 magni
2656 2677 2875 2734 consilii
2924 2676 3211 2746 Angelus;
3249 2677 3527 2733 secundus

1933 2771 2311 2828 descensionis
2335 2771 2457 2843 ejus
2482 2771 2687 2842 gradus
2715 2771 2785 2827 de
2813 2770 3009 2841 angelo
3041 2771 3099 2826 in
3148 2769 3522 2839 patriarchas;

1935 2863 2150 2932 tertius,
2198 2864 2256 2919 in
2299 2864 2434 2934 legis
2458 2862 2718 2932 datione;
2751 2872 2988 2934 quartus
3011 2862 3067 2918 in
3101 2860 3229 2917 Jesu
3257 2860 3431 2930 Nave,
3468 2870 3531 2933 ut,

1933 2955 2196 3027 populum
2249 2953 2305 3008 in
2357 2960 2562 3009 terram
2611 2951 3058 3022 repromissionis
3117 2950 3521 3015 introduceret;

1933 3047 2183 3117 quintus,
2219 3044 2274 3099 in
2298 3043 2535 3114 iudices,
2564 3044 2693 3115 quia
2728 3060 2854 3099 eum
2885 3044 3145 3115 populum
3187 3057 3285 3114 per
3310 3056 3405 3098 eos
3433 3041 3523 3111 ju-

1934 3137 2152 3192 dicabat
2195 3145 2250 3192 et
2299 3135 2552 3207 regebat;
2607 3146 2816 3203 sextus,
2871 3136 2924 3190 in
2979 3150 3135 3207 reges
3182 3132 3525 3201 Iudaeorum,

1934 3228 2065 3299 quia
2094 3227 2150 3282 in
2177 3227 2274 3295 ,eis
2314 3228 2432 3298 ipse
2462 3227 2750 3298 regnavit;
2792 3227 3077 3297 septimus,
3119 3225 3173 3281 in
3203 3226 3519 3296 pr0phetas,

1934 3320 2067 3391 quia
2100 3334 2198 3390 per
2225 3332 2322 3375 eos
2370 3318 2658 3374 nuntiatus
2689 3327 2801 3386 est;
2837 3327 3094 3385 octavus,
3132 3317 3186 3371 in
3210 3316 3523 3387 pontiﬁces,

1933 3410 2068 3482 quia
2090 3410 2206 3480 ipse
2243 3418 2331 3466 est
2375 3425 2629 3467 summus
2673 3409 2934 3466 sacerdos
2961 3407 3179 3475 Patris;
3222 3423 3432 3473 nonus,
3464 3407 3523 3465 in

1937 3502 2244 3568 hominem;
2287 3501 2556 3568 decimus,
2594 3500 2649 3556 in
2681 3499 3018 3570 passionem.
3066 3498 3171 3554 Per
3195 3499 3296 3556 bos
3331 3500 3521 3554 decem

1932 3591 2140 3663 gradus
2166 3591 2326 3663 quasi
2351 3606 2447 3661 per
2471 3592 2722 3647 umbram
2747 3590 2882 3663 legis
2908 3588 3104 3659 priscae
3132 3588 3387 3645 Christus
3416 3589 3514 3645 dc-

1933 3682 2175 3751 scendit,
2224 3691 2279 3738 et
2325 3697 2545 3739 omnem
2596 3681 2850 3737 umbram
2896 3681 3032 3751 legis
3079 3681 3232 3736 radio
3274 3679 3521 3735 veritatis

1934 3774 2253 3840 illustravit,
2305 3773 2543 3831 obscura
2591 3774 2842 3830 revelans
2866 3815 2882 3843 ,
2923 3775 3107 3830 clausa
3160 3789 3433 3840 reserans,
3466 3782 3523 3827 et

1934 3866 2124 3922 omnia
2150 3874 2293 3922 tecta
2322 3865 2631 3923 denudans.
2664 3863 2911 3937 Denique
2956 3867 3101 3923 sicut
3130 3866 3386 3922 Christus
3435 3866 3520 3921 his

1930 3956 2120 4013 decem
2147 3954 2405 4026 gradibus
2433 3954 2502 4009 ad
2529 3954 2780 4009 homines
2810 3954 3112 4021 descendit,
3154 3956 3228 4009 ita
3271 3965 3326 4011 et
3358 3954 3523 4010 Chri-

1931 4056 2049 4109 stus
2099 4062 2197 4118 per
2240 4054 2461 4102 sanctos
2516 4060 2650 4101 suos
2687 4044 2939 4100 homines
2976 4054 3100 4100 octo
3140 4046 3400 4117 gradibus
3450 4046 3519 4101 ad

1935 4138 2110 4194 Deum
2140 4137 2437 4193 ascendere
2459 4135 2666 4192 docuit.
2697 4134 2950 4191 Ezechiel
2988 4150 3226 4203 namque
3252 4136 3320 4191 de
3345 4136 3518 4193 aditi-

1930 4231 2017 4288 cio
2034 4231 2264 4300 loquens
2295 4229 2352 4284 in
2383 4235 2568 4284 monte
2598 4227 2921 4290 constituto,
2958 4226 3035 4281 ait
3065 4245 3078 4280 :
3110 4245 3128 4277 ι
3147 4224 3205 4279 ln
3233 4235 3356 4282 octo
3387 4243 3515 4298 gra-

1930 4322 2093 4381 dibus
2142 4335 2407 4377 ascensus
2464 4320 2586 4392 ejus
2615 4316 2833 4391 (Ezech.
2866 4318 2979 4386 χι).
3012 4336 3033 4371 ι
3077 4316 3271 4374 Petrus
3297 4333 3517 4388 quoque

1929 4424 2056 4471 octo
2083 4414 2348 4470 virtutum
2395 4413 2596 4485 gradus
2643 4418 2897 4467 numerat
2935 4429 2949 4465 :
2994 4411 3176 4478 ﬁdem,
3231 4412 3519 4474 virtutem,

202 4504 376 4575 ινι).ι
409 4501 709 4574 Exprimit
730 4515 853 4571 quae
876 4500 1095 4571 passuri
1142 4508 1317 4555 erant.
1352 4498 1467 4554 Hoc
1501 4498 1827 4555 determinat
1854 4512 1905 4574 ι)
1929 4507 2215 4565 scientiam
2244 4546 2261 4577 ,
2301 4507 2726 4574 abstinentiam,
2794 4506 3110 4577 patientiam
3137 4545 3152 4571 ,
3220 4502 3521 4583 pietatem,

202 4595 336 4663 quia
355 4593 550 4650 Judaei
584 4607 703 4647 non
747 4592 1052 4661 reciperent
1079 4604 1228 4657 eum,
1258 4598 1311 4645 et
1346 4590 1468 4647 ideo
1497 4590 1832 4660 expellerent

195 4701 295 4742 eos
320 4687 425 4758 qui
459 4687 537 4743 de
569 4700 645 4740 eo
680 4685 1055 4755 praedicarent.
1112 4683 1217 4739 Sed
1258 4683 1506 4753 praedixit
1540 4683 1607 4739 de
1656 4682 1830 4753 Spiri-

200 4785 258 4830 tu
315 4779 422 4847 qui
478 4774 868 4841 conﬁrmabit,
926 4783 988 4830 ut
1032 4789 1142 4830 non
1197 4776 1271 4830 sit
1318 4775 1426 4830 illis
1462 4776 1827 4843 scandalum,

191 4869 328 4939 quia
353 4883 477 4939 pax
504 4866 696 4924 multa
723 4865 1073 4938 diligentibus
1100 4868 1273 4938 legem
1296 4866 1411 4933 Dei,
1442 4882 1564 4939 qua:
1596 4876 1679 4923 est
1710 4866 1829 4937 ipsa

193 4959 482 5015 charitas.

274 5071 296 5107 ι
343 5050 468 5109 Sed
510 5049 682 5111 venit
711 5048 848 5105 hora
878 5056 939 5104 ut
967 5048 1149 5109 omnis
1184 5049 1280 5118 qui
1311 5048 1569 5106 interﬁcit
1597 5066 1694 5106 vos
1734 5066 1826 5105 ar-

193 5143 453 5200 bitretur
480 5141 831 5213 obsequium
861 5157 919 5197 se
948 5150 1209 5212 praestare
1247 5141 1357 5198 Deo
1380 5143 1580 5214 (ibid.).
1612 5168 1630 5196 ι
1657 5144 1828 5212 Quasi

189 5237 352 5293 dicat
396 5257 412 5292 :
476 5235 671 5291 Extra
722 5252 1027 5307 synagogas
1074 5235 1275 5292 facient
1332 5252 1459 5304 vos,
1513 5238 1607 5293 sed
1660 5240 1828 5294 nolite

188 5331 599 5388 solitudinem
656 5328 971 5387 formidare.
1018 5330 1262 5403 Separati
1316 5333 1570 5403 quippea
1599 5348 1828 5400 congre-

177 5426 426 5496 gatione
450 5438 678 5480 eorum
700 5424 844 5478 tutiu
861 5424 1215 5480 nominemeo
1235 5426 1656 5512 congregabitis,
1674 5435 1733 5480 ut
1748 5425 1827 5480 illi

178 5524 535 5572 metuentes
572 5527 655 5568 ne
694 5515 953 5584 templum
971 5523 1027 5571 et
1048 5515 1136 5570 lex
1161 5530 1353 5572 eorum
1371 5517 1713 5584 deserantur,
1742 5517 1827 5572 in-

174 5608 486 5664 terﬁcient
513 5621 656 5670 vos,
675 5605 1004 5663 arbitrantes
1029 5622 1090 5663 se
1112 5607 1253 5663 bene
1286 5607 1484 5665 facere.
1517 5609 1657 5665 Ecce
1678 5611 1825 5679 quod

172 5700 259 5755 ait
281 5696 649 5769 Apostolus
678 5712 692 5748 :
726 5715 745 5748 ι
781 5696 969 5753 Zelum
996 5697 1093 5753 Dei
1119 5699 1343 5765 habent,
1367 5700 1461 5756 sed
1488 5716 1597 5756 non
1628 5717 1823 5759 secun—

175 5792 325 5853 dum
354 5788 697 5854 sententiam
725 5788 898 5859 (Rom.
933 5790 1128 5861 x).n—-
1146 5790 1254 5849 tEt
1275 5792 1391 5857 hac
1416 5790 1619 5850 facient
1644 5792 1819 5862 vobis,

1930 4596 2290 4653 fraternitatis
2311 4612 2579 4664 amorem,
2609 4596 2968 4663 charitatem;
3020 4594 3220 4666 quibus
3244 4592 3515 4665 fugientes

1931 4689 2227 4745 mundialis
2251 4688 2711 4759 concupiscentiae
2736 4688 3147 4757 corruptionem
3188 4686 3257 4740 ad
3293 4684 3517 4740 cmleste

1929 4794 2157 4849 regnum
2179 4777 2337 4848 quasi
2362 4778 2429 4833 de
2450 4777 2588 4831 valle
2611 4777 2975 4847 lacrymarum
3006 4778 3074 4831 ad
3097 4776 3278 4831 locum
3300 4775 3513 4830 anima-

1931 4886 2054 4927 rum
2083 4912 2098 4938 ,
2141 4870 2351 4929 scilicet
2404 4857 2747 4939 paradisum,
2779 4870 3074 4924 ascendere
3109 4868 3391 4924 debemus.
3423 4868 3512 4923 Ait

1930 4962 2117 5029 itaque
2150 4978 2163 5013 :
2189 4957 2480 5027 Fugientes
2510 4956 2631 5027 ejus
2661 4972 2783 5027 qua:
2811 4958 2867 5011 in
2901 4957 3110 5012 mundo
3133 4967 3217 5014 est
3245 4960 3510 5029 concupi-

1930 5052 2153 5107 scentim
2182 5048 2624 5120 corruptionem,
2681 5063 2748 5104 ne
2799 5048 3051 5105 videlicet
3080 5052 3517 5121 corrumpamini

1928 5157 1961 5196 a
2008 5140 2493 5210 concupiscentia,
2537 5154 2725 5195 curam
2788 5155 3011 5195 omnem
3071 5140 3515 5209 subinferentes,

1930 5234 2066 5289 utin
2097 5233 2216 5289 solo
2245 5231 2355 5287 Deo
2385 5233 2457 5287 sit
2478 5233 2658 5289 omnis
2707 5248 2839 5288 cura
2872 5242 3087 5300 vestra,
3126 5244 3180 5288 et
3211 5233 3266 5287 in
3293 5233 3509 5288 occulto

1927 5326 2113 5383 cordis
2150 5340 2219 5383 ne
2269 5323 2390 5379 sitis
2421 5324 2613 5379 molles
2652 5330 2707 5378 et
2745 5323 3036 5391 dissoluti;
3095 5323 3401 5377 ministrate
3448 5322 3506 5375 in

1929 5417 2034 5473 ﬁde
2067 5430 2196 5471 vera
2225 5415 2505 5481 virtutem,
2534 5415 2590 5468 in
2615 5415 2801 5469 servili
2826 5424 2881 5469 et
2910 5414 3103 5469 humili
3133 5413 3296 5467 modo
3320 5420 3505 5466 osten-

1928 5510 2041 5569 dite
2066 5507 2330 5563 fratribus
2344 5507 2543 5563 vestris
2567 5507 2934 5563 constantiam
2958 5505 3114 5559 bonae
3135 5502 3507 5558 conversatio-

1928 5603 2038 5671 nis,
2078 5616 2203 5672 qute
2230 5600 2354 5656 ﬁdei
2406 5599 2787 5671 subjungenda
2814 5606 2925 5663 est,
2956 5611 3025 5649 ne
3075 5594 3195 5649 sine
3245 5594 3511 5664 operibus

1928 5695 2065 5754 ﬁdes
2092 5700 2311 5749 mortua
2336 5691 2430 5758 sit,
2456 5700 2511 5747 et
2535 5700 2594 5746 ut
2621 5690 2758 5745 alios
2783 5696 2964 5744 vestro
2987 5686 3236 5755 exemplo
3265 5686 3319 5740 in
3354 5687 3510 5749 bona

1932 5785 2354 5847 conversatione
2400 5784 2756 5866 conﬁrmetis.
2787 5780 2846 5839 In
2876 5782 3077 5840 virtute
3112 5788 3296 5839 autem
3325 5781 3506 5843 scien-
