3950 6380
441 357 547 412 ειτθ
1548 356 1878 415 WERNERI
1910 361 2214 419 ‘ABBATIS
2254 362 2311 420 S.
2357 362 2580 420 BLASII
3628 372 3751 428 980

436 475 601 540 tiam,
637 473 691 527 id
718 481 804 530 est
827 473 1020 530 discite
1059 474 1114 530 in
1151 477 1294 531 bona
1343 475 1758 532 conversatione
1808 478 2012 533 bonum
2042 483 2090 542 Α
2119 490 2233 548 tas;
2264 489 2445 536 tamen
2493 490 2743 535 membra
2781 496 2896 537 suae
2920 482 3106 537 carnis
3135 481 3348 538 leviora
3374 494 3578 554 portat
3615 489 3745 543 ani—

434 565 639 635 faccre,
671 581 768 638 spe
788 576 1139 635 aeternorum,
1170 583 1280 624 non
1310 569 1725 640 temporalium.
1760 570 1818 625 in
1845 571 2026 627 scien-
2130 588 2241 640 ma,
2279 587 2405 628 eum
2436 572 2491 626 in
2519 570 2752 627 sanitate
2782 572 3006 627 robusta
3036 582 3189 640 sunt,
3208 589 3379 645 quam
3411 574 3472 630 in
3502 576 3720 649 langue

436 658 509 713 tia
538 666 721 713 autem
749 657 1162 714 abstinentiam.
1203 658 1342 714 Cum
1390 660 1534 715 bona
1559 660 1742 716 facere
1769 661 2024 718 didiceri-
2069 703 2085 714 .
2125 680 2184 720 re
2214 680 2338 721 cum
2362 679 2546 719 macra
2578 671 2727 731 sunt,
2757 672 2812 719 et
2840 681 2964 720 cum
2991 665 3114 720 aliis
3143 665 3498 736 gestantibus
3531 683 3739 726 onem-

432 748 535 816 tis,
566 764 664 819 spe
706 749 833 805 vitae
867 759 1085 806 aeternae
1137 766 1264 806 mox
1298 766 1328 806 a
1361 753 1522 808 malis
1553 752 1842 816 abstinete,
1875 760 1929 807 et
1967 753 2020 807 in
2125 757 2237 813 sior
2271 757 2343 812 sit
2368 771 2539 812 sanus
2570 766 2625 811 et
2655 756 2869 811 validus
2894 772 3059 826 quam
3091 757 3252 813 exilis
3283 765 3341 812 et
3379 760 3687 817 morbidus
3717 782 3739 816 :

433 839 766 909 cogitatione
789 849 845 896 et
873 841 927 896 in
952 858 1137 913 opere,
1160 858 1227 898 ne
1251 843 1306 898 in
1337 858 1571 899 vacuum
1596 844 1824 899 scientia
1849 845 2016 900 cmlc-
2125 845 2240 916 ipse
2268 854 2449 901 tamen
2474 846 2540 901 ad
2572 861 2734 900 suum
2759 862 2962 916 corpus
2997 848 3325 902 movendum
3384 859 3567 919 atque
3607 866 3733 919 por-

430 932 598 988 stium
627 933 875 1000 decedat,
903 935 949 990 si
975 950 1034 990 se
1062 936 1132 991 ab
1154 935 1422 992 illecebris
1459 936 1641 992 saeculi
1672 938 1886 1007 aliquos
1912 952 2019 991 non
2124 936 2349 992 tandum
2406 936 2603 1008 agilior
2637 945 2721 992 est
2744 979 2759 1003 ,
2807 952 2933 992 cum
2978 937 3032 992 in
3063 938 3204 993 bona
3252 939 3585 995 valetudine
3616 942 3735 1011 plus

429 1032 700 1079 coerceat.
739 1023 798 1079 in
823 1025 1156 1081 abstinentia
1205 1035 1387 1082 autem
1438 1028 1754 1097 patientiam
1782 1069 1796 1093 ,
1838 1035 1898 1082 ut
1924 1027 2018 1098 qui
2125 1027 2287 1083 habet
2310 1028 2469 1084 molis
2494 1044 2661 1099 quam
2699 1043 2826 1083 cum
2854 1029 2909 1082 in
2935 1038 3086 1098 peste
3119 1031 3203 1084 vel
3247 1030 3307 1084 in
3360 1030 3519 1086 fame
3570 1035 3735 1088 mini-

429 1129 463 1169 a
507 1115 881 1185 voluptatibus
925 1118 1116 1172 mundi
1166 1132 1227 1173 se
1272 1118 1552 1186 continet,
1611 1119 1840 1175 adversa
1892 1119 2015 1186 ejus
2123 1132 2275 1172 mum
2307 1116 2544 1173 roboris.
2580 1116 2818 1172 Tantum
2860 1119 3002 1174 valet
3032 1119 3193 1175 etiam
3229 1120 3284 1175 iu
3310 1121 3607 1178 habendis
3632 1135 3738 1180 ter-

432 1205 724 1263 sustineat.
755 1205 812 1262 in
844 1207 1107 1278 patientia
1138 1218 1321 1265 autem
1351 1211 1612 1281 pietatem
1634 1252 1650 1278 ,
1684 1218 1744 1266 ut
1770 1225 1899 1281 erga
1924 1225 2020 1266 eos
2123 1211 2273 1266 renis
2331 1211 2680 1282 corporibus,
2726 1214 2980 1282 quamvis
3030 1214 3209 1271 adhuc
3260 1218 3736 1288 eorruptibilibus

426 1314 571 1369 quos
611 1300 878 1366 toleratis,
901 1301 988 1371 pie
1019 1302 1241 1358 solliciti
1287 1303 1439 1368 sitis;
1476 1304 1531 1358 in
1573 1304 1775 1374 pietate
1804 1311 2015 1369 autem,
2119 1311 2283 1371 atque
2310 1303 2657 1365 mortalibus,
2691 1318 2799 1358 non
2844 1305 3166 1373 quantitatis
3192 1309 3415 1377 pondus
3437 1350 3457 1376 ,
3492 1311 3597 1365 sed
3632 1320 3737 1365 ten-

431 1388 795 1447 fraternitatis
846 1405 1114 1459 amorem,
1153 1400 1215 1447 ut
1250 1407 1361 1447 non
1390 1394 1616 1449 alterius
1674 1393 1753 1449 rei
1814 1393 2014 1448 intuitu
2121 1391 2345 1447 tationis
2376 1393 2596 1448 modus.
2632 1392 2699 1447 Et
2745 1394 2873 1463 quis
2917 1395 3098 1451 verbis
3155 1397 3399 1466 explicat
3451 1411 3733 1469 quantum

430 1496 596 1550 opera
633 1481 853 1552 pietatis
893 1483 1223 1539 adversariis
1252 1484 1602 1553 impendatis,
1633 1485 1741 1540 nisi
1767 1485 2019 1541 fraternae
2119 1482 2290 1537 distat
2320 1484 2463 1539 inter
2490 1492 2838 1555 praesentem,
2868 1500 3034 1555 quam
3071 1486 3311 1543 dicimus
3341 1490 3661 1545 sanitatem
3682 1503 3730 1547 et

425 1572 759 1637 dilectionis,
783 1582 842 1628 ut
870 1588 969 1644 pro
991 1574 1071 1630 eis
1096 1575 1364 1642 oretis,ut
1385 1584 1776 1632 convertantur
1795 1576 1887 1647 qui
1918 1577 2017 1632 do-
2119 1575 2585 1632 immortalitatem
2615 1576 2900 1631 futuram?
2930 1575 3050 1632 Non
3102 1579 3176 1634 ita
3225 1568 3603 1652 redarguam.
3636 1601 3734 1639 no-

427 1663 607 1719 ctriua
667 1672 848 1720 vestra
896 1664 981 1719 vel
1025 1665 1490 1737 increpationibus
1537 1667 1834 1722 noluerunt
1879 1681 2015 1722 con-
2116 1676 2287 1723 stram
2327 1668 2546 1739 quidem
2579 1668 2888 1739 philosophi
2910 1671 2976 1725 de
2997 1685 3286 1741 corporum
3356 1675 3731 1744 ponderibus.

428 1756 587 1811 verti.
613 1755 671 1811 In
700 1756 1060 1815 fraternitatis
1087 1767 1267 1814 autem
1297 1774 1486 1814 amore
1529 1760 1874 1827 charitatem,
1904 1761 2016 1816 sci-
2052 1825 2090 1838 h
2117 1755 2214 1811 Est
2235 1758 2379 1812 enim
2406 1759 2487 1813 sic
2513 1759 2641 1814 hinc
2666 1776 2889 1816 sursum
2914 1776 3141 1817 versus:
3177 1771 3323 1818 terra
3348 1764 3567 1834 prima,
3592 1782 3735 1838 aqua

424 1846 556 1903 licet
607 1847 725 1916 Dei,
753 1864 877 1920 quae
918 1850 1141 1905 merito,
1172 1851 1347 1906 amori
1385 1849 1742 1907 fraternitatis
1767 1825 2020 1923 adjungi-
2049 1825 2092 1880 Β
2123 1850 2385 1916 secunda,
2416 1866 2512 1906 aer
2540 1852 2759 1920 tertius,
2789 1854 2991 1910 cmlum
3014 1825 3373 1924 quartum,ut
3401 1825 3589 1927 super
3617 1825 3737 1913 em-

427 1951 540 2006 tur,
574 1940 704 2010 quia
742 1956 843 1997 nec
878 1939 1022 1995 Deus
1064 1941 1184 1996 sine
1229 1942 1483 2012 proximo
1507 1982 1522 2007 ,
1578 1956 1679 1997 nec
1734 1942 2020 2011 proximus
2123 1940 2213 1994 nia
2245 1940 2442 1996 animae
2463 1942 2537 1997 sit
2574 1951 2791 1999 natura.
2847 1943 2984 1998 Nam
3013 1952 3069 1999 et
3095 1942 3431 2002 Aristoteles
3464 1959 3737 2019 quartum

426 2032 548 2088 sine
580 2030 692 2087 Deo
717 2032 997 2104 diligitur;
1033 2033 1128 2102 qui
1149 2033 1295 2087 enim
1324 2031 1494 2087 Deum
1525 2047 1635 2087 non
1663 2032 1860 2103 diligit,
1886 2047 2020 2102 pro--
2122 2044 2324 2099 corpus
2348 2046 2471 2086 eam
2497 2033 2636 2089 dixit
2657 2050 2801 2103 esse,
2825 2044 2879 2092 et
2908 2035 3065 2090 Plato
3088 2037 3323 2092 nullum.
3372 2038 3433 2093 Si
3464 2052 3737 2110 quartum

428 2124 640 2179 ximum
688 2133 951 2195 tanquam
983 2124 1224 2193 seipsum
1261 2138 1371 2178 non
1407 2123 1603 2195 diligit,
1636 2123 1765 2194 quia
1798 2138 1899 2179 nec
1926 2138 2016 2178 se.
2119 2128 2287 2186 esset,
2306 2130 2454 2177 certe
2474 2123 2731 2193 superius
2754 2133 2901 2180 esset
2925 2125 3155 2181 caeteris.
3179 2124 3320 2180 Cum
3353 2143 3498 2182 vero
3520 2130 3739 2184 nullum

425 2216 608 2287 ipsum
635 2216 832 2289 diligit.
887 2215 984 2271 Est
1035 2216 1236 2287 quippe
1282 2216 1486 2286 impius
1517 2225 1571 2271 ct
1615 2216 1858 2286 iniquus.
1910 2214 2015 2282 Qui
2117 2217 2222 2277 est,
2246 2210 2606 2284 multomagis
2630 2224 2852 2283 superat
2872 2214 3076 2269 omnia.
3099 2213 3156 2269 In
3188 2224 3583 2289 terrenoergo
3607 2219 3741 2291 quid

426 2317 611 2363 autem
650 2307 829 2378 diligit
876 2307 1218 2378 iniquitatem
1245 2351 1260 2374 ,
1305 2307 1466 2378 plane
1508 2322 1617 2362 non
1660 2307 1838 2379 diligit
1863 2348 1879 2374 ,
1920 2307 2016 2363 sed
2122 2301 2256 2357 facit
2276 2305 2538 2374 corpore?
2568 2304 2624 2360 in
2651 2306 2755 2362 hac
2798 2306 2941 2362 mole
2980 2307 3111 2377 quid
3142 2308 3253 2378 agit
3297 2310 3580 2366 subtilior
3621 2328 3743 2367 om-

426 2399 543 2454 odit
573 2399 812 2454 animam
850 2416 1030 2456 suam.
1074 2399 1378 2471 Diligamus
1405 2414 1506 2454 nos
1538 2399 1721 2469 itaque
1745 2398 2012 2466 invicem,
2122 2394 2332 2448 libus?
2358 2393 2415 2448 in
2446 2396 2551 2451 hoc
2586 2397 2827 2466 pondere
2878 2398 3011 2467 quid
3055 2398 3168 2468 agit
3205 2399 3384 2477 levipr
3420 2403 3746 2458 omnibus?

425 2490 571 2545 sicut
610 2505 714 2545 nos
743 2490 1022 2547 Christus.
1052 2490 1177 2547 ideo
1212 2501 1434 2562 propter
1457 2490 1629 2546 Deum
1664 2490 2011 2557 habendum,
2119 2482 2176 2538 In
2210 2484 2314 2540 hac
2352 2485 2609 2542 tarditate
2652 2486 2782 2557 quid
2812 2488 2925 2557 agit
2972 2489 3201 2544 ceicrior
3229 2489 3544 2545 omnibus?
3589 2492 3739 2547 itane

424 2591 483 2638 et
511 2582 775 2653 quidquid
824 2582 970 2638 aliud
1023 2584 1268 2654 praecipit
1300 2583 1594 2650 faciemus,
1625 2591 1683 2637 ut
1714 2583 1888 2652 ipsius
1918 2582 2014 2638 ad-
2115 2590 2215 2647 per
2268 2576 2432 2647 hujus
2489 2586 2602 2633 tam
2654 2578 2971 2635 excellentis
3025 2590 3235 2636 naturae
3285 2582 3567 2638 meritum
3623 2599 3735 2639 non

423 2675 631 2745 jutorio
660 2688 758 2743 per
788 2674 888 2728 has
918 2683 1042 2728 octo
1077 2673 1430 2728 aseensioncs
1470 2673 1538 2727 ad
1575 2687 1702 2728 eum
1734 2672 2004 2728 aseenda-
2114 2668 2771 2741 poteriteﬂici,utcorpus
2795 2670 2915 2741 ejus
2942 2671 3150 2728 levetur
3178 2674 3231 2728 in
3249 2673 3504 2730 cmlum?
3523 2674 3719 2731 Etcun

423 2779 573 2821 mus.
607 2762 754 2818 inter
808 2764 926 2820 haec
979 2764 1276 2819 videndum
1328 2774 1411 2820 est
1464 2764 1740 2835 quomodo
1797 2774 2010 2820 terrena
2112 2760 2292 2816 valeat
2313 2777 2461 2816 nunc
2486 2771 2680 2816 natura
2703 2776 2994 2833 corporum
3018 2771 3359 2819 terrenorum
3390 2764 3735 2832 depromere

424 2870 656 2927 corpora
678 2854 732 2910 in
756 2855 897 2911 coelo
921 2863 1196 2911 maneam,
2116 2849 2234 2905 alas
2262 2851 2543 2918 deorsum,
2591 2851 2886 2923 aliquando
2913 2862 2969 2908 et
2998 2853 3195 2909 animae
3252 2856 3439 2910 levare
3501 2872 3731 2914 sursum

501 2946 638 3002 Item
664 2947 925 3019 quomodo
947 2958 1155 3004 terrena
1184 2963 1407 3020 corpora
1432 2948 1485 3002 in
1518 2947 1644 3003 cmlo
1669 2958 1934 3003 maneam.
2115 2947 2327 2997 terrena
2373 2957 2602 3013 corpora
2650 2960 2759 2998 non
2805 2944 3108 3000 valebunt?
3139 2943 3430 3001 Postremo
3460 2962 3512 3001 SI
3540 2949 3617 3003 ita
3645 2959 3733 3003 est

500 3038 732 3097 Necesse
759 3048 871 3107 est,
908 3041 1063 3097 aiunt
1101 3040 1355 3113 quidam,
1388 3049 1451 3095 ut
1503 3049 1718 3097 terrena
1776 3054 2009 3108 corpora

423 3132 677 3188 naturale
728 3132 945 3202 pondus
994 3131 1079 3187 vel
1124 3132 1180 3186 in
1239 3140 1380 3185 terra
1428 3139 1611 3185 teneat
1639 3130 1726 3185 vel
1753 3137 1913 3200 cogat
1940 3128 2007 3182 ad

424 3234 653 3281 terram.
706 3221 771 3276 Et
821 3223 945 3278 ideo
976 3223 1031 3277 in
1067 3223 1208 3279 caelo
1248 3237 1371 3278 esse
1405 3235 1513 3276 non
1554 3229 1806 3291 possunt.
1839 3219 2007 3274 Primi

426 3317 634 3389 quippe
662 3315 739 3370 illi
767 3315 1024 3371 homines
1072 3317 1127 3370 in
1167 3323 1310 3370 terra
1338 3321 1497 3369 erant
1524 3326 1818 3369 nemorosa
1850 3324 2014 3381 atque

424 3408 755 3474 fructuosa,
814 3423 937 3478 quae
994 3407 1230 3483 paradisi
1282 3421 1481 3461 nomen
1536 3402 1792 3462 obtinuit.
1836 3400 1905 3457 Et
1947 3402 2015 3457 de

423 3499 761 3572 ponderibus
774 3499 1164 3574 elementorum
1184 3498 1265 3555 sic
1279 3504 1715 3568 argumentatur.
1734 3494 2014 3566 (August)

424 3591 715 3662 Quomodo
740 3590 943 3647 scilicet
973 3591 1237 3660 magistro
1262 3588 1488 3643 Platone
1517 3587 1828 3643 didicerunt
1856 3601 2016 3640 mun-

426 3683 485 3737 di
528 3682 640 3736 duo
695 3696 924 3750 corpora
974 3681 1213 3735 maxima
1260 3687 1425 3751 atque
1470 3688 1749 3750 postrema
1799 3677 2017 3733 duobus

425 3770 648 3838 mediis,
679 3784 804 3826 aere
826 3770 1036 3826 scilicet
1073 3781 1126 3826 et
1157 3784 1319 3839 aqua,
1371 3783 1493 3825 esse
1552 3768 1808 3851 copulata
1852 3776 2017 3837 atquo

423 3861 818 3932 conjuncta,ac
844 3877 942 3934 per
964 3862 1067 3917 hoc
1094 3860 1356 3932 inquiunt
1369 3860 1628 3941 quoniam
1659 3869 1801 3915 terra
1818 3859 2018 3915 abhinc

426 3969 654 4015 sursum
684 3969 878 4010 versus
898 3961 981 4010 est
1003 3954 1213 4024 prima;
1243 3952 1484 4010 secunda
1515 3967 1658 4023 aqua
1697 3967 1865 4022 super
1901 3960 2016 4008 ter-

423 4060 579 4113 ram;
621 4046 813 4101 tertius
841 4061 937 4101 aer
964 4061 1128 4116 super
1160 4061 1389 4116 aquam;
1441 4053 1701 4115 quartum
1731 4059 1900 4114 super
1926 4058 2018 4099 ae-

426 4153 545 4193 rem
597 4137 819 4192 cmlum.
865 4134 986 4191 Non
1039 4147 1221 4208 potest
1262 4151 1385 4193 esse
1417 4146 1697 4192 terrenum
1730 4151 1934 4205 corpus
1960 4135 2018 4190 in

428 4229 591 4285 cmio.
645 4227 936 4283 Momentis
974 4228 1120 4284 enim
1179 4227 1416 4299 propriis
1460 4233 1520 4281 ut
1557 4226 1807 4281 ordinem
1856 4242 2016 4281 suum

430 4328 654 4376 teneant
684 4319 954 4375 elementa
977 4319 1269 4375 librantur.
1288 4317 1425 4374 Ecce
1444 4318 1702 4388 qualibus
1727 4332 2021 4390 argumen-

429 4413 504 4468 tis
530 4412 938 4483 omuipotentite
964 4411 1058 4466 Dei
1092 4413 1331 4466 humana
1356 4411 1685 4467 contradicit
1703 4410 2019 4476 infirmitas,

2112 3031 2507 3088 elementorum
2530 3033 2668 3089 ordo
2688 3034 3007 3105 dispositus.
3023 3045 3083 3092 ut
3103 3038 3405 3094 secundum
3432 3037 3729 3095 Platonem

2111 3122 2326 3179 duobus
2362 3126 2574 3194 mediis,
2628 3127 2681 3182 id
2716 3135 2801 3183 est
2847 3143 2975 3185 aere
3001 3139 3057 3184 et
3106 3145 3281 3200 aqua,
3314 3131 3430 3187 duo
3468 3142 3727 3189 extrema

2119 3216 2260 3285 ignis
2287 3225 2342 3271 et
2370 3225 2511 3273 terra
2533 3219 2854 3291 jnngantur,
2882 3221 3006 3278 caeli
3035 3238 3254 3292 quoque
3304 3224 3603 3280 obtineant
3630 3225 3725 3279 illa

2118 3306 2319 3360 summi
2349 3307 2552 3362 locum.
2581 3307 2709 3365 Haac
2729 3319 2910 3365 autem
2944 3321 3076 3365 sunt
3115 3314 3261 3366 velut
3289 3312 3724 3369 fundamentum

2117 3397 2213 3452 imi
2238 3399 2448 3466 mundi,
2471 3409 2523 3454 et
2550 3400 2671 3455 ideo
2700 3402 2754 3456 in
2781 3403 2921 3458 cceio
2937 3419 3044 3458 non
3068 3413 3241 3474 potest
3261 3421 3388 3459 esse
3412 3413 3588 3462 terra.
3610 3406 3727 3462 Cur

2116 3499 2202 3545 est
2225 3490 2366 3562 ignis
2389 3491 2443 3546 iu
2475 3493 2659 3547 terra?
2680 3492 2995 3549 Secundum
3019 3496 3162 3551 hanc
3188 3496 3392 3566 quippe
3414 3499 3721 3561 rationem,

2120 3583 2195 3638 ita
2244 3583 2349 3639 ista
2371 3584 2483 3640 duo
2505 3584 2775 3641 elementa
2798 3587 2851 3640 in
2878 3587 3013 3642 locis
3044 3588 3299 3657 propriis,
3322 3589 3438 3644 imo
3462 3605 3534 3645 ac
3564 3606 3721 3646 sum-

2117 3689 2235 3743 mo,
2258 3685 2403 3731 terra
2427 3684 2482 3733 et
2504 3677 2648 3748 ignis
2673 3692 2796 3733 esse
2820 3678 3146 3745 debuerunt,
3166 3690 3226 3733 ut
3246 3680 3723 3749 quemadmodum

2118 3767 2316 3823 nolunt
2336 3767 2393 3824 in
2429 3783 2648 3825 summo
2674 3783 2799 3825 esse
2829 3785 2994 3839 posse
3020 3771 3170 3841 quod
3194 3771 3289 3825 imi
3321 3780 3430 3839 est,
3482 3773 3565 3828 ita
3618 3789 3725 3830 nec

2119 3859 2174 3915 in
2208 3859 2321 3915 imo
2347 3874 2470 3917 esse
2504 3874 2665 3931 posse
2689 3861 2836 3931 quod
2861 3863 3065 3917 summi
3087 3872 3193 3919 est.
3230 3862 3386 3919 Sicut
3410 3880 3552 3936 ergo
3591 3866 3721 3920 nul—

2120 3950 2234 4006 lam
2278 3960 2473 4021 putant
2509 3952 2595 4007 vel
2640 3966 2762 4008 esse
2809 3953 2895 4008 vel
2949 3951 3189 4008 futuram
3230 3969 3354 4010 esse
3383 3956 3723 4027 particulam

2120 4049 2283 4099 terrm
2308 4043 2362 4096 in
2385 4043 2555 4109 cutio,
2585 4042 2661 4098 ita
2698 4043 2903 4098 nullam
2935 4046 3260 4115 particulam
3295 4046 3484 4103 videre
3513 4048 3723 4103 debui-

2121 4150 2247 4191 mus
2273 4136 2416 4206 ignis
2442 4135 2498 4191 in
2527 4145 2695 4191 terra.
2720 4134 2880 4192 Nunc
2912 4152 3043 4192 vero
3070 4153 3181 4195 non
3208 4138 3387 4196 solum
3424 4140 3479 4195 in
3528 4142 3725 4203 terris,

2123 4241 2311 4281 verum
2337 4227 2502 4282 etiam
2540 4227 2644 4282 sub
2668 4227 2831 4283 terris
2875 4228 2949 4282 ita
3010 4238 3114 4284 est.
3163 4227 3250 4285 Ut‘
3277 4230 3426 4284 enim
3465 4242 3727 4287 eructem

2121 4318 2355 4375 vertices
2384 4319 2652 4375 montium
2678 4328 2899 4390 propter
2926 4321 3072 4390 quod
3101 4320 3158 4376 in
3188 4320 3382 4376 usibus
3418 4320 3725 4377 hominum

2123 4420 2179 4466 et
2203 4425 2327 4465 esse
2349 4410 2529 4481 ignem
2573 4411 2628 4465 in
2657 4418 2837 4472 terra.
2870 4422 2925 4466 et
2968 4412 3119 4467 nasci
3150 4412 3398 4467 videmus
3441 4427 3510 4467 ex
3550 4423 3725 4475 terra,

428 4518 596 4578 quam
623 4504 868 4576 possidet
896 4503 1131 4557 vanitas.
1165 4502 1308 4570 Quid
1354 4518 1485 4575 ergo
1516 4503 1724 4559 faciunt
1776 4504 1831 4558 in
1882 4519 2008 4558 aere
2039 4506 2086 4566 ι)
2112 4502 2439 4578 quandoque
2466 4509 2521 4556 et
2559 4502 2625 4557 de
2644 4502 2809 4573 lignis
2831 4511 2885 4558 et
2905 4503 2973 4567 de
3016 4503 3288 4573 lapidibus
3327 4506 3608 4572 nascitur,
3626 4507 3725 4577 qui

370 4608 385 4617 '
427 4604 646 4653 terrena
669 4603 750 4650 tot
775 4608 1027 4664 corpora,
1054 4608 1177 4648 cum
1205 4610 1236 4648 a
1266 4602 1408 4648 terra
1440 4593 1511 4649 sit
1556 4609 1652 4649 aer
1681 4592 2017 4657 tertius,nisi

428 4688 574 4746 forte
596 4689 689 4761 qui
718 4703 815 4760 per
840 4688 1154 4759 plumarum
1193 4696 1249 4743 et
1274 4703 1561 4759 poenarum
1594 4688 1869 4745 levitatem
1915 4687 2017 4742 do-

430 4779 585 4836 navit
635 4780 818 4836 avium
860 4778 1091 4836 terrenis
1120 4779 1477 4851 corporibus,
1528 4789 1589 4836 ut
1627 4786 1912 4854 portentur
1961 4778 2016 4832 in

432 4886 581 4938 aere,
639 4872 1043 4928 immortalibus
1095 4870 1256 4930 factis
1311 4873 1638 4945 corporibus
1706 4871 2015 4934 hominum,

431 4977 544 5018 non
602 4962 803 5032 poterit
853 4963 985 5019 dare
1010 4963 1274 5033 jvirtutem
1323 4966 1518 5037 quain
1550 4966 1691 5022 cmio
1735 4963 1899 5019 etiam
1929 4978 2018 5015 va-

432 5054 584 5110 leant
634 5054 916 5110 habitare?
969 5054 1106 5111 Nam
1142 5074 1269 5113 cum
1321 5067 1664 5114 terrenarum
1698 5069 2016 5126 corporum,

436 5145 582 5201 sicut
628 5158 797 5199 onera
846 5144 1114 5215 gestando
1161 5149 1363 5203 sentire
1417 5147 1847 5213 consuevimus,
1887 5144 2018 5216 quia

435 5246 645 5316 quanto
666 5236 842 5307 major
859 5244 946 5291 est
972 5238 1270 5306 quantitas,
1294 5249 1447 5294 tanto
1477 5238 1538 5293 ﬁt
1565 5239 1740 5309 majOr
1760 5249 1814 5294 et
1840 5236 2018 5313 gravi-

2122 4603 2253 4649 sunt
2281 4608 2514 4664 corpora
2540 4595 2660 4649 sine
2687 4593 3029 4652 dubitatione
3059 4605 3294 4652 terrena.
3325 4595 3443 4652 Cur
3462 4606 3609 4669 ergo
3636 4614 3729 4655 vo-

2120 4687 2241 4742 lunt
2269 4695 2328 4741 ut
2357 4688 2649 4745 credamus
2705 4697 2961 4744 naturam
3017 4704 3307 4761 corporum
3363 4701 3725 4748 terrenarum

2118 4779 2413 4850 aliquando
2425 4781 2438 4833 i
2448 4795 2642 4836 ucorru
2650 4781 2914 4852 ptibilem,
2930 4781 3125 4837 factam
3140 4781 3280 4838 caelo
3293 4783 3725 4839 convenientem

2120 4868 2404 4937 futuram,
2442 4871 2585 4927 sicut
2619 4888 2768 4928 nunc
2798 4873 2941 4943 ignis
2961 4874 3334 4944 corruptibilis
3376 4873 3466 4928 his
3510 4889 3726 4931 conve~

2125 4961 2205 5015 nit
2233 4960 2437 5017 terris?
2461 4960 2609 5017 Nihil
2635 4972 2889 5020 asserunt
2910 4979 2974 5020 ex
3006 4964 3342 5034 ponderibus
3368 4973 3539 5034 atque
3567 4966 3723 5021 critic

2123 5064 2192 5105 ne
2250 5049 2666 5117 elementorum,
2703 5054 2847 5109 unde
2893 5054 3257 5126 omnipotenti
3306 5053 3452 5121 Deo,
3497 5058 3725 5128 quomi-

2125 5157 2231 5198 nus
2258 5140 2422 5199 faciat
2467 5158 2698 5214 corpora
2743 5153 2932 5200 nostra
2978 5146 3138 5214 talia,
3181 5153 3243 5203 ut
3276 5146 3444 5204 etiam
3475 5147 3535 5202 in
3574 5150 3727 5205 celo

2126 5232 2340 5301 possint
2371 5233 2638 5301 habitare,
2674 5236 3051 5304 praescribant.

1259 5431 1370 5513 IN
1433 5433 1610 5512 DIE
1685 5431 2081 5511 SANCTO
2150 5425 2896 5507 PENTECOSTES.

1699 5569 2070 5631 Secundum
2102 5566 2438 5629 Joannem.

520 5712 538 5746 ε
567 5693 626 5751 Si
647 5696 775 5769 quis
795 5696 973 5784 djljgit
994 5711 1103 5764 me,
1136 5709 1444 5755 sermonem
1476 5707 1659 5749 meum
1683 5690 1944 5758 servabit,
1973 5699 2027 5746 et

440 5782 599 5843 Pater
629 5801 783 5845 meus
826 5781 1012 5859 diliget
1039 5801 1200 5857 eum,
1235 5800 1285 5847 et
1326 5786 1393 5843 ad
1445 5798 1571 5841 eum
1603 5781 1915 5848 veniemus,
1957 5788 2010 5835 et

2135 5685 2478 5745 mansionem
2530 5685 2674 5758 apud
2732 5698 2863 5741 eum
2900 5682 3188 5740 faciemus.
3233 5682 3339 5751 Qui
3372 5696 3483 5741 non
3534 5682 3719 5754 diligit

2119 5796 2227 5850 me,
2258 5796 2538 5838 sermones
2564 5795 2715 5838 meos
2742 5793 2850 5836 non
2887 5784 3067 5835 servat
3096 5774 3279 5849 (Joan.
3315 5778 3451 5851 xiv).
3478 5796 3499 5830 ›
3536 5775 3713 5834 Iudas
