3950 6380
173 375 284 430 981

1125 375 1652 434 EFLORATIONES
1689 377 1790 433 SS.
1827 373 2137 431 PATRUM.
2175 403 2244 415 —
2280 373 2412 431 LIB.
2449 375 2490 430 Ι.

3351 377 3472 431 ηῒ

173 488 282 558 qui
331 486 564 542 Domino
605 488 790 542 dixit:
859 507 876 539 ι
939 486 1198 553 Domine,
1251 489 1383 558 quid
1439 487 1642 543 factum
1695 495 1778 543 est
1805 493 1853 549 Α
1882 486 1995 542 lloc
2025 495 2108 542 est
2155 485 2301 557 quod
2347 486 2580 557 legimus
2618 486 2762 558 apud
2811 489 3174 560 prophetam:
3210 505 3228 541 ‹
3258 486 3455 545 Pacem

175 577 322 648 quia
350 580 508 636 nobis
533 581 980 636 manifestaturus
1003 595 1063 634 es
1094 589 1144 634 te
1176 580 1379 650 ipsum,
1404 589 1458 636 et
1480 597 1588 636 non
1615 596 1777 634 mun-

175 669 259 724 do
286 670 508 740 (ibiut)?
538 691 555 722 ι
585 687 691 725 non
719 681 803 726 est
832 671 920 726 ille
957 670 1274 737 lscariotes,
1309 672 1517 726 scilicet
1549 672 1652 726 iste
1678 687 1773 727 cu-

174 759 278 832 jus
330 760 571 832 Epistola
633 762 772 816 inter
819 762 1133 832 Scripturas
1195 763 1491 818 canonicos
1551 763 1768 833 legitur.

178 848 253 904 Et
303 849 568 906 Dominus
617 854 899 922 respondit
955 854 1004 907 ci
1047 872 1058 907 :
1105 872 1123 905 ι
1164 851 1220 907 Si
1251 853 1378 923 quis
1421 853 1595 923 diligit
1624 869 1764 918 me,»

177 951 318 1009 etc.,
358 952 418 998 ut
447 945 754 1000 oStenderet
779 946 827 1000 ei
873 946 1001 1016 quia
1049 961 1146 1015 per
1169 945 1514 1000 dilectionem
1563 945 1771 1001 discer-

180 1031 344 1086 nitur
411 1048 543 1104 gcns
577 1044 762 1089 sancta
814 1051 843 1089 a
895 1051 1004 1089 non
1060 1043 1267 1090 sancta.
1313 1033 1566 1090 Charitas
1622 1037 1770 1090 enim

180 1123 322 1180 facit
350 1125 640 1181 unanimes
687 1127 740 1180 in
787 1127 1041 1181 domoin
1073 1143 1180 1196 qua
1239 1126 1448 1180 faciunt
1503 1126 1666 1181 Pater
1717 1136 1772 1182 et

182 1215 363 1271 Filius
417 1218 783 1285 mansionem,
815 1220 908 1288 qui
959 1218 1165 1273 donant
1202 1228 1255 1272 et
1306 1219 1478 1286 ipsam
1522 1217 1772 1273 dilectio-

180 1320 336 1359 nem.
378 1304 492 1360 Erit
522 1306 703 1376 itaque
728 1308 781 1361 in
811 1317 1014 1363 aeterna
1059 1307 1229 1378 gloria
1276 1307 1414 1362 visio
1461 1320 1514 1362 et
1555 1309 1771 1364 mansio

183 1413 302 1454 non
332 1399 671 1465 transitoria,
709 1400 803 1455 sed
830 1410 1062 1466 aeterna;
1105 1409 1157 1454 et
1183 1401 1298 1454 haec
1318 1400 1422 1455 erit
1449 1400 1770 1456 manifesta-

183 1489 267 1544 tio
290 1489 358 1544 de
393 1505 501 1560 qua
534 1490 624 1545 ille
651 1491 965 1561 quaesierat.
1000 1489 1161 1545 Venit
1190 1499 1371 1544 autem
1407 1489 1550 1546 Deus
1572 1491 1638 1545 ad
1664 1491 1768 1546 ho-

184 1579 418 1647 minem,
437 1581 565 1634 dum
594 1581 761 1636 homo
793 1581 943 1636 venit
971 1581 1038 1636 ad
1064 1580 1256 1635 Deum.
1288 1579 1445 1634 Venit
1469 1581 1635 1636 homo
1657 1597 1771 1638 cre-

183 1672 387 1740 dendo,
413 1675 736 1742 obediendo,
767 1675 1048 1740 intuendo,
1094 1675 1394 1744 capiendo;
1436 1675 1580 1731 Deus
1621 1677 1770 1731 venit

184 1765 587 1831 subveniendo,
613 1765 998 1831 illuminando,
1037 1765 1336 1835 implendo.
1375 1764 1766 1822 Verumtamen

184 1857 241 1910 in
279 1857 648 1932 quorumdam
677 1857 844 1912 corda
884 1857 1046 1923 venit,
1094 1867 1147 1912 et
1175 1858 1517 1912 mansionem
1549 1858 1622 1912 ibi
1658 1875 1766 1914 non
1802 1838 1845 1898 Β

183 1947 339 2016 facit,
371 1950 498 2019 quia
523 1965 621 2019 per
646 1950 1119 2021 compunctionem
1168 1947 1259 2003 Dei
1293 1957 1598 2019 respectum
1643 1965 1766 2021 per-

185 2041 423 2116 cipiunt,
455 2042 550 2096 sed
579 2043 1029 2112 interpretatione
1056 2040 1331 2096 deficiunt.

261 2149 280 2182 ι
316 2131 382 2186 Et
421 2148 726 2188 sermonem
761 2148 920 2202 quem
949 2132 1176 2188 audistis
1201 2147 1310 2186 non
1347 2141 1432 2187 est
1454 2147 1630 2200 meus,
1668 2133 1765 2188 sed

180 2221 304 2291 ejus
329 2223 423 2291 qui
456 2224 604 2278 misit
629 2239 715 2278 me
737 2222 966 2278 Patris.»
998 2222 1114 2278 Non
1142 2233 1226 2280 est
1247 2223 1419 2278 Filius
1458 2225 1639 2278 minor
1666 2223 1768 2280 Pa-

181 2322 287 2379 tre,
313 2323 366 2368 et
395 2330 503 2370 non
527 2324 610 2370 est
632 2332 660 2370 a
693 2316 893 2386 seipso.
924 2314 1034 2372 Nec
1056 2316 1196 2370 istud
1219 2326 1301 2370 est
1337 2316 1671 2371 contrarium
1699 2316 1765 2371 ad

183 2405 289 2460 hoc
326 2407 470 2476 quod
501 2407 668 2462 dixit:
723 2426 742 2458 ‹
773 2407 878 2474 Qui
939 2423 1044 2461 non
1099 2406 1275 2475 diligit
1325 2422 1431 2473 me,
1487 2421 1767 2462 sermones

181 2508 336 2550 meos
374 2511 479 2550 non
531 2506 711 2552 servat
747 2495 908 2567 (Joau
939 2498 1070 2564 xxv).
1113 2516 1131 2548 υ
1168 2494 1233 2550 Et
1280 2495 1513 2552 fortasse
1548 2505 1769 2566 propter

181 2586 420 2656 aliquam
451 2587 852 2645 distinctionem
883 2590 1164 2659 pluraliter
1184 2589 1315 2644 dicit
1338 2605 1638 2646 sermones.
1670 2589 1768 2646 Hic

181 2687 363 2734 autem
415 2695 724 2735 sermonem
775 2681 907 2736 dicit
949 2696 1069 2737 esse
1106 2679 1284 2738 Patris
1325 2680 1585 2750 Verbum,
1619 2684 1779 2754 quod

180 2779 299 2827 erat
334 2769 388 2824 in
417 2771 705 2842 principio.

257 2880 278 2913 ι
315 2861 439 2917 lla:c
486 2864 700 2918 locutus
757 2881 877 2920 sum
915 2865 1070 2922 vobis
1121 2867 1264 2937 apud
1307 2883 1405 2922 vos
1455 2883 1700 2924 manens.
1741 2889 1758 2920 ι

109 2947 118 2953 ’
181 2955 372 3010 Adhuc
399 2971 626 3011 manens
671 2958 946 3027 corporali
985 2960 1270 3029 praesentia
1323 2961 1432 3016 cito
1463 2961 1616 3016 vobis
1667 2978 1765 3016 au-

182 3043 403 3101 ferenda
428 3046 540 3100 dixi
569 3047 635 3101 dc
667 3048 896 3118 spiritali
926 3049 1229 3104 mansione.
1264 3048 1356 3104 llla
1404 3051 1456 3104 in
1500 3060 1764 3107 aeternum

1875 591 2040 646 super
2063 592 2306 646 pacem.)
2329 575 2526 632 Pacem
2556 577 2716 635 nobis
2745 579 3006 649 relinquit
3024 578 3079 632 in
3105 577 3210 632 hoc
3232 579 3436 634 saculo

1873 684 1980 738 qua
2012 669 2222 723 hostem
2255 669 2564 735 vincamus,
2595 685 2700 740 qua
2729 671 2962 725 invicem
3014 685 3117 725 nos
3142 670 3454 740 diligamus.

1873 762 2068 818 Pacem
2096 778 2248 817 suam
2275 763 2434 817 nobis
2461 762 2613 818 dabit
2649 763 2701 817 in
2729 762 2936 828 futuro,
2969 762 3187 832 quando
3210 762 3330 816 sine
3365 762 3462 815 ho-

1875 863 1958 909 ste
1979 863 2032 908 et
2056 852 2176 908 sine
2196 853 2541 908 dissensione
2567 853 2935 924 regnabimus.
2962 851 3156 907 Pacem
3203 853 3456 922 relinquit

1873 945 2054 1009 nobis,
2082 960 2151 1000 ne
2174 945 2240 1000 de
2264 945 2497 1000 occultis
2542 944 2874 1014 iudicemus.
2912 944 3108 1000 Pacem
3151 960 3308 1000 suam
3358 944 3460 998 da-

1872 1038 1952 1094 bit
1977 1037 2158 1104 nobis,
2182 1052 2308 1092 cum
2332 1036 2705 1111 manifestabit
2727 1037 3080 1107 cogitationes
3109 1036 3311 1092 cordis.
3339 1034 3462 1106 ipse

1871 1141 1956 1186 est
1979 1147 2081 1200 pax
2115 1137 2302 1183 nostra
2339 1128 2432 1198 qui
2459 1127 2586 1182 fecit
2628 1136 2858 1197 utraque
2887 1143 3057 1182 unum
3102 1126 3319 1197 (Epltes.
3371 1128 3458 1199 ιι).

1875 1220 1977 1277 Sed
2008 1236 2179 1291 quare
2207 1235 2317 1274 non
2352 1219 2560 1274 addidit
2598 1233 2794 1284 meam,
2829 1219 3020 1273 dicens
3048 1218 3320 1288 relinquo,
3351 1219 3462 1274 sic-

1871 1321 1933 1367 ut
1961 1312 2052 1365 ubi
2083 1312 2158 1364 ait
2179 1311 2285 1365 do?
2327 1309 2468 1375 Quid
2502 1309 2547 1363 si
2595 1324 2782 1378 pacem
2815 1325 2971 1364 suam
3009 1309 3182 1363 voluit
3234 1309 3460 1378 intelligi

1871 1403 2089 1475 qualem
2124 1402 2240 1472 ipse
2269 1401 2364 1465 ait,
2397 1400 2451 1454 in
2476 1415 2583 1469 qua
2621 1401 2770 1454 nulla
2807 1401 3167 1470 repugnantia
3192 1408 3317 1456 est:
3359 1416 3458 1470 pa-

1871 1512 1988 1552 cem
2019 1503 2198 1550 autem
2223 1509 2387 1562 quam
2415 1492 2573 1546 nobis
2604 1492 2827 1562 reliquit
2853 1492 2971 1547 sine
3018 1502 3245 1562 peccato
3302 1507 3424 1547 esse
3438 1492 3470 1544 ξ’

1871 1583 2027 1642 Unde
2077 1585 2313 1639 dicimus
2366 1603 2378 1636 :
2440 1578 2488 1634 ε’
2527 1582 2744 1639 Dimitte
2805 1584 2966 1639 nobis
3025 1583 3206 1638 debita
3271 1591 3470 1638 nostra.

1872 1673 2090 1745 (Matth.
2117 1673 2214 1740 vr).
2255 1691 2272 1722 ι
2309 1669 2426 1725 Νοη
2479 1680 2712 1742 estergo
2734 1687 2839 1742 pax
2872 1673 2961 1728 hic
3007 1673 3187 1742 plena,
3215 1688 3323 1742 qua
3373 1687 3472 1727 se-.

1871 1765 2112 1820 cundum
2152 1763 2468 1817 interiorem
2511 1763 2787 1817 hominem
2824 1763 2930 1834 legi
2965 1763 3061 1818 Dei
3118 1763 3460 1818 condelecta-

1875 1873 2018 1922 mur,
2049 1855 2141 1911 sed
2170 1855 2419 1908 videmus
2454 1853 2615 1907 aliam
2646 1854 2816 1924 legem
2847 1854 2902 1908 in
2941 1853 3205 1909 membris
3253 1852 3460 1909 nostris

1873 1957 2261 2019 repugnantem
2291 1946 2394 2015 legi
2438 1945 2635 2000 mentis
2673 1955 2873 2001 nostra:
2922 1946 3096 2016 (Rom.
3151 1947 3272 2015 vn).
3324 1945 3456 2001 ltem

1873 2049 2059 2111 pacem
2094 2037 2378 2102 habemus,
2406 2035 2692 2106 diligentes
2719 2051 2860 2103 nos;
2913 2037 3006 2091 sed
3054 2051 3154 2091 nec
3201 2035 3317 2104 ipsa
3351 2050 3466 2105 pax,

1873 2131 2038 2201 plena.
2058 2137 2162 2195 est,
2191 2127 2343 2197 'quia
2392 2127 2751 2198 cogitationes
2803 2137 3020 2184 nostras
3069 2127 3299 2182 invicem
3333 2142 3465 2181 non.

1872 2221 2141 2284 videmus,
2169 2226 2222 2272 et
2243 2216 2492 2288 quaedam
2521 2218 2589 2272 de
2617 2218 2796 2286 nobis,
2821 2233 2944 2288 qua;
2980 2233 3088 2272 non
3119 2227 3247 2273 sunt
3269 2218 3323 2272 in
3359 2233 3459 2272 no-

1872 2314 1980 2382 bis,
2014 2315 2098 2370 vel
2137 2316 2190 2370 in
2229 2317 2425 2372 melius
2481 2315 2734 2380 invicem,
2765 2312 2851 2367 vel
2892 2311 2948 2365 in
2995 2310 3236 2392 deterius
3263 2309 3458 2380 opina-

1873 2420 2017 2460 mur.
2043 2403 2152 2461 Nee
2183 2406 2376 2477 ignoro
2402 2407 2507 2461 hoc
2549 2406 2628 2461 sic
2671 2403 2840 2474 accipi
2878 2417 3058 2472 posse,
3112 2410 3184 2456 ut-
3207 2401 3476 2470 repetitio.

1873 2499 2140 2566 videatur,
2167 2508 2221 2554 et
2244 2515 2420 2555 meam
2451 2499 2602 2569 prius
2655 2495 3034 2553 subaudiatur.
3081 2492 3317 2549 Mundus
3357 2509 3472 2548 au-.

1875 2600 2002 2657 tem,
2041 2592 2094 2646 id
2123 2600 2208 2647 est
2233 2592 2481 2646 homines
2506 2591 2600 2661 qui
2625 2589 2857 2659 diligunt
2883 2586 3170 2666 mundum,
3203 2593 3466 2655 pr0pter-.

1871 2698 1934 2738 ea
1961 2683 2092 2738 dant
2117 2683 2218 2737 sibi
2251 2697 2462 2752 pacem,
2488 2689 2548 2736 ut
2578 2681 2698 2736 sine
2735 2681 2829 2734 lite
2871 2694 2980 2732 non
3005 2677 3135 2744 Deo,
3172 2677 3266 2733 sed
3294 2691 3457 2731 mun-

1872 2775 1944 2830 do
1971 2773 2243 2828 fruantur.
2268 2771 2334 2827 Et
2361 2771 2581 2843 quando
2616 2769 2783 2839 justis
2821 2767 2951 2823 dant
2997 2752 3186 2837 pacem
3233 2775 3294 2821 ut
3345 2779 3454 2821 non

1870 2880 1966 2920 eos
1987 2873 2408 2934 persequantur,
2442 2877 2553 2918 non
2580 2869 2664 2917 est
2685 2874 2814 2916 vera
2842 2873 2970 2928 pax,
2996 2857 3126 2928 quia
3153 2857 3318 2914 corda
3339 2857 3453 2913 dis-

1865 2957 2054 3027 juncta
2088 2964 2235 3010 sunt.

1949 3068 1965 3099 ι
2001 3046 2117 3103 Non
2146 3046 2395 3103 turbetur
2423 3062 2518 3102 cor
2540 3056 2804 3112 vestrum,
2834 3057 3010 3114 neque
3035 3040 3310 3098 formidet.
3339 3041 3452 3095 Au-

182 3139 451 3196 beatiﬁcat
485 3140 742 3198 liberatos
769 3158 782 3196 :
817 3143 932 3198 haec
954 3141 1007 3196 in
1035 3150 1275 3213 tempore
1320 3143 1502 3198 visitat
1530 3144 1765 3200 liberan—
1793 3176 1834 3233 Ο
1869 3142 2029 3196 distis
2050 3139 2179 3210 quia
2211 3154 2313 3211 ego
2339 3139 2452 3194 dixi
2485 3138 2641 3194 vobis
2673 3156 2686 3192 :
2713 3135 2864 3192 Vado
2887 3144 2941 3190 et
2962 3134 3177 3190 veniam
3199 3133 3268 3233 ad
3292 3146 3446 3233 vos.»

181 3235 301 3289 dos.

259 3344 277 3376 ι
318 3323 637 3382 Paracletus
677 3334 859 3381 autem
893 3324 1128 3395 Spiritus
1153 3336 1398 3393 sanctus,
1420 3345 1583 3399 quem
1641 3330 1765 3383 tuit-

183 3428 257 3472 tet
275 3415 433 3473 Pater
463 3419 515 3473 in
549 3420 769 3474 nomine
792 3434 934 3485 meo,
960 3419 1050 3474 ille
1075 3433 1173 3474 vos
1205 3418 1420 3476 docebit
1467 3422 1674 3489 omnia,
1711 3433 1764 3477 et

181 3520 427 3581 suggeret
449 3511 604 3564 vobis
634 3509 818 3564 omnia
848 3525 1188 3578 quascunque
1217 3510 1406 3565 dixero
1447 3511 1620 3566 vobis.
1658 3533 1676 3564 ι
1705 3511 1761 3567 ln

180 3601 398 3654 nomine
425 3615 565 3666 meo,
600 3600 650 3654 id
675 3609 757 3655 est
780 3601 833 3660 in
866 3601 1057 3655 notitia
1087 3601 1216 3666 mei,
1238 3601 1482 3656 videlicet
1503 3603 1764 3657 confiten-

177 3692 324 3746 tibus
354 3706 440 3745 me
469 3691 646 3745 mittet
693 3690 854 3746 Pater
885 3691 1170 3760 Spiritum.
1228 3689 1320 3746 Vel
1349 3693 1454 3746 ita:
1496 3692 1667 3748 Mittet
1708 3696 1760 3748 in

179 3782 400 3836 nomine
433 3797 572 3850 meo,
613 3781 667 3837 id
718 3791 801 3838 est
849 3781 916 3837 ad
940 3781 1386 3853 gloriﬁcationem
1441 3783 1548 3838 mei
1582 3784 1634 3838 in
1675 3786 1762 3839 di-

178 3873 471 3929 lectoribus
520 3875 689 3941 meis;
723 3873 826 3940 vel,
860 3874 914 3928 in
972 3874 1192 3928 nomine
1247 3890 1388 3941 meo,
1425 3875 1527 3930 hoc
1570 3883 1652 3930 est
1708 3877 1762 3930 in

179 3967 395 4020 nomine
423 3965 670 4034 Deitatis,
700 3967 828 4037 quia
852 3982 995 4021 unus
1019 3965 1162 4021 Deus
1189 3982 1380 4022 sumus
1401 3982 1502 4038 ego
1523 3975 1576 4022 et
1603 3965 1764 4021 Pater

178 4066 233 4112 et
270 4057 504 4128 Spiritus
562 4071 805 4115 sanctus.
869 4057 972 4113 Ubi
1033 4057 1189 4114 docet
1231 4055 1466 4129 Spiritus
1515 4068 1758 4126 sanctus,

179 4149 334 4204 docet
385 4147 544 4204 Pater
575 4157 629 4204 et
664 4148 854 4204 Filius.
915 4147 1020 4204 Sed
1067 4150 1328 4219 quoniam
1385 4149 1622 4206 Trinitas
1655 4159 1758 4216 est,

177 4239 460 4307 oportebat
503 4240 750 4312 singulas
801 4241 1068 4296 insinuari
1114 4257 1396 4312 personas.
1448 4241 1762 4299 Paracletus

178 4331 561 4402 interpretatur
615 4333 921 4399 advocatus,
977 4335 1104 4406 quia
1161 4350 1302 4406 quos
1348 4335 1635 4405 repleverit
1667 4352 1760 4390 θι-

177 4431 395 4475 orantes
429 4420 577 4478 facit.
613 4421 766 4478 Unde
795 4423 1033 4480 Paulus:
1071 4444 1089 4476 ‹
1119 4424 1237 4495 lpse
1258 4425 1495 4496 Spiritus
1524 4427 1761 4497 postulat

1869 3235 2007 3302 Quia
2039 3250 2227 3304 pacem
2267 3233 2360 3300 do,
2385 3243 2445 3288 ut
2484 3241 2726 3287 vestrum
2782 3245 2879 3285 cor
2922 3243 3142 3286 sursum
3181 3225 3451 3291 habeatis,

1868 3345 1935 3383 ne
1959 3327 2254 3382 turbemini
2279 3326 2346 3382 de
2374 3327 2478 3380 hoc
2509 3325 2656 3394 quod
2687 3325 2800 3380 dixi
2834 3342 2847 3378 :
2881 3322 3053 3390 Vado,
3083 3319 3245 3393 quasi
3266 3329 3455 3392 pasto-

1867 3424 1944 3477 ris
1975 3421 2220 3476 absentia
2252 3435 2465 3492 gregem
2492 3418 2654 3489 lupus
2673 3415 2910 3472 invadat.
2931 3407 2996 3469 Ei
3022 3415 3068 3470 si
3092 3429 3122 3468 a
3151 3413 3305 3470 vobis
3324 3427 3454 3468 cor—

1867 3529 1998 3583 pore
2019 3514 2178 3578 vado,
2210 3522 2270 3566 ut
2299 3512 2485 3576 homo,
2523 3525 2722 3565 maneo
2769 3522 3014 3579 praesens
3051 3521 3149 3576 per
3197 3504 3251 3560 id
3302 3501 3451 3574 quod

1867 3603 2012 3657 Deus
2041 3619 2184 3658 sum.
2215 3600 2493 3671 Objiciunt
2519 3601 2675 3656 nobis
2712 3598 2899 3652 Ariani
2944 3595 3039 3651 Dei
3082 3593 3280 3650 Filium
3328 3609 3451 3650 esse

1867 3705 2174 3750 creaturam
2199 3709 2265 3749 ex
2289 3695 2450 3748 dictis
2481 3691 2795 3747 Salomonis
2817 3691 3050 3746 dicentis
3084 3709 3096 3742 :
3130 3707 3148 3739 α
3181 3687 3452 3742 Dominus

1865 3787 2071 3840 creavit
2093 3801 2180 3840 me
2208 3785 2262 3838 in
2288 3784 2558 3854 prlncipio
2589 3785 2800 3840 viarum
2856 3798 3101 3848 suarum,
3127 3781 3450 3851 priusquam

1866 3883 2066 3929 terram
2099 3874 2302 3931 faceret
2332 3873 2513 3943 (Prov.
2542 3873 2683 3939 vui).
2725 3892 2742 3924 ι
2773 3873 2877 3928 Sed
2909 3873 2976 3927 de
2999 3873 3340 3927 humanitate
3365 3871 3450 3925 di-

1865 3975 2013 4020 ctum
2060 3972 2176 4031 est,
2225 3963 2429 4018 creavit
2478 3978 2565 4018 me
2602 3965 2655 4016 in
2705 3963 2860 4016 initio
2920 3963 3132 4016 viarum
3194 3976 3446 4024 suarum,

1865 4054 1919 4109 id
1969 4063 2054 4109 est
2103 4062 2164 4109 ut
2207 4053 2359 4108 initia
2391 4052 2602 4107 viarum
2651 4061 2704 4107 et
2733 4068 2961 4121 operum
2997 4052 3118 4122 ejus
3148 4067 3246 4121 per
3270 4051 3450 4105 Evan-

1864 4146 2066 4218 gelium
2111 4145 2531 4201 demonstraret.
2572 4145 2924 4214 Subsequens
2947 4154 3129 4198 autem
3171 4143 3450 4199 divinitati

1863 4239 2112 4294 convenit
2149 4256 2162 4292 :
2193 4256 2213 4290 ‹
2259 4238 2398 4293 Ante
2445 4239 2705 4294 saeculum
2757 4234 3004 4290 fundavit
3061 4251 3146 4291 me
3207 4235 3451 4307 (ibid.).i.

1863 4329 2003 4397 Quid
2059 4340 2144 4386 est
2205 4330 2388 4385 dicere
2438 4348 2450 4384 :
2503 4331 2640 4385 Ante
2699 4328 2883 4384 omnia
2953 4337 3197 4397 tempora
3261 4326 3449 4397 genuit

1865 4422 1986 4478 me?
2013 4420 2162 4486 item
2209 4422 2398 4476 dicunt
2455 4441 2466 4474 :
2529 4420 2710 4487 Quare
2754 4434 2976 4475 carnem
3021 4433 3188 4488 quam
3227 4425 3456 4472 creatu-.

177 4523 276 4582 pro
314 4511 473 4566 nobis
521 4513 813 4583 gemitibus
862 4515 1320 4573 inenarrabilibus
1351 4517 1523 4586 (Rom.
1551 4519 1690 4588 vui).
1733 4539 1750 4569 ›
1790 4511 1836 4570 D
1866 4529 1979 4571 ram
2002 4529 2124 4570 esse
2141 4529 2248 4570 non
2271 4529 2460 4585 negas,
2491 4530 2615 4569 cum
2643 4511 2924 4567 divinitate
2941 4510 3175 4566 adoras?
3195 4507 3450 4580 Propter-

177 4595 294 4652 Non
331 4607 389 4654 ut
438 4602 616 4657 minor
669 4605 929 4672 postulat,
963 4606 1058 4662 sed
1106 4622 1207 4662 nos
1257 4607 1324 4661 ad
1371 4608 1755 4676 postulandum

179 4692 500 4750 inﬂammat.
541 4696 686 4751 idem
749 4697 986 4769 Spiritus
1043 4710 1270 4756 vocatur
1309 4711 1363 4757 et
1414 4701 1755 4770 Consul-ator,

175 4785 302 4854 quia
341 4787 471 4840 dum
511 4789 902 4858 pteriitentibus
937 4792 1080 4845 viam
1144 4804 1428 4863 praeparat,
1457 4811 1486 4849 a
1539 4795 1758 4850 tristitia

177 4885 411 4932 mentem
437 4878 598 4940 levat.
620 4878 800 4946 Quare
831 4881 984 4945 dicit,
1009 4899 1027 4932 ε
1058 4885 1342 4953 suggeret?
1370 4904 1388 4935 ι
1424 4900 1547 4939 cum
1573 4901 1760 4956 sugge-

176 4983 296 5030 rere
315 4971 489 5025 soleat
511 4971 740 5028 minoris
753 4987 895 5039 esse,
914 4975 1042 5044 quia
1067 4991 1356 5048 suggerere
1373 4977 1665 5048 aliquando
1676 4978 1759 5032 di-

178 5060 320 5118 citur
346 5063 784 5132 subministrare,
819 5066 1003 5131 uthic,
1023 5082 1131 5121 non
1145 5067 1286 5137 quod
1303 5067 1460 5124 nobis
1473 5069 1756 5125 scientiam

179 5153 248 5209 ab
269 5155 380 5210 imo
404 5155 622 5224 inferat,
639 5157 731 5212 sed
756 5157 824 5212 ab
837 5159 1070 5214 occulto.
1095 5158 1436 5230 Augustinus
1449 5176 1556 5214 non
1573 5161 1755 5229 habet,

180 5244 427 5316 suggeret
453 5248 610 5302 vobis
635 5249 840 5313 omnia,
865 5249 1446 5314 sed,'commemorabit
1468 5249 1620 5306 vobis
1646 5267 1760 5306 om-

179 5337 289 5393 nia.
321 5336 389 5392 Et
414 5339 486 5393 ita
503 5339 724 5408 exponit
747 5357 759 5392 :
785 5360 802 5390 ι
836 5337 1134 5407 Intelligere
1157 5341 1417 5394 debemus
1438 5342 1579 5412 quod
1599 5341 1759 5411 jube-

180 5443 301 5482 mur
322 5445 430 5484 non
459 5431 705 5490 oblivisci
739 5430 1128 5487 saluberrimos
1159 5432 1398 5487 monitus
1422 5432 1488 5486 ad
1530 5434 1755 5503 gratiam

179 5520 466 5590 pertinere,
497 5522 642 5592 quod
679 5537 780 5577 nos
807 5531 1198 5577 commemorat
1222 5519 1479 5591 Spiritus.
1521 5543 1538 5575 ι

255 5629 272 5660 ι
304 5609 496 5668 Pacem
529 5613 777 5685 relinquo
827 5613 1002 5680 vobis,
1049 5629 1235 5683 pacem
1271 5629 1446 5668 meam
1481 5615 1550 5670 do
1581 5613 1753 5670 vobis.

180 5699 293 5755 Non
327 5706 603 5772 quomodo
659 5706 895 5762 tuundus
935 5707 1046 5770 dat,
1072 5723 1172 5778 ego
1202 5709 1272 5762 do
1302 5709 1476 5764 vobis.
1520 5729 1537 5760 ›
1579 5707 1758 5764 lturus

180 5797 242 5848 al
273 5792 507 5861 Patrem,
531 5798 882 5868 sequentibus
905 5799 1172 5871 relinquo,
1196 5800 1635 5870 pel-venientibus
1663 5803 1753 5857 do.

1863 4623 1926 4662 ea
1953 4607 2082 4676 quia
2113 4606 2187 4660 ita
2233 4604 2506 4660 divinitati
2545 4605 2698 4659 unita
2737 4612 2841 4670 est,
2870 4613 2929 4657 ut
2960 4601 3056 4657 Dei
3090 4600 3260 4656 Filius
3300 4597 3448 4654 Deus

1863 4699 1933 4753 sit
1970 4707 2024 4753 et
2047 4698 2226 4754 homo.
2256 4695 2501 4766 Denique
2523 4697 2567 4752 si
2597 4695 2872 4750 hominem
2899 4691 3278 4763 separaverisa
3311 4689 3442 4754 Deo.

1863 4803 2146 4858 nunquam
2171 4787 2221 4843 ei
2246 4788 2424 4843 servio
2449 4828 2464 4852 ,
2492 4787 2639 4840 velut
2669 4785 2714 4839 si
2745 4785 2868 4853 quis
2894 4797 3192 4852 purpuram
3215 4789 3310 4835 aut
3329 4779 3446 4834 dia-

1861 4863 2029 4935 dema.
2051 4879 2231 4948 regale
2265 4879 2524 4943 inveniat,
2559 4875 2804 4946 nunquid
2835 4875 3116 4929 adorabit?
3145 4873 3284 4929 Cum
3315 4886 3450 4927 vero

1863 4987 1956 5026 rex
1991 4971 2154 5025 fuerit
2199 4970 2279 5025 eis
2333 4970 2578 5034 indutus,
2629 4967 2934 5038 periculum
2964 4967 3156 5022 mortis
3179 4967 3444 5032 incurret,

1861 5063 1954 5133 qui
1989 5079 2052 5117 ea
2082 5078 2205 5117 cum
2230 5077 2353 5133 rege
2382 5060 2773 5130 contempserit
2794 5053 3046 5116 adorare.
3075 5057 3134 5113 Si
3160 5059 3285 5130 quis
3311 5073 3448 5128 ergo

1860 5155 2088 5210 adorare
2109 5153 2495 5223 contempserit
2519 5149 2738 5208 carnem
2767 5151 2954 5214 dcitati
2979 5151 3208 5219 unitam,
3223 5165 3452 5222 poenam.

1859 5255 2074 5302 aeterna:
2111 5247 2302 5304 mortis
2334 5248 2587 5318 patietur.

1936 5359 1954 5392 ι
1995 5338 2052 5394 Si
2095 5340 2390 5410 diligeretis
2447 5341 2883 5412 me,gauderetis
2926 5337 3281 5409 utique,quia
3303 5333 3441 5388 vado

1861 5432 1928 5488 ad
1957 5429 2195 5495 Patrem,
2228 5430 2357 5501 quia
2383 5428 2543 5485 Pater
2571 5430 2750 5500 major
2796 5445 2882 5484 me
2910 5438 3011 5484 est.
3047 5447 3065 5479 ι
3123 5423 3455 5490 Secundum,

1860 5525 2091 5580 formam
2118 5524 2258 5578 servi
2287 5539 2422 5593 puer
2457 5522 2712 5580 Christus
2755 5523 2918 5578 etiam
2958 5517 3277 5592 parentibus
3322 5517 3458 5584 suis,

1859 5615 2040 5671 minor
2066 5623 2201 5670 erat.
2229 5614 2571 5682 Gauderetis,
2611 5616 2807 5686 inquit,
2830 5614 2960 5684 quia
2989 5614 3243 5675 humanae
3272 5620 3403 5665 natu
3423 5640 3437 5652 -

1860 5726 1934 5765 ra:
1965 5709 2345 5780 gratulandum
2368 5721 2471 5777 est,
2497 5726 2619 5780 qua:
2672 5711 2883 5764 levatur
2915 5710 2982 5764 ad
3012 5708 3289 5772 dexteram
3332 5703 3436 5764 Pa-

1859 5805 1979 5871 tris,
2006 5803 2150 5874 quod
2179 5802 2320 5859 idem
2345 5803 2446 5858 sibi
2479 5811 2698 5872 sperant
2724 5803 2930 5864 caeteri.
