3950 6380
525 321 646 378 983'

1641 311 1966 368 WERNERI
2003 311 2300 368 ABBA‘I‘I’S
2339 313 2397 370 S.
2438 310 2658 367 BLASII

3723 309 3822 366 θαι

602 452 626 486 ς
656 432 734 488 Et’
757 445 905 487 nunc
945 429 1058 486 diu
1097 429 1627 498 vobis,-prtusquam
1681 425 1796 492 flat,
1845 434 1928 492 ut,
1979 442 2102 482 cum
2136 438 2181 493 Α
2212 427 2391 496 ipsum
2422 426 2490 481 de
2516 426 2746 481 occultis
2775 425 3048 479 thesauris
3069 423 3354 494 sapientiae
3383 430 3674 491 proaucta
3702 438 3822 480 sunt

523 525 730 582 factum
756 521 940 586 fuerit,
974 520 1228 576 credatis.
1269 536 1290 571 ›
1331 517 1594 574 Praedixit
1642 531 1702 572 se
1757 515 1836 571 ire
1891 517 1959 571 ad
2003 515 2107 571 Pa-

523 625 664 670 trem
691 623 741 668 et
771 613 834 667 hi
864 620 988 682 post
1011 619 1240 665 mortem
1273 610 1448 666 visuri
1483 617 1642 664 erant
1659 624 1784 664 eum
1811 608 2104 676 viventem,

522 715 577 760 et
597 705 662 759 ad
698 703 914 758 Patrem
937 703 1344 758 ascendentem.
1360 700 1484 767 Quo
1505 699 1624 755 viso
1657 697 1920 755 credituri
1949 707 2108 754 erant

469 837 478 866 ς
521 793 666 865 quod
696 793 867 847 Filius
897 791 992 848 Dei
1027 801 1175 848 esset
1194 793 1290 863 qui
1315 794 1420 847 hoc
1449 791 1643 861 potuit.
1694 787 1829 844 Nam
1861 789 1996 846 fides
2022 800 2107 846 est

475 873 479 877 ’
518 901 702 942 rerum
726 902 848 956 quae
877 887 1174 941 creduntur
1194 895 1383 942 etnon
1408 885 1679 939 videntur.
1702 882 1998 951 Credituri,
2023 883 2108 938 in-

518 981 714 1045 quam,
736 984 895 1031 erant
920 976 1119 1032 Filium
1146 975 1238 1030 Dei
1261 990 1370 1030 non
1404 989 1544 1029 nova
1580 974 1704 1040 fide,
1749 990 1858 1044 qua
1881 982 1936 1030 et
1955 975 2107 1044 prius

519 1067 886 1134 crediderant,
919 1067 1024 1124 sed
1043 1077 1204 1122 aucta
1234 1068 1338 1122 fide
1365 1077 1422 1122 et
1439 1065 1662 1133 referta,
1693 1066 1823 1136 quia
1851 1074 1907 1122 et
1941 1066 2106 1121 modo

518 1173 644 1212 cum
669 1158 785 1213 haec
810 1160 1036 1228 diceret,
1059 1175 1225 1232 parva
1249 1169 1387 1226 erat,
1414 1167 1616 1213 etcum
1645 1165 1950 1214 moreretur
1967 1173 2106 1228 pene

512 1249 628 1320 j'at'n
660 1250 829 1306 nulla.

595 1359 620 1393 σ
653 1340 772 1396 Jam
805 1357 915 1396 non
966 1342 1140 1397 multa
1181 1343 1379 1412 loquar
1414 1343 1722 1400 vobiscum.
1751 1341 1914 1398 Venit
1956 1341 2103 1398 enim

516 1432 775 1502 princeps
802 1433 992 1487 mundi
1025 1433 1212 1503 hujus,
1244 1443 1301 1491 et
1345 1434 1402 1488 in
1455 1450 1543 1490 me
1593 1451 1702 1490 non
1750 1434 1913 1489 habet
1947 1433 2106 1504 quid-

517 1538 704 1592 quam.
738 1541 756 1574 ι
784 1521 1042 1593 Princeps
1071 1534 1418 1594 peccatorum
1454 1531 1564 1580 nan
1605 1534 1927 1580 naturarum
1957 1525 2110 1579 venit

515 1626 739 1686 accepta
764 1616 982 1672 licentia
1011 1632 1044 1671 a
1077 1616 1218 1684 Deo,
1239 1625 1302 1672 ut
1335 1633 1422 1672 me
1457 1617 1639 1674 tradat
1672 1619 1728 1672 in
1774 1632 1973 1673 manus
2005 1616 2105 1671 Ju-

515 1705 780 1772 daaorum,
813 1715 870 1761 et
895 1721 996 1777 ego
1025 1715 1219 1776 sponte
1245 1722 1464 1777 sequar,
1503 1724 1628 1763 cum
1657 1711 1711 1764 in
1742 1723 1830 1763 me
1868 1723 1978 1764 non
1999 1709 2100 1762 ha-

2210 517 2536 573 multimoda
2585 517 2809 570 flumina
2867 515 3300 584 Scripturarum.
3363 509 3481 566 Per
3553 512 3818 582 Spiritum

2210 617 2460 664 sanctum
2494 607 2818 678 patriarchae
2872 607 2940 661 de
2968 606 3189 661 Christo
3228 614 3285 659 et
3333 603 3604 659 Ecclesia
3649 604 3818 661 futura

2210 700 2400 772 figuris
2430 699 2820 770 designabant;
2852 713 2949 768 per
2978 698 3154 768 ipsum
3185 697 3482 766 prOpheta:
3522 697 3708 750 locuti
3739 713 3818 750 ea-

2208 790 2331 845 dem
2357 787 2661 860 Scriptnris
2683 789 3197 860 prtemonstrahant.
3224 787 3332 841 Per
3355 787 3560 856 ipsum
3595 790 3814 856 aposteii

2209 883 2538 950 confirmati,
2561 889 2835 938 transacta
2874 881 3062 936 eadem
3092 880 3145 933 in
3173 879 3386 934 mundo
3413 879 3812 949 praedicabant;

2207 990 2306 1046 per
2349 975 2528 1045 ipsum
2582 974 2838 1028 doctores
2895 972 3145 1042 inspirati
3201 969 3548 1041 Scripturas
3589 987 3814 1038 expone-

2207 1068 2360 1124 bant.
2391 1066 2496 1121 Per
2524 1065 2726 1120 Filium
2759 1065 2924 1120 homo
2947 1065 3265 1134 redemptus
3307 1078 3342 1116 a
3385 1072 3594 1117 morte
3634 1062 3812 1115 libera-

2206 1168 2326 1225 tnr;
2353 1159 2447 1214 sed
2484 1175 2579 1228 per
2603 1157 2866 1228 Spiritum
2891 1165 3146 1212 sanctum
3180 1156 3236 1210 in
3261 1156 3634 1225 baptismate
3661 1157 3724 1208 ad
3747 1159 3811 1206 vi-

2206 1254 2316 1300 tam
2375 1255 2745 1316 regeneratur.
2818 1243 2922 1299 Per
2959 1244 3213 1314 spiritum
3263 1254 3547 1299 sanctum
3611 1253 3810 1313 peccata

2207 1339 2552 1405 relaxantur;
2585 1353 2680 1407 per
2702 1337 2882 1409 ipsum
2910 1337 3108 1391 anima:
3137 1352 3168 1391 a
3201 1346 3386 1391 morte
3409 1336 3726 1390 criminum
3743 1352 3811 1390 re-

2207 1428 2561 1484 suscitantur.
2615 1426 2720 1482 Per
2765 1425 3031 1498 Spiritum
3083 1435 3343 1480 sanctum
3405 1426 3590 1479 multi
3633 1427 3808 1480 saeuis

2207 1529 2519 1590 contempto
2546 1520 2855 1591 religiosam
2901 1520 3068 1574 vitam
3109 1519 3440 1584 duxerunt;
3496 1534 3604 1587 per
3659 1519 3808 1587 ipsum

2204 1614 2427 1684 plurimi
2460 1613 2632 1684 signis
2659 1621 2714 1668 et
2744 1612 3009 1683 prodigiis
3031 1610 3328 1667 fulserunt.
3365 1609 3490 1664 Per
3551 1610 3804 1680 Spiritum

2206 1716 2457 1763 sanctum
2493 1707 2657 1762 etiam
2688 1706 2849 1761 hodie
2903 1705 3149 1776 plerique
3184 1703 3249 1757 ad
3304 1703 3624 1758 meliorem
3669 1704 3806 1755 vitam

513 1795 606 1850 bet
634 1795 934 1865 quidquam
977 1797 1124 1867 quod
1154 1797 1223 1852 ad
1254 1813 1314 1853 se
1341 1798 1632 1868 pertineat.
1685 1797 1872 1854 Noluit
1915 1797 2103 1852 Domi-
2135 1783 2178 1838 Β
2205 1807 2630 1864 convertuntur;
2664 1813 2762 1868 per
2806 1796 2984 1868 ipsum
3041 1795 3418 1866 quamplures
3475 1793 3552 1848 ad
3593 1794 3806 1849 celestis

514 1899 621 1939 nus
646 1885 844 1941 habere
869 1888 1014 1957 quod
1039 1888 1306 1957 perderet.
1339 1887 1553 1958 Pauper
1582 1890 1747 1956 venit,
1770 1903 1839 1944 ne
1877 1889 2104 1944 haberet

515 1975 770 2032 diabolus
799 1980 944 2048 quod
975 1977 1235 2034 auferret.
1267 1978 1527 2050 Princeps
1556 1980 1746 2034 mundi
1801 1980 1970 2051 hujus
2018 1989 2103 2036 est

510 2063 798 2133 diabolus;
831 2068 1092 2135 mundus,
1123 2069 1314 2124 mundi
1345 2079 1637 2125 amatores.
1663 2068 1817 2126 Unde
1837 2072 2100 2141 scriptum

511 2164 598 2212 est
628 2175 642 2211 :
678 2175 696 2209 ι
727 2157 831 2224 Qui
857 2159 1091 2215 voluerit
1109 2175 1233 2216 esse
1249 2161 1462 2217 amicus
1491 2161 1656 2232 hujus
1680 2162 1888 2231 saeculi,
1917 2163 2101 2219 inimi-

511 2262 613 2305 cus
641 2247 736 2304 Dei
766 2251 1120 2306 constituitur
1145 2251 1288 2323 (Jac.
1318 2254 1414 2325 tv).
1454 2273 1474 2307 ι

591 2357 612 2391 t
642 2339 748 2395 Sed
793 2335 855 2396 ut
891 2353 1187 2414 cognoscat
1214 2346 1454 2402 mundus
1481 2346 1612 2416 quia
1651 2346 1818 2416 diligo
1855 2346 2094 2414 Patrem,

514 2439 570 2486 et
595 2432 738 2487 sicut
763 2435 1082 2492 mandatum
1109 2437 1258 2493 dedit
1287 2439 1423 2493 mihi
1453 2439 1534 2496 sic
1564 2438 1727 2494 facio.
1761 2458 1780 2491 ι
1807 2437 1924 2494 Hoc
1967 2441 2098 2494 sub—

514 2519 650 2590 jecit
671 2523 831 2594 quasi
859 2525 908 2580 ei
943 2526 1218 2584 diceretur
1249 2548 1261 2584 :
1293 2528 1405 2584 Cur
1429 2531 1686 2596 moreris,
1711 2531 1759 2585 si
1791 2547 1901 2586 non
1929 2531 2098 2589 habes

512 2618 838 2685 peccatum?
877 2616 1014 2684 Quia
1061 2619 1222 2676 Pater
1252 2621 1550 2677 mandavit.
1602 2620 1913 2677 Notandum
1965 2637 2098 2678 sane

513 2707 646 2775 quia
674 2706 834 2763 Pater
856 2711 1078 2766 tradidit
1099 2711 1318 2775 Filium.
1358 2712 1532 2768 Filius
1562 2713 1824 2783 seipsum,
1857 2714 2098 2784 discipu-

511 2793 602 2850 lus
629 2796 984 2868 magistrum,
1005 2799 1257 2858 diabolus
1300 2801 1656 2868 Salvatorem,
1697 2801 1869 2857 Judaei
1913 2817 2095 2875 regem

511 2903 675 2942 suum
704 2890 958 2960 gentibus
991 2903 1042 2947 et
1071 2894 1241 2949 cruci.
1289 2893 1431 2951 Ecce
1473 2911 1613 2966 opus
1648 2910 1960 2963 commune,
2000 2894 2094 2950 sed

512 2981 828 3038 voluntates
855 2983 1012 3038 valde
1040 2984 1290 3040 diversas.

773 3073 1006 3129 SERMO
1045 3074 1110 3128 IN
1152 3075 1263 3130 DIE
1301 3074 1815 3132 PENTECOSTES.

2205 1901 2385 1947 mente
2406 1890 2712 1961 rapiuntur.
2745 1887 2850 1943 Per
2871 1887 3071 1942 Filium
3096 1888 3154 1941 fit
3187 1887 3559 1942 resurrectio
3589 1895 3806 1941 mortuo.

2202 2000 2353 2048 rum;
2401 1999 2498 2053 per
2527 1982 2794 2054 Spiritum
2834 1989 3084 2037 sanctum
3113 1981 3173 2035 fit
3221 1980 3576 2034 immutatio
3618 1996 3801 2035 eorum.

2202 2072 2306 2128 Per
2329 2071 2526 2127 Filium
2570 2072 2808 2127 mundus
2842 2071 3151 2140 iudicatur;
3195 2086 3297 2141 per
3355 2069 3653 2141 Spiritum
3703 2087 3804 2125 saa-

2202 2172 2349 2219 ctum
2380 2172 2612 2234 utraque
2636 2178 2765 2233 pars
2789 2161 2936 2232 juste
2991 2169 3418 2217 remuneratur.
3463 2160 3582 2216 Per
3625 2161 3796 2215 Filium

2203 2251 2352 2308 Deus
2376 2252 2540 2308 Pater
2573 2253 2772 2308 coelum
2809 2265 3012 2305 novum
3050 2259 3104 2306 et
3145 2258 3360 2304 terram
3402 2266 3631 2305 novam
3677 2265 3801 2305 σετα-

2201 2345 2281 2401 bit
2301 2387 2316 2413 ,
2347 2346 2442 2400 sed
2480 2343 2718 2414 Spiritus
2741 2351 2967 2398 sanctus
2995 2342 3255 2398 universa
3291 2341 3354 2396 in
3379 2343 3692 2398 meliorem
3717 2353 3802 2396 sta-

2199 2445 2316 2490 tum
2349 2435 2648 2490 renovabit.
2675 2434 2888 2490 Umlum
2919 2449 3111 2502 nempe
3135 2448 3232 2503 per
3250 2433 3457 2502 ipsum
3487 2434 3634 2488 solis
3657 2434 3800 2503 SpJ-za-

2199 2526 2331 2582 dore
2360 2526 2651 2593 induetnr;
2681 2542 2777 2596 per
2801 2527 2976 2596 ipsum
2998 2527 3080 2582 sol
3107 2527 3476 2596 septemplici
3505 2527 3715 2581 lumine
3733 2543 3800 2579 ve-

2198 2619 2430 2686 stietur;
2466 2634 2562 2688 per
2588 2617 2769 2688 ipsum
2804 2618 3036 2674 radiabit
3059 2619 3189 2673 luna
3218 2619 3365 2674 solis
3395 2620 3702 2686 claritate;
3727 2635 3800 2690 per

2198 2709 2379 2780 ipsum
2411 2709 2656 2764 vernabit
2687 2717 2831 2764 terra
2865 2710 3102 2779 paradisi
3147 2712 3522 2767 ammnitate.
3545 2711 3702 2766 Tunc
3731 2711 3798 2764 Fi-

2197 2801 2306 2858 lius
2341 2801 2409 2856 de
2456 2801 2641 2857 labore
2709 2802 3003 2856 translatos
3070 2800 3235 2856 faciet
3305 2803 3711 2864 discumbere,
3758 2811 3797 2854 et

2197 2893 2472 2950 transiens
2502 2893 2612 2948 illis
2651 2893 3006 2961 ministrabit,
3042 2894 3169 2964 quia
3193 2893 3260 2948 dc
3294 2893 3535 2964 judicio
3583 2897 3794 2956 rediens,

2195 2985 2399 3040 electos
2431 3000 2532 3054 pro
2553 2983 2788 3040 diversis
2818 2984 3030 3040 meritis
3062 2985 3116 3038 in
3146 2984 3393 3040 diversis
3439 2985 3622 3042 faciet
3666 3004 3794 3042 nian-

2123 3115 2166 3173 C
2199 3075 2450 3131 sionibus
2479 3075 2842 3145 requiescere,
2899 3083 2954 3129 et
2997 3075 3227 3146 gloriam
3280 3091 3407 3130 sua:
3468 3077 3696 3133 deitatis
3735 3079 3796 3131 eis

586 3182 616 3218 σ
637 3162 817 3220 Verbo
846 3165 1064 3222 Domini
1086 3167 1211 3223 caeli
1240 3167 1436 3223 firmati
1461 3177 1610 3236 sunt,
1637 3178 1693 3223 et
1732 3168 1959 3238 spiritus
1983 3167 2097 3226 oris
2124 3151 2166 3173 υ
2199 3163 2340 3220 facie
2395 3165 2465 3220 ad
2510 3164 2706 3220 faciem
2753 3164 3190 3231 demonstrabit;
3259 3163 3528 3234 Spiritus
3601 3177 3795 3223 sanctus

507 3255 630 3326 ejus
650 3257 833 3313 omnis
864 3257 1038 3314 virtus
1071 3272 1260 3314 eorum
1290 3257 1462 3329 (Psal.
1496 3259 1691 3330 χχχιι).
1720 3278 1739 3311 ο
1773 3257 1876 3314 Per
1899 3257 2096 3312 Filium

509 3347 602 3416 qui
630 3355 714 3403 est
739 3347 837 3403 Dei
872 3347 1135 3417 Verbum,
1159 3365 1266 3404 non
1293 3349 1470 3404 solum
1497 3350 1620 3405 cmli
1639 3391 1656 3417 ,
1709 3350 1805 3406 sed
1831 3359 1884 3405 et
1910 3350 2096 3406 omnia

508 3449 577 3494 ex
607 3439 781 3494 nihilo
803 3449 932 3496 sunt
961 3449 1166 3507 creata,
1195 3450 1250 3496 et
1272 3456 1340 3496 ne
1363 3441 1418 3495 in
1442 3441 1677 3496 nihilum
1727 3442 2093 3510 resolvantur,

509 3534 703 3589 eodem
731 3535 899 3590 verbo
923 3535 1160 3601 firmata,
1183 3543 1237 3589 et
1266 3535 1462 3605 spiritu
1497 3535 1611 3590 oris
1631 3535 1752 3606 ejus
1776 3536 1958 3590 omnis
1980 3537 2092 3589 vir-

505 3632 597 3678 tus
616 3639 808 3678 eorum
833 3633 1048 3678 ornata.
1073 3625 1263 3696 Angeli
1289 3641 1509 3696 quoque
1533 3627 1798 3682 suntcmli
1818 3628 2093 3698 appellati,

509 3713 642 3784 quia
666 3713 788 3768 aliis
817 3715 1222 3783 eorruentibns,
1253 3731 1349 3786 per
1371 3715 1611 3774 Verbum
1635 3716 1730 3772 Dei
1752 3718 1804 3772 in
1829 3719 2095 3776 charitate

512 3813 646 3861 sunt
671 3805 895 3872 firmati,
925 3814 980 3861 et
999 3822 1097 3878 per
1135 3807 1400 3878 Spiritum
1435 3809 1556 3880 ejus
1604 3811 1660 3865 in
1697 3813 1846 3866 omni
1893 3813 2096 3868 virtute

509 3896 814 3966 perornati.
843 3894 996 3954 Unde
1022 3899 1289 3970 scriptum
1334 3908 1455 3956 est:
1509 3900 1746 3972 Spiritus
1795 3903 1890 3959 Dei
1925 3905 2094 3960 caelos

497 3988 728 4045 ornavit
757 3987 880 4060 (Job
916 3989 1088 4060 xxw),
1119 3991 1248 4062 quia
1277 4001 1332 4047 et
1353 3991 1487 4060 istos
1513 3994 1682 4049 caelos
1713 3995 1896 4060 astris,
1920 4003 1975 4049 et
1996 4011 2094 4049 an-

509 4081 662 4150 gelos
691 4079 986 4138 virtutibus
1005 4083 1302 4138 decoravit.
1327 4082 1430 4139 Per
1458 4084 1657 4140 Filium
1696 4086 1896 4156 quippe
1923 4102 2093 4157 ange-

505 4172 598 4226 lici
621 4173 846 4242 spiritus
874 4184 1150 4242 creantur,
1176 4177 1270 4231 sed
1312 4192 1408 4246 per
1440 4176 1702 4247 Spiritum
1733 4189 1982 4234 sanctum
2011 4180 2094 4234 vi-

502 4262 922 4320 vificantur.Per
945 4265 1142 4321 Filium
1169 4267 1308 4322 lucis
1336 4268 1642 4323 substantia
1657 4269 1855 4337 eluxit;
1883 4271 1977 4326 sed
1999 4287 2094 4340 per

507 4350 773 4422 Spiritum
805 4365 1055 4411 sanctum
1083 4357 1338 4426 splendor
1367 4359 1487 4428 ejus
1519 4359 1738 4415 cfl‘ulsit.
1768 4360 1870 4416 Per
1892 4361 2092 4416 Filium

2198 3272 2329 3313 vero
2359 3257 2548 3312 tribuit
2570 3258 2649 3312 eis
2680 3257 2824 3311 velut
2846 3257 3010 3326 jubar
3037 3257 3169 3312 solis
3192 3257 3363 3326 pleno
3385 3259 3616 3328 gaudio
3642 3259 3795 3329 Spire-

2197 3351 2442 3418 descere,
2488 3361 2542 3406 et
2590 3349 2914 3406 Trinitatem
2965 3350 3020 3404 in
3075 3349 3285 3405 unitate
3326 3351 3794 3422 perfectecogno-

2197 3457 2373 3497 SCBI‘C.

2887 3548 3106 3588 DIVISIO.

2269 3623 2396 3680 llaec
2425 3624 2694 3680 festivitas
2732 3625 2972 3696 Spiritus
2994 3625 3167 3680 sancti
3198 3640 3297 3695 per
3323 3635 3554 3697 septem
3581 3627 3698 3682 dies
3719 3641 3790 3680 ce-

2194 3715 2457 3784 lebratur,
2491 3717 2623 3787 quia
2667 3718 2784 3788 ipse
2806 3718 2864 3772 in
2895 3726 3103 3788 septem
3134 3718 3296 3773 donis
3349 3734 3686 3786 veneratur,
3705 3720 3790 3773 sie

2196 3816 2257 3862 ut
2296 3824 2393 3877 per
2421 3809 2743 3878 prophetam
2773 3809 3210 3879 praenuntiatur:
3245 3827 3264 3862 t
3302 3805 3567 3880 Spiritus
3600 3813 3786 3880 sapien-

2195 3899 2286 3955 tiae
2309 3908 2364 3954 et
2391 3901 2718 3968 intellectus,
2762 3902 2994 3972 spiritus
3037 3893 3252 3957 consilii
3309 3911 3370 3956 et
3427 3902 3783 3966 fortitudinis;

2196 3990 2423 4060 spiritus
2451 3992 2693 4047 scientia:
2735 4001 2792 4048 et
2811 3993 3050 4063 pietatis,
3080 3993 3312 4062 spiritus
3347 3993 3585 4050 timoris
3626 3994 3784 4047 Dami-

2196 4082 2252 4135 ni
2280 4080 2415 4150 (Isa.
2445 4082 2578 4143 ιω.»
2614 4081 2743 4138 Ilmc
2770 4091 2898 4138 sunt
2921 4092 3126 4153 septem
3153 4083 3449 4150 mulieres,
3485 4102 3616 4152 quae
3641 4099 3782 4138 una

2194 4174 2373 4228 virum
2399 4175 2876 4244 apprehenderunt
2921 4173 3062 4244 (Isa.
3097 4175 3194 4243 tv),
3242 4176 3375 4244 quia
3433 4187 3656 4246 septem
3707 4175 3784 4227 do-

2195 4281 2265 4320 na
2296 4264 2532 4335 Spiritus
2555 4257 2730 4321 sancti
2761 4267 2937 4321 solum
2959 4264 3244 4320 Christum
3275 4268 3660 4336 corporaliter
3679 4280 3782 4336 pas—

2197 4356 2473 4410 sederunt.
2522 4353 2697 4426 IIujus
2748 4355 2984 4426 Spiritus
3038 4357 3181 4411 dona
3228 4357 3492 4412 coelestia
3541 4361 3782 4415 scandes:

503 4443 911 4498 ﬁrmamentum
937 4445 1242 4513 formatur;
1271 4447 1364 4502 sed
1391 4464 1488 4518 per
1529 4448 1793 4519 Spiritum
1838 4463 2090 4508 sanctum
2123 4446 2167 4500 D
2197 4464 2388 4503 omnes
2434 4449 2529 4518 qui
2575 4449 2768 4502 timent
2796 4447 2987 4503 Deum.
3021 4449 3122 4503 Per
3146 4450 3326 4518 ipsum
3354 4466 3616 4521 namque
3647 4453 3782 4505 timor

507 4533 668 4587 celeri
693 4534 1031 4589 volubilitate
1053 4543 1287 4591 rotatur.
1319 4536 1428 4592 Per
1451 4537 1651 4594 Filium
1702 4542 1804 4608 sol,
1838 4551 1892 4596 et
1937 4544 2090 4609 luna,

502 4625 756 4680 et'sidera
795 4626 1133 4696 temporibus
1155 4628 1529 4697 praaﬁciuntur
1553 4649 1568 4697 ;
1593 4631 1688 4686 sed
1712 4647 1808 4701 per
1826 4631 2090 4705 Spiritum

501 4727 756 4772 sanctum
780 4717 920 4774 lucis
947 4719 1126 4774 nitore
1163 4721 1565 4790 perpoliuntur.
1596 4721 1700 4777 Per
1744 4723 1946 4779 Filium
1989 4725 2090 4781 flu-

501 4809 654 4862 mina
681 4808 1020 4878 funduntur;
1051 4811 1143 4866 sed
1171 4827 1266 4882 per
1293 4811 1555 4883 Spiritum
1589 4822 1840 4870 sanctum
1871 4816 2090 4874 labilem

504 4913 731 4952 cursum
761 4903 1084 4958 sortiuntur.
1112 4903 1218 4960 Per
1243 4905 1442 4962 Filium
1473 4918 1618 4964 terra
1642 4907 1944 4978 formatur;
1995 4913 2088 4968 sed

503 5003 601 5056 per
631 4988 892 5057 Spiritum
924 5003 1174 5049 sanctum
1199 4995 1468 5054 fructibus
1515 5010 1569 5054 et
1614 5000 1841 5057 floribus
1862 5001 2090 5058 decora-

503 5084 616 5130 tur.
642 5075 743 5130 Per
772 5077 968 5134 Filium
992 5082 1206 5138 diversa
1244 5087 1501 5141 animalia
1533 5089 1947 5158 producuntur;
1992 5092 2086 5148 sed

505 5183 599 5236 per
648 5167 910 5236 Spiritum
965 5184 1216 5228 sanctum
1267 5177 1414 5231 vitali
1465 5187 1612 5233 statu
1657 5179 1997 5250 imbuuntur,
2035 5192 2095 5260 et.

504 5272 632 5312 aves
672 5257 878 5325 volatu,
902 5259 1081 5330 pisces
1133 5273 1344 5333 natatu,
1367 5269 1574 5332 bestia,
1600 5271 1836 5340 reptilia,
1863 5289 2086 5345 serpen-

504 5351 576 5404 tia
607 5365 798 5436 gressu
835 5367 933 5421 per
961 5368 1088 5408 eum
1117 5353 1437 5414 fulciuntur.
1477 5359 1578 5416 Per
1602 5362 1800 5420 Filium
1829 5365 1994 5423 homo
2017 5368 2088 5423 ad

505 5441 796 5510 imaginem
830 5443 924 5500 Dei
950 5445 1280 5516 plasmatur;
1313 5449 1408 5505 sed
1437 5468 1534 5523 per
1555 5436 1815 5526 Spiritum
1833 5468 2084 5516 sanctum

504 5532 558 5586 in
590 5533 772 5588 anima
800 5537 1125 5595 vivificatur.
1167 5539 1405 5612 Spiritus
1461 5557 1684 5620 sanctus
1732 5549 1964 5620 inspirat
2001 5552 2086 5606 di-

505 5639 661 5680 versa
702 5625 914 5699 ingenia
941 5649 954 5696 ;
997 5632 1113 5702 ipse
1139 5635 1303 5690 etiam
1338 5634 1433 5690 dat
1462 5616 1676 5694 diversa
1705 5616 1956 5698 artificia.
1983 5643 2084 5699 Per

507 5713 772 5784 Spiritum
807 5732 1055 5781 sanctum
1083 5724 1207 5783 data
1240 5737 1368 5785 sunt
1395 5745 1592 5801 genera
1617 5731 1961 5802 linguarum;
1989 5751 2082 5806 per

2197 4545 2474 4611 tribuitur,
2506 4545 2600 4614 qui
2629 4545 2684 4598 in
2714 4544 2824 4598 duo
2847 4543 3130 4599 dividitur.
3155 4543 3292 4598 Nam
3349 4555 3442 4600 est
3498 4547 3668 4600 timor
3686 4562 3778 4600 ser-

2195 4636 2316 4690 vilis
2359 4643 2516 4690 etest
2547 4637 2710 4689 timor
2739 4635 2940 4690 filialis.
2978 4633 3182 4691 Servus
3230 4635 3442 4706 quippe
3493 4639 3656 4692 timet
3699 4636 3780 4688 De-

2194 4728 2427 4794 minum,
2468 4743 2535 4781 ne
2557 4743 2681 4782 eum
2713 4727 2969 4793 damnet;
3004 4727 3150 4782 filius
3209 4728 3368 4782 timet
3429 4727 3686 4795 Patrem,
3729 4743 3784 4782 ce

2192 4834 2320 4874 eum
2351 4818 2676 4873 ethredet.
2713 4817 3003 4888 (Aucusr.)
3042 4837 3061 4870 ι
3103 4817 3285 4873 Timet
3335 4820 3606 4876 adultera
3636 4822 3784 4876 mari-

2193 4921 2330 4978 tum,
2359 4926 2426 4964 ne
2447 4909 2665 4976 veniat;
2697 4909 2851 4964 timet
2907 4926 3048 4964 uxor
3098 4919 3275 4977 casta,
3321 4926 3393 4965 ne
3457 4912 3729 4968 discedat.
3761 4931 3777 4962 ι

2190 5003 2329 5058 Cum
2381 5001 2620 5072 Spiritus
2659 5009 2904 5068 sanctus,
2961 5002 3058 5072 qui
3099 5009 3183 5057 est
3234 5001 3513 5069 charitas,
3556 5015 3778 5060 mentem

2190 5093 2516 5164 possederit,
2541 5093 2794 5147 servilem
2824 5094 3077 5149 timorem
3121 5093 3273 5149 foras
3321 5095 3581 5162 emittet;
3637 5099 3782 5150 timor

2190 5192 2372 5238 autem
2398 5182 2632 5253 Spiritus
2656 5181 2869 5237 Domini
2895 5183 2948 5237 in
2973 5183 3231 5239 saeculum
3263 5185 3458 5238 saeculi
3485 5195 3778 5254 permanet.

2188 5274 2308 5331 Jam
2338 5275 2482 5330 enim
2511 5275 2810 5345 gehennam
2843 5285 2902 5330 ut
2929 5291 3121 5330 servus
3144 5276 3354 5345 peccati
3385 5292 3502 5330 non
3551 5277 3776 5332 timebit.

2187 5369 2316 5440 quia
2345 5368 2555 5422 nullum
2585 5375 2869 5437 peccatum
2901 5369 3243 5423 committere
3279 5369 3506 5437 quarrit.
3539 5367 3658 5425 Deo
3691 5385 3774 5421 au—

2188 5469 2296 5515 tem
2322 5469 2384 5514 ut
2413 5459 2558 5514 filius
2583 5474 2678 5528 per
2706 5458 3126 5515 delectationem
3160 5460 3431 5514 virtutum
3461 5461 3770 5524 adhaerebit,

2185 5561 2242 5608 et
2279 5552 2401 5608 ideo
2427 5551 2547 5622 ejus
2572 5551 2940 5607 hazreditatem
2977 5551 3294 5623 possidebit.
3331 5552 3415 5606 Ab
3463 5552 3772 5623 ipsiusgn-

2185 5645 2260 5700 tia
2291 5644 2641 5699 obtineamus
2689 5643 2920 5706 orando,
2957 5631 3234 5714 quatenus
3275 5657 3380 5698 nos
3423 5643 3573 5698 servi
3603 5643 3770 5698 Domi-

2187 5753 2320 5793 num
2349 5735 2519 5792 Deum
2549 5745 2804 5793 nostrum
2853 5737 3163 5805 timeamus,
3197 5753 3225 5791 a
3255 5736 3400 5792 malo
3427 5735 3766 5796 declinando,
