3950 6380
90 368 231 424 985

1078 363 1661 423 DEFLORA'I‘IONES
1699 367 1798 424 SS.
1837 369 2148 428 PATRUM.
2187 403 2257 412 —
2295 363 2424 430 LIB.
2463 374 2504 430 l.

85 498 175 538 ne
223 495 355 535 nos
378 493 477 550 per
503 484 877 547 contemptum
916 487 1314 548 praeceptorum
1359 496 1590 536 suorum
1637 481 1736 535 ali-
1763 487 1810 545 Α
1841 493 1953 538 tum
1984 485 2064 539 eis
2095 486 2290 554 inﬂuit,
2327 486 2475 556 quod
2503 487 2586 543 eis
2615 485 2808 542 notitia
2837 485 3082 542 omnium
3108 497 3292 545 rerum
3320 494 3420 548 tri-

86 572 374 642 quando
397 569 573 641 ptenis
599 569 828 636 subdat;
882 567 994 623 imo
1029 570 1178 624 velut
1207 572 1393 626 hostes
1421 572 1530 628 sibi
1553 573 1730 626 rebel-

88 663 194 720 les
221 659 785 718 aeternis’tormentis
816 660 1026 728 puniat.
1052 659 1329 731 Rogemus
1364 677 1493 716 eum
1535 668 1596 716 ut
1643 661 1730 716 in-

93 761 242 807 star
287 752 538 805 ﬁliorum
573 749 788 804 lsraelis
835 765 1142 818 vereamur,
1167 759 1227 805 ut
1259 757 1493 821 patrem,
1525 751 1731 806 bonum

92 841 422 907 faciendo,
453 850 722 910 quatenus
743 841 1056 900 colueredes
1090 842 1186 898 lilii
1230 843 1314 900 sui
1371 843 1548 898 simus
1594 841 1734 898 facie

94 931 322 986 Patris
367 931 719 1001 perfruendo.
765 931 897 987 Post
922 933 1174 987 timorem
1215 933 1309 989 dat
1351 933 1591 1004 Spiritus
1620 935 1734 1004 pie-

98 1033 333 1085 tatem,
365 1032 424 1076 ut
441 1023 605 1076 homo
620 1021 811 1077 factori
835 1038 937 1077 suo
963 1023 1153 1078 devote
1167 1025 1387 1091 serviat,
1405 1034 1459 1080 et
1479 1026 1733 1096 proximo

98 1129 251 1186 qua:
291 1114 597 1184 przevalent
618 1113 760 1168 bona
787 1114 1082 1185 impendat.
1117 1116 1320 1171 Deinde
1339 1118 1624 1172 scientiam
1649 1118 1735 1172 in-

103 1207 342 1276 spirat,
374 1213 433 1258 ut
456 1205 587 1274 quid
629 1205 796 1262 homo
848 1205 1026 1261 facere
1088 1209 1174 1264 vel
1227 1209 1468 1264 devitarc
1515 1209 1731 1275 debeat,

106 1299 296 1352 sciat.
327 1295 464 1350 Post
490 1296 632 1351 hanc
654 1295 916 1352 fortitudo
952 1297 1022 1353 ab
1053 1299 1172 1369 ipso
1201 1299 1456 1366 donatur,
1483 1309 1544 1354 ut
1565 1301 1734 1354 homo

109 1404 234 1444 nec
257 1388 509 1454 blandis,
560 1403 660 1443 nec
679 1389 926 1444 adversis
959 1390 1028 1444 ad
1060 1390 1191 1446 vitia
1221 1389 1490 1446 ﬂectatur.
1529 1389 1734 1446 Deinde

110 1481 444 1536 consilium
477 1479 674 1536 rationi
698 1480 1095 1546 subministrat,
1140 1490 1200 1537 ut
1224 1482 1358 1537 utile
1399 1483 1582 1551 eligat,
1631 1496 1734 1535 no-

113 1586 306 1626 cuum
343 1577 586 1638 respuat.
611 1569 743 1624 Post
772 1570 877 1624 hoc
905 1571 1236 1626 intellectum
1261 1581 1500 1640 praastat,
1534 1583 1592 1627 ut
1613 1573 1736 1628 ani-

116 1674 221 1716 ma
245 1675 355 1730 per
375 1660 612 1714 visibilia
667 1660 999 1731 sempiterna
1049 1661 1334 1731 intelligat.
1390 1661 1593 1716 Deinde
1642 1679 1734 1718 sa-

114 1755 407 1824 pientiam
432 1754 684 1824 inspirat,
710 1762 770 1808 ut
794 1755 1079 1809 rationalis
1108 1759 1360 1809 creatura
1412 1757 1731 1810 mutabilem

118 1855 455 1900 creaturam
487 1845 772 1914 despiciat,
813 1844 1132 1899 Creatorem
1164 1859 1326 1899 suum
1369 1845 1463 1915 qui
1494 1855 1579 1901 est
1625 1847 1730 1899 im.

119 1937 415 1993 mutabile
458 1935 664 1990 bonum
701 1935 910 2006 diligat,
964 1936 1142 1990 solum
1195 1935 1401 1992 fontem
1457 1936 1734 2006 sapientiae

121 2027 428 2082 Christum
455 2027 508 2080 in
538 2025 744 2096 Spiritu
771 2034 962 2080 sancto
991 2026 1194 2096 sapiat.

205 2116 322 2183 Qui
360 2132 456 2185 per
485 2115 856 2186 septiformem
902 2115 1165 2185 Spiritum
1221 2116 1278 2170 in
1311 2117 1398 2172 his
1442 2118 1734 2174 virtutibus

125 2208 440 2274 ﬂorebunt,
492 2223 589 2278 per
644 2208 824 2278 ipsum
877 2217 1084 2279 septem
1135 2223 1361 2264 munera
1405 2211 1458 2264 in
1482 2224 1732 2280 corpore,

130 2307 353 2368 septem
391 2297 534 2352 dona
561 2297 614 2350 in
651 2297 834 2352 anima
875 2298 1213 2367 obtinebunt,
1250 2301 1470 2370 quando
1505 2301 1559 2354 in
1593 2311 1734 2354 terra

132 2405 242 2448 sua
273 2388 514 2458 duplicia
541 2388 919 2458 possidebunt,
953 2404 1077 2443 cum
1108 2390 1162 2443 in
1202 2406 1433 2460 corpore
1463 2391 1606 2445 sicut
1653 2391 1736 2445 sol

133 2479 452 2551 fulgebunt,
499 2487 554 2534 et
597 2479 651 2532 in
699 2479 882 2534 anima
924 2481 1162 2549 aequales
1193 2481 1401 2551 angelis
1435 2490 1615 2536 erunt.
1654 2482 1737 2537 Ab

134 2571 265 2642 ipso
308 2585 546 2640 namque
575 2569 733 2640 cujus
764 2569 1228 2640 pulchritudinem
1263 2571 1344 2625 sol
1374 2582 1429 2626 et
1471 2572 1600 2625 luna
1633 2572 1737 2626 mi-

138 2672 359 2729 rantur,
392 2663 591 2733 septies
613 2678 725 2733 prae
748 2662 866 2718 sole
892 2663 1098 2717 clarius
1123 2661 1180 2716 in
1209 2678 1437 2733 corpore
1458 2663 1738 2719 illustran-

139 2763 236 2811 tur
261 2773 274 2808 :
303 2753 555 2809 Christus
575 2753 773 2824 quippe
795 2767 892 2824 per
915 2753 1178 2824 Spiritum
1200 2764 1450 2810 sanctum
1471 2754 1737 2810 reformav

139 2846 227 2902 bit
262 2861 462 2914 corpus
491 2845 818 2901 humilitatis
861 2860 1024 2912 verae,
1072 2847 1474 2917 conﬁguratum
1519 2848 1734 2916 corpori

144 2937 410 2992 claritatis
431 2951 545 2992 suae
575 2934 834 3007 (Philipp.
863 2937 968 3007 ιιι).
995 2936 1063 2992 Et
1089 2953 1213 2992 cum
1246 2939 1317 2993 sit
1339 2953 1538 3008 corpus
1571 2939 1734 3008 spiri—

145 3028 276 3094 tale,
301 3028 390 3082 ille
414 3027 572 3098 cujus
601 3043 782 3082 sermo
810 3028 1070 3084 velociter
1093 3029 1264 3084 currit
1294 3029 1468 3101 (Psal.
1507 3030 1732 3099 cxnvn),

1835 574 1973 628 huit.
2018 573 2280 632 lneﬂ‘abili
2320 579 2559 634 amicitia
2589 578 2937 649 c0pulantur,
2979 579 3106 649 quia
3148 595 3179 635 a
3214 581 3325 640 Deo
3358 593 3421 640 ut

1835 663 1952 731 ﬂlii,
1985 665 2054 720 ab
2082 667 2290 736 angelis
2335 677 2395 721 ut
2421 665 2620 722 fratres
2650 677 2926 722 amantur.
2970 666 3419 740 Incomparabilis

1835 753 2130 808 concordia
2164 769 2260 809 eos
2295 755 2654 826 conglutinat,
2691 756 2821 826 quia
2855 771 2956 812 nec
2989 755 3156 825 Deus,
3186 774 3288 814 nec
3319 760 3421 813 ali-

1835 843 1958 913 quis
1989 854 2304 900 sanctorum
2335 847 2403 901 ab
2433 849 2674 916 ipsorum
2702 849 2982 903 voluntate
3006 850 3296 920 discrepat.
3329 851 3424 905 In-

1836 935 2141 989 aestimabili
2164 945 2430 1004 potestate
2455 939 2840 1006 sublimantur,
2868 941 2996 1010 quia
3028 956 3170 996 novo
3200 943 3340 998 creto
3367 953 3424 998 et

1835 1041 1992 1081 nova:
2017 1037 2172 1082 terra:
2204 1029 2598 1098 principantur.
2643 1029 2998 1085 lnenarrabili
3028 1033 3244 1102 .honore
3272 1035 3424 1088 exal-

1836 1125 2041 1182 tantur,
2069 1118 2198 1186 quia
2241 1119 2311 1173 ab
2341 1120 2458 1188 ipso
2487 1119 2599 1174 Deo
2619 1129 2672 1175 et
2698 1121 2766 1174 ab
2795 1121 3067 1178 universis
3093 1124 3300 1194 angelis
3329 1139 3424 1178 ve-

1836 1217 2116 1262 ne‘rantur.
2153 1207 2378 1264 Summa
2400 1211 2690 1266 securitate
2711 1211 2936 1280 pollent,
2968 1213 3097 1282 quia
3119 1229 3281 1268 nemo
3307 1215 3424 1269 hac

1836 1301 1906 1354 ab
1933 1301 2014 1356 eis
2043 1317 2284 1371 unquam
2317 1302 2486 1357 tollet.
2525 1302 2751 1358 Plenum
2797 1304 3056 1374 gaudium
3084 1305 3139 1358 in
3177 1305 3261 1360 his
3303 1305 3424 1360 sine

1837 1391 1945 1446 ﬁne
1982 1392 2288 1460 habebunt;
2317 1407 2508 1449 omnes
2559 1395 2766 1449 amicos
2814 1409 2968 1461 suos,
2997 1411 3140 1463 quos
3167 1396 3422 1465 diligunt,

1837 1481 2030 1536 iisdem
2055 1483 2213 1538 bonis
2237 1482 2342 1537 frui
2365 1493 2624 1553 perpetuo
2644 1485 2974 1555 gaudebunt.
2999 1483 3125 1539 Haec
3136 1494 3264 1539 sunt
3281 1486 3426 1540 dona

1836 1588 1959 1642 quae
1995 1572 2247 1628 Christus
2293 1574 2348 1626 in
2382 1575 2550 1628 altum
2583 1574 2882 1630 ascendens
2913 1575 3227 1630 hominibus
3256 1575 3422 1642 dedit,

1837 1680 1976 1733 quos
2025 1680 2056 1719 a
2101 1665 2320 1720 diabolo
2366 1674 2592 1734 captos,
2643 1665 2712 1720 de
2747 1674 2923 1720 morte
2958 1668 3204 1736 captivos
3246 1666 3422 1733 duxit,

1838 1757 2226 1827 astrigerisque
2263 1757 2484 1812 sedibus
2515 1757 2691 1812 victor
2718 1757 2992 1826 gloriosus
3015 1758 3233 1813 invexit.

2515 1864 2739 1903 DIVISIO.

1907 1935 1968 1991 In
1991 1947 2133 1992 terra
2162 1938 2358 2007 positis
2385 1938 2654 1993 Dominus
2682 1939 2824 1993 dona
2871 1953 2970 1993 sua
3013 1938 3262 2006 contulit,
3293 1939 3426 1994 dum

1837 2044 1934 2100 per
1961 2030 2293 2085 charismata
2344 2031 2520 2085 sancti
2569 2028 2805 2099 Spiritus
2839 2044 2936 2083 eos
2963 2029 3135 2098 signis
3185 2040 3239 2084 et
3267 2030 3428 2085 nouis

1836 2121 2040 2191 linguis
2069 2137 2358 2177 coruscare
2394 2122 2602 2176 tribuit.
2648 2120 2822 2174 Porro
2871 2120 2966 2189 qui
3013 2128 3219 2189 septem
3265 2119 3428 2175 donis

1839 2197 2076 2281 Spiritus
2127 2213 2302 2266 sancti
2349 2212 2510 2266 vacui
2555 2211 2926 2277 inveniuntur,
2975 2219 3111 2280 quot
3144 2210 3232 2265 isti
3265 2211 3429 2266 bonis

1836 2301 2214 2371 perfruuntur,
2250 2311 2327 2357 tot
2358 2303 2434 2355 illi
2470 2301 2644 2371 poenis
2677 2300 3087 2356 cruciabuntur.
3141 2299 3268 2355 Haec
3296 2309 3431 2355 sunt

1839 2391 1970 2446 olim
2002 2391 2057 2444 in
2087 2391 2204 2461 lege
2248 2392 2630 2462 praeﬁgurata;
2662 2390 2780 2444 haec
2816 2404 2914 2458 per
2965 2390 3260 2458 pr0phetas
3289 2404 3428 2459 prae-

1838 2481 2108 2536 nuntiata.
2141 2481 2217 2536 De
2245 2482 2401 2552 legali
2432 2483 2632 2551 quippe
2663 2480 2991 2536 candelabro
3016 2489 3224 2550 septem
3252 2481 3432 2535 lucer-

1838 2586 1924 2626 nae
1965 2570 2280 2640 praecedunt
2321 2570 2519 2641 (Exod.
2553 2571 2668 2637 xv),
2695 2569 2822 2638 quia
2850 2569 2918 2624 de
2954 2568 3176 2623 Christo
3218 2578 3426 2639 septem

1837 2664 1979 2718 dona
2032 2662 2269 2732 Spiritus
2299 2662 2471 2718 sancti
2513 2661 2771 2718 Ecclesiae
2805 2661 3094 2731 prodeunt.
3130 2659 3256 2716 Haec
3301 2670 3431 2716 sunt

1839 2767 2045 2824 septem
2079 2755 2350 2810 columna:
2395 2755 2598 2824 quibus
2642 2753 2841 2808 domus
2872 2751 3164 2822 Sapientia:
3206 2752 3432 2807 fulcitur

1839 2844 2020 2916 (Prov.
2054 2845 2154 2914 ιιι),
2189 2845 2316 2913 quia
2343 2844 2504 2898 donis
2535 2853 2740 2912 septem
2771 2841 3008 2912 Spiritus
3037 2843 3210 2898 sancti
3238 2841 3430 2898 Eccle-

1838 2937 1940 3002 sia,
1969 2945 2192 3006 quaeest
2221 2937 2421 2990 domus
2451 2934 2568 3000 Dei,
2592 2935 2906 3004 insignitur.
2941 2933 3006 2987 Hi
3050 2942 3180 2988 sunt
3223 2942 3427 3002 septem

1837 3027 1980 3082 oculi
1999 3067 2016 3094 ,
2043 3043 2184 3096 quos
2209 3027 2474 3096 propheta
2497 3026 2550 3078 in
2580 3040 2692 3079 uno
2720 3025 2900 3095 lapide
2929 3025 3071 3079 videt
3099 3023 3284 3093 (Zuclt.
3322 3025 3428 3092 ιιι),

149 3128 300 3174 tanta
329 3118 459 3172 illud
482 3118 694 3188 (vestiet
726 3119 1033 3187 velocitate,
1059 3128 1306 3190 utquam
1347 3121 1456 3176 cito
1481 3137 1629 3176 nunc
1649 3121 1734 3174 vi~
1759 3137 1809 3200 ο
1839 3119 1964 3188 quia
1994 3119 2244 3172 videlicet
2287 3126 2436 3186 petra
2481 3115 2736 3170 Christus
2763 3124 2968 3184 septem
2998 3116 3142 3170 dona
3190 3113 3430 3184 Spiritus

150 3225 248 3264 sus
271 3209 465 3264 coelum
495 3208 579 3262 vel
603 3209 872 3280 cogitatus
894 3210 1044 3266 orbis
1065 3221 1372 3266 extremum
1393 3211 1608 3280 attingit
1637 3225 1736 3265 sua

153 3299 405 3369 agilitate,
430 3307 540 3356 tam
565 3301 777 3355 concise
802 3310 932 3356 tunc
954 3302 1083 3358 illuc
1113 3303 1319 3358 feratur
1342 3303 1590 3372 corporis
1621 3317 1737 3355 mo-

155 3391 476 3446 bilitate.Ab
508 3391 625 3461 ipso
640 3391 803 3446 etiam
818 3393 912 3462 qui
937 3395 1274 3448 estomninm
1305 3393 1586 3458 fortitudo,
1620 3403 1739 3446 tan-

157 3494 211 3540 ta
247 3485 592 3539 roborabitur
617 3484 958 3551 fortitudine,
995 3493 1055 3539 ut
1080 3486 1251 3540 moles
1276 3487 1544 3540 montium
1581 3484 1740 3540 facile

158 3577 326 3648 possit
353 3576 489 3648 pede
516 3576 854 3630 subvertere.
883 3575 966 3628 Ab
991 3576 1111 3645 ipso
1135 3592 1355 3646 quoque
1383 3577 1478 3646 qui
1531 3576 1633 3631 fuit
1657 3577 1740 3630 in-

159 3675 242 3721 ter
269 3663 510 3734 mor's
557 3664 695 3718 liber
733 3663 906 3732 (Psal.
956 3665 1225 3734 Lxxxvn),
1257 3673 1406 3720 tanta
1439 3665 1629 3734 jinerit
1661 3665 1741 3718 eis

163 3753 329 3825 gratia
371 3753 662 3818 libertatis,
691 3761 752 3808 ut
779 3755 960 3808 omnis
990 3754 1164 3810 solida
1192 3763 1444 3809 creatura
1475 3755 1547 3808 sit
1571 3754 1620 3808 ei
1651 3769 1744 3822 pe_

164 3843 458 3902 netrabilis.
492 3843 547 3898 In
575 3845 734 3916 cujus
762 3845 980 3900 visione
1023 3846 1200 3916 angeli
1229 3860 1426 3916 magna
1459 3845 1748 3900 dulcedine

167 3937 498 4004 redundant;
530 3952 723 3994 omnes
768 3939 942 3994 sancti
979 3939 1238 3994 maximis
1281 3937 1494 3994 deliciis
1542 3937 1746 3991 exube-

168 4039 304 4096 rant,
327 4030 394 4083 ab
416 4028 538 4099 ipso
562 4030 713 4084 omni
738 4029 1011 4086 afﬂuentia
1036 4031 1338 4100 voluptatis
1366 4027 1744 4100 perfruuntur,

169 4121 290 4177 dum
321 4121 370 4174 in
410 4120 609 4193 gaudio
647 4120 859 4176 Domini
891 4121 976 4175 sui
1032 4137 1196 4190 super
1232 4120 1416 4175 omnia
1466 4120 1608 4174 bona
1644 4133 1747 4174 sua

170 4211 588 4272 constituuntur,
623 4208 716 4265 ubi
764 4211 966 4281 Regem
993 4210 1178 4280 gloriae
1219 4209 1380 4264 sicuti
1411 4220 1493 4263 est
1522 4215 1748 4263 cernent

171 4304 226 4359 in
251 4319 343 4358 suo
363 4304 578 4371 decore,
596 4305 648 4358 in
662 4317 825 4374 quem
849 4301 1162 4356 desiderant
1179 4300 1508 4371 prospicere,
1528 4299 1617 4353 ubi
1631 4313 1749 4352 om—

173 4393 313 4448 nium
337 4395 654 4462 angelorum
682 4401 738 4448 et
763 4401 1080 4448 sanctorum
1107 4390 1549 4460 gloriamvident,
1572 4397 1626 4442 et
1649 4402 1748 4442 sua

1839 3209 2016 3264 sancti
2047 3210 2116 3264 ad
2161 3208 2617 3262 illuminationem
2648 3207 2954 3260 animarum
2981 3206 3231 3260 ﬁdelibus
3259 3206 3426 3260 dedit.

1838 3299 1964 3354 Hzec
1991 3309 2119 3355 sunt
2140 3315 2346 3355 cornua
2384 3299 2521 3368 Agni
2549 3308 2768 3368 propter
2794 3313 2894 3352 nos
2929 3297 3095 3352 occisi
3123 3297 3307 3366 (Apoc.
3346 3297 3428 3366 v),

1839 3391 2039 3460 quibus
2065 3389 2346 3446 credentes
2373 3389 2671 3458 proderunt
2715 3387 2891 3456 capita
2939 3395 3146 3454 septem
3175 3385 3432 3440 draconis

1841 3480 1964 3533 ruﬂ.
1988 3477 2144 3534 Unde
2165 3487 2219 3533 et
2245 3479 2415 3532 isdem
2437 3476 2674 3546 Spiritus
2693 3487 2914 3530 sanctus
2945 3489 3108 3543 super
3137 3473 3429 3528 Dominum

1839 3571 2172 3640 baptizatum
2207 3570 2262 3623 in
2280 3569 2548 3624 columbae
2561 3566 2740 3636 Specie
2749 3565 3096 3620 descendisse
3107 3564 3432 3634 praedicatur

1842 3672 2064 3730 propter
2090 3671 2295 3730 septem
2326 3669 2552 3714 naturas
2571 3673 2694 3728 quae
2717 3658 2772 3711 in
2797 3657 3052 3712 columba
3072 3673 3196 3712 esse
3221 3672 3434 3711 memo-

1842 3761 2056 3806 rantur.
2091 3751 2358 3806 Columba
2408 3752 2464 3803 in
2510 3760 2662 3816 petra
2702 3747 2966 3812 nidiﬁcat,
3016 3747 3145 3818 quia
3195 3746 3436 3818 Spiritus

1845 3850 2067 3896 sanctus
2090 3842 2143 3894 in
2174 3841 2394 3895 Christo
2420 3831 2782 3908 corporaliter
2797 3837 3010 3892 habitat
3028 3879 3042 3903 ,
3075 3839 3285 3894 alienos
3309 3839 3434 3909 pul-

1846 3932 1928 3986 los
1952 3933 2142 3996 nutrit,
2176 3932 2306 3985 dum
2327 3938 2573 3984 errantes
2595 3947 2626 3984 a
2651 3945 2818 4000 regno
2843 3927 2936 3982 Dei
2963 3931 3172 3984 alienos
3193 3945 3288 3999 per
3314 3945 3432 4000 pae-

1847 4022 2132 4077 nitentiam
2156 4003 2396 4087 reducit;
2427 4036 2564 4090 pura
2600 4035 2768 4091 grana
2796 4020 2965 4090 eligit,
2998 4020 3126 4088 quia
3165 4019 3339 4074 bonos
3367 4020 3435 4076 de

1848 4115 2030 4180 malis,
2059 4125 2117 4168 ut
2142 4129 2312 4185 grana
2339 4113 2405 4168 de
2439 4113 2611 4182 paleis
2655 4111 2918 4176 secernit;
2948 4111 3071 4164 felle
3105 4119 3272 4174 caret,
3305 4110 3434 4178 quia

1849 4208 2054 4261 malitia
2078 4222 2174 4261 eos
2203 4214 2432 4260 evacuat
2452 4219 2589 4274 quos
2619 4203 2896 4273 possidet;
2923 4217 3031 4256 non
3063 4202 3208 4256 laedit
3229 4209 3436 4267 rostro,

1849 4300 1979 4369 quia
2001 4297 2210 4368 Spiritu
2235 4306 2425 4353 sancto
2443 4297 2682 4366 repletus
2703 4309 2812 4348 non
2837 4293 3128 4348 insidiatur
3146 4292 3435 4362 proximo,;

1845 4391 2002 4461 juxta
2024 4391 2226 4444 ﬂuenta
2245 4390 2476 4454 habitat,
2495 4388 2624 4459 quia
2651 4387 2888 4457 Spiritus
2905 4395 3126 4440 sanctus
3149 4385 3200 4438 in
3221 4383 3438 4452 sapieng

176 4485 402 4540 membra
424 4495 618 4540 cuneta
654 4483 934 4554 perlucida
973 4483 1122 4538 intus
1141 4493 1196 4538 et
1221 4490 1374 4537 extra
1419 4479 1745 4549 inspiciunt;
1780 4483 1822 4537 D
1851 4483 1998 4538 tibus
2026 4482 2266 4548 habitat;
2297 4482 2558 4553 gregatim
2599 4481 2766 4544 volat,
2813 4479 2942 4548 quia
2991 4475 3334 4546 congregatis
3381 4473 3434 4527 in

179 4575 264 4628 ubi
287 4575 483 4644 jugiter
517 4574 748 4628 audiunt
797 4588 1058 4628 resonare
1107 4587 1311 4641 organa
1348 4578 1662 4624 sanctorum
1693 4575 1747 4621 et

177 4672 457 4720 concentus
486 4664 836 4734 angelorumj;
895 4663 986 4717 ubi
1035 4661 1366 4718 cinnamomi
1410 4668 1466 4716 et
1515 4658 1748 4714 balsami

179 4757 331 4810 odore
353 4757 681 4811 suavissimo
729 4756 1144 4822 recreabuntur,
1181 4763 1237 4810 et
1294 4755 1348 4808 in
1381 4762 1604 4823 aspectu
1649 4751 1747 4814 Dei

180 4849 497 4903 exsultantes
533 4849 844 4916 cpulentur,
875 4857 929 4902 et
963 4849 1019 4902 in
1055 4848 1240 4902 laetitia
1268 4847 1626 4911 delectentur,
1667 4855 1752 4900 at-

181 4955 278 5008 que
295 4939 356 4992 ah
376 4939 622 4992 ubertate
643 4938 840 4992 domus
861 4936 957 4990 Dei
981 4936 1417 5002 inebriabuntur,
1436 4943 1490 4989 et
1512 4942 1751 4989 torrente

182 5030 454 5099 voluptatis
477 5031 597 5099 ejus
638 5028 975 5098 potabuntur
995 5027 1169 5099 (Ptol.
1198 5027 1385 5095 xxxv).
1411 5025 1496 5080 Ab
1517 5026 1637 5095 ipso
1655 5025 1750 5095 qui

183 5131 260 5177 est
286 5122 426 5176 salus
459 5121 704 5175 omnium
734 5130 883 5176 tanta
914 5120 1147 5175 sanitate
1167 5119 1492 5184 solidantur,
1524 5127 1584 5172 ut
1612 5119 1754 5172 sicut

187 5230 316 5269 nunc
354 5215 544 5268 radius
572 5215 704 5269 solis
741 5214 947 5268 nullam
999 5215 1319 5277 sectionem,
1352 5211 1425 5264 ita
1466 5211 1569 5280 ipsi
1623 5219 1754 5266 tunc

187 5306 366 5360 nullam
393 5307 640 5375 corporis
667 5307 976 5375 passionem
1008 5305 1303 5374 patiantur.
1327 5303 1423 5356 .Ab
1454 5302 1547 5359 illo
1561 5302 1654 5371 qui
1672 5314 1756 5360 est

187 5395 284 5448 vita
307 5405 522 5460 aeterna,
550 5397 629 5451 sic
651 5395 990 5466 lcrngaavitate
1012 5394 1424 5460 confirmantur,
1440 5394 1588 5464 quod
1613 5411 1756 5449 nun-

191 5499 334 5552 quam
355 5485 409 5538 in
433 5495 695 5539 aeternum
721 5494 897 5540 morte
919 5484 1219 5539 solventur.
1243 5481 1368 5539 Haec
1385 5493 1592 5554 septem
1613 5485 1756 5541 bona

198 5577 450 5632 habebunt
466 5579 520 5632 in
537 5593 771 5647 corpore
799 5593 896 5647 per
911 5588 1117 5648 septem
1139 5580 1314 5635 sancti
1337 5577 1571 5647 Spiritus
1591 5578 1752 5632 dona.

195 5666 416 5724 Totidem
448 5669 502 5724 in
549 5670 733 5724 anima
764 5669 1062 5738 habebunt,
1090 5671 1183 5726 ubi
1232 5670 1302 5725 de
1335 5671 1495 5726 bonis
1539 5669 1757 5724 Domini

197 5764 478 5833 perenniter
508 5763 841 5837 gaudebunt.
867 5761 1005 5819 Nam
1031 5764 1147 5835 ipse
1178 5763 1301 5820 fons
1330 5762 1609 5834 sapientiae
1635 5771 1756 5819 tan-

1855 4576 2078 4630 nomine
2101 4574 2320 4628 Domini
2349 4575 2586 4644 Spiritus
2610 4581 2835 4628 sanctus
2860 4586 2959 4626 sua
2993 4584 3218 4624 munera
3248 4567 3435 4622 donat.

1850 4667 2006 4724 Unde
2045 4668 2309 4738 prepheta
2342 4687 2354 4721 :
2395 4686 2412 4718 ι
2450 4666 2612 4734 Ecce,
2667 4665 2864 4734 inquit,
2899 4679 3062 4734 quam
3111 4663 3338 4726 bonum,
3384 4667 3440 4714 et

1849 4776 2016 4832 quam
2062 4759 2364 4829 jucundum
2407 4758 2654 4812 habitare
2687 4755 2884 4810 fratres
2928 4755 2982 4808 in
3037 4755 3238 4806 unum!
3288 4749 3441 4805 Sicut

1851 4859 2190 4922 unguentum
2217 4851 2270 4903 in
2297 4849 2474 4918 capite
2491 4848 2636 4918 quod
2665 4846 2944 4901 descendit
2967 4847 3020 4898 in
3044 4845 3292 4909 barbam,
3317 4845 3444 4898 bar-

1852 4945 1978 4999 bam
2005 4943 2208 5008 Aaron,
2232 4942 2379 5012 quod
2399 4939 2680 4996 descendit
2708 4939 2762 4991 in
2787 4952 2938 4991 oram
2969 4935 3276 4991 vestimenti
3297 4935 3441 5004 ejus,

1855 5033 1999 5088 sicut
2027 5048 2122 5087 ros
2154 5031 2413 5094 llermon,
2460 5031 2553 5100 qui
2608 5028 2892 5083 descendit
2927 5027 2980 5080 in
3014 5035 3252 5081 montem
3285 5024 3440 5079 Sion.

1855 5123 2030 5194 (Psal.
2055 5126 2322 5193 cxxxu).t
2352 5121 2576 5176 Fratres
2606 5120 2661 5173 in
2691 5133 2860 5173 unum
2890 5119 3175 5172 unanimes
3209 5133 3334 5172 cum
3354 5117 3445 5186 ju-

1855 5215 2131 5272 cunditate
2159 5214 2496 5279 habitabant,
2535 5212 2754 5282 quando
2781 5211 3074 5264 multitudo
3101 5210 3443 5264 credentium

1857 5321 1953 5360 cor
1976 5321 2147 5360 unum
2178 5313 2232 5359 et
2261 5305 2500 5358 animam
2521 5319 2686 5357 unam
2720 5301 3012 5356 habebant.
3046 5301 3170 5354 Ideo
3192 5314 3443 5368 unguen-

1858 5405 1972 5451 tum
1995 5396 2062 5451 de
2089 5395 2264 5464 capite
2291 5395 2346 5448 in
2397 5395 2624 5449 barbam
2667 5393 2853 5446 Aaron
2884 5389 3186 5455 descendit,
3217 5389 3345 5458 quia
3378 5386 3444 5440 de

1857 5489 2034 5558 capite
2062 5486 2309 5541 omnium
2338 5485 2450 5541 Deo
2479 5486 2688 5541 scilicet
2714 5483 2951 5554 Spiritus
2973 5490 3217 5546 sanctus,
3243 5479 3336 5549 qui
3362 5487 3444 5532 est

1859 5579 2119 5650 spiritalis
2149 5577 2355 5642 unctio,
2379 5577 2433 5630 in
2460 5574 2740 5645 apostolos
2767 5571 2935 5626 venit.
2966 5569 3070 5623 Per
3105 5570 3311 5634 Aaron,
3349 5567 3444 5637 qui

1859 5686 2008 5725 mons
2051 5667 2383 5740 fortitudinis
2411 5667 2631 5732 dicitur,
2660 5663 2916 5719 Christus
2958 5660 3300 5731 intelligitur,
3350 5673 3444 5728 per

1861 5774 2024 5831 quem
2047 5758 2233 5817 fideles
2252 5765 2441 5814 contra
2466 5756 2595 5812 vitia
2625 5753 2794 5810 fortes
2816 5751 3076 5819 existunt,
3103 5759 3263 5821 atque
3288 5748 3342 5804 in
3366 5747 3440 5803 al-

3928 3479 3929 3496 ι

3928 3593 3929 3610 ι

3927 3755 3929 3772 ι

3928 3783 3929 3798 ι

3927 3827 3929 3852 1

3928 3907 3929 3944 i

3928 3983 3929 4002 i

3927 5679 3929 5778 1

3925 5919 3930 6071 ἶ
