  <div class='ocr_page' id='page_1' title='image "/cluster/home/n/w/nwhite01/storage/ocr_20150623/157/hvd.32044010248185/499.png"; bbox 0 0 3948 6458; ppageno 0'>
   <div class='ocr_carea' id='block_1_1' title="bbox 502 357 604 416">
    <p class='ocr_par' dir='ltr' id='par_1_1' title="bbox 502 357 604 416">
     <span class='ocr_line' id='line_1_1' title="bbox 502 357 604 416; baseline -0.059 0"><span class='ocrx_word' id='word_1_1' title='bbox 502 357 604 416; x_wconf 84' lang='lat'><strong>987</strong></span> 
     </span>
    </p>
   </div>
   <div class='ocr_carea' id='block_1_2' title="bbox 1635 338 2658 402">
    <p class='ocr_par' dir='ltr' id='par_1_2' title="bbox 1635 338 2658 402">
     <span class='ocr_line' id='line_1_2' title="bbox 1635 338 2658 402; baseline -0.006 1"><span class='ocrx_word' id='word_1_2' title='bbox 1635 343 1961 402; x_wconf 71' lang='lat' dir='ltr'><strong>WEBNER!</strong></span> <span class='ocrx_word' id='word_1_3' title='bbox 1998 340 2224 398; x_wconf 80' lang='lat' dir='ltr'><strong>ABBAT</strong></span> <span class='ocrx_word' id='word_1_4' title='bbox 2229 340 2293 397; x_wconf 88' lang='lat' dir='ltr'><strong>IS</strong></span> <span class='ocrx_word' id='word_1_5' title='bbox 2331 341 2390 398; x_wconf 85' lang='lat' dir='ltr'><strong>S.</strong></span> <span class='ocrx_word' id='word_1_6' title='bbox 2432 338 2658 398; x_wconf 68' lang='lat' dir='ltr'><strong>BLASK</strong></span> 
     </span>
    </p>
   </div>
   <div class='ocr_carea' id='block_1_3' title="bbox 3663 333 3760 394">
    <p class='ocr_par' dir='ltr' id='par_1_3' title="bbox 3663 333 3760 394">
     <span class='ocr_line' id='line_1_3' title="bbox 3663 333 3760 394; baseline 0 -6"><span class='ocrx_word' id='word_1_7' title='bbox 3663 333 3760 394; x_wconf 76' lang='lat'><strong>988</strong></span> 
     </span>
    </p>
   </div>
   <div class='ocr_carea' id='block_1_4' title="bbox 499 445 3763 532">
    <p class='ocr_par' dir='ltr' id='par_1_4' title="bbox 499 445 3763 532">
     <span class='ocr_line' id='line_1_4' title="bbox 499 445 3763 532; baseline -0.008 -3"><span class='ocrx_word' id='word_1_8' title='bbox 499 483 615 529; x_wconf 87' lang='lat' dir='ltr'><strong>tum</strong></span> <span class='ocrx_word' id='word_1_9' title='bbox 642 470 708 526; x_wconf 91' lang='lat' dir='ltr'><strong>de</strong></span> <span class='ocrx_word' id='word_1_10' title='bbox 727 466 927 524; x_wconf 88' lang='lat' dir='ltr'><strong>virtute</strong></span> <span class='ocrx_word' id='word_1_11' title='bbox 957 466 1013 521; x_wconf 93' lang='lat' dir='ltr'><strong>in</strong></span> <span class='ocrx_word' id='word_1_12' title='bbox 1038 465 1291 519; x_wconf 90' lang='lat' dir='ltr'><strong>virtutem</strong></span> <span class='ocrx_word' id='word_1_13' title='bbox 1329 464 1504 521; x_wconf 89' lang='lat' dir='ltr'><strong>ibunt.</strong></span> <span class='ocrx_word' id='word_1_14' title='bbox 1545 459 1720 532; x_wconf 81' lang='lat' dir='ltr'><strong>Hujus</strong></span> <span class='ocrx_word' id='word_1_15' title='bbox 1748 460 1916 516; x_wconf 90' lang='lat' dir='ltr'><strong>barba</strong></span> <span class='ocrx_word' id='word_1_16' title='bbox 1945 474 2078 529; x_wconf 88' lang='lat' dir='ltr'><strong>apo-</strong></span> <span class='ocrx_word' id='word_1_17' title='bbox 2107 460 2152 518; x_wconf 80' lang='grc' dir='ltr'><strong>Α</strong></span> <span class='ocrx_word' id='word_1_18' title='bbox 2181 470 2312 510; x_wconf 87' lang='lat' dir='ltr'><strong>suas</strong></span> <span class='ocrx_word' id='word_1_19' title='bbox 2354 468 2455 524; x_wconf 90' lang='lat' dir='ltr'><strong>pro</strong></span> <span class='ocrx_word' id='word_1_20' title='bbox 2497 452 2692 509; x_wconf 86' lang='lat' dir='ltr'><strong>ovibus</strong></span> <span class='ocrx_word' id='word_1_21' title='bbox 2728 450 2833 508; x_wconf 88' lang='lat' dir='ltr'><strong>sibi</strong></span> <span class='ocrx_word' id='word_1_22' title='bbox 2866 448 3211 516; x_wconf 86' lang='lat' dir='ltr'><strong>commissis,</strong></span> <span class='ocrx_word' id='word_1_23' title='bbox 3254 445 3449 517; x_wconf 67' lang='lat' dir='ltr'><strong>pravii.</strong></span> <span class='ocrx_word' id='word_1_24' title='bbox 3474 445 3643 504; x_wconf 76' lang='lat' dir='ltr'><strong>duces</strong></span> <span class='ocrx_word' id='word_1_25' title='bbox 3668 461 3763 516; x_wconf 46' lang='lat' dir='ltr'><strong>po:</strong></span> 
     </span>
    </p>
   </div>
   <div class='ocr_carea' id='block_1_5' title="bbox 498 550 2076 625">
    <p class='ocr_par' dir='ltr' id='par_1_5' title="bbox 498 550 2076 625">
     <span class='ocr_line' id='line_1_5' title="bbox 498 550 2076 625; baseline -0.009 -7"><span class='ocrx_word' id='word_1_26' title='bbox 498 562 620 619; x_wconf 80' lang='lat' dir='ltr'><strong>stoli</strong></span> <span class='ocrx_word' id='word_1_27' title='bbox 647 568 824 622; x_wconf 88' lang='lat' dir='ltr'><strong>erant,</strong></span> <span class='ocrx_word' id='word_1_28' title='bbox 852 557 981 613; x_wconf 87' lang='lat' dir='ltr'><strong>dum</strong></span> <span class='ocrx_word' id='word_1_29' title='bbox 1013 556 1063 610; x_wconf 91' lang='lat' dir='ltr'><strong>ei</strong></span> <span class='ocrx_word' id='word_1_30' title='bbox 1087 555 1181 625; x_wconf 86' lang='lat' dir='ltr'><strong>qui</strong></span> <span class='ocrx_word' id='word_1_31' title='bbox 1216 564 1300 609; x_wconf 88' lang='lat' dir='ltr'><strong>est</strong></span> <span class='ocrx_word' id='word_1_32' title='bbox 1324 569 1388 611; x_wconf 92' lang='lat' dir='ltr'><strong>os</strong></span> <span class='ocrx_word' id='word_1_33' title='bbox 1415 554 1587 624; x_wconf 79' lang='lat' dir='ltr'><strong>patris</strong></span> <span class='ocrx_word' id='word_1_34' title='bbox 1615 553 1770 623; x_wconf 91' lang='lat' dir='ltr'><strong>quasi</strong></span> <span class='ocrx_word' id='word_1_35' title='bbox 1806 552 1973 607; x_wconf 89' lang='lat' dir='ltr'><strong>barba</strong></span> <span class='ocrx_word' id='word_1_36' title='bbox 1994 550 2076 605; x_wconf 92' lang='lat' dir='ltr'><strong>ori</strong></span> 
     </span>
    </p>
   </div>
   <div class='ocr_carea' id='block_1_6' title="bbox 497 643 2079 715">
    <p class='ocr_par' dir='ltr' id='par_1_6' title="bbox 497 643 2079 715">
     <span class='ocr_line' id='line_1_6' title="bbox 497 643 2079 715; baseline -0.006 -9"><span class='ocrx_word' id='word_1_37' title='bbox 497 652 856 706; x_wconf 70' lang='lat' dir='ltr'><strong>adhaeserant.</strong></span> <span class='ocrx_word' id='word_1_38' title='bbox 908 645 985 700; x_wconf 88' lang='lat' dir='ltr'><strong>De</strong></span> <span class='ocrx_word' id='word_1_39' title='bbox 1031 645 1199 700; x_wconf 88' lang='lat' dir='ltr'><strong>barba</strong></span> <span class='ocrx_word' id='word_1_40' title='bbox 1236 654 1570 715; x_wconf 73' lang='lat' dir='ltr'><strong>unguentum</strong></span> <span class='ocrx_word' id='word_1_41' title='bbox 1605 644 1660 698; x_wconf 92' lang='lat' dir='ltr'><strong>in</strong></span> <span class='ocrx_word' id='word_1_42' title='bbox 1690 643 2079 699; x_wconf 74' lang='lat' dir='ltr'><strong>vestimentum</strong></span> 
     </span>
    </p>
   </div>
   <div class='ocr_carea' id='block_1_7' title="bbox 495 737 2076 808">
    <p class='ocr_par' dir='ltr' id='par_1_7' title="bbox 495 737 2076 808">
     <span class='ocr_line' id='line_1_7' title="bbox 495 737 2076 808; baseline -0.004 -12"><span class='ocrx_word' id='word_1_43' title='bbox 495 742 670 807; x_wconf 78' lang='lat' dir='ltr'><strong>ﬂuxit,</strong></span> <span class='ocrx_word' id='word_1_44' title='bbox 698 741 827 796; x_wconf 92' lang='lat' dir='ltr'><strong>dum</strong></span> <span class='ocrx_word' id='word_1_45' title='bbox 860 737 1096 808; x_wconf 87' lang='lat' dir='ltr'><strong>Spiritus</strong></span> <span class='ocrx_word' id='word_1_46' title='bbox 1124 746 1350 794; x_wconf 88' lang='lat' dir='ltr'><strong>sanctus</strong></span> <span class='ocrx_word' id='word_1_47' title='bbox 1378 752 1472 807; x_wconf 87' lang='lat' dir='ltr'><strong>per</strong></span> <span class='ocrx_word' id='word_1_48' title='bbox 1512 737 1913 807; x_wconf 87' lang='lat' dir='ltr'><strong>impositionem</strong></span> <span class='ocrx_word' id='word_1_49' title='bbox 1956 750 2076 791; x_wconf 88' lang='lat' dir='ltr'><strong>ma—</strong></span> 
     </span>
    </p>
   </div>
   <div class='ocr_carea' id='block_1_8' title="bbox 496 824 2078 898">
    <p class='ocr_par' dir='ltr' id='par_1_8' title="bbox 496 824 2078 898">
     <span class='ocr_line' id='line_1_8' title="bbox 496 824 2078 898; baseline -0.003 -14"><span class='ocrx_word' id='word_1_50' title='bbox 496 845 667 884; x_wconf 88' lang='lat' dir='ltr'><strong>nuum</strong></span> <span class='ocrx_word' id='word_1_51' title='bbox 710 826 1080 898; x_wconf 79' lang='lat' dir='ltr'><strong>apostolorum</strong></span> <span class='ocrx_word' id='word_1_52' title='bbox 1126 840 1186 881; x_wconf 91' lang='lat' dir='ltr'><strong>se</strong></span> <span class='ocrx_word' id='word_1_53' title='bbox 1219 826 1565 883; x_wconf 84' lang='lat' dir='ltr'><strong>credentibus</strong></span> <span class='ocrx_word' id='word_1_54' title='bbox 1607 826 1824 881; x_wconf 78' lang='lat' dir='ltr'><strong>infudit.</strong></span> <span class='ocrx_word' id='word_1_55' title='bbox 1867 824 1979 881; x_wconf 79' lang='lat' dir='ltr'><strong>Bos</strong></span> <span class='ocrx_word' id='word_1_56' title='bbox 2009 824 2078 880; x_wconf 88' lang='lat' dir='ltr'><strong>de</strong></span> 
     </span>
    </p>
   </div>
   <div class='ocr_carea' id='block_1_9' title="bbox 497 917 2075 988">
    <p class='ocr_par' dir='ltr' id='par_1_9' title="bbox 497 917 2075 988">
     <span class='ocr_line' id='line_1_9' title="bbox 497 917 2075 988; baseline -0.002 -15"><span class='ocrx_word' id='word_1_57' title='bbox 497 918 757 985; x_wconf 82' lang='lat' dir='ltr'><strong>Hermon,</strong></span> <span class='ocrx_word' id='word_1_58' title='bbox 805 919 951 988; x_wconf 87' lang='lat' dir='ltr'><strong>quod</strong></span> <span class='ocrx_word' id='word_1_59' title='bbox 1003 917 1284 971; x_wconf 80' lang='lat' dir='ltr'><strong>anathema</strong></span> <span class='ocrx_word' id='word_1_60' title='bbox 1337 927 1516 983; x_wconf 89' lang='lat' dir='ltr'><strong>sonat,</strong></span> <span class='ocrx_word' id='word_1_61' title='bbox 1560 918 1612 972; x_wconf 92' lang='lat' dir='ltr'><strong>in</strong></span> <span class='ocrx_word' id='word_1_62' title='bbox 1648 927 1889 974; x_wconf 88' lang='lat' dir='ltr'><strong>montem</strong></span> <span class='ocrx_word' id='word_1_63' title='bbox 1921 917 2075 983; x_wconf 91' lang='lat' dir='ltr'><strong>Sion,</strong></span> 
     </span>
    </p>
   </div>
   <div class='ocr_carea' id='block_1_10' title="bbox 494 1009 2077 1081">
    <p class='ocr_par' dir='ltr' id='par_1_10' title="bbox 494 1009 2077 1081">
     <span class='ocr_line' id='line_1_10' title="bbox 494 1009 2077 1081; baseline -0.003 -16"><span class='ocrx_word' id='word_1_64' title='bbox 494 1011 639 1081; x_wconf 88' lang='lat' dir='ltr'><strong>quod</strong></span> <span class='ocrx_word' id='word_1_65' title='bbox 678 1010 890 1079; x_wconf 78' lang='lat' dir='ltr'><strong>specula</strong></span> <span class='ocrx_word' id='word_1_66' title='bbox 917 1010 1115 1067; x_wconf 88' lang='lat' dir='ltr'><strong>dicitur</strong></span> <span class='ocrx_word' id='word_1_67' title='bbox 1150 1010 1448 1075; x_wconf 84' lang='lat' dir='ltr'><strong>descendit,</strong></span> <span class='ocrx_word' id='word_1_68' title='bbox 1478 1010 1607 1064; x_wconf 90' lang='lat' dir='ltr'><strong>dum</strong></span> <span class='ocrx_word' id='word_1_69' title='bbox 1632 1025 1867 1079; x_wconf 87' lang='lat' dir='ltr'><strong>superna</strong></span> <span class='ocrx_word' id='word_1_70' title='bbox 1906 1009 2077 1080; x_wconf 87' lang='lat' dir='ltr'><strong>gratia</strong></span> 
     </span>
    </p>
   </div>
   <div class='ocr_carea' id='block_1_11' title="bbox 495 1100 2078 1173">
    <p class='ocr_par' dir='ltr' id='par_1_11' title="bbox 495 1100 2078 1173">
     <span class='ocr_line' id='line_1_11' title="bbox 495 1100 2078 1173; baseline 0.001 -17"><span class='ocrx_word' id='word_1_71' title='bbox 495 1102 562 1156; x_wconf 88' lang='lat' dir='ltr'><strong>de</strong></span> <span class='ocrx_word' id='word_1_72' title='bbox 586 1100 871 1173; x_wconf 85' lang='lat' dir='ltr'><strong>Synagoga</strong></span> <span class='ocrx_word' id='word_1_73' title='bbox 894 1104 947 1156; x_wconf 92' lang='lat' dir='ltr'><strong>in</strong></span> <span class='ocrx_word' id='word_1_74' title='bbox 974 1100 1272 1157; x_wconf 88' lang='lat' dir='ltr'><strong>Ecclesiam</strong></span> <span class='ocrx_word' id='word_1_75' title='bbox 1296 1102 1461 1156; x_wconf 87' lang='lat' dir='ltr'><strong>venit.</strong></span> <span class='ocrx_word' id='word_1_76' title='bbox 1491 1101 1648 1157; x_wconf 84' lang='lat' dir='ltr'><strong>Mons</strong></span> <span class='ocrx_word' id='word_1_77' title='bbox 1670 1101 1902 1157; x_wconf 84' lang='lat' dir='ltr'><strong>Hermon</strong></span> <span class='ocrx_word' id='word_1_78' title='bbox 1922 1102 2078 1172; x_wconf 84' lang='lat' dir='ltr'><strong>juxta</strong></span> 
     </span>
    </p>
   </div>
   <div class='ocr_carea' id='block_1_12' title="bbox 493 1191 2075 1263">
    <p class='ocr_par' dir='ltr' id='par_1_12' title="bbox 493 1191 2075 1263">
     <span class='ocr_line' id='line_1_12' title="bbox 493 1191 2075 1263; baseline 0.001 -16"><span class='ocrx_word' id='word_1_79' title='bbox 493 1191 787 1247; x_wconf 72' lang='lat' dir='ltr'><strong>Iordanem</strong></span> <span class='ocrx_word' id='word_1_80' title='bbox 838 1203 922 1249; x_wconf 88' lang='lat' dir='ltr'><strong>est</strong></span> <span class='ocrx_word' id='word_1_81' title='bbox 953 1193 1116 1260; x_wconf 89' lang='lat' dir='ltr'><strong>situs,</strong></span> <span class='ocrx_word' id='word_1_82' title='bbox 1165 1193 1259 1248; x_wconf 91' lang='lat' dir='ltr'><strong>ubi</strong></span> <span class='ocrx_word' id='word_1_83' title='bbox 1308 1192 1571 1248; x_wconf 84' lang='lat' dir='ltr'><strong>Dominus</strong></span> <span class='ocrx_word' id='word_1_84' title='bbox 1616 1204 1699 1249; x_wconf 88' lang='lat' dir='ltr'><strong>est</strong></span> <span class='ocrx_word' id='word_1_85' title='bbox 1750 1193 2075 1263; x_wconf 80' lang='lat' dir='ltr'><strong>bapt&#39;zatus.</strong></span> 
     </span>
    </p>
   </div>
   <div class='ocr_carea' id='block_1_13' title="bbox 497 1282 2080 1355">
    <p class='ocr_par' dir='ltr' id='par_1_13' title="bbox 497 1282 2080 1355">
     <span class='ocr_line' id='line_1_13' title="bbox 497 1282 2080 1355; baseline 0.001 -18"><span class='ocrx_word' id='word_1_86' title='bbox 497 1282 610 1339; x_wconf 80' lang='lat' dir='ltr'><strong>Ros</strong></span> <span class='ocrx_word' id='word_1_87' title='bbox 637 1300 768 1355; x_wconf 91' lang='lat' dir='ltr'><strong>ergo</strong></span> <span class='ocrx_word' id='word_1_88' title='bbox 814 1283 1052 1341; x_wconf 81' lang='lat' dir='ltr'><strong>Hermon</strong></span> <span class='ocrx_word' id='word_1_89' title='bbox 1100 1293 1185 1339; x_wconf 90' lang='lat' dir='ltr'><strong>est</strong></span> <span class='ocrx_word' id='word_1_90' title='bbox 1232 1284 1468 1355; x_wconf 84' lang='lat' dir='ltr'><strong>Spiritus</strong></span> <span class='ocrx_word' id='word_1_91' title='bbox 1512 1294 1754 1350; x_wconf 88' lang='lat' dir='ltr'><strong>sanctus,</strong></span> <span class='ocrx_word' id='word_1_92' title='bbox 1787 1285 1881 1354; x_wconf 90' lang='lat' dir='ltr'><strong>qui</strong></span> <span class='ocrx_word' id='word_1_93' title='bbox 1916 1300 2080 1354; x_wconf 84' lang='lat' dir='ltr'><strong>super</strong></span> 
     </span>
    </p>
   </div>
   <div class='ocr_carea' id='block_1_14' title="bbox 498 1375 2080 1447">
    <p class='ocr_par' dir='ltr' id='par_1_14' title="bbox 498 1375 2080 1447">
     <span class='ocr_line' id='line_1_14' title="bbox 498 1375 2080 1447; baseline 0.001 -18"><span class='ocrx_word' id='word_1_94' title='bbox 498 1375 790 1431; x_wconf 91' lang='lat' dir='ltr'><strong>Dominum</strong></span> <span class='ocrx_word' id='word_1_95' title='bbox 821 1377 877 1431; x_wconf 90' lang='lat' dir='ltr'><strong>in</strong></span> <span class='ocrx_word' id='word_1_96' title='bbox 901 1377 1171 1446; x_wconf 83' lang='lat' dir='ltr'><strong>baptismo</strong></span> <span class='ocrx_word' id='word_1_97' title='bbox 1199 1376 1267 1431; x_wconf 90' lang='lat' dir='ltr'><strong>ad</strong></span> <span class='ocrx_word' id='word_1_98' title='bbox 1308 1376 1474 1432; x_wconf 88' lang='lat' dir='ltr'><strong>istum</strong></span> <span class='ocrx_word' id='word_1_99' title='bbox 1521 1386 1759 1432; x_wconf 77' lang='lat' dir='ltr'><strong>montem</strong></span> <span class='ocrx_word' id='word_1_100' title='bbox 1785 1378 1953 1443; x_wconf 82' lang='lat' dir='ltr'><strong>venit,</strong></span> <span class='ocrx_word' id='word_1_101' title='bbox 1984 1376 2080 1447; x_wconf 91' lang='lat' dir='ltr'><strong>qui</strong></span> 
     </span>
    </p>
   </div>
   <div class='ocr_carea' id='block_1_15' title="bbox 497 1466 2077 1539">
    <p class='ocr_par' dir='ltr' id='par_1_15' title="bbox 497 1466 2077 1539">
     <span class='ocr_line' id='line_1_15' title="bbox 497 1466 2077 1539; baseline 0.002 -18"><span class='ocrx_word' id='word_1_102' title='bbox 497 1467 659 1522; x_wconf 83' lang='lat' dir='ltr'><strong>hodie</strong></span> <span class='ocrx_word' id='word_1_103' title='bbox 683 1467 737 1521; x_wconf 90' lang='lat' dir='ltr'><strong>in</strong></span> <span class='ocrx_word' id='word_1_104' title='bbox 768 1476 1005 1523; x_wconf 89' lang='lat' dir='ltr'><strong>montem</strong></span> <span class='ocrx_word' id='word_1_105' title='bbox 1059 1467 1189 1522; x_wconf 91' lang='lat' dir='ltr'><strong>Sion</strong></span> <span class='ocrx_word' id='word_1_106' title='bbox 1241 1468 1295 1522; x_wconf 92' lang='lat' dir='ltr'><strong>in</strong></span> <span class='ocrx_word' id='word_1_107' title='bbox 1327 1483 1436 1539; x_wconf 91' lang='lat' dir='ltr'><strong>quo</strong></span> <span class='ocrx_word' id='word_1_108' title='bbox 1479 1468 1585 1524; x_wconf 83' lang='lat' dir='ltr'><strong>sita</strong></span> <span class='ocrx_word' id='word_1_109' title='bbox 1611 1477 1693 1524; x_wconf 90' lang='lat' dir='ltr'><strong>est</strong></span> <span class='ocrx_word' id='word_1_110' title='bbox 1717 1466 2077 1536; x_wconf 84' lang='lat' dir='ltr'><strong>Hierusalem,</strong></span> 
     </span>
    </p>
   </div>
   <div class='ocr_carea' id='block_1_16' title="bbox 498 1558 1302 1627">
    <p class='ocr_par' dir='ltr' id='par_1_16' title="bbox 498 1558 1302 1627">
     <span class='ocr_line' id='line_1_16' title="bbox 498 1558 1302 1627; baseline 0.001 -14"><span class='ocrx_word' id='word_1_111' title='bbox 498 1572 664 1627; x_wconf 88' lang='lat' dir='ltr'><strong>super</strong></span> <span class='ocrx_word' id='word_1_112' title='bbox 688 1560 974 1614; x_wconf 84' lang='lat' dir='ltr'><strong>credentes</strong></span> <span class='ocrx_word' id='word_1_113' title='bbox 1003 1558 1302 1615; x_wconf 87' lang='lat' dir='ltr'><strong>descendit.</strong></span> 
     </span>
    </p>
   </div>
   <div class='ocr_carea' id='block_1_17' title="bbox 567 1649 2079 1722">
    <p class='ocr_par' dir='ltr' id='par_1_17' title="bbox 567 1649 2079 1722">
     <span class='ocr_line' id='line_1_17' title="bbox 567 1649 2079 1722; baseline 0.001 -18"><span class='ocrx_word' id='word_1_114' title='bbox 567 1649 814 1716; x_wconf 87' lang='lat' dir='ltr'><strong>Qualiter</strong></span> <span class='ocrx_word' id='word_1_115' title='bbox 837 1659 1018 1705; x_wconf 87' lang='lat' dir='ltr'><strong>autem</strong></span> <span class='ocrx_word' id='word_1_116' title='bbox 1046 1651 1152 1706; x_wconf 88' lang='lat' dir='ltr'><strong>hoc</strong></span> <span class='ocrx_word' id='word_1_117' title='bbox 1170 1651 1477 1722; x_wconf 81' lang='lat' dir='ltr'><strong>contigerit,</strong></span> <span class='ocrx_word' id='word_1_118' title='bbox 1501 1650 1781 1722; x_wconf 87' lang='lat' dir='ltr'><strong>Scriptura</strong></span> <span class='ocrx_word' id='word_1_119' title='bbox 1807 1650 1966 1706; x_wconf 88' lang='lat' dir='ltr'><strong>nobis</strong></span> <span class='ocrx_word' id='word_1_120' title='bbox 1981 1650 2079 1706; x_wconf 86' lang='lat' dir='ltr'><strong>ho-</strong></span> 
     </span>
    </p>
   </div>
   <div class='ocr_carea' id='block_1_18' title="bbox 495 1740 2080 1813">
    <p class='ocr_par' dir='ltr' id='par_1_18' title="bbox 495 1740 2080 1813">
     <span class='ocr_line' id='line_1_18' title="bbox 495 1740 2080 1813; baseline 0.001 -17"><span class='ocrx_word' id='word_1_121' title='bbox 495 1740 584 1796; x_wconf 88' lang='lat' dir='ltr'><strong>die</strong></span> <span class='ocrx_word' id='word_1_122' title='bbox 627 1742 832 1796; x_wconf 89' lang='lat' dir='ltr'><strong>retulit.</strong></span> <span class='ocrx_word' id='word_1_123' title='bbox 863 1740 1003 1795; x_wconf 87' lang='lat' dir='ltr'><strong>Dum</strong></span> <span class='ocrx_word' id='word_1_124' title='bbox 1048 1742 1442 1813; x_wconf 75' lang='lat' dir='ltr'><strong>quinquaginta</strong></span> <span class='ocrx_word' id='word_1_125' title='bbox 1472 1743 1589 1799; x_wconf 91' lang='lat' dir='ltr'><strong>dies</strong></span> <span class='ocrx_word' id='word_1_126' title='bbox 1618 1759 1649 1797; x_wconf 91' lang='lat' dir='ltr'><strong>a</strong></span> <span class='ocrx_word' id='word_1_127' title='bbox 1682 1744 2080 1799; x_wconf 86' lang='lat' dir='ltr'><strong>resurrectione</strong></span> 
     </span>
    </p>
   </div>
   <div class='ocr_carea' id='block_1_19' title="bbox 495 1831 2078 1905">
    <p class='ocr_par' dir='ltr' id='par_1_19' title="bbox 495 1831 2078 1905">
     <span class='ocr_line' id='line_1_19' title="bbox 495 1831 2078 1905; baseline 0.003 -18"><span class='ocrx_word' id='word_1_128' title='bbox 495 1831 697 1887; x_wconf 86' lang='lat' dir='ltr'><strong>Christi</strong></span> <span class='ocrx_word' id='word_1_129' title='bbox 731 1832 1077 1898; x_wconf 88' lang='lat' dir='ltr'><strong>transissent,</strong></span> <span class='ocrx_word' id='word_1_130' title='bbox 1108 1842 1162 1887; x_wconf 92' lang='lat' dir='ltr'><strong>et</strong></span> <span class='ocrx_word' id='word_1_131' title='bbox 1195 1833 1470 1903; x_wconf 88' lang='lat' dir='ltr'><strong>discipuli,</strong></span> <span class='ocrx_word' id='word_1_132' title='bbox 1501 1844 1561 1889; x_wconf 92' lang='lat' dir='ltr'><strong>ut</strong></span> <span class='ocrx_word' id='word_1_133' title='bbox 1598 1850 1739 1905; x_wconf 84' lang='lat' dir='ltr'><strong>saepe</strong></span> <span class='ocrx_word' id='word_1_134' title='bbox 1777 1836 2078 1891; x_wconf 87' lang='lat' dir='ltr'><strong>ascendens</strong></span> 
     </span>
    </p>
   </div>
   <div class='ocr_carea' id='block_1_20' title="bbox 494 1922 2079 1995">
    <p class='ocr_par' dir='ltr' id='par_1_20' title="bbox 494 1922 2079 1995">
     <span class='ocr_line' id='line_1_20' title="bbox 494 1922 2079 1995; baseline 0.001 -18"><span class='ocrx_word' id='word_1_135' title='bbox 494 1933 845 1995; x_wconf 60' lang='lat' dir='ltr'><strong>praeceperat,</strong></span> <span class='ocrx_word' id='word_1_136' title='bbox 872 1924 925 1978; x_wconf 91' lang='lat' dir='ltr'><strong>in</strong></span> <span class='ocrx_word' id='word_1_137' title='bbox 951 1922 1289 1979; x_wconf 82' lang='lat' dir='ltr'><strong>Hierusalem</strong></span> <span class='ocrx_word' id='word_1_138' title='bbox 1310 1924 1512 1995; x_wconf 89' lang='lat' dir='ltr'><strong>pariter</strong></span> <span class='ocrx_word' id='word_1_139' title='bbox 1533 1926 2079 1989; x_wconf 87' lang='lat' dir='ltr'><strong>resedissent,subito</strong></span> 
     </span>
    </p>
   </div>
   <div class='ocr_carea' id='block_1_21' title="bbox 494 2013 2079 2086">
    <p class='ocr_par' dir='ltr' id='par_1_21' title="bbox 494 2013 2079 2086">
     <span class='ocr_line' id='line_1_21' title="bbox 494 2013 2079 2086; baseline 0.002 -19"><span class='ocrx_word' id='word_1_140' title='bbox 494 2013 686 2085; x_wconf 85' lang='lat' dir='ltr'><strong>ingens</strong></span> <span class='ocrx_word' id='word_1_141' title='bbox 710 2031 878 2071; x_wconf 90' lang='lat' dir='ltr'><strong>sonus</strong></span> <span class='ocrx_word' id='word_1_142' title='bbox 909 2025 1166 2085; x_wconf 89' lang='lat' dir='ltr'><strong>tanquam</strong></span> <span class='ocrx_word' id='word_1_143' title='bbox 1196 2016 1532 2073; x_wconf 86' lang='lat' dir='ltr'><strong>vehementis</strong></span> <span class='ocrx_word' id='word_1_144' title='bbox 1565 2019 1711 2073; x_wconf 89' lang='lat' dir='ltr'><strong>venti</strong></span> <span class='ocrx_word' id='word_1_145' title='bbox 1741 2016 1959 2072; x_wconf 89' lang='lat' dir='ltr'><strong>advenit</strong></span> <span class='ocrx_word' id='word_1_146' title='bbox 1985 2016 2079 2086; x_wconf 90' lang='lat' dir='ltr'><strong>qui</strong></span> 
     </span>
    </p>
   </div>
   <div class='ocr_carea' id='block_1_22' title="bbox 497 2105 2080 2178">
    <p class='ocr_par' dir='ltr' id='par_1_22' title="bbox 497 2105 2080 2178">
     <span class='ocr_line' id='line_1_22' title="bbox 497 2105 2080 2178; baseline 0.001 -19"><span class='ocrx_word' id='word_1_147' title='bbox 497 2114 662 2160; x_wconf 89' lang='lat' dir='ltr'><strong>totam</strong></span> <span class='ocrx_word' id='word_1_148' title='bbox 706 2105 927 2160; x_wconf 90' lang='lat' dir='ltr'><strong>domum</strong></span> <span class='ocrx_word' id='word_1_149' title='bbox 973 2107 1064 2160; x_wconf 94' lang='lat' dir='ltr'><strong>ubi</strong></span> <span class='ocrx_word' id='word_1_150' title='bbox 1110 2117 1265 2162; x_wconf 88' lang='lat' dir='ltr'><strong>erant</strong></span> <span class='ocrx_word' id='word_1_151' title='bbox 1297 2109 1547 2164; x_wconf 88' lang='lat' dir='ltr'><strong>sedentes</strong></span> <span class='ocrx_word' id='word_1_152' title='bbox 1592 2108 1858 2178; x_wconf 72' lang='lat' dir='ltr'><strong>replevit:</strong></span> <span class='ocrx_word' id='word_1_153' title='bbox 1916 2116 2080 2177; x_wconf 88' lang='lat' dir='ltr'><strong>atque</strong></span> 
     </span>
    </p>
   </div>
   <div class='ocr_carea' id='block_1_23' title="bbox 495 2196 2078 2269">
    <p class='ocr_par' dir='ltr' id='par_1_23' title="bbox 495 2196 2078 2269">
     <span class='ocr_line' id='line_1_23' title="bbox 495 2196 2078 2269; baseline 0.001 -19"><span class='ocrx_word' id='word_1_154' title='bbox 495 2196 667 2266; x_wconf 64' lang='lat' dir='ltr'><strong>igneae</strong></span> <span class='ocrx_word' id='word_1_155' title='bbox 690 2197 888 2267; x_wconf 72' lang='lat' dir='ltr'><strong>lingua:</strong></span> <span class='ocrx_word' id='word_1_156' title='bbox 917 2197 1024 2252; x_wconf 88' lang='lat' dir='ltr'><strong>illis</strong></span> <span class='ocrx_word' id='word_1_157' title='bbox 1045 2208 1443 2267; x_wconf 89' lang='lat' dir='ltr'><strong>apparuerunt,</strong></span> <span class='ocrx_word' id='word_1_158' title='bbox 1473 2200 1674 2269; x_wconf 85' lang='lat' dir='ltr'><strong>quibus</strong></span> <span class='ocrx_word' id='word_1_159' title='bbox 1712 2198 1928 2255; x_wconf 78' lang='lat' dir='ltr'><strong>incensi</strong></span> <span class='ocrx_word' id='word_1_160' title='bbox 1955 2213 2078 2253; x_wconf 81' lang='lat' dir='ltr'><strong>om-</strong></span> 
     </span>
    </p>
   </div>
   <div class='ocr_carea' id='block_1_24' title="bbox 495 2286 2074 2361">
    <p class='ocr_par' dir='ltr' id='par_1_24' title="bbox 495 2286 2074 2361">
     <span class='ocr_line' id='line_1_24' title="bbox 495 2286 2074 2361; baseline 0.003 -20"><span class='ocrx_word' id='word_1_161' title='bbox 495 2286 649 2341; x_wconf 90' lang='lat' dir='ltr'><strong>nium</strong></span> <span class='ocrx_word' id='word_1_162' title='bbox 674 2288 914 2357; x_wconf 85' lang='lat' dir='ltr'><strong>gentium</strong></span> <span class='ocrx_word' id='word_1_163' title='bbox 953 2288 1153 2357; x_wconf 80' lang='lat' dir='ltr'><strong>linguis</strong></span> <span class='ocrx_word' id='word_1_164' title='bbox 1182 2290 1453 2360; x_wconf 88' lang='lat' dir='ltr'><strong>magnalia</strong></span> <span class='ocrx_word' id='word_1_165' title='bbox 1483 2288 1578 2344; x_wconf 89' lang='lat' dir='ltr'><strong>Dei</strong></span> <span class='ocrx_word' id='word_1_166' title='bbox 1601 2289 1747 2361; x_wconf 85' lang='lat' dir='ltr'><strong>loqui</strong></span> <span class='ocrx_word' id='word_1_167' title='bbox 1772 2298 2074 2360; x_wconf 64' lang='lat' dir='ltr'><strong>coeperunt.</strong></span> 
     </span>
    </p>
   </div>
   <div class='ocr_carea' id='block_1_25' title="bbox 494 2376 2079 2448">
    <p class='ocr_par' dir='ltr' id='par_1_25' title="bbox 494 2376 2079 2448">
     <span class='ocr_line' id='line_1_25' title="bbox 494 2376 2079 2448; baseline 0.004 -19"><span class='ocrx_word' id='word_1_168' title='bbox 494 2376 670 2432; x_wconf 91' lang='lat' dir='ltr'><strong>Porro</strong></span> <span class='ocrx_word' id='word_1_169' title='bbox 690 2386 911 2448; x_wconf 86' lang='lat' dir='ltr'><strong>propter</strong></span> <span class='ocrx_word' id='word_1_170' title='bbox 938 2379 1230 2433; x_wconf 85' lang='lat' dir='ltr'><strong>instantem</strong></span> <span class='ocrx_word' id='word_1_171' title='bbox 1262 2379 1610 2435; x_wconf 80' lang='lat' dir='ltr'><strong>festivitatem</strong></span> <span class='ocrx_word' id='word_1_172' title='bbox 1638 2380 1811 2439; x_wconf 58' lang='lat' dir='ltr'><strong>Judaei</strong></span> <span class='ocrx_word' id='word_1_173' title='bbox 1835 2397 1899 2435; x_wconf 79' lang='lat' dir='ltr'><strong>ex</strong></span> <span class='ocrx_word' id='word_1_174' title='bbox 1928 2382 2079 2436; x_wconf 91' lang='lat' dir='ltr'><strong>omni</strong></span> 
     </span>
    </p>
   </div>
   <div class='ocr_carea' id='block_1_26' title="bbox 497 2470 2077 2541">
    <p class='ocr_par' dir='ltr' id='par_1_26' title="bbox 497 2470 2077 2541">
     <span class='ocr_line' id='line_1_26' title="bbox 497 2470 2077 2541; baseline 0.003 -18"><span class='ocrx_word' id='word_1_175' title='bbox 497 2471 718 2525; x_wconf 88' lang='lat' dir='ltr'><strong>natione</strong></span> <span class='ocrx_word' id='word_1_176' title='bbox 763 2471 928 2526; x_wconf 86' lang='lat' dir='ltr'><strong>totius</strong></span> <span class='ocrx_word' id='word_1_177' title='bbox 983 2471 1132 2526; x_wconf 87' lang='lat' dir='ltr'><strong>orbis</strong></span> <span class='ocrx_word' id='word_1_178' title='bbox 1180 2471 1234 2526; x_wconf 90' lang='lat' dir='ltr'><strong>in</strong></span> <span class='ocrx_word' id='word_1_179' title='bbox 1294 2470 1632 2527; x_wconf 78' lang='lat' dir='ltr'><strong>Hierusalem</strong></span> <span class='ocrx_word' id='word_1_180' title='bbox 1681 2473 2077 2541; x_wconf 79' lang='lat' dir='ltr'><strong>conﬂuxerant,</strong></span> 
     </span>
    </p>
   </div>
   <div class='ocr_carea' id='block_1_27' title="bbox 494 2561 2081 2636">
    <p class='ocr_par' dir='ltr' id='par_1_27' title="bbox 494 2561 2081 2636">
     <span class='ocr_line' id='line_1_27' title="bbox 494 2561 2081 2636; baseline 0.004 -19"><span class='ocrx_word' id='word_1_181' title='bbox 494 2563 624 2633; x_wconf 86' lang='lat' dir='ltr'><strong>quia</strong></span> <span class='ocrx_word' id='word_1_182' title='bbox 672 2561 1023 2618; x_wconf 90' lang='lat' dir='ltr'><strong>Pentecosten</strong></span> <span class='ocrx_word' id='word_1_183' title='bbox 1072 2564 1302 2635; x_wconf 88' lang='lat' dir='ltr'><strong>singulis</strong></span> <span class='ocrx_word' id='word_1_184' title='bbox 1349 2566 1509 2622; x_wconf 89' lang='lat' dir='ltr'><strong>annis</strong></span> <span class='ocrx_word' id='word_1_185' title='bbox 1556 2567 1628 2620; x_wconf 90' lang='lat' dir='ltr'><strong>ob</strong></span> <span class='ocrx_word' id='word_1_186' title='bbox 1672 2577 1947 2636; x_wconf 82' lang='lat' dir='ltr'><strong>acceptam</strong></span> <span class='ocrx_word' id='word_1_187' title='bbox 1986 2568 2081 2623; x_wconf 86' lang='lat' dir='ltr'><strong>illo</strong></span> 
     </span>
    </p>
   </div>
   <div class='ocr_carea' id='block_1_28' title="bbox 497 2654 2081 2727">
    <p class='ocr_par' dir='ltr' id='par_1_28' title="bbox 497 2654 2081 2727">
     <span class='ocr_line' id='line_1_28' title="bbox 497 2654 2081 2727; baseline 0.004 -20"><span class='ocrx_word' id='word_1_188' title='bbox 497 2661 739 2723; x_wconf 90' lang='lat' dir='ltr'><strong>tempore</strong></span> <span class='ocrx_word' id='word_1_189' title='bbox 760 2654 931 2725; x_wconf 88' lang='lat' dir='ltr'><strong>legem</strong></span> <span class='ocrx_word' id='word_1_190' title='bbox 964 2654 1338 2721; x_wconf 87' lang='lat' dir='ltr'><strong>celebrabant;</strong></span> <span class='ocrx_word' id='word_1_191' title='bbox 1389 2656 1483 2727; x_wconf 91' lang='lat' dir='ltr'><strong>qui</strong></span> <span class='ocrx_word' id='word_1_192' title='bbox 1530 2657 1634 2713; x_wconf 88' lang='lat' dir='ltr'><strong>hoc</strong></span> <span class='ocrx_word' id='word_1_193' title='bbox 1678 2657 1865 2711; x_wconf 85' lang='lat' dir='ltr'><strong>audito</strong></span> <span class='ocrx_word' id='word_1_194' title='bbox 1915 2658 2081 2713; x_wconf 90' lang='lat' dir='ltr'><strong>simul</strong></span> 
     </span>
    </p>
   </div>
   <div class='ocr_carea' id='block_1_29' title="bbox 494 2745 2080 2817">
    <p class='ocr_par' dir='ltr' id='par_1_29' title="bbox 494 2745 2080 2817">
     <span class='ocr_line' id='line_1_29' title="bbox 494 2745 2080 2817; baseline 0.003 -20"><span class='ocrx_word' id='word_1_195' title='bbox 494 2752 882 2810; x_wconf 84' lang='lat' dir='ltr'><strong>convenerant,</strong></span> <span class='ocrx_word' id='word_1_196' title='bbox 916 2753 970 2799; x_wconf 89' lang='lat' dir='ltr'><strong>et</strong></span> <span class='ocrx_word' id='word_1_197' title='bbox 997 2745 1197 2816; x_wconf 77' lang='lat' dir='ltr'><strong>singuli</strong></span> <span class='ocrx_word' id='word_1_198' title='bbox 1227 2746 1465 2817; x_wconf 77' lang='lat' dir='ltr'><strong>linguam</strong></span> <span class='ocrx_word' id='word_1_199' title='bbox 1494 2746 1547 2799; x_wconf 92' lang='lat' dir='ltr'><strong>in</strong></span> <span class='ocrx_word' id='word_1_200' title='bbox 1580 2762 1688 2816; x_wconf 88' lang='lat' dir='ltr'><strong>qua</strong></span> <span class='ocrx_word' id='word_1_201' title='bbox 1719 2747 1829 2801; x_wconf 85' lang='lat' dir='ltr'><strong>nati</strong></span> <span class='ocrx_word' id='word_1_202' title='bbox 1857 2746 2080 2801; x_wconf 76' lang='lat' dir='ltr'><strong>suntde</strong></span> 
     </span>
    </p>
   </div>
   <div class='ocr_carea' id='block_1_30' title="bbox 495 2834 2081 2905">
    <p class='ocr_par' dir='ltr' id='par_1_30' title="bbox 495 2834 2081 2905">
     <span class='ocr_line' id='line_1_30' title="bbox 495 2834 2081 2905; baseline 0.001 -15"><span class='ocrx_word' id='word_1_203' title='bbox 495 2849 593 2890; x_wconf 91' lang='lat' dir='ltr'><strong>ore</strong></span> <span class='ocrx_word' id='word_1_204' title='bbox 622 2849 810 2889; x_wconf 91' lang='lat' dir='ltr'><strong>eorum</strong></span> <span class='ocrx_word' id='word_1_205' title='bbox 835 2834 1122 2905; x_wconf 81' lang='lat' dir='ltr'><strong>stupefacti</strong></span> <span class='ocrx_word' id='word_1_206' title='bbox 1150 2836 1462 2891; x_wconf 83' lang='lat' dir='ltr'><strong>audiebant.</strong></span> <span class='ocrx_word' id='word_1_207' title='bbox 1489 2835 1639 2902; x_wconf 90' lang='lat' dir='ltr'><strong>Quos</strong></span> <span class='ocrx_word' id='word_1_208' title='bbox 1661 2835 1853 2892; x_wconf 87' lang='lat' dir='ltr'><strong>Petrus</strong></span> <span class='ocrx_word' id='word_1_209' title='bbox 1875 2838 2081 2892; x_wconf 85' lang='lat' dir='ltr'><strong>allocu-</strong></span> 
     </span>
    </p>
   </div>
   <div class='ocr_carea' id='block_1_31' title="bbox 496 2926 2077 2998">
    <p class='ocr_par' dir='ltr' id='par_1_31' title="bbox 496 2926 2077 2998">
     <span class='ocr_line' id='line_1_31' title="bbox 496 2926 2077 2998; baseline 0.005 -21"><span class='ocrx_word' id='word_1_210' title='bbox 496 2936 585 2981; x_wconf 86' lang='lat' dir='ltr'><strong>tus</strong></span> <span class='ocrx_word' id='word_1_211' title='bbox 611 2926 748 2981; x_wconf 74' lang='lat' dir='ltr'><strong>dixit</strong></span> <span class='ocrx_word' id='word_1_212' title='bbox 782 2927 917 2993; x_wconf 70' lang='lat' dir='ltr'><strong>haec,</strong></span> <span class='ocrx_word' id='word_1_213' title='bbox 950 2943 1045 2997; x_wconf 91' lang='lat' dir='ltr'><strong>per</strong></span> <span class='ocrx_word' id='word_1_214' title='bbox 1092 2928 1388 2997; x_wconf 85' lang='lat' dir='ltr'><strong>prophetas</strong></span> <span class='ocrx_word' id='word_1_215' title='bbox 1439 2928 1716 2998; x_wconf 68' lang='lat' dir='ltr'><strong>praedicta,</strong></span> <span class='ocrx_word' id='word_1_216' title='bbox 1763 2944 1860 2998; x_wconf 90' lang='lat' dir='ltr'><strong>per</strong></span> <span class='ocrx_word' id='word_1_217' title='bbox 1890 2928 2077 2985; x_wconf 82' lang='lat' dir='ltr'><strong>Jesum</strong></span> 
     </span>
    </p>
   </div>
   <div class='ocr_carea' id='block_1_32' title="bbox 493 3018 2078 3090">
    <p class='ocr_par' dir='ltr' id='par_1_32' title="bbox 493 3018 2078 3090">
     <span class='ocr_line' id='line_1_32' title="bbox 493 3018 2078 3090; baseline 0.003 -19"><span class='ocrx_word' id='word_1_218' title='bbox 493 3032 624 3072; x_wconf 89' lang='lat' dir='ltr'><strong>vero</strong></span> <span class='ocrx_word' id='word_1_219' title='bbox 648 3018 718 3072; x_wconf 90' lang='lat' dir='ltr'><strong>ab</strong></span> <span class='ocrx_word' id='word_1_220' title='bbox 744 3019 825 3074; x_wconf 89' lang='lat' dir='ltr'><strong>eis</strong></span> <span class='ocrx_word' id='word_1_221' title='bbox 848 3019 1168 3075; x_wconf 79' lang='lat' dir='ltr'><strong>crucifixum</strong></span> <span class='ocrx_word' id='word_1_222' title='bbox 1191 3021 1478 3090; x_wconf 86' lang='lat' dir='ltr'><strong>completa.</strong></span> <span class='ocrx_word' id='word_1_223' title='bbox 1505 3020 1608 3087; x_wconf 86' lang='lat' dir='ltr'><strong>Qui</strong></span> <span class='ocrx_word' id='word_1_224' title='bbox 1634 3022 1948 3090; x_wconf 87' lang='lat' dir='ltr'><strong>poenitentia</strong></span> <span class='ocrx_word' id='word_1_225' title='bbox 1978 3024 2078 3077; x_wconf 91' lang='lat' dir='ltr'><strong>du-</strong></span> 
     </span>
    </p>
   </div>
   <div class='ocr_carea' id='block_1_33' title="bbox 493 3108 2148 3196">
    <p class='ocr_par' dir='ltr' id='par_1_33' title="bbox 493 3108 2148 3196">
     <span class='ocr_line' id='line_1_33' title="bbox 493 3108 2148 3196; baseline 0.005 -34"><span class='ocrx_word' id='word_1_226' title='bbox 493 3108 566 3162; x_wconf 86' lang='lat' dir='ltr'><strong>cti</strong></span> <span class='ocrx_word' id='word_1_227' title='bbox 610 3108 678 3163; x_wconf 90' lang='lat' dir='ltr'><strong>ad</strong></span> <span class='ocrx_word' id='word_1_228' title='bbox 709 3109 811 3163; x_wconf 88' lang='lat' dir='ltr'><strong>tria</strong></span> <span class='ocrx_word' id='word_1_229' title='bbox 852 3110 1020 3164; x_wconf 90' lang='lat' dir='ltr'><strong>millia</strong></span> <span class='ocrx_word' id='word_1_230' title='bbox 1056 3111 1343 3165; x_wconf 85' lang='lat' dir='ltr'><strong>hominum</strong></span> <span class='ocrx_word' id='word_1_231' title='bbox 1394 3111 1652 3180; x_wconf 83' lang='lat' dir='ltr'><strong>haptizati</strong></span> <span class='ocrx_word' id='word_1_232' title='bbox 1682 3120 1829 3178; x_wconf 91' lang='lat' dir='ltr'><strong>sunt,</strong></span> <span class='ocrx_word' id='word_1_233' title='bbox 1872 3122 1927 3166; x_wconf 87' lang='lat' dir='ltr'><strong>et</strong></span> <span class='ocrx_word' id='word_1_234' title='bbox 1975 3114 2077 3182; x_wconf 84' lang='lat' dir='ltr'><strong>ipsi</strong></span> <span class='ocrx_word' id='word_1_235' title='bbox 2105 3137 2148 3196; x_wconf 71' lang='grc' dir='ltr'><strong>ο</strong></span> 
     </span>
    </p>
   </div>
   <div class='ocr_carea' id='block_1_34' title="bbox 497 3197 2077 3272">
    <p class='ocr_par' dir='ltr' id='par_1_34' title="bbox 497 3197 2077 3272">
     <span class='ocr_line' id='line_1_34' title="bbox 497 3197 2077 3272; baseline 0.004 -19"><span class='ocrx_word' id='word_1_236' title='bbox 497 3197 701 3268; x_wconf 90' lang='lat' dir='ltr'><strong>Spiritu</strong></span> <span class='ocrx_word' id='word_1_237' title='bbox 732 3210 922 3256; x_wconf 88' lang='lat' dir='ltr'><strong>sancto</strong></span> <span class='ocrx_word' id='word_1_238' title='bbox 969 3203 1109 3257; x_wconf 83' lang='lat' dir='ltr'><strong>sicut</strong></span> <span class='ocrx_word' id='word_1_239' title='bbox 1138 3203 1230 3257; x_wconf 89' lang='lat' dir='ltr'><strong>alii</strong></span> <span class='ocrx_word' id='word_1_240' title='bbox 1280 3204 1466 3272; x_wconf 87' lang='lat' dir='ltr'><strong>repleti</strong></span> <span class='ocrx_word' id='word_1_241' title='bbox 1490 3214 1636 3258; x_wconf 90' lang='lat' dir='ltr'><strong>sunt.</strong></span> <span class='ocrx_word' id='word_1_242' title='bbox 1665 3204 1781 3258; x_wconf 82' lang='lat' dir='ltr'><strong>Alia</strong></span> <span class='ocrx_word' id='word_1_243' title='bbox 1812 3205 1919 3271; x_wconf 88' lang='lat' dir='ltr'><strong>die,</strong></span> <span class='ocrx_word' id='word_1_244' title='bbox 1953 3222 2077 3261; x_wconf 89' lang='lat' dir='ltr'><strong>cum</strong></span> 
     </span>
    </p>
   </div>
   <div class='ocr_carea' id='block_1_35' title="bbox 493 3287 2076 3366">
    <p class='ocr_par' dir='ltr' id='par_1_35' title="bbox 493 3287 2076 3366">
     <span class='ocr_line' id='line_1_35' title="bbox 493 3287 2076 3366; baseline 0.006 -23"><span class='ocrx_word' id='word_1_245' title='bbox 493 3287 691 3346; x_wconf 89' lang='lat' dir='ltr'><strong>Petrus</strong></span> <span class='ocrx_word' id='word_1_246' title='bbox 729 3299 784 3346; x_wconf 90' lang='lat' dir='ltr'><strong>et</strong></span> <span class='ocrx_word' id='word_1_247' title='bbox 815 3291 1054 3349; x_wconf 78' lang='lat' dir='ltr'><strong>Joannes</strong></span> <span class='ocrx_word' id='word_1_248' title='bbox 1095 3294 1348 3349; x_wconf 90' lang='lat' dir='ltr'><strong>claudum</strong></span> <span class='ocrx_word' id='word_1_249' title='bbox 1386 3310 1481 3364; x_wconf 91' lang='lat' dir='ltr'><strong>per</strong></span> <span class='ocrx_word' id='word_1_250' title='bbox 1522 3294 1787 3366; x_wconf 86' lang='lat' dir='ltr'><strong>Spiritum</strong></span> <span class='ocrx_word' id='word_1_251' title='bbox 1828 3310 2076 3353; x_wconf 88' lang='lat' dir='ltr'><strong>sanctum</strong></span> 
     </span>
    </p>
   </div>
   <div class='ocr_carea' id='block_1_36' title="bbox 494 3381 2080 3457">
    <p class='ocr_par' dir='ltr' id='par_1_36' title="bbox 494 3381 2080 3457">
     <span class='ocr_line' id='line_1_36' title="bbox 494 3381 2080 3457; baseline 0.005 -23"><span class='ocrx_word' id='word_1_252' title='bbox 494 3390 805 3447; x_wconf 88' lang='lat' dir='ltr'><strong>sanassent,</strong></span> <span class='ocrx_word' id='word_1_253' title='bbox 835 3381 1079 3452; x_wconf 90' lang='lat' dir='ltr'><strong>quinque</strong></span> <span class='ocrx_word' id='word_1_254' title='bbox 1109 3384 1276 3437; x_wconf 87' lang='lat' dir='ltr'><strong>millia</strong></span> <span class='ocrx_word' id='word_1_255' title='bbox 1306 3384 1561 3453; x_wconf 88' lang='lat' dir='ltr'><strong>baptizati</strong></span> <span class='ocrx_word' id='word_1_256' title='bbox 1593 3395 1740 3452; x_wconf 90' lang='lat' dir='ltr'><strong>sunt,</strong></span> <span class='ocrx_word' id='word_1_257' title='bbox 1768 3388 1860 3457; x_wconf 92' lang='lat' dir='ltr'><strong>qui</strong></span> <span class='ocrx_word' id='word_1_258' title='bbox 1889 3403 2080 3443; x_wconf 84' lang='lat' dir='ltr'><strong>omnes</strong></span> 
     </span>
    </p>
   </div>
   <div class='ocr_carea' id='block_1_37' title="bbox 496 3472 2077 3552">
    <p class='ocr_par' dir='ltr' id='par_1_37' title="bbox 496 3472 2077 3552">
     <span class='ocr_line' id='line_1_37' title="bbox 496 3472 2077 3552; baseline 0.008 -26"><span class='ocrx_word' id='word_1_259' title='bbox 496 3472 700 3543; x_wconf 85' lang='lat' dir='ltr'><strong>Spiritu</strong></span> <span class='ocrx_word' id='word_1_260' title='bbox 718 3484 909 3529; x_wconf 91' lang='lat' dir='ltr'><strong>saneto</strong></span> <span class='ocrx_word' id='word_1_261' title='bbox 925 3476 1078 3531; x_wconf 89' lang='lat' dir='ltr'><strong>ditati</strong></span> <span class='ocrx_word' id='word_1_262' title='bbox 1100 3485 1248 3543; x_wconf 86' lang='lat' dir='ltr'><strong>sunt,</strong></span> <span class='ocrx_word' id='word_1_263' title='bbox 1268 3486 1321 3531; x_wconf 72' lang='lat' dir='ltr'><strong>et</strong></span> <span class='ocrx_word' id='word_1_264' title='bbox 1338 3479 1655 3548; x_wconf 81' lang='lat' dir='ltr'><strong>sanguinem</strong></span> <span class='ocrx_word' id='word_1_265' title='bbox 1675 3479 1772 3533; x_wconf 85' lang='lat' dir='ltr'><strong>Clu</strong></span> <span class='ocrx_word' id='word_1_266' title='bbox 1788 3480 1897 3547; x_wconf 83' lang='lat' dir='ltr'><strong>isti,</strong></span> <span class='ocrx_word' id='word_1_267' title='bbox 1916 3497 2077 3552; x_wconf 88' lang='lat' dir='ltr'><strong>quem</strong></span> 
     </span>
    </p>
   </div>
   <div class='ocr_carea' id='block_1_38' title="bbox 493 3562 2079 3637">
    <p class='ocr_par' dir='ltr' id='par_1_38' title="bbox 493 3562 2079 3637">
     <span class='ocr_line' id='line_1_38' title="bbox 493 3562 2079 3637; baseline 0.008 -21"><span class='ocrx_word' id='word_1_268' title='bbox 493 3563 648 3632; x_wconf 91' lang='lat' dir='ltr'><strong>prius</strong></span> <span class='ocrx_word' id='word_1_269' title='bbox 699 3562 981 3619; x_wconf 87' lang='lat' dir='ltr'><strong>furibundi</strong></span> <span class='ocrx_word' id='word_1_270' title='bbox 1023 3565 1300 3633; x_wconf 89' lang='lat' dir='ltr'><strong>fuderunt,</strong></span> <span class='ocrx_word' id='word_1_271' title='bbox 1344 3570 1688 3637; x_wconf 85' lang='lat' dir='ltr'><strong>postmodum</strong></span> <span class='ocrx_word' id='word_1_272' title='bbox 1737 3573 2079 3628; x_wconf 85' lang='lat' dir='ltr'><strong>tremebundi</strong></span> 
     </span>
    </p>
   </div>
   <div class='ocr_carea' id='block_1_39' title="bbox 493 3654 2080 3734">
    <p class='ocr_par' dir='ltr' id='par_1_39' title="bbox 493 3654 2080 3734">
     <span class='ocr_line' id='line_1_39' title="bbox 493 3654 2080 3734; baseline 0.006 -24"><span class='ocrx_word' id='word_1_273' title='bbox 493 3654 784 3723; x_wconf 87' lang='lat' dir='ltr'><strong>biberunt,</strong></span> <span class='ocrx_word' id='word_1_274' title='bbox 839 3673 903 3711; x_wconf 89' lang='lat' dir='ltr'><strong>ac</strong></span> <span class='ocrx_word' id='word_1_275' title='bbox 951 3659 1226 3727; x_wconf 76' lang='lat' dir='ltr'><strong>perplures</strong></span> <span class='ocrx_word' id='word_1_276' title='bbox 1262 3660 1581 3730; x_wconf 86' lang='lat' dir='ltr'><strong>sanguinem</strong></span> <span class='ocrx_word' id='word_1_277' title='bbox 1615 3679 1776 3717; x_wconf 90' lang='lat' dir='ltr'><strong>suum</strong></span> <span class='ocrx_word' id='word_1_278' title='bbox 1812 3679 1911 3733; x_wconf 89' lang='lat' dir='ltr'><strong>pro</strong></span> <span class='ocrx_word' id='word_1_279' title='bbox 1961 3664 2080 3734; x_wconf 90' lang='lat' dir='ltr'><strong>ipso</strong></span> 
     </span>
    </p>
   </div>
   <div class='ocr_carea' id='block_1_40' title="bbox 494 3745 2076 3833">
    <p class='ocr_par' dir='ltr' id='par_1_40' title="bbox 494 3745 2076 3833">
     <span class='ocr_line' id='line_1_40' title="bbox 494 3745 2076 3833; baseline 0.007 -33"><span class='ocrx_word' id='word_1_280' title='bbox 494 3745 771 3801; x_wconf 84' lang='lat' dir='ltr'><strong>fuderunt.</strong></span> <span class='ocrx_word' id='word_1_281' title='bbox 818 3747 1062 3817; x_wconf 82' lang='lat' dir='ltr'><strong>Apostoli</strong></span> <span class='ocrx_word' id='word_1_282' title='bbox 1095 3758 1296 3833; x_wconf 75' lang='lat' dir='ltr'><strong>autem,</strong></span> <span class='ocrx_word' id='word_1_283' title='bbox 1343 3760 1568 3822; x_wconf 88' lang='lat' dir='ltr'><strong>accepto</strong></span> <span class='ocrx_word' id='word_1_284' title='bbox 1615 3752 1821 3824; x_wconf 86' lang='lat' dir='ltr'><strong>Spiritu</strong></span> <span class='ocrx_word' id='word_1_285' title='bbox 1866 3765 2076 3824; x_wconf 89' lang='lat' dir='ltr'><strong>sancto,</strong></span> 
     </span>
    </p>
   </div>
   <div class='ocr_carea' id='block_1_41' title="bbox 495 3838 2080 3918">
    <p class='ocr_par' dir='ltr' id='par_1_41' title="bbox 495 3838 2080 3918">
     <span class='ocr_line' id='line_1_41' title="bbox 495 3838 2080 3918; baseline 0.007 -25"><span class='ocrx_word' id='word_1_286' title='bbox 495 3838 785 3894; x_wconf 90' lang='lat' dir='ltr'><strong>duodecim</strong></span> <span class='ocrx_word' id='word_1_287' title='bbox 837 3853 1010 3896; x_wconf 88' lang='lat' dir='ltr'><strong>annos</strong></span> <span class='ocrx_word' id='word_1_288' title='bbox 1060 3842 1115 3896; x_wconf 91' lang='lat' dir='ltr'><strong>in</strong></span> <span class='ocrx_word' id='word_1_289' title='bbox 1148 3840 1482 3899; x_wconf 82' lang='lat' dir='ltr'><strong>Hierusalem</strong></span> <span class='ocrx_word' id='word_1_290' title='bbox 1514 3846 1703 3901; x_wconf 91' lang='lat' dir='ltr'><strong>eodem</strong></span> <span class='ocrx_word' id='word_1_291' title='bbox 1734 3848 2080 3918; x_wconf 72' lang='lat' dir='ltr'><strong>praecipiente</strong></span> 
     </span>
    </p>
   </div>
   <div class='ocr_carea' id='block_1_42' title="bbox 493 3934 2081 4003">
    <p class='ocr_par' dir='ltr' id='par_1_42' title="bbox 493 3934 2081 4003">
     <span class='ocr_line' id='line_1_42' title="bbox 493 3934 2081 4003; baseline 0.004 -13"><span class='ocrx_word' id='word_1_292' title='bbox 493 3934 931 4000; x_wconf 86' lang='lat' dir='ltr'><strong>commanebant,</strong></span> <span class='ocrx_word' id='word_1_293' title='bbox 976 3948 1097 4003; x_wconf 82' lang='lat' dir='ltr'><strong>qua:</strong></span> <span class='ocrx_word' id='word_1_294' title='bbox 1121 3935 1174 3988; x_wconf 89' lang='lat' dir='ltr'><strong>in</strong></span> <span class='ocrx_word' id='word_1_295' title='bbox 1201 3936 1405 3991; x_wconf 90' lang='lat' dir='ltr'><strong>mundo</strong></span> <span class='ocrx_word' id='word_1_296' title='bbox 1435 3937 1646 3992; x_wconf 85' lang='lat' dir='ltr'><strong>docturi</strong></span> <span class='ocrx_word' id='word_1_297' title='bbox 1673 3948 1829 3993; x_wconf 89' lang='lat' dir='ltr'><strong>erant</strong></span> <span class='ocrx_word' id='word_1_298' title='bbox 1857 3940 2081 3998; x_wconf 88' lang='lat' dir='ltr'><strong>insimul</strong></span> 
     </span>
    </p>
   </div>
   <div class='ocr_carea' id='block_1_43' title="bbox 493 4025 2081 4101">
    <p class='ocr_par' dir='ltr' id='par_1_43' title="bbox 493 4025 2081 4101">
     <span class='ocr_line' id='line_1_43' title="bbox 493 4025 2081 4101; baseline 0.004 -18"><span class='ocrx_word' id='word_1_299' title='bbox 493 4026 865 4093; x_wconf 85' lang='lat' dir='ltr'><strong>conferebant,</strong></span> <span class='ocrx_word' id='word_1_300' title='bbox 916 4026 971 4080; x_wconf 92' lang='lat' dir='ltr'><strong>in</strong></span> <span class='ocrx_word' id='word_1_301' title='bbox 1029 4027 1261 4082; x_wconf 89' lang='lat' dir='ltr'><strong>circuitu</strong></span> <span class='ocrx_word' id='word_1_302' title='bbox 1313 4025 1530 4085; x_wconf 66' lang='lat' dir='ltr'><strong>Judaeos</strong></span> <span class='ocrx_word' id='word_1_303' title='bbox 1578 4044 1644 4085; x_wconf 90' lang='lat' dir='ltr'><strong>ac</strong></span> <span class='ocrx_word' id='word_1_304' title='bbox 1704 4033 1934 4101; x_wconf 78' lang='lat' dir='ltr'><strong>gentiles</strong></span> <span class='ocrx_word' id='word_1_305' title='bbox 1983 4035 2081 4090; x_wconf 88' lang='lat' dir='ltr'><strong>do-</strong></span> 
     </span>
    </p>
   </div>
   <div class='ocr_carea' id='block_1_44' title="bbox 493 4118 2078 4191">
    <p class='ocr_par' dir='ltr' id='par_1_44' title="bbox 493 4118 2078 4191">
     <span class='ocr_line' id='line_1_44' title="bbox 493 4118 2078 4191; baseline 0.004 -16"><span class='ocrx_word' id='word_1_306' title='bbox 493 4119 709 4184; x_wconf 88' lang='lat' dir='ltr'><strong>cebant,</strong></span> <span class='ocrx_word' id='word_1_307' title='bbox 743 4118 913 4188; x_wconf 84' lang='lat' dir='ltr'><strong>signis</strong></span> <span class='ocrx_word' id='word_1_308' title='bbox 941 4134 1006 4174; x_wconf 90' lang='lat' dir='ltr'><strong>ac</strong></span> <span class='ocrx_word' id='word_1_309' title='bbox 1052 4119 1314 4190; x_wconf 89' lang='lat' dir='ltr'><strong>prodigiis</strong></span> <span class='ocrx_word' id='word_1_310' title='bbox 1344 4120 1409 4173; x_wconf 90' lang='lat' dir='ltr'><strong>ad</strong></span> <span class='ocrx_word' id='word_1_311' title='bbox 1460 4120 1618 4175; x_wconf 89' lang='lat' dir='ltr'><strong>tidem</strong></span> <span class='ocrx_word' id='word_1_312' title='bbox 1650 4122 1916 4191; x_wconf 92' lang='lat' dir='ltr'><strong>plurimos</strong></span> <span class='ocrx_word' id='word_1_313' title='bbox 1942 4141 2078 4181; x_wconf 87' lang='lat' dir='ltr'><strong>con-</strong></span> 
     </span>
    </p>
   </div>
   <div class='ocr_carea' id='block_1_45' title="bbox 491 4211 2077 4281">
    <p class='ocr_par' dir='ltr' id='par_1_45' title="bbox 491 4211 2077 4281">
     <span class='ocr_line' id='line_1_45' title="bbox 491 4211 2077 4281; baseline 0.004 -15"><span class='ocrx_word' id='word_1_314' title='bbox 491 4211 794 4267; x_wconf 85' lang='lat' dir='ltr'><strong>vertebant.</strong></span> <span class='ocrx_word' id='word_1_315' title='bbox 838 4211 943 4278; x_wconf 78' lang='lat' dir='ltr'><strong>Qui</strong></span> <span class='ocrx_word' id='word_1_316' title='bbox 984 4227 1173 4267; x_wconf 90' lang='lat' dir='ltr'><strong>omnes</strong></span> <span class='ocrx_word' id='word_1_317' title='bbox 1218 4226 1312 4281; x_wconf 87' lang='lat' dir='ltr'><strong>per</strong></span> <span class='ocrx_word' id='word_1_318' title='bbox 1363 4212 1763 4281; x_wconf 90' lang='lat' dir='ltr'><strong>impositionem</strong></span> <span class='ocrx_word' id='word_1_319' title='bbox 1814 4231 2077 4273; x_wconf 90' lang='lat' dir='ltr'><strong>manuum</strong></span> 
     </span>
    </p>
   </div>
   <div class='ocr_carea' id='block_1_46' title="bbox 492 4300 2075 4373">
    <p class='ocr_par' dir='ltr' id='par_1_46' title="bbox 492 4300 2075 4373">
     <span class='ocr_line' id='line_1_46' title="bbox 492 4300 2075 4373; baseline 0.004 -17"><span class='ocrx_word' id='word_1_320' title='bbox 492 4301 865 4372; x_wconf 83' lang='lat' dir='ltr'><strong>apostolorum</strong></span> <span class='ocrx_word' id='word_1_321' title='bbox 896 4300 1156 4371; x_wconf 82' lang='lat' dir='ltr'><strong>Spiritum</strong></span> <span class='ocrx_word' id='word_1_322' title='bbox 1190 4309 1438 4356; x_wconf 90' lang='lat' dir='ltr'><strong>sanctum</strong></span> <span class='ocrx_word' id='word_1_323' title='bbox 1480 4303 1836 4373; x_wconf 87' lang='lat' dir='ltr'><strong>accipiebant,</strong></span> <span class='ocrx_word' id='word_1_324' title='bbox 1883 4315 1938 4361; x_wconf 91' lang='lat' dir='ltr'><strong>et</strong></span> <span class='ocrx_word' id='word_1_325' title='bbox 1962 4308 2075 4363; x_wconf 87' lang='lat' dir='ltr'><strong>vir-</strong></span> 
     </span>
    </p>
   </div>
   <div class='ocr_carea' id='block_1_47' title="bbox 492 4393 2075 4472">
    <p class='ocr_par' dir='ltr' id='par_1_47' title="bbox 492 4393 2075 4472">
     <span class='ocr_line' id='line_1_47' title="bbox 492 4393 2075 4472; baseline 0.006 -25"><span class='ocrx_word' id='word_1_326' title='bbox 492 4402 636 4449; x_wconf 90' lang='lat' dir='ltr'><strong>tutes</strong></span> <span class='ocrx_word' id='word_1_327' title='bbox 688 4393 782 4449; x_wconf 89' lang='lat' dir='ltr'><strong>Dei</strong></span> <span class='ocrx_word' id='word_1_328' title='bbox 834 4394 991 4449; x_wconf 90' lang='lat' dir='ltr'><strong>novis</strong></span> <span class='ocrx_word' id='word_1_329' title='bbox 1024 4394 1255 4448; x_wconf 87' lang='lat' dir='ltr'><strong>edebant</strong></span> <span class='ocrx_word' id='word_1_330' title='bbox 1291 4394 1511 4464; x_wconf 87' lang='lat' dir='ltr'><strong>linguis.</strong></span> <span class='ocrx_word' id='word_1_331' title='bbox 1546 4395 1792 4466; x_wconf 88' lang='lat' dir='ltr'><strong>Apostoli</strong></span> <span class='ocrx_word' id='word_1_332' title='bbox 1836 4415 2075 4472; x_wconf 89' lang='lat' dir='ltr'><strong>namque</strong></span> 
     </span>
    </p>
   </div>
   <div class='ocr_carea' id='block_1_48' title="bbox 2180 536 3761 614">
    <p class='ocr_par' dir='ltr' id='par_1_48' title="bbox 2180 536 3761 614">
     <span class='ocr_line' id='line_1_48' title="bbox 2180 536 3761 614; baseline -0.006 -12"><span class='ocrx_word' id='word_1_333' title='bbox 2180 554 2427 602; x_wconf 85' lang='lat' dir='ltr'><strong>suerunt.</strong></span> <span class='ocrx_word' id='word_1_334' title='bbox 2452 543 2748 614; x_wconf 85' lang='lat' dir='ltr'><strong>Postquam</strong></span> <span class='ocrx_word' id='word_1_335' title='bbox 2778 541 2921 598; x_wconf 90' lang='lat' dir='ltr'><strong>Deus</strong></span> <span class='ocrx_word' id='word_1_336' title='bbox 2941 541 3129 597; x_wconf 89' lang='lat' dir='ltr'><strong>omnia</strong></span> <span class='ocrx_word' id='word_1_337' title='bbox 3158 539 3216 594; x_wconf 92' lang='lat' dir='ltr'><strong>in</strong></span> <span class='ocrx_word' id='word_1_338' title='bbox 3236 536 3514 609; x_wconf 90' lang='lat' dir='ltr'><strong>principio</strong></span> <span class='ocrx_word' id='word_1_339' title='bbox 3537 551 3634 592; x_wconf 79' lang='lat' dir='ltr'><strong>sex</strong></span> <span class='ocrx_word' id='word_1_340' title='bbox 3652 537 3761 594; x_wconf 54' lang='lat' dir='ltr'><strong>dlce</strong></span> 
     </span>
    </p>
   </div>
   <div class='ocr_carea' id='block_1_49' title="bbox 2177 627 3761 703">
    <p class='ocr_par' dir='ltr' id='par_1_49' title="bbox 2177 627 3761 703">
     <span class='ocr_line' id='line_1_49' title="bbox 2177 627 3761 703; baseline -0.003 -14"><span class='ocrx_word' id='word_1_341' title='bbox 2177 635 2285 690; x_wconf 90' lang='lat' dir='ltr'><strong>bus</strong></span> <span class='ocrx_word' id='word_1_342' title='bbox 2312 634 2539 700; x_wconf 89' lang='lat' dir='ltr'><strong>creavit,</strong></span> <span class='ocrx_word' id='word_1_343' title='bbox 2564 634 2855 703; x_wconf 87' lang='lat' dir='ltr'><strong>septimum</strong></span> <span class='ocrx_word' id='word_1_344' title='bbox 2885 629 3265 695; x_wconf 85' lang='lat' dir='ltr'><strong>sanctificavit,</strong></span> <span class='ocrx_word' id='word_1_345' title='bbox 3290 628 3421 698; x_wconf 88' lang='lat' dir='ltr'><strong>quia</strong></span> <span class='ocrx_word' id='word_1_346' title='bbox 3451 627 3508 681; x_wconf 91' lang='lat' dir='ltr'><strong>in</strong></span> <span class='ocrx_word' id='word_1_347' title='bbox 3536 627 3657 697; x_wconf 90' lang='lat' dir='ltr'><strong>ipso</strong></span> <span class='ocrx_word' id='word_1_348' title='bbox 3681 643 3761 684; x_wconf 88' lang='lat' dir='ltr'><strong>re-</strong></span> 
     </span>
    </p>
   </div>
   <div class='ocr_carea' id='block_1_50' title="bbox 2178 717 3761 796">
    <p class='ocr_par' dir='ltr' id='par_1_50' title="bbox 2178 717 3761 796">
     <span class='ocr_line' id='line_1_50' title="bbox 2178 717 3761 796; baseline -0.004 -18"><span class='ocrx_word' id='word_1_349' title='bbox 2178 726 2468 796; x_wconf 87' lang='lat' dir='ltr'><strong>quiescens</strong></span> <span class='ocrx_word' id='word_1_350' title='bbox 2494 723 2567 781; x_wconf 88' lang='lat' dir='ltr'><strong>ab</strong></span> <span class='ocrx_word' id='word_1_351' title='bbox 2598 738 2762 794; x_wconf 90' lang='lat' dir='ltr'><strong>opere</strong></span> <span class='ocrx_word' id='word_1_352' title='bbox 2791 722 3042 778; x_wconf 89' lang='lat' dir='ltr'><strong>cessavit.</strong></span> <span class='ocrx_word' id='word_1_353' title='bbox 3071 718 3163 774; x_wconf 90' lang='lat' dir='ltr'><strong>Sic</strong></span> <span class='ocrx_word' id='word_1_354' title='bbox 3188 718 3284 789; x_wconf 91' lang='lat' dir='ltr'><strong>qui</strong></span> <span class='ocrx_word' id='word_1_355' title='bbox 3309 717 3365 772; x_wconf 93' lang='lat' dir='ltr'><strong>in</strong></span> <span class='ocrx_word' id='word_1_356' title='bbox 3393 733 3492 773; x_wconf 81' lang='lat' dir='ltr'><strong>sex</strong></span> <span class='ocrx_word' id='word_1_357' title='bbox 3518 717 3761 772; x_wconf 65' lang='lat' dir='ltr'><strong>aetatibus</strong></span> 
     </span>
    </p>
   </div>
   <div class='ocr_carea' id='block_1_51' title="bbox 2178 810 3760 889">
    <p class='ocr_par' dir='ltr' id='par_1_51' title="bbox 2178 810 3760 889">
     <span class='ocr_line' id='line_1_51' title="bbox 2178 810 3760 889; baseline -0.004 -17"><span class='ocrx_word' id='word_1_358' title='bbox 2178 816 2370 889; x_wconf 83' lang='lat' dir='ltr'><strong>mundi</strong></span> <span class='ocrx_word' id='word_1_359' title='bbox 2415 816 2471 877; x_wconf 87' lang='lat' dir='ltr'><strong>in</strong></span> <span class='ocrx_word' id='word_1_360' title='bbox 2498 815 2657 877; x_wconf 79' lang='lat' dir='ltr'><strong>donis</strong></span> <span class='ocrx_word' id='word_1_361' title='bbox 2689 814 2924 884; x_wconf 89' lang='lat' dir='ltr'><strong>Spiritus</strong></span> <span class='ocrx_word' id='word_1_362' title='bbox 2961 812 3138 868; x_wconf 89' lang='lat' dir='ltr'><strong>sancti</strong></span> <span class='ocrx_word' id='word_1_363' title='bbox 3178 811 3395 880; x_wconf 81' lang='lat' dir='ltr'><strong>operari</strong></span> <span class='ocrx_word' id='word_1_364' title='bbox 3436 810 3677 874; x_wconf 83' lang='lat' dir='ltr'><strong>student,</strong></span> <span class='ocrx_word' id='word_1_365' title='bbox 3710 812 3760 866; x_wconf 88' lang='lat' dir='ltr'><strong>in</strong></span> 
     </span>
    </p>
   </div>
   <div class='ocr_carea' id='block_1_52' title="bbox 2180 900 3763 981">
    <p class='ocr_par' dir='ltr' id='par_1_52' title="bbox 2180 900 3763 981">
     <span class='ocr_line' id='line_1_52' title="bbox 2180 900 3763 981; baseline -0.005 -15"><span class='ocrx_word' id='word_1_366' title='bbox 2180 910 2412 981; x_wconf 88' lang='lat' dir='ltr'><strong>septima</strong></span> <span class='ocrx_word' id='word_1_367' title='bbox 2434 924 2530 979; x_wconf 87' lang='lat' dir='ltr'><strong>per</strong></span> <span class='ocrx_word' id='word_1_368' title='bbox 2553 909 2732 979; x_wconf 88' lang='lat' dir='ltr'><strong>ipsum</strong></span> <span class='ocrx_word' id='word_1_369' title='bbox 2755 908 2825 962; x_wconf 88' lang='lat' dir='ltr'><strong>ah</strong></span> <span class='ocrx_word' id='word_1_370' title='bbox 2848 908 2997 975; x_wconf 89' lang='lat' dir='ltr'><strong>omni</strong></span> <span class='ocrx_word' id='word_1_371' title='bbox 3042 905 3237 969; x_wconf 35' lang='lat' dir='ltr'><strong>labore,</strong></span> <span class='ocrx_word' id='word_1_372' title='bbox 3270 902 3638 975; x_wconf 83' lang='lat' dir='ltr'><strong>requiescent.</strong></span> <span class='ocrx_word' id='word_1_373' title='bbox 3677 900 3763 958; x_wconf 90' lang='lat' dir='ltr'><strong>Sic</strong></span> 
     </span>
    </p>
   </div>
   <div class='ocr_carea' id='block_1_53' title="bbox 2178 994 3759 1075">
    <p class='ocr_par' dir='ltr' id='par_1_53' title="bbox 2178 994 3759 1075">
     <span class='ocr_line' id='line_1_53' title="bbox 2178 994 3759 1075; baseline -0.005 -19"><span class='ocrx_word' id='word_1_374' title='bbox 2178 1017 2283 1056; x_wconf 91' lang='lat' dir='ltr'><strong>nos</strong></span> <span class='ocrx_word' id='word_1_375' title='bbox 2316 1015 2535 1071; x_wconf 87' lang='lat' dir='ltr'><strong>quoque</strong></span> <span class='ocrx_word' id='word_1_376' title='bbox 2584 1015 2680 1054; x_wconf 86' lang='lat' dir='ltr'><strong>sex</strong></span> <span class='ocrx_word' id='word_1_377' title='bbox 2714 999 2905 1054; x_wconf 89' lang='lat' dir='ltr'><strong>diebus</strong></span> <span class='ocrx_word' id='word_1_378' title='bbox 2937 1000 2990 1052; x_wconf 90' lang='lat' dir='ltr'><strong>in</strong></span> <span class='ocrx_word' id='word_1_379' title='bbox 3045 994 3384 1059; x_wconf 86' lang='lat' dir='ltr'><strong>bebdomada</strong></span> <span class='ocrx_word' id='word_1_380' title='bbox 3432 994 3759 1075; x_wconf 82' lang='lat' dir='ltr'><strong>laboramus,</strong></span> 
     </span>
    </p>
   </div>
   <div class='ocr_carea' id='block_1_54' title="bbox 2181 1084 3757 1163">
    <p class='ocr_par' dir='ltr' id='par_1_54' title="bbox 2181 1084 3757 1163">
     <span class='ocr_line' id='line_1_54' title="bbox 2181 1084 3757 1163; baseline -0.004 -16"><span class='ocrx_word' id='word_1_381' title='bbox 2181 1094 2239 1148; x_wconf 90' lang='lat' dir='ltr'><strong>in</strong></span> <span class='ocrx_word' id='word_1_382' title='bbox 2262 1093 2489 1163; x_wconf 83' lang='lat' dir='ltr'><strong>septima</strong></span> <span class='ocrx_word' id='word_1_383' title='bbox 2517 1107 2796 1157; x_wconf 86' lang='lat' dir='ltr'><strong>vacamus,</strong></span> <span class='ocrx_word' id='word_1_384' title='bbox 2828 1091 2954 1161; x_wconf 84' lang='lat' dir='ltr'><strong>quia</strong></span> <span class='ocrx_word' id='word_1_385' title='bbox 2982 1105 3079 1161; x_wconf 89' lang='lat' dir='ltr'><strong>per</strong></span> <span class='ocrx_word' id='word_1_386' title='bbox 3101 1086 3478 1158; x_wconf 81' lang='lat' dir='ltr'><strong>septiformem</strong></span> <span class='ocrx_word' id='word_1_387' title='bbox 3504 1084 3757 1155; x_wconf 85' lang='lat' dir='ltr'><strong>Spiritum</strong></span> 
     </span>
    </p>
   </div>
   <div class='ocr_carea' id='block_1_55' title="bbox 2180 1176 3759 1253">
    <p class='ocr_par' dir='ltr' id='par_1_55' title="bbox 2180 1176 3759 1253">
     <span class='ocr_line' id='line_1_55' title="bbox 2180 1176 3759 1253; baseline -0.005 -16"><span class='ocrx_word' id='word_1_388' title='bbox 2180 1198 2329 1237; x_wconf 88' lang='lat' dir='ltr'><strong>nunc</strong></span> <span class='ocrx_word' id='word_1_389' title='bbox 2362 1180 2521 1237; x_wconf 90' lang='lat' dir='ltr'><strong>bonis</strong></span> <span class='ocrx_word' id='word_1_390' title='bbox 2549 1183 2804 1253; x_wconf 88' lang='lat' dir='ltr'><strong>operibus</strong></span> <span class='ocrx_word' id='word_1_391' title='bbox 2834 1180 3171 1245; x_wconf 84' lang='lat' dir='ltr'><strong>insistimus,</strong></span> <span class='ocrx_word' id='word_1_392' title='bbox 3198 1180 3255 1234; x_wconf 90' lang='lat' dir='ltr'><strong>in</strong></span> <span class='ocrx_word' id='word_1_393' title='bbox 3284 1177 3476 1233; x_wconf 88' lang='lat' dir='ltr'><strong>futuro</strong></span> <span class='ocrx_word' id='word_1_394' title='bbox 3521 1176 3594 1231; x_wconf 87' lang='lat' dir='ltr'><strong>ab</strong></span> <span class='ocrx_word' id='word_1_395' title='bbox 3621 1176 3759 1230; x_wconf 88' lang='lat' dir='ltr'><strong>omni</strong></span> 
     </span>
    </p>
   </div>
   <div class='ocr_carea' id='block_1_56' title="bbox 2181 1266 3760 1349">
    <p class='ocr_par' dir='ltr' id='par_1_56' title="bbox 2181 1266 3760 1349">
     <span class='ocr_line' id='line_1_56' title="bbox 2181 1266 3760 1349; baseline 0 -22"><span class='ocrx_word' id='word_1_396' title='bbox 2181 1290 2346 1345; x_wconf 88' lang='lat' dir='ltr'><strong>opere</strong></span> <span class='ocrx_word' id='word_1_397' title='bbox 2373 1274 2602 1329; x_wconf 84' lang='lat' dir='ltr'><strong>feliciter</strong></span> <span class='ocrx_word' id='word_1_398' title='bbox 2632 1272 3052 1344; x_wconf 87' lang='lat' dir='ltr'><strong>requiescimus,</strong></span> <span class='ocrx_word' id='word_1_399' title='bbox 3087 1271 3178 1326; x_wconf 89' lang='lat' dir='ltr'><strong>ubi</strong></span> <span class='ocrx_word' id='word_1_400' title='bbox 3222 1286 3321 1341; x_wconf 90' lang='lat' dir='ltr'><strong>per</strong></span> <span class='ocrx_word' id='word_1_401' title='bbox 3342 1270 3529 1349; x_wconf 84' lang='lat' dir='ltr'><strong>ipsum</strong></span> <span class='ocrx_word' id='word_1_402' title='bbox 3552 1266 3760 1331; x_wconf 72' lang='lat' dir='ltr'><strong>vacabi-</strong></span> 
     </span>
    </p>
   </div>
   <div class='ocr_carea' id='block_1_57' title="bbox 2180 1365 3275 1435">
    <p class='ocr_par' dir='ltr' id='par_1_57' title="bbox 2180 1365 3275 1435">
     <span class='ocr_line' id='line_1_57' title="bbox 2180 1365 3275 1435; baseline -0.002 -13"><span class='ocrx_word' id='word_1_403' title='bbox 2180 1382 2326 1435; x_wconf 85' lang='lat' dir='ltr'><strong>mus,</strong></span> <span class='ocrx_word' id='word_1_404' title='bbox 2363 1375 2418 1423; x_wconf 89' lang='lat' dir='ltr'><strong>et</strong></span> <span class='ocrx_word' id='word_1_405' title='bbox 2451 1365 2624 1433; x_wconf 86' lang='lat' dir='ltr'><strong>Deum</strong></span> <span class='ocrx_word' id='word_1_406' title='bbox 2646 1366 2807 1429; x_wconf 89' lang='lat' dir='ltr'><strong>sicuti</strong></span> <span class='ocrx_word' id='word_1_407' title='bbox 2833 1375 2920 1422; x_wconf 88' lang='lat' dir='ltr'><strong>est</strong></span> <span class='ocrx_word' id='word_1_408' title='bbox 2942 1365 3275 1427; x_wconf 72' lang='lat' dir='ltr'><strong>videbimus.</strong></span> 
     </span>
    </p>
   </div>
   <div class='ocr_carea' id='block_1_58' title="bbox 2863 1513 3087 1560">
    <p class='ocr_par' dir='ltr' id='par_1_58' title="bbox 2863 1513 3087 1560">
     <span class='ocr_line' id='line_1_58' title="bbox 2863 1513 3087 1560; baseline -0.009 -6"><span class='ocrx_word' id='word_1_409' title='bbox 2863 1513 3087 1560; x_wconf 60' lang='grc' dir='ltr'>θινιειο.</span> 
     </span>
    </p>
   </div>
   <div class='ocr_carea' id='block_1_59' title="bbox 2251 1631 3764 1705">
    <p class='ocr_par' dir='ltr' id='par_1_59' title="bbox 2251 1631 3764 1705">
     <span class='ocr_line' id='line_1_59' title="bbox 2251 1631 3764 1705; baseline -0.002 -15"><span class='ocrx_word' id='word_1_410' title='bbox 2251 1634 2310 1692; x_wconf 85' lang='lat' dir='ltr'><strong>In</strong></span> <span class='ocrx_word' id='word_1_411' title='bbox 2337 1636 2542 1693; x_wconf 85' lang='lat' dir='ltr'><strong>diluvio</strong></span> <span class='ocrx_word' id='word_1_412' title='bbox 2560 1635 2812 1692; x_wconf 91' lang='lat' dir='ltr'><strong>columba</strong></span> <span class='ocrx_word' id='word_1_413' title='bbox 2844 1651 3061 1692; x_wconf 89' lang='lat' dir='ltr'><strong>ramum</strong></span> <span class='ocrx_word' id='word_1_414' title='bbox 3098 1635 3254 1690; x_wconf 67' lang='lat' dir='ltr'><strong>oliva:</strong></span> <span class='ocrx_word' id='word_1_415' title='bbox 3293 1640 3588 1703; x_wconf 88' lang='lat' dir='ltr'><strong>reportans</strong></span> <span class='ocrx_word' id='word_1_416' title='bbox 3613 1631 3764 1705; x_wconf 60' lang='lat' dir='ltr'><strong>(Ceu.</strong></span> 
     </span>
    </p>
   </div>
   <div class='ocr_carea' id='block_1_60' title="bbox 2179 1726 3754 1801">
    <p class='ocr_par' dir='ltr' id='par_1_60' title="bbox 2179 1726 3754 1801">
     <span class='ocr_line' id='line_1_60' title="bbox 2179 1726 3754 1801; baseline -0.002 -18"><span class='ocrx_word' id='word_1_417' title='bbox 2179 1731 2324 1801; x_wconf 83' lang='lat' dir='ltr'><strong>vui),</strong></span> <span class='ocrx_word' id='word_1_418' title='bbox 2352 1730 2582 1786; x_wconf 89' lang='lat' dir='ltr'><strong>inclusis</strong></span> <span class='ocrx_word' id='word_1_419' title='bbox 2635 1744 2824 1800; x_wconf 89' lang='lat' dir='ltr'><strong>pacem</strong></span> <span class='ocrx_word' id='word_1_420' title='bbox 2862 1728 3154 1793; x_wconf 88' lang='lat' dir='ltr'><strong>nuntiavit,</strong></span> <span class='ocrx_word' id='word_1_421' title='bbox 3185 1726 3316 1797; x_wconf 88' lang='lat' dir='ltr'><strong>quia</strong></span> <span class='ocrx_word' id='word_1_422' title='bbox 3368 1726 3610 1796; x_wconf 90' lang='lat' dir='ltr'><strong>Spiritus</strong></span> <span class='ocrx_word' id='word_1_423' title='bbox 3637 1741 3754 1781; x_wconf 86' lang='lat' dir='ltr'><strong>san-</strong></span> 
     </span>
    </p>
   </div>
   <div class='ocr_carea' id='block_1_61' title="bbox 2112 1800 3757 1890">
    <p class='ocr_par' dir='ltr' id='par_1_61' title="bbox 2112 1800 3757 1890">
     <span class='ocr_line' id='line_1_61' title="bbox 2112 1800 3757 1890; baseline -0.003 -15"><span class='ocrx_word' id='word_1_424' title='bbox 2112 1800 2157 1860; x_wconf 73' lang='grc' dir='ltr'><strong>Β</strong></span> <span class='ocrx_word' id='word_1_425' title='bbox 2183 1827 2303 1875; x_wconf 91' lang='lat' dir='ltr'><strong>ctus</strong></span> <span class='ocrx_word' id='word_1_426' title='bbox 2337 1836 2435 1890; x_wconf 91' lang='lat' dir='ltr'><strong>per</strong></span> <span class='ocrx_word' id='word_1_427' title='bbox 2458 1819 2774 1875; x_wconf 86' lang='lat' dir='ltr'><strong>chrismatis</strong></span> <span class='ocrx_word' id='word_1_428' title='bbox 2800 1819 3114 1874; x_wconf 88' lang='lat' dir='ltr'><strong>unctionem</strong></span> <span class='ocrx_word' id='word_1_429' title='bbox 3169 1817 3464 1872; x_wconf 87' lang='lat' dir='ltr'><strong>animabus</strong></span> <span class='ocrx_word' id='word_1_430' title='bbox 3491 1831 3652 1871; x_wconf 87' lang='lat' dir='ltr'><strong>carne</strong></span> <span class='ocrx_word' id='word_1_431' title='bbox 3682 1817 3757 1870; x_wconf 83' lang='lat' dir='ltr'><strong>in-</strong></span> 
     </span>
    </p>
   </div>
   <div class='ocr_carea' id='block_1_62' title="bbox 2180 1908 3757 1983">
    <p class='ocr_par' dir='ltr' id='par_1_62' title="bbox 2180 1908 3757 1983">
     <span class='ocr_line' id='line_1_62' title="bbox 2180 1908 3757 1983; baseline -0.003 -16"><span class='ocrx_word' id='word_1_432' title='bbox 2180 1912 2348 1968; x_wconf 91' lang='lat' dir='ltr'><strong>clusis</strong></span> <span class='ocrx_word' id='word_1_433' title='bbox 2374 1927 2560 1983; x_wconf 91' lang='lat' dir='ltr'><strong>pacem</strong></span> <span class='ocrx_word' id='word_1_434' title='bbox 2602 1912 2861 1968; x_wconf 88' lang='lat' dir='ltr'><strong>amissam</strong></span> <span class='ocrx_word' id='word_1_435' title='bbox 2900 1911 3204 1967; x_wconf 89' lang='lat' dir='ltr'><strong>redonabit.</strong></span> <span class='ocrx_word' id='word_1_436' title='bbox 3234 1909 3337 1966; x_wconf 84' lang='lat' dir='ltr'><strong>ilic</strong></span> <span class='ocrx_word' id='word_1_437' title='bbox 3375 1910 3545 1964; x_wconf 87' lang='lat' dir='ltr'><strong>etiam</strong></span> <span class='ocrx_word' id='word_1_438' title='bbox 3569 1908 3757 1979; x_wconf 81' lang='lat' dir='ltr'><strong>digitus</strong></span> 
     </span>
    </p>
   </div>
   <div class='ocr_carea' id='block_1_63' title="bbox 2179 1999 3755 2075">
    <p class='ocr_par' dir='ltr' id='par_1_63' title="bbox 2179 1999 3755 2075">
     <span class='ocr_line' id='line_1_63' title="bbox 2179 1999 3755 2075; baseline -0.004 -16"><span class='ocrx_word' id='word_1_439' title='bbox 2179 2004 2384 2059; x_wconf 62' lang='lat' dir='ltr'><strong>dextrae</strong></span> <span class='ocrx_word' id='word_1_440' title='bbox 2401 2003 2495 2060; x_wconf 91' lang='lat' dir='ltr'><strong>Dei</strong></span> <span class='ocrx_word' id='word_1_441' title='bbox 2526 2005 2848 2074; x_wconf 88' lang='lat' dir='ltr'><strong>appellatur,</strong></span> <span class='ocrx_word' id='word_1_442' title='bbox 2875 2004 3005 2075; x_wconf 89' lang='lat' dir='ltr'><strong>quia</strong></span> <span class='ocrx_word' id='word_1_443' title='bbox 3029 2003 3190 2058; x_wconf 88' lang='lat' dir='ltr'><strong>sicuti</strong></span> <span class='ocrx_word' id='word_1_444' title='bbox 3223 2017 3425 2056; x_wconf 88' lang='lat' dir='ltr'><strong>manus</strong></span> <span class='ocrx_word' id='word_1_445' title='bbox 3449 2017 3547 2070; x_wconf 91' lang='lat' dir='ltr'><strong>per</strong></span> <span class='ocrx_word' id='word_1_446' title='bbox 3574 1999 3755 2069; x_wconf 81' lang='lat' dir='ltr'><strong>digitos</strong></span> 
     </span>
    </p>
   </div>
   <div class='ocr_carea' id='block_1_64' title="bbox 2181 2093 3757 2167">
    <p class='ocr_par' dir='ltr' id='par_1_64' title="bbox 2181 2093 3757 2167">
     <span class='ocr_line' id='line_1_64' title="bbox 2181 2093 3757 2167; baseline 0 -16"><span class='ocrx_word' id='word_1_447' title='bbox 2181 2105 2463 2166; x_wconf 81' lang='lat' dir='ltr'><strong>operatur,</strong></span> <span class='ocrx_word' id='word_1_448' title='bbox 2489 2096 2562 2157; x_wconf 86' lang='lat' dir='ltr'><strong>ita</strong></span> <span class='ocrx_word' id='word_1_449' title='bbox 2590 2095 2844 2153; x_wconf 85' lang='lat' dir='ltr'><strong>Christus</strong></span> <span class='ocrx_word' id='word_1_450' title='bbox 2870 2096 2963 2167; x_wconf 90' lang='lat' dir='ltr'><strong>qui</strong></span> <span class='ocrx_word' id='word_1_451' title='bbox 2992 2105 3077 2151; x_wconf 89' lang='lat' dir='ltr'><strong>est</strong></span> <span class='ocrx_word' id='word_1_452' title='bbox 3097 2095 3321 2150; x_wconf 82' lang='lat' dir='ltr'><strong>dextera</strong></span> <span class='ocrx_word' id='word_1_453' title='bbox 3344 2093 3555 2157; x_wconf 80' lang='lat' dir='ltr'><strong>Patris,</strong></span> <span class='ocrx_word' id='word_1_454' title='bbox 3574 2100 3757 2151; x_wconf 64' lang='lat' dir='ltr'><strong>cuncta</strong></span> 
     </span>
    </p>
   </div>
   <div class='ocr_carea' id='block_1_65' title="bbox 2180 2185 3749 2265">
    <p class='ocr_par' dir='ltr' id='par_1_65' title="bbox 2180 2185 3749 2265">
     <span class='ocr_line' id='line_1_65' title="bbox 2180 2185 3749 2265; baseline -0.006 -18"><span class='ocrx_word' id='word_1_455' title='bbox 2180 2205 2277 2265; x_wconf 82' lang='lat' dir='ltr'><strong>per</strong></span> <span class='ocrx_word' id='word_1_456' title='bbox 2320 2189 2619 2246; x_wconf 77' lang='lat' dir='ltr'><strong>divisiones</strong></span> <span class='ocrx_word' id='word_1_457' title='bbox 2662 2188 2958 2259; x_wconf 88' lang='lat' dir='ltr'><strong>gratiarum</strong></span> <span class='ocrx_word' id='word_1_458' title='bbox 3004 2187 3240 2257; x_wconf 74' lang='lat' dir='ltr'><strong>Spiritus</strong></span> <span class='ocrx_word' id='word_1_459' title='bbox 3271 2185 3453 2241; x_wconf 90' lang='lat' dir='ltr'><strong>sancti</strong></span> <span class='ocrx_word' id='word_1_460' title='bbox 3489 2191 3749 2253; x_wconf 84' lang='lat' dir='ltr'><strong>operatur.</strong></span> 
     </span>
    </p>
   </div>
   <div class='ocr_carea' id='block_1_66' title="bbox 2182 2271 3749 2349">
    <p class='ocr_par' dir='ltr' id='par_1_66' title="bbox 2182 2271 3749 2349">
     <span class='ocr_line' id='line_1_66' title="bbox 2182 2271 3749 2349; baseline -0.004 -16"><span class='ocrx_word' id='word_1_461' title='bbox 2182 2277 2336 2334; x_wconf 85' lang='lat' dir='ltr'><strong>Unde</strong></span> <span class='ocrx_word' id='word_1_462' title='bbox 2362 2278 2505 2349; x_wconf 88' lang='lat' dir='ltr'><strong>magi</strong></span> <span class='ocrx_word' id='word_1_463' title='bbox 2537 2278 2629 2349; x_wconf 91' lang='lat' dir='ltr'><strong>qui</strong></span> <span class='ocrx_word' id='word_1_464' title='bbox 2661 2277 2831 2349; x_wconf 81' lang='lat' dir='ltr'><strong>Moysi</strong></span> <span class='ocrx_word' id='word_1_465' title='bbox 2861 2278 3115 2333; x_wconf 90' lang='lat' dir='ltr'><strong>resistere</strong></span> <span class='ocrx_word' id='word_1_466' title='bbox 3139 2291 3250 2330; x_wconf 91' lang='lat' dir='ltr'><strong>non</strong></span> <span class='ocrx_word' id='word_1_467' title='bbox 3280 2283 3599 2345; x_wconf 89' lang='lat' dir='ltr'><strong>potuerunt,</strong></span> <span class='ocrx_word' id='word_1_468' title='bbox 3624 2271 3749 2345; x_wconf 65' lang='lat' dir='ltr'><strong>digio</strong></span> 
     </span>
    </p>
   </div>
   <div class='ocr_carea' id='block_1_67' title="bbox 2180 2367 3746 2441">
    <p class='ocr_par' dir='ltr' id='par_1_67' title="bbox 2180 2367 3746 2441">
     <span class='ocr_line' id='line_1_67' title="bbox 2180 2367 3746 2441; baseline -0.003 -15"><span class='ocrx_word' id='word_1_469' title='bbox 2180 2380 2296 2426; x_wconf 92' lang='lat' dir='ltr'><strong>tum</strong></span> <span class='ocrx_word' id='word_1_470' title='bbox 2323 2371 2417 2426; x_wconf 90' lang='lat' dir='ltr'><strong>Dei</strong></span> <span class='ocrx_word' id='word_1_471' title='bbox 2442 2372 2545 2427; x_wconf 89' lang='lat' dir='ltr'><strong>hoc</strong></span> <span class='ocrx_word' id='word_1_472' title='bbox 2569 2386 2691 2427; x_wconf 91' lang='lat' dir='ltr'><strong>esse</strong></span> <span class='ocrx_word' id='word_1_473' title='bbox 2720 2371 2974 2433; x_wconf 78' lang='lat' dir='ltr'><strong>dixerunt</strong></span> <span class='ocrx_word' id='word_1_474' title='bbox 2998 2370 3196 2441; x_wconf 73' lang='lat' dir='ltr'><strong>(Exod.</strong></span> <span class='ocrx_word' id='word_1_475' title='bbox 3231 2370 3376 2439; x_wconf 81' lang='lat' dir='ltr'><strong>vin),</strong></span> <span class='ocrx_word' id='word_1_476' title='bbox 3420 2368 3518 2439; x_wconf 86' lang='lat' dir='ltr'><strong>qui</strong></span> <span class='ocrx_word' id='word_1_477' title='bbox 3544 2367 3746 2423; x_wconf 84' lang='lat' dir='ltr'><strong>eviden-</strong></span> 
     </span>
    </p>
   </div>
   <div class='ocr_carea' id='block_1_68' title="bbox 2181 2460 3745 2531">
    <p class='ocr_par' dir='ltr' id='par_1_68' title="bbox 2181 2460 3745 2531">
     <span class='ocr_line' id='line_1_68' title="bbox 2181 2460 3745 2531; baseline 0 -15"><span class='ocrx_word' id='word_1_478' title='bbox 2181 2468 2265 2516; x_wconf 86' lang='lat' dir='ltr'><strong>ter</strong></span> <span class='ocrx_word' id='word_1_479' title='bbox 2286 2461 2441 2530; x_wconf 90' lang='lat' dir='ltr'><strong>signa</strong></span> <span class='ocrx_word' id='word_1_480' title='bbox 2482 2477 2579 2531; x_wconf 90' lang='lat' dir='ltr'><strong>per</strong></span> <span class='ocrx_word' id='word_1_481' title='bbox 2611 2460 2871 2531; x_wconf 90' lang='lat' dir='ltr'><strong>Spiritum</strong></span> <span class='ocrx_word' id='word_1_482' title='bbox 2903 2471 3151 2516; x_wconf 89' lang='lat' dir='ltr'><strong>sanctum</strong></span> <span class='ocrx_word' id='word_1_483' title='bbox 3177 2461 3295 2516; x_wconf 82' lang='lat' dir='ltr'><strong>ﬁeri</strong></span> <span class='ocrx_word' id='word_1_484' title='bbox 3341 2468 3745 2530; x_wconf 76' lang='lat' dir='ltr'><strong>conspexean</strong></span> 
     </span>
    </p>
   </div>
   <div class='ocr_carea' id='block_1_69' title="bbox 2180 2551 3747 2624">
    <p class='ocr_par' dir='ltr' id='par_1_69' title="bbox 2180 2551 3747 2624">
     <span class='ocr_line' id='line_1_69' title="bbox 2180 2551 3747 2624; baseline 0.001 -17"><span class='ocrx_word' id='word_1_485' title='bbox 2180 2551 2283 2607; x_wconf 89' lang='lat' dir='ltr'><strong>Per</strong></span> <span class='ocrx_word' id='word_1_486' title='bbox 2315 2553 2460 2609; x_wconf 90' lang='lat' dir='ltr'><strong>hunc</strong></span> <span class='ocrx_word' id='word_1_487' title='bbox 2488 2561 2573 2607; x_wconf 91' lang='lat' dir='ltr'><strong>est</strong></span> <span class='ocrx_word' id='word_1_488' title='bbox 2614 2554 2699 2608; x_wconf 78' lang='lat' dir='ltr'><strong>lex</strong></span> <span class='ocrx_word' id='word_1_489' title='bbox 2748 2554 2804 2608; x_wconf 90' lang='lat' dir='ltr'><strong>in</strong></span> <span class='ocrx_word' id='word_1_490' title='bbox 2832 2554 3046 2609; x_wconf 86' lang='lat' dir='ltr'><strong>duabus</strong></span> <span class='ocrx_word' id='word_1_491' title='bbox 3074 2554 3275 2610; x_wconf 91' lang='lat' dir='ltr'><strong>tabulis</strong></span> <span class='ocrx_word' id='word_1_492' title='bbox 3298 2554 3592 2623; x_wconf 88' lang='lat' dir='ltr'><strong>descripta,</strong></span> <span class='ocrx_word' id='word_1_493' title='bbox 3635 2555 3747 2624; x_wconf 85' lang='lat' dir='ltr'><strong>quia</strong></span> 
     </span>
    </p>
   </div>
   <div class='ocr_carea' id='block_1_70' title="bbox 2180 2645 3745 2719">
    <p class='ocr_par' dir='ltr' id='par_1_70' title="bbox 2180 2645 3745 2719">
     <span class='ocr_line' id='line_1_70' title="bbox 2180 2645 3745 2719; baseline -0.001 -17"><span class='ocrx_word' id='word_1_494' title='bbox 2180 2664 2277 2719; x_wconf 89' lang='lat' dir='ltr'><strong>per</strong></span> <span class='ocrx_word' id='word_1_495' title='bbox 2306 2646 2568 2718; x_wconf 88' lang='lat' dir='ltr'><strong>Spiritum</strong></span> <span class='ocrx_word' id='word_1_496' title='bbox 2592 2657 2842 2704; x_wconf 90' lang='lat' dir='ltr'><strong>sanctum</strong></span> <span class='ocrx_word' id='word_1_497' title='bbox 2876 2649 2929 2702; x_wconf 91' lang='lat' dir='ltr'><strong>in</strong></span> <span class='ocrx_word' id='word_1_498' title='bbox 2957 2647 3171 2704; x_wconf 89' lang='lat' dir='ltr'><strong>duobus</strong></span> <span class='ocrx_word' id='word_1_499' title='bbox 3216 2646 3508 2716; x_wconf 71' lang='lat' dir='ltr'><strong>praeceptis</strong></span> <span class='ocrx_word' id='word_1_500' title='bbox 3532 2645 3745 2700; x_wconf 77' lang='lat' dir='ltr'><strong>charitas</strong></span> 
     </span>
    </p>
   </div>
   <div class='ocr_carea' id='block_1_71' title="bbox 2179 2736 3747 2810">
    <p class='ocr_par' dir='ltr' id='par_1_71' title="bbox 2179 2736 3747 2810">
     <span class='ocr_line' id='line_1_71' title="bbox 2179 2736 3747 2810; baseline -0.003 -15"><span class='ocrx_word' id='word_1_501' title='bbox 2179 2751 2264 2795; x_wconf 91' lang='lat' dir='ltr'><strong>est</strong></span> <span class='ocrx_word' id='word_1_502' title='bbox 2287 2740 2570 2809; x_wconf 89' lang='lat' dir='ltr'><strong>disposita.</strong></span> <span class='ocrx_word' id='word_1_503' title='bbox 2599 2739 2657 2794; x_wconf 90' lang='lat' dir='ltr'><strong>In</strong></span> <span class='ocrx_word' id='word_1_504' title='bbox 2688 2740 2793 2795; x_wconf 90' lang='lat' dir='ltr'><strong>hoc</strong></span> <span class='ocrx_word' id='word_1_505' title='bbox 2811 2740 2982 2810; x_wconf 89' lang='lat' dir='ltr'><strong>digito</strong></span> <span class='ocrx_word' id='word_1_506' title='bbox 2999 2738 3147 2809; x_wconf 87' lang='lat' dir='ltr'><strong>ejicit</strong></span> <span class='ocrx_word' id='word_1_507' title='bbox 3170 2737 3445 2794; x_wconf 89' lang='lat' dir='ltr'><strong>Dominus</strong></span> <span class='ocrx_word' id='word_1_508' title='bbox 3479 2736 3747 2801; x_wconf 58' lang='lat' dir='ltr'><strong>damonis,</strong></span> 
     </span>
    </p>
   </div>
   <div class='ocr_carea' id='block_1_72' title="bbox 2179 2818 3747 2902">
    <p class='ocr_par' dir='ltr' id='par_1_72' title="bbox 2179 2818 3747 2902">
     <span class='ocr_line' id='line_1_72' title="bbox 2179 2818 3747 2902; baseline -0.001 -18"><span class='ocrx_word' id='word_1_509' title='bbox 2179 2834 2305 2900; x_wconf 87' lang='lat' dir='ltr'><strong>quia</strong></span> <span class='ocrx_word' id='word_1_510' title='bbox 2338 2847 2503 2901; x_wconf 85' lang='lat' dir='ltr'><strong>opera</strong></span> <span class='ocrx_word' id='word_1_511' title='bbox 2540 2830 2661 2886; x_wconf 88' lang='lat' dir='ltr'><strong>Filii</strong></span> <span class='ocrx_word' id='word_1_512' title='bbox 2705 2842 2760 2887; x_wconf 86' lang='lat' dir='ltr'><strong>et</strong></span> <span class='ocrx_word' id='word_1_513' title='bbox 2801 2830 3036 2902; x_wconf 89' lang='lat' dir='ltr'><strong>Spiritus</strong></span> <span class='ocrx_word' id='word_1_514' title='bbox 3070 2831 3247 2887; x_wconf 86' lang='lat' dir='ltr'><strong>sancti</strong></span> <span class='ocrx_word' id='word_1_515' title='bbox 3295 2839 3463 2885; x_wconf 90' lang='lat' dir='ltr'><strong>erunt</strong></span> <span class='ocrx_word' id='word_1_516' title='bbox 3490 2818 3747 2900; x_wconf 53' lang='lat' dir='ltr'><strong>insepara4</strong></span> 
     </span>
    </p>
   </div>
   <div class='ocr_carea' id='block_1_73' title="bbox 2179 2921 3754 2994">
    <p class='ocr_par' dir='ltr' id='par_1_73' title="bbox 2179 2921 3754 2994">
     <span class='ocr_line' id='line_1_73' title="bbox 2179 2921 3754 2994; baseline 0 -17"><span class='ocrx_word' id='word_1_517' title='bbox 2179 2922 2326 2979; x_wconf 91' lang='lat' dir='ltr'><strong>bilia.</strong></span> <span class='ocrx_word' id='word_1_518' title='bbox 2356 2921 2498 2989; x_wconf 79' lang='lat' dir='ltr'><strong>Olim</strong></span> <span class='ocrx_word' id='word_1_519' title='bbox 2546 2939 2720 2994; x_wconf 88' lang='lat' dir='ltr'><strong>genus</strong></span> <span class='ocrx_word' id='word_1_520' title='bbox 2756 2924 3058 2979; x_wconf 89' lang='lat' dir='ltr'><strong>humanum</strong></span> <span class='ocrx_word' id='word_1_521' title='bbox 3086 2924 3324 2979; x_wconf 88' lang='lat' dir='ltr'><strong>habebat</strong></span> <span class='ocrx_word' id='word_1_522' title='bbox 3353 2932 3562 2978; x_wconf 86' lang='lat' dir='ltr'><strong>tantum</strong></span> <span class='ocrx_word' id='word_1_523' title='bbox 3594 2923 3754 2977; x_wconf 66' lang='lat' dir='ltr'><strong>unius</strong></span> 
     </span>
    </p>
   </div>
   <div class='ocr_carea' id='block_1_74' title="bbox 2179 3015 3743 3087">
    <p class='ocr_par' dir='ltr' id='par_1_74' title="bbox 2179 3015 3743 3087">
     <span class='ocr_line' id='line_1_74' title="bbox 2179 3015 3743 3087; baseline 0 -18"><span class='ocrx_word' id='word_1_524' title='bbox 2179 3016 2378 3085; x_wconf 71' lang='lat' dir='ltr'><strong>linguae</strong></span> <span class='ocrx_word' id='word_1_525' title='bbox 2405 3032 2593 3081; x_wconf 91' lang='lat' dir='ltr'><strong>usum;</strong></span> <span class='ocrx_word' id='word_1_526' title='bbox 2625 3016 2719 3071; x_wconf 89' lang='lat' dir='ltr'><strong>sed</strong></span> <span class='ocrx_word' id='word_1_527' title='bbox 2748 3032 2875 3081; x_wconf 74' lang='lat' dir='ltr'><strong>Lxx,</strong></span> <span class='ocrx_word' id='word_1_528' title='bbox 2903 3026 2957 3072; x_wconf 91' lang='lat' dir='ltr'><strong>et</strong></span> <span class='ocrx_word' id='word_1_529' title='bbox 2985 3017 3094 3073; x_wconf 89' lang='lat' dir='ltr'><strong>duo</strong></span> <span class='ocrx_word' id='word_1_530' title='bbox 3116 3018 3366 3087; x_wconf 82' lang='lat' dir='ltr'><strong>gigantes</strong></span> <span class='ocrx_word' id='word_1_531' title='bbox 3415 3015 3597 3077; x_wconf 83' lang='lat' dir='ltr'><strong>turrim</strong></span> <span class='ocrx_word' id='word_1_532' title='bbox 3622 3030 3743 3070; x_wconf 89' lang='lat' dir='ltr'><strong>con-</strong></span> 
     </span>
    </p>
   </div>
   <div class='ocr_carea' id='block_1_75' title="bbox 2180 3106 3749 3178">
    <p class='ocr_par' dir='ltr' id='par_1_75' title="bbox 2180 3106 3749 3178">
     <span class='ocr_line' id='line_1_75' title="bbox 2180 3106 3749 3178; baseline -0.001 -17"><span class='ocrx_word' id='word_1_533' title='bbox 2180 3117 2263 3161; x_wconf 90' lang='lat' dir='ltr'><strong>tra</strong></span> <span class='ocrx_word' id='word_1_534' title='bbox 2287 3106 2454 3162; x_wconf 88' lang='lat' dir='ltr'><strong>Deum</strong></span> <span class='ocrx_word' id='word_1_535' title='bbox 2481 3107 2900 3174; x_wconf 87' lang='lat' dir='ltr'><strong>construebant;</strong></span> <span class='ocrx_word' id='word_1_536' title='bbox 2926 3108 3049 3162; x_wconf 88' lang='lat' dir='ltr'><strong>inde</strong></span> <span class='ocrx_word' id='word_1_537' title='bbox 3070 3107 3315 3163; x_wconf 69' lang='lat' dir='ltr'><strong>offensus</strong></span> <span class='ocrx_word' id='word_1_538' title='bbox 3333 3108 3545 3178; x_wconf 87' lang='lat' dir='ltr'><strong>linguas</strong></span> <span class='ocrx_word' id='word_1_539' title='bbox 3568 3122 3749 3162; x_wconf 80' lang='lat' dir='ltr'><strong>eorum</strong></span> 
     </span>
    </p>
   </div>
   <div class='ocr_carea' id='block_1_76' title="bbox 2183 3199 3743 3270">
    <p class='ocr_par' dir='ltr' id='par_1_76' title="bbox 2183 3199 3743 3270">
     <span class='ocr_line' id='line_1_76' title="bbox 2183 3199 3743 3270; baseline -0.003 -14"><span class='ocrx_word' id='word_1_540' title='bbox 2183 3200 2568 3265; x_wconf 78' lang='lat' dir='ltr'><strong>confundebat,</strong></span> <span class='ocrx_word' id='word_1_541' title='bbox 2615 3200 2687 3258; x_wconf 87' lang='lat' dir='ltr'><strong>ita</strong></span> <span class='ocrx_word' id='word_1_542' title='bbox 2719 3200 2863 3270; x_wconf 87' lang='lat' dir='ltr'><strong>quod</strong></span> <span class='ocrx_word' id='word_1_543' title='bbox 2910 3200 3094 3258; x_wconf 83' lang='lat' dir='ltr'><strong>nullus</strong></span> <span class='ocrx_word' id='word_1_544' title='bbox 3138 3200 3366 3256; x_wconf 89' lang='lat' dir='ltr'><strong>alterius</strong></span> <span class='ocrx_word' id='word_1_545' title='bbox 3420 3200 3645 3270; x_wconf 81' lang='lat' dir='ltr'><strong>linguam</strong></span> <span class='ocrx_word' id='word_1_546' title='bbox 3670 3199 3743 3252; x_wconf 81' lang='lat' dir='ltr'><strong>in-</strong></span> 
     </span>
    </p>
   </div>
   <div class='ocr_carea' id='block_1_77' title="bbox 2183 3292 3740 3363">
    <p class='ocr_par' dir='ltr' id='par_1_77' title="bbox 2183 3292 3740 3363">
     <span class='ocr_line' id='line_1_77' title="bbox 2183 3292 3740 3363; baseline 0 -18"><span class='ocrx_word' id='word_1_547' title='bbox 2183 3293 2476 3362; x_wconf 78' lang='lat' dir='ltr'><strong>telligehat,</strong></span> <span class='ocrx_word' id='word_1_548' title='bbox 2507 3292 2695 3362; x_wconf 86' lang='lat' dir='ltr'><strong>sicque</strong></span> <span class='ocrx_word' id='word_1_549' title='bbox 2725 3309 2821 3363; x_wconf 85' lang='lat' dir='ltr'><strong>per</strong></span> <span class='ocrx_word' id='word_1_550' title='bbox 2857 3293 3044 3348; x_wconf 90' lang='lat' dir='ltr'><strong>orbem</strong></span> <span class='ocrx_word' id='word_1_551' title='bbox 3076 3293 3407 3362; x_wconf 79' lang='lat' dir='ltr'><strong>disperserat</strong></span> <span class='ocrx_word' id='word_1_552' title='bbox 3448 3308 3581 3361; x_wconf 85' lang='lat' dir='ltr'><strong>quos</strong></span> <span class='ocrx_word' id='word_1_553' title='bbox 3624 3305 3740 3345; x_wconf 88' lang='lat' dir='ltr'><strong>om-</strong></span> 
     </span>
    </p>
   </div>
   <div class='ocr_carea' id='block_1_78' title="bbox 2184 3382 3743 3454">
    <p class='ocr_par' dir='ltr' id='par_1_78' title="bbox 2184 3382 3743 3454">
     <span class='ocr_line' id='line_1_78' title="bbox 2184 3382 3743 3454; baseline -0.002 -16"><span class='ocrx_word' id='word_1_554' title='bbox 2184 3399 2281 3439; x_wconf 88' lang='lat' dir='ltr'><strong>nes</strong></span> <span class='ocrx_word' id='word_1_555' title='bbox 2311 3383 2471 3438; x_wconf 89' lang='lat' dir='ltr'><strong>hodie</strong></span> <span class='ocrx_word' id='word_1_556' title='bbox 2500 3382 2738 3454; x_wconf 89' lang='lat' dir='ltr'><strong>Spiritus</strong></span> <span class='ocrx_word' id='word_1_557' title='bbox 2760 3394 2983 3441; x_wconf 89' lang='lat' dir='ltr'><strong>sanctus</strong></span> <span class='ocrx_word' id='word_1_558' title='bbox 3014 3386 3067 3439; x_wconf 92' lang='lat' dir='ltr'><strong>in</strong></span> <span class='ocrx_word' id='word_1_559' title='bbox 3098 3385 3354 3440; x_wconf 89' lang='lat' dir='ltr'><strong>unitatem</strong></span> <span class='ocrx_word' id='word_1_560' title='bbox 3388 3383 3505 3438; x_wconf 83' lang='lat' dir='ltr'><strong>fidei</strong></span> <span class='ocrx_word' id='word_1_561' title='bbox 3531 3399 3624 3452; x_wconf 81' lang='lat' dir='ltr'><strong>per</strong></span> <span class='ocrx_word' id='word_1_562' title='bbox 3645 3398 3743 3451; x_wconf 82' lang='lat' dir='ltr'><strong>ge-</strong></span> 
     </span>
    </p>
   </div>
   <div class='ocr_carea' id='block_1_79' title="bbox 2182 3474 3743 3547">
    <p class='ocr_par' dir='ltr' id='par_1_79' title="bbox 2182 3474 3743 3547">
     <span class='ocr_line' id='line_1_79' title="bbox 2182 3474 3743 3547; baseline -0.003 -18"><span class='ocrx_word' id='word_1_563' title='bbox 2182 3489 2313 3530; x_wconf 90' lang='lat' dir='ltr'><strong>nera</strong></span> <span class='ocrx_word' id='word_1_564' title='bbox 2360 3475 2667 3545; x_wconf 87' lang='lat' dir='ltr'><strong>linguarum</strong></span> <span class='ocrx_word' id='word_1_565' title='bbox 2722 3484 3166 3547; x_wconf 84' lang='lat' dir='ltr'><strong>congregaverat.</strong></span> <span class='ocrx_word' id='word_1_566' title='bbox 3224 3474 3469 3531; x_wconf 64' lang='lat' dir='ltr'><strong>Hebrmus</strong></span> <span class='ocrx_word' id='word_1_567' title='bbox 3524 3487 3743 3542; x_wconf 86' lang='lat' dir='ltr'><strong>quoque</strong></span> 
     </span>
    </p>
   </div>
   <div class='ocr_carea' id='block_1_80' title="bbox 2180 3563 3750 3637">
    <p class='ocr_par' dir='ltr' id='par_1_80' title="bbox 2180 3563 3750 3637">
     <span class='ocr_line' id='line_1_80' title="bbox 2180 3563 3750 3637; baseline -0.003 -18"><span class='ocrx_word' id='word_1_568' title='bbox 2180 3564 2436 3634; x_wconf 89' lang='lat' dir='ltr'><strong>populus,</strong></span> <span class='ocrx_word' id='word_1_569' title='bbox 2465 3563 2786 3637; x_wconf 64' lang='lat' dir='ltr'><strong>Egyptiaca</strong></span> <span class='ocrx_word' id='word_1_570' title='bbox 2811 3566 3075 3625; x_wconf 85' lang='lat' dir='ltr'><strong>servitute</strong></span> <span class='ocrx_word' id='word_1_571' title='bbox 3112 3566 3167 3622; x_wconf 87' lang='lat' dir='ltr'><strong>in</strong></span> <span class='ocrx_word' id='word_1_572' title='bbox 3196 3563 3437 3635; x_wconf 85' lang='lat' dir='ltr'><strong>paschali</strong></span> <span class='ocrx_word' id='word_1_573' title='bbox 3472 3570 3625 3618; x_wconf 85' lang='lat' dir='ltr'><strong>nocte</strong></span> <span class='ocrx_word' id='word_1_574' title='bbox 3649 3575 3750 3631; x_wconf 87' lang='lat' dir='ltr'><strong>per</strong></span> 
     </span>
    </p>
   </div>
   <div class='ocr_carea' id='block_1_81' title="bbox 2181 3651 3746 3728">
    <p class='ocr_par' dir='ltr' id='par_1_81' title="bbox 2181 3651 3746 3728">
     <span class='ocr_line' id='line_1_81' title="bbox 2181 3651 3746 3728; baseline -0.001 -18"><span class='ocrx_word' id='word_1_575' title='bbox 2181 3657 2493 3727; x_wconf 87' lang='lat' dir='ltr'><strong>paschalem</strong></span> <span class='ocrx_word' id='word_1_576' title='bbox 2543 3672 2751 3728; x_wconf 85' lang='lat' dir='ltr'><strong>agnum</strong></span> <span class='ocrx_word' id='word_1_577' title='bbox 2782 3657 3062 3723; x_wconf 89' lang='lat' dir='ltr'><strong>liberatus,</strong></span> <span class='ocrx_word' id='word_1_578' title='bbox 3086 3671 3278 3727; x_wconf 79' lang='lat' dir='ltr'><strong>ac-per</strong></span> <span class='ocrx_word' id='word_1_579' title='bbox 3313 3671 3479 3710; x_wconf 65' lang='lat' dir='ltr'><strong>mare.</strong></span> <span class='ocrx_word' id='word_1_580' title='bbox 3510 3651 3746 3708; x_wconf 72' lang='lat' dir='ltr'><strong>Rubrum</strong></span> 
     </span>
    </p>
   </div>
   <div class='ocr_carea' id='block_1_82' title="bbox 2182 3744 3757 3818">
    <p class='ocr_par' dir='ltr' id='par_1_82' title="bbox 2182 3744 3757 3818">
     <span class='ocr_line' id='line_1_82' title="bbox 2182 3744 3757 3818; baseline -0.002 -19"><span class='ocrx_word' id='word_1_581' title='bbox 2182 3746 2511 3813; x_wconf 84' lang='lat' dir='ltr'><strong>translatus,</strong></span> <span class='ocrx_word' id='word_1_582' title='bbox 2558 3746 2627 3801; x_wconf 85' lang='lat' dir='ltr'><strong>ad</strong></span> <span class='ocrx_word' id='word_1_583' title='bbox 2675 3757 2916 3802; x_wconf 88' lang='lat' dir='ltr'><strong>montem</strong></span> <span class='ocrx_word' id='word_1_584' title='bbox 2968 3744 3118 3802; x_wconf 91' lang='lat' dir='ltr'><strong>Sinai</strong></span> <span class='ocrx_word' id='word_1_585' title='bbox 3171 3746 3619 3818; x_wconf 85' lang='lat' dir='ltr'><strong>quinquagesima</strong></span> <span class='ocrx_word' id='word_1_586' title='bbox 3658 3744 3757 3799; x_wconf 81' lang='lat' dir='ltr'><strong>die</strong></span> 
     </span>
    </p>
   </div>
   <div class='ocr_carea' id='block_1_83' title="bbox 2180 3836 3748 3911">
    <p class='ocr_par' dir='ltr' id='par_1_83' title="bbox 2180 3836 3748 3911">
     <span class='ocr_line' id='line_1_83' title="bbox 2180 3836 3748 3911; baseline -0.001 -19"><span class='ocrx_word' id='word_1_587' title='bbox 2180 3837 2459 3906; x_wconf 88' lang='lat' dir='ltr'><strong>pervenit,</strong></span> <span class='ocrx_word' id='word_1_588' title='bbox 2495 3854 2660 3908; x_wconf 84' lang='lat' dir='ltr'><strong>quem</strong></span> <span class='ocrx_word' id='word_1_589' title='bbox 2704 3837 2895 3896; x_wconf 88' lang='lat' dir='ltr'><strong>fumus</strong></span> <span class='ocrx_word' id='word_1_590' title='bbox 2939 3849 2995 3895; x_wconf 91' lang='lat' dir='ltr'><strong>et</strong></span> <span class='ocrx_word' id='word_1_591' title='bbox 3037 3839 3179 3911; x_wconf 83' lang='lat' dir='ltr'><strong>ignis</strong></span> <span class='ocrx_word' id='word_1_592' title='bbox 3208 3838 3455 3908; x_wconf 84' lang='lat' dir='ltr'><strong>replevit,</strong></span> <span class='ocrx_word' id='word_1_593' title='bbox 3489 3847 3643 3907; x_wconf 89' lang='lat' dir='ltr'><strong>atque</strong></span> <span class='ocrx_word' id='word_1_594' title='bbox 3676 3836 3748 3891; x_wconf 83' lang='lat' dir='ltr'><strong>de</strong></span> 
     </span>
    </p>
   </div>
   <div class='ocr_carea' id='block_1_84' title="bbox 2181 3930 3763 4004">
    <p class='ocr_par' dir='ltr' id='par_1_84' title="bbox 2181 3930 3763 4004">
     <span class='ocr_line' id='line_1_84' title="bbox 2181 3930 3763 4004; baseline -0.001 -17"><span class='ocrx_word' id='word_1_595' title='bbox 2181 3933 2363 3987; x_wconf 88' lang='lat' dir='ltr'><strong>medio</strong></span> <span class='ocrx_word' id='word_1_596' title='bbox 2407 3932 2549 4004; x_wconf 86' lang='lat' dir='ltr'><strong>ignis</strong></span> <span class='ocrx_word' id='word_1_597' title='bbox 2580 3931 2846 3989; x_wconf 88' lang='lat' dir='ltr'><strong>Dominus</strong></span> <span class='ocrx_word' id='word_1_598' title='bbox 2882 3934 2934 3989; x_wconf 92' lang='lat' dir='ltr'><strong>ei</strong></span> <span class='ocrx_word' id='word_1_599' title='bbox 2983 3934 3152 4004; x_wconf 86' lang='lat' dir='ltr'><strong>legem</strong></span> <span class='ocrx_word' id='word_1_600' title='bbox 3197 3933 3418 3989; x_wconf 86' lang='lat' dir='ltr'><strong>timoris</strong></span> <span class='ocrx_word' id='word_1_601' title='bbox 3466 3933 3521 3986; x_wconf 90' lang='lat' dir='ltr'><strong>in</strong></span> <span class='ocrx_word' id='word_1_602' title='bbox 3563 3930 3763 3986; x_wconf 68' lang='lat' dir='ltr'><strong>tabulis</strong></span> 
     </span>
    </p>
   </div>
   <div class='ocr_carea' id='block_1_85' title="bbox 2181 4024 3752 4096">
    <p class='ocr_par' dir='ltr' id='par_1_85' title="bbox 2181 4024 3752 4096">
     <span class='ocr_line' id='line_1_85' title="bbox 2181 4024 3752 4096; baseline -0.003 -14"><span class='ocrx_word' id='word_1_603' title='bbox 2181 4026 2438 4096; x_wconf 91' lang='lat' dir='ltr'><strong>scriptam</strong></span> <span class='ocrx_word' id='word_1_604' title='bbox 2474 4026 2642 4082; x_wconf 89' lang='lat' dir='ltr'><strong>dedit.</strong></span> <span class='ocrx_word' id='word_1_605' title='bbox 2690 4025 2781 4083; x_wconf 92' lang='lat' dir='ltr'><strong>Sic</strong></span> <span class='ocrx_word' id='word_1_606' title='bbox 2808 4026 3156 4082; x_wconf 88' lang='lat' dir='ltr'><strong>Christianus</strong></span> <span class='ocrx_word' id='word_1_607' title='bbox 3198 4025 3459 4095; x_wconf 89' lang='lat' dir='ltr'><strong>populus,</strong></span> <span class='ocrx_word' id='word_1_608' title='bbox 3481 4024 3549 4080; x_wconf 89' lang='lat' dir='ltr'><strong>de</strong></span> <span class='ocrx_word' id='word_1_609' title='bbox 3571 4024 3752 4079; x_wconf 52' lang='lat' dir='ltr'><strong>diabw</strong></span> 
     </span>
    </p>
   </div>
   <div class='ocr_carea' id='block_1_86' title="bbox 2181 4116 3765 4189">
    <p class='ocr_par' dir='ltr' id='par_1_86' title="bbox 2181 4116 3765 4189">
     <span class='ocr_line' id='line_1_86' title="bbox 2181 4116 3765 4189; baseline -0.002 -16"><span class='ocrx_word' id='word_1_610' title='bbox 2181 4118 2285 4174; x_wconf 90' lang='lat' dir='ltr'><strong>lica</strong></span> <span class='ocrx_word' id='word_1_611' title='bbox 2329 4119 2685 4188; x_wconf 87' lang='lat' dir='ltr'><strong>oppressione</strong></span> <span class='ocrx_word' id='word_1_612' title='bbox 2730 4120 2783 4175; x_wconf 91' lang='lat' dir='ltr'><strong>in</strong></span> <span class='ocrx_word' id='word_1_613' title='bbox 2825 4118 3069 4189; x_wconf 84' lang='lat' dir='ltr'><strong>paschali</strong></span> <span class='ocrx_word' id='word_1_614' title='bbox 3114 4125 3274 4173; x_wconf 89' lang='lat' dir='ltr'><strong>nocte</strong></span> <span class='ocrx_word' id='word_1_615' title='bbox 3315 4133 3416 4187; x_wconf 83' lang='lat' dir='ltr'><strong>per</strong></span> <span class='ocrx_word' id='word_1_616' title='bbox 3451 4116 3765 4187; x_wconf 73' lang='lat' dir='ltr'><strong>paschalem</strong></span> 
     </span>
    </p>
   </div>
   <div class='ocr_carea' id='block_1_87' title="bbox 2179 4208 3758 4282">
    <p class='ocr_par' dir='ltr' id='par_1_87' title="bbox 2179 4208 3758 4282">
     <span class='ocr_line' id='line_1_87' title="bbox 2179 4208 3758 4282; baseline -0.001 -18"><span class='ocrx_word' id='word_1_617' title='bbox 2179 4212 2392 4282; x_wconf 80' lang='lat' dir='ltr'><strong>Agnum</strong></span> <span class='ocrx_word' id='word_1_618' title='bbox 2422 4210 2702 4266; x_wconf 90' lang='lat' dir='ltr'><strong>Christum</strong></span> <span class='ocrx_word' id='word_1_619' title='bbox 2728 4220 2971 4281; x_wconf 86' lang='lat' dir='ltr'><strong>ereptus,</strong></span> <span class='ocrx_word' id='word_1_620' title='bbox 2994 4225 3090 4281; x_wconf 89' lang='lat' dir='ltr'><strong>per</strong></span> <span class='ocrx_word' id='word_1_621' title='bbox 3110 4208 3450 4279; x_wconf 83' lang='lat' dir='ltr'><strong>baptismum</strong></span> <span class='ocrx_word' id='word_1_622' title='bbox 3480 4208 3628 4280; x_wconf 88' lang='lat' dir='ltr'><strong>quasi</strong></span> <span class='ocrx_word' id='word_1_623' title='bbox 3652 4216 3758 4278; x_wconf 74' lang='lat' dir='ltr'><strong>per</strong></span> 
     </span>
    </p>
   </div>
   <div class='ocr_carea' id='block_1_88' title="bbox 2177 4300 3753 4372">
    <p class='ocr_par' dir='ltr' id='par_1_88' title="bbox 2177 4300 3753 4372">
     <span class='ocr_line' id='line_1_88' title="bbox 2177 4300 3753 4372; baseline -0.001 -14"><span class='ocrx_word' id='word_1_624' title='bbox 2177 4318 2331 4359; x_wconf 88' lang='lat' dir='ltr'><strong>mare</strong></span> <span class='ocrx_word' id='word_1_625' title='bbox 2359 4301 2604 4358; x_wconf 76' lang='lat' dir='ltr'><strong>Rubrum</strong></span> <span class='ocrx_word' id='word_1_626' title='bbox 2632 4310 2995 4369; x_wconf 85' lang='lat' dir='ltr'><strong>transvectus,</strong></span> <span class='ocrx_word' id='word_1_627' title='bbox 3024 4301 3485 4372; x_wconf 87' lang='lat' dir='ltr'><strong>quinquagesimo</strong></span> <span class='ocrx_word' id='word_1_628' title='bbox 3522 4300 3753 4366; x_wconf 84' lang='lat' dir='ltr'><strong>die,sci~</strong></span> 
     </span>
    </p>
   </div>
   <div class='ocr_carea' id='block_1_89' title="bbox 2179 4394 3767 4466">
    <p class='ocr_par' dir='ltr' id='par_1_89' title="bbox 2179 4394 3767 4466">
     <span class='ocr_line' id='line_1_89' title="bbox 2179 4394 3767 4466; baseline -0.003 -15"><span class='ocrx_word' id='word_1_629' title='bbox 2179 4396 2305 4452; x_wconf 90' lang='lat' dir='ltr'><strong>licet</strong></span> <span class='ocrx_word' id='word_1_630' title='bbox 2350 4396 2532 4461; x_wconf 88' lang='lat' dir='ltr'><strong>hodie,</strong></span> <span class='ocrx_word' id='word_1_631' title='bbox 2580 4394 2635 4449; x_wconf 90' lang='lat' dir='ltr'><strong>in</strong></span> <span class='ocrx_word' id='word_1_632' title='bbox 2686 4396 2810 4466; x_wconf 87' lang='lat' dir='ltr'><strong>igne</strong></span> <span class='ocrx_word' id='word_1_633' title='bbox 2853 4395 3024 4466; x_wconf 87' lang='lat' dir='ltr'><strong>legem</strong></span> <span class='ocrx_word' id='word_1_634' title='bbox 3077 4395 3285 4450; x_wconf 88' lang='lat' dir='ltr'><strong>amoris</strong></span> <span class='ocrx_word' id='word_1_635' title='bbox 3331 4395 3564 4465; x_wconf 86' lang='lat' dir='ltr'><strong>accepit,</strong></span> <span class='ocrx_word' id='word_1_636' title='bbox 3593 4409 3767 4464; x_wconf 74' lang='lat' dir='ltr'><strong>quam.</strong></span> 
     </span>
    </p>
   </div>
   <div class='ocr_carea' id='block_1_90' title="bbox 490 4484 3762 4556">
    <p class='ocr_par' dir='ltr' id='par_1_90' title="bbox 490 4484 3762 4556">
     <span class='ocr_line' id='line_1_90' title="bbox 490 4484 3762 4556; baseline -0.001 -15"><span class='ocrx_word' id='word_1_637' title='bbox 490 4500 587 4555; x_wconf 88' lang='lat' dir='ltr'><strong>per</strong></span> <span class='ocrx_word' id='word_1_638' title='bbox 607 4484 869 4556; x_wconf 86' lang='lat' dir='ltr'><strong>Spiritum</strong></span> <span class='ocrx_word' id='word_1_639' title='bbox 894 4492 1142 4538; x_wconf 89' lang='lat' dir='ltr'><strong>sanctum</strong></span> <span class='ocrx_word' id='word_1_640' title='bbox 1174 4484 1529 4541; x_wconf 59' lang='lat' dir='ltr'><strong>caecislumen</strong></span> <span class='ocrx_word' id='word_1_641' title='bbox 1554 4486 1931 4556; x_wconf 88' lang='lat' dir='ltr'><strong>refundebant,</strong></span> <span class='ocrx_word' id='word_1_642' title='bbox 1950 4508 2077 4546; x_wconf 83' lang='lat' dir='ltr'><strong>sur-</strong></span> <span class='ocrx_word' id='word_1_643' title='bbox 2108 4486 2153 4542; x_wconf 91' lang='lat' dir='ltr'><strong>D</strong></span> <span class='ocrx_word' id='word_1_644' title='bbox 2180 4505 2306 4544; x_wconf 90' lang='lat' dir='ltr'><strong>eum</strong></span> <span class='ocrx_word' id='word_1_645' title='bbox 2346 4486 2613 4543; x_wconf 80' lang='lat' dir='ltr'><strong>Dominus</strong></span> <span class='ocrx_word' id='word_1_646' title='bbox 2658 4488 2712 4541; x_wconf 92' lang='lat' dir='ltr'><strong>in</strong></span> <span class='ocrx_word' id='word_1_647' title='bbox 2744 4486 2907 4541; x_wconf 85' lang='lat' dir='ltr'><strong>corde</strong></span> <span class='ocrx_word' id='word_1_648' title='bbox 2955 4485 3194 4542; x_wconf 87' lang='lat' dir='ltr'><strong>scribere</strong></span> <span class='ocrx_word' id='word_1_649' title='bbox 3221 4486 3504 4556; x_wconf 67' lang='lat' dir='ltr'><strong>praecepit,</strong></span> <span class='ocrx_word' id='word_1_650' title='bbox 3534 4494 3591 4540; x_wconf 92' lang='lat' dir='ltr'><strong>ut</strong></span> <span class='ocrx_word' id='word_1_651' title='bbox 3617 4484 3762 4539; x_wconf 79' lang='lat' dir='ltr'><strong>vide-</strong></span> 
     </span>
    </p>
   </div>
   <div class='ocr_carea' id='block_1_91' title="bbox 491 4574 2072 4650">
    <p class='ocr_par' dir='ltr' id='par_1_91' title="bbox 491 4574 2072 4650">
     <span class='ocr_line' id='line_1_91' title="bbox 491 4574 2072 4650; baseline 0.003 -18"><span class='ocrx_word' id='word_1_652' title='bbox 491 4575 577 4633; x_wconf 89' lang='lat' dir='ltr'><strong>dis</strong></span> <span class='ocrx_word' id='word_1_653' title='bbox 621 4591 784 4631; x_wconf 88' lang='lat' dir='ltr'><strong>aures</strong></span> <span class='ocrx_word' id='word_1_654' title='bbox 834 4574 1205 4639; x_wconf 87' lang='lat' dir='ltr'><strong>recludehant,</strong></span> <span class='ocrx_word' id='word_1_655' title='bbox 1261 4577 1429 4631; x_wconf 91' lang='lat' dir='ltr'><strong>mutis</strong></span> <span class='ocrx_word' id='word_1_656' title='bbox 1472 4578 1712 4648; x_wconf 88' lang='lat' dir='ltr'><strong>linguam</strong></span> <span class='ocrx_word' id='word_1_657' title='bbox 1771 4582 2072 4650; x_wconf 88' lang='lat' dir='ltr'><strong>solvebant,</strong></span> 
     </span>
    </p>
   </div>
   <div class='ocr_carea' id='block_1_92' title="bbox 488 4667 2073 4740">
    <p class='ocr_par' dir='ltr' id='par_1_92' title="bbox 488 4667 2073 4740">
     <span class='ocr_line' id='line_1_92' title="bbox 488 4667 2073 4740; baseline 0.004 -17"><span class='ocrx_word' id='word_1_658' title='bbox 488 4668 714 4723; x_wconf 88' lang='lat' dir='ltr'><strong>claudos</strong></span> <span class='ocrx_word' id='word_1_659' title='bbox 739 4683 928 4739; x_wconf 89' lang='lat' dir='ltr'><strong>gressu</strong></span> <span class='ocrx_word' id='word_1_660' title='bbox 962 4667 1261 4738; x_wconf 84' lang='lat' dir='ltr'><strong>erigebant,</strong></span> <span class='ocrx_word' id='word_1_661' title='bbox 1304 4668 1548 4737; x_wconf 89' lang='lat' dir='ltr'><strong>leprosos</strong></span> <span class='ocrx_word' id='word_1_662' title='bbox 1578 4672 1934 4740; x_wconf 87' lang='lat' dir='ltr'><strong>mundabant,</strong></span> <span class='ocrx_word' id='word_1_663' title='bbox 1961 4675 2073 4730; x_wconf 69' lang='lat' dir='ltr'><strong>dae-</strong></span> 
     </span>
    </p>
   </div>
   <div class='ocr_carea' id='block_1_93' title="bbox 488 4758 2073 4829">
    <p class='ocr_par' dir='ltr' id='par_1_93' title="bbox 488 4758 2073 4829">
     <span class='ocr_line' id='line_1_93' title="bbox 488 4758 2073 4829; baseline 0.006 -17"><span class='ocrx_word' id='word_1_664' title='bbox 488 4760 671 4814; x_wconf 86' lang='lat' dir='ltr'><strong>monia</strong></span> <span class='ocrx_word' id='word_1_665' title='bbox 720 4760 790 4814; x_wconf 90' lang='lat' dir='ltr'><strong>ab</strong></span> <span class='ocrx_word' id='word_1_666' title='bbox 838 4759 1079 4814; x_wconf 80' lang='lat' dir='ltr'><strong>obsessis</strong></span> <span class='ocrx_word' id='word_1_667' title='bbox 1107 4758 1436 4829; x_wconf 79' lang='lat' dir='ltr'><strong>eﬂ‘ngabaut,</strong></span> <span class='ocrx_word' id='word_1_668' title='bbox 1492 4771 1738 4819; x_wconf 89' lang='lat' dir='ltr'><strong>mortuos</strong></span> <span class='ocrx_word' id='word_1_669' title='bbox 1776 4767 2073 4821; x_wconf 86' lang='lat' dir='ltr'><strong>resuscita-</strong></span> 
     </span>
    </p>
   </div>
   <div class='ocr_carea' id='block_1_94' title="bbox 487 4850 2075 4927">
    <p class='ocr_par' dir='ltr' id='par_1_94' title="bbox 487 4850 2075 4927">
     <span class='ocr_line' id='line_1_94' title="bbox 487 4850 2075 4927; baseline 0.005 -23"><span class='ocrx_word' id='word_1_670' title='bbox 487 4850 639 4916; x_wconf 84' lang='lat' dir='ltr'><strong>bant,</strong></span> <span class='ocrx_word' id='word_1_671' title='bbox 696 4850 919 4920; x_wconf 89' lang='lat' dir='ltr'><strong>insuper</strong></span> <span class='ocrx_word' id='word_1_672' title='bbox 949 4866 1045 4922; x_wconf 92' lang='lat' dir='ltr'><strong>per</strong></span> <span class='ocrx_word' id='word_1_673' title='bbox 1075 4850 1410 4906; x_wconf 77' lang='lat' dir='ltr'><strong>buculos-vel</strong></span> <span class='ocrx_word' id='word_1_674' title='bbox 1448 4868 1545 4922; x_wconf 90' lang='lat' dir='ltr'><strong>per</strong></span> <span class='ocrx_word' id='word_1_675' title='bbox 1571 4856 1917 4923; x_wconf 86' lang='lat' dir='ltr'><strong>vestimenta,</strong></span> <span class='ocrx_word' id='word_1_676' title='bbox 1951 4858 2075 4927; x_wconf 86' lang='lat' dir='ltr'><strong>qui-</strong></span> 
     </span>
    </p>
   </div>
   <div class='ocr_carea' id='block_1_95' title="bbox 486 4941 2072 5011">
    <p class='ocr_par' dir='ltr' id='par_1_95' title="bbox 486 4941 2072 5011">
     <span class='ocr_line' id='line_1_95' title="bbox 486 4941 2072 5011; baseline 0.004 -16"><span class='ocrx_word' id='word_1_677' title='bbox 486 4941 610 4995; x_wconf 90' lang='lat' dir='ltr'><strong>dam</strong></span> <span class='ocrx_word' id='word_1_678' title='bbox 645 4941 860 4994; x_wconf 90' lang='lat' dir='ltr'><strong>illorum</strong></span> <span class='ocrx_word' id='word_1_679' title='bbox 910 4942 1071 4996; x_wconf 87' lang='lat' dir='ltr'><strong>etiam</strong></span> <span class='ocrx_word' id='word_1_680' title='bbox 1099 4958 1191 5011; x_wconf 90' lang='lat' dir='ltr'><strong>per</strong></span> <span class='ocrx_word' id='word_1_681' title='bbox 1216 4944 1465 4998; x_wconf 90' lang='lat' dir='ltr'><strong>umbram</strong></span> <span class='ocrx_word' id='word_1_682' title='bbox 1495 4961 1650 5000; x_wconf 89' lang='lat' dir='ltr'><strong>suam</strong></span> <span class='ocrx_word' id='word_1_683' title='bbox 1684 4946 1888 5004; x_wconf 88' lang='lat' dir='ltr'><strong>debiles</strong></span> <span class='ocrx_word' id='word_1_684' title='bbox 1924 4950 2072 5003; x_wconf 84' lang='lat' dir='ltr'><strong>sani-</strong></span> 
     </span>
    </p>
   </div>
   <div class='ocr_carea' id='block_1_96' title="bbox 486 5033 2070 5110">
    <p class='ocr_par' dir='ltr' id='par_1_96' title="bbox 486 5033 2070 5110">
     <span class='ocr_line' id='line_1_96' title="bbox 486 5033 2070 5110; baseline 0.006 -23"><span class='ocrx_word' id='word_1_685' title='bbox 486 5040 597 5087; x_wconf 88' lang='lat' dir='ltr'><strong>tate</strong></span> <span class='ocrx_word' id='word_1_686' title='bbox 645 5034 1042 5088; x_wconf 88' lang='lat' dir='ltr'><strong>restanrabant.</strong></span> <span class='ocrx_word' id='word_1_687' title='bbox 1084 5033 1216 5090; x_wconf 89' lang='lat' dir='ltr'><strong>Post</strong></span> <span class='ocrx_word' id='word_1_688' title='bbox 1260 5036 1376 5092; x_wconf 80' lang='lat' dir='ltr'><strong>haec</strong></span> <span class='ocrx_word' id='word_1_689' title='bbox 1428 5038 1713 5094; x_wconf 91' lang='lat' dir='ltr'><strong>duodecim</strong></span> <span class='ocrx_word' id='word_1_690' title='bbox 1760 5056 1855 5110; x_wconf 89' lang='lat' dir='ltr'><strong>per</strong></span> <span class='ocrx_word' id='word_1_691' title='bbox 1895 5051 2070 5097; x_wconf 92' lang='lat' dir='ltr'><strong>totum</strong></span> 
     </span>
    </p>
   </div>
   <div class='ocr_carea' id='block_1_97' title="bbox 485 5123 2072 5200">
    <p class='ocr_par' dir='ltr' id='par_1_97' title="bbox 485 5123 2072 5200">
     <span class='ocr_line' id='line_1_97' title="bbox 485 5123 2072 5200; baseline 0.007 -22"><span class='ocrx_word' id='word_1_692' title='bbox 485 5123 752 5178; x_wconf 92' lang='lat' dir='ltr'><strong>mundum</strong></span> <span class='ocrx_word' id='word_1_693' title='bbox 801 5124 1006 5190; x_wconf 77' lang='lat' dir='ltr'><strong>diffusi,</strong></span> <span class='ocrx_word' id='word_1_694' title='bbox 1059 5136 1282 5196; x_wconf 88' lang='lat' dir='ltr'><strong>septeno</strong></span> <span class='ocrx_word' id='word_1_695' title='bbox 1312 5144 1539 5183; x_wconf 88' lang='lat' dir='ltr'><strong>munere</strong></span> <span class='ocrx_word' id='word_1_696' title='bbox 1584 5128 1820 5200; x_wconf 87' lang='lat' dir='ltr'><strong>Spiritus</strong></span> <span class='ocrx_word' id='word_1_697' title='bbox 1848 5144 2072 5189; x_wconf 86' lang='lat' dir='ltr'><strong>sanctus</strong></span> 
     </span>
    </p>
   </div>
   <div class='ocr_carea' id='block_1_98' title="bbox 484 5208 2070 5286">
    <p class='ocr_par' dir='ltr' id='par_1_98' title="bbox 484 5208 2070 5286">
     <span class='ocr_line' id='line_1_98' title="bbox 484 5208 2070 5286; baseline 0.006 -18"><span class='ocrx_word' id='word_1_698' title='bbox 484 5213 713 5284; x_wconf 86' lang='lat' dir='ltr'><strong>perfusi,</strong></span> <span class='ocrx_word' id='word_1_699' title='bbox 742 5230 839 5286; x_wconf 90' lang='lat' dir='ltr'><strong>per</strong></span> <span class='ocrx_word' id='word_1_700' title='bbox 860 5217 1225 5285; x_wconf 85' lang='lat' dir='ltr'><strong>septenarium</strong></span> <span class='ocrx_word' id='word_1_701' title='bbox 1262 5235 1549 5275; x_wconf 86' lang='lat' dir='ltr'><strong>numerum</strong></span> <span class='ocrx_word' id='word_1_702' title='bbox 1576 5221 1811 5277; x_wconf 89' lang='lat' dir='ltr'><strong>duodeni</strong></span> <span class='ocrx_word' id='word_1_703' title='bbox 1834 5208 2070 5279; x_wconf 73' lang='lat' dir='ltr'><strong>otiicium</strong></span> 
     </span>
    </p>
   </div>
   <div class='ocr_carea' id='block_1_99' title="bbox 483 5310 2069 5381">
    <p class='ocr_par' dir='ltr' id='par_1_99' title="bbox 483 5310 2069 5381">
     <span class='ocr_line' id='line_1_99' title="bbox 483 5310 2069 5381; baseline 0.006 -19"><span class='ocrx_word' id='word_1_704' title='bbox 483 5322 645 5363; x_wconf 90' lang='lat' dir='ltr'><strong>suum</strong></span> <span class='ocrx_word' id='word_1_705' title='bbox 681 5318 1029 5379; x_wconf 83' lang='lat' dir='ltr'><strong>peregerunt.</strong></span> <span class='ocrx_word' id='word_1_706' title='bbox 1062 5310 1189 5365; x_wconf 89' lang='lat' dir='ltr'><strong>dum</strong></span> <span class='ocrx_word' id='word_1_707' title='bbox 1219 5320 1457 5381; x_wconf 89' lang='lat' dir='ltr'><strong>quatuor</strong></span> <span class='ocrx_word' id='word_1_708' title='bbox 1485 5320 1667 5381; x_wconf 90' lang='lat' dir='ltr'><strong>partes</strong></span> <span class='ocrx_word' id='word_1_709' title='bbox 1695 5315 1884 5369; x_wconf 90' lang='lat' dir='ltr'><strong>mundi</strong></span> <span class='ocrx_word' id='word_1_710' title='bbox 1906 5316 1973 5371; x_wconf 91' lang='lat' dir='ltr'><strong>ad</strong></span> <span class='ocrx_word' id='word_1_711' title='bbox 2006 5316 2069 5371; x_wconf 79' lang='lat' dir='ltr'><strong>ll-</strong></span> 
     </span>
    </p>
   </div>
   <div class='ocr_carea' id='block_1_100' title="bbox 483 5400 2071 5473">
    <p class='ocr_par' dir='ltr' id='par_1_100' title="bbox 483 5400 2071 5473">
     <span class='ocr_line' id='line_1_100' title="bbox 483 5400 2071 5473; baseline 0.006 -19"><span class='ocrx_word' id='word_1_712' title='bbox 483 5400 605 5455; x_wconf 90' lang='lat' dir='ltr'><strong>dem</strong></span> <span class='ocrx_word' id='word_1_713' title='bbox 656 5409 859 5457; x_wconf 74' lang='lat' dir='ltr'><strong>sancta:</strong></span> <span class='ocrx_word' id='word_1_714' title='bbox 885 5400 1170 5459; x_wconf 90' lang='lat' dir='ltr'><strong>Trinitatis</strong></span> <span class='ocrx_word' id='word_1_715' title='bbox 1218 5404 1609 5473; x_wconf 74' lang='lat' dir='ltr'><strong>perduxerunt.</strong></span> <span class='ocrx_word' id='word_1_716' title='bbox 1657 5403 1791 5461; x_wconf 85' lang='lat' dir='ltr'><strong>Tres</strong></span> <span class='ocrx_word' id='word_1_717' title='bbox 1830 5408 1973 5462; x_wconf 90' lang='lat' dir='ltr'><strong>enim</strong></span> <span class='ocrx_word' id='word_1_718' title='bbox 2015 5415 2071 5463; x_wconf 91' lang='lat' dir='ltr'><strong>et</strong></span> 
     </span>
    </p>
   </div>
   <div class='ocr_carea' id='block_1_101' title="bbox 481 5494 2070 5564">
    <p class='ocr_par' dir='ltr' id='par_1_101' title="bbox 481 5494 2070 5564">
     <span class='ocr_line' id='line_1_101' title="bbox 481 5494 2070 5564; baseline 0.003 -16"><span class='ocrx_word' id='word_1_719' title='bbox 481 5501 734 5562; x_wconf 86' lang='lat' dir='ltr'><strong>quatuor,</strong></span> <span class='ocrx_word' id='word_1_720' title='bbox 788 5495 936 5564; x_wconf 89' lang='lat' dir='ltr'><strong>quod</strong></span> <span class='ocrx_word' id='word_1_721' title='bbox 972 5503 1175 5563; x_wconf 91' lang='lat' dir='ltr'><strong>septem</strong></span> <span class='ocrx_word' id='word_1_722' title='bbox 1235 5502 1383 5561; x_wconf 91' lang='lat' dir='ltr'><strong>sunt,</strong></span> <span class='ocrx_word' id='word_1_723' title='bbox 1421 5494 1708 5551; x_wconf 91' lang='lat' dir='ltr'><strong>duodecim</strong></span> <span class='ocrx_word' id='word_1_724' title='bbox 1765 5496 1923 5552; x_wconf 84' lang='lat' dir='ltr'><strong>ﬁunt.</strong></span> <span class='ocrx_word' id='word_1_725' title='bbox 1964 5497 2070 5564; x_wconf 90' lang='lat' dir='ltr'><strong>Qui</strong></span> 
     </span>
    </p>
   </div>
   <div class='ocr_carea' id='block_1_102' title="bbox 481 5582 2068 5655">
    <p class='ocr_par' dir='ltr' id='par_1_102' title="bbox 481 5582 2068 5655">
     <span class='ocr_line' id='line_1_102' title="bbox 481 5582 2068 5655; baseline 0.002 -16"><span class='ocrx_word' id='word_1_726' title='bbox 481 5582 612 5639; x_wconf 90' lang='lat' dir='ltr'><strong>boni</strong></span> <span class='ocrx_word' id='word_1_727' title='bbox 643 5582 945 5653; x_wconf 90' lang='lat' dir='ltr'><strong>piscatores</strong></span> <span class='ocrx_word' id='word_1_728' title='bbox 980 5599 1181 5655; x_wconf 89' lang='lat' dir='ltr'><strong>sagena</strong></span> <span class='ocrx_word' id='word_1_729' title='bbox 1207 5584 1332 5639; x_wconf 88' lang='lat' dir='ltr'><strong>tidci</strong></span> <span class='ocrx_word' id='word_1_730' title='bbox 1384 5584 1563 5653; x_wconf 90' lang='lat' dir='ltr'><strong>pisces</strong></span> <span class='ocrx_word' id='word_1_731' title='bbox 1607 5586 1737 5641; x_wconf 89' lang='lat' dir='ltr'><strong>olim</strong></span> <span class='ocrx_word' id='word_1_732' title='bbox 1790 5586 1856 5641; x_wconf 90' lang='lat' dir='ltr'><strong>ad</strong></span> <span class='ocrx_word' id='word_1_733' title='bbox 1903 5586 2068 5642; x_wconf 91' lang='lat' dir='ltr'><strong>vitam</strong></span> 
     </span>
    </p>
   </div>
   <div class='ocr_carea' id='block_1_103' title="bbox 482 5674 2070 5746">
    <p class='ocr_par' dir='ltr' id='par_1_103' title="bbox 482 5674 2070 5746">
     <span class='ocr_line' id='line_1_103' title="bbox 482 5674 2070 5746; baseline 0.003 -18"><span class='ocrx_word' id='word_1_734' title='bbox 482 5674 894 5743; x_wconf 71' lang='lat' dir='ltr'><strong>praelestinatos</strong></span> <span class='ocrx_word' id='word_1_735' title='bbox 937 5675 1107 5746; x_wconf 89' lang='lat' dir='ltr'><strong>signis</strong></span> <span class='ocrx_word' id='word_1_736' title='bbox 1140 5682 1195 5730; x_wconf 89' lang='lat' dir='ltr'><strong>et</strong></span> <span class='ocrx_word' id='word_1_737' title='bbox 1231 5675 1511 5730; x_wconf 90' lang='lat' dir='ltr'><strong>miraculis</strong></span> <span class='ocrx_word' id='word_1_738' title='bbox 1538 5675 1606 5731; x_wconf 89' lang='lat' dir='ltr'><strong>de</strong></span> <span class='ocrx_word' id='word_1_739' title='bbox 1648 5677 1764 5732; x_wconf 91' lang='lat' dir='ltr'><strong>salo</strong></span> <span class='ocrx_word' id='word_1_740' title='bbox 1792 5676 1975 5732; x_wconf 67' lang='lat' dir='ltr'><strong>saeculi</strong></span> <span class='ocrx_word' id='word_1_741' title='bbox 2002 5678 2070 5733; x_wconf 88' lang='lat' dir='ltr'><strong>ad</strong></span> 
     </span>
    </p>
   </div>
   <div class='ocr_carea' id='block_1_104' title="bbox 502 5761 2069 5834">
    <p class='ocr_par' dir='ltr' id='par_1_104' title="bbox 502 5761 2069 5834">
     <span class='ocr_line' id='line_1_104' title="bbox 502 5761 2069 5834; baseline 0.004 -18"><span class='ocrx_word' id='word_1_742' title='bbox 502 5763 637 5818; x_wconf 85' lang='lat' dir='ltr'><strong>ittus</strong></span> <span class='ocrx_word' id='word_1_743' title='bbox 668 5762 793 5818; x_wconf 82' lang='lat' dir='ltr'><strong>vitae</strong></span> <span class='ocrx_word' id='word_1_744' title='bbox 826 5771 1225 5833; x_wconf 79' lang='lat' dir='ltr'><strong>pertraxerunt,</strong></span> <span class='ocrx_word' id='word_1_745' title='bbox 1258 5771 1313 5819; x_wconf 90' lang='lat' dir='ltr'><strong>et</strong></span> <span class='ocrx_word' id='word_1_746' title='bbox 1351 5761 1553 5818; x_wconf 85' lang='lat' dir='ltr'><strong>Christi</strong></span> <span class='ocrx_word' id='word_1_747' title='bbox 1580 5765 1829 5834; x_wconf 79' lang='lat' dir='ltr'><strong>exemplo</strong></span> <span class='ocrx_word' id='word_1_748' title='bbox 1856 5767 2069 5824; x_wconf 86' lang='lat' dir='ltr'><strong>animas</strong></span> 
     </span>
    </p>
   </div>
   <div class='ocr_carea' id='block_1_105' title="bbox 2176 4575 3762 4651">
    <p class='ocr_par' dir='ltr' id='par_1_105' title="bbox 2176 4575 3762 4651">
     <span class='ocr_line' id='line_1_105' title="bbox 2176 4575 3762 4651; baseline -0.003 -15"><span class='ocrx_word' id='word_1_749' title='bbox 2176 4582 2303 4636; x_wconf 90' lang='lat' dir='ltr'><strong>licet</strong></span> <span class='ocrx_word' id='word_1_750' title='bbox 2325 4588 2450 4651; x_wconf 92' lang='lat' dir='ltr'><strong>post</strong></span> <span class='ocrx_word' id='word_1_751' title='bbox 2478 4579 2720 4635; x_wconf 87' lang='lat' dir='ltr'><strong>facerent</strong></span> <span class='ocrx_word' id='word_1_752' title='bbox 2749 4588 2942 4649; x_wconf 89' lang='lat' dir='ltr'><strong>sponte</strong></span> <span class='ocrx_word' id='word_1_753' title='bbox 2970 4576 3062 4633; x_wconf 87' lang='lat' dir='ltr'><strong>Dei</strong></span> <span class='ocrx_word' id='word_1_754' title='bbox 3096 4592 3286 4632; x_wconf 90' lang='lat' dir='ltr'><strong>amore</strong></span> <span class='ocrx_word' id='word_1_755' title='bbox 3305 4579 3460 4648; x_wconf 89' lang='lat' dir='ltr'><strong>quod</strong></span> <span class='ocrx_word' id='word_1_756' title='bbox 3497 4578 3642 4648; x_wconf 84' lang='lat' dir='ltr'><strong>prius</strong></span> <span class='ocrx_word' id='word_1_757' title='bbox 3673 4575 3762 4631; x_wconf 73' lang='lat' dir='ltr'><strong>fe-</strong></span> 
     </span>
    </p>
   </div>
   <div class='ocr_carea' id='block_1_106' title="bbox 2176 4669 3763 4741">
    <p class='ocr_par' dir='ltr' id='par_1_106' title="bbox 2176 4669 3763 4741">
     <span class='ocr_line' id='line_1_106' title="bbox 2176 4669 3763 4741; baseline -0.003 -14"><span class='ocrx_word' id='word_1_758' title='bbox 2176 4680 2364 4727; x_wconf 88' lang='lat' dir='ltr'><strong>cerant</strong></span> <span class='ocrx_word' id='word_1_759' title='bbox 2392 4671 2565 4727; x_wconf 90' lang='lat' dir='ltr'><strong>coacti</strong></span> <span class='ocrx_word' id='word_1_760' title='bbox 2595 4670 2810 4725; x_wconf 89' lang='lat' dir='ltr'><strong>timore.</strong></span> <span class='ocrx_word' id='word_1_761' title='bbox 2844 4669 2900 4724; x_wconf 93' lang='lat' dir='ltr'><strong>ln</strong></span> <span class='ocrx_word' id='word_1_762' title='bbox 2933 4673 3049 4741; x_wconf 88' lang='lat' dir='ltr'><strong>lege</strong></span> <span class='ocrx_word' id='word_1_763' title='bbox 3069 4670 3233 4725; x_wconf 90' lang='lat' dir='ltr'><strong>etiam</strong></span> <span class='ocrx_word' id='word_1_764' title='bbox 3263 4680 3385 4725; x_wconf 88' lang='lat' dir='ltr'><strong>erat</strong></span> <span class='ocrx_word' id='word_1_765' title='bbox 3433 4679 3763 4741; x_wconf 62' lang='lat' dir='ltr'><strong>praeceptum</strong></span> 
     </span>
    </p>
   </div>
   <div class='ocr_carea' id='block_1_107' title="bbox 2177 4761 3765 4832">
    <p class='ocr_par' dir='ltr' id='par_1_107' title="bbox 2177 4761 3765 4832">
     <span class='ocr_line' id='line_1_107' title="bbox 2177 4761 3765 4832; baseline 0.001 -16"><span class='ocrx_word' id='word_1_766' title='bbox 2177 4769 2237 4816; x_wconf 92' lang='lat' dir='ltr'><strong>ut</strong></span> <span class='ocrx_word' id='word_1_767' title='bbox 2281 4761 2768 4832; x_wconf 83' lang='lat' dir='ltr'><strong>quinguagesimus</strong></span> <span class='ocrx_word' id='word_1_768' title='bbox 2823 4775 3005 4816; x_wconf 91' lang='lat' dir='ltr'><strong>annus</strong></span> <span class='ocrx_word' id='word_1_769' title='bbox 3046 4761 3309 4830; x_wconf 67' lang='lat' dir='ltr'><strong>Jubileus,</strong></span> <span class='ocrx_word' id='word_1_770' title='bbox 3360 4763 3415 4816; x_wconf 87' lang='lat' dir='ltr'><strong>id</strong></span> <span class='ocrx_word' id='word_1_771' title='bbox 3458 4771 3546 4817; x_wconf 91' lang='lat' dir='ltr'><strong>est</strong></span> <span class='ocrx_word' id='word_1_772' title='bbox 3583 4777 3765 4817; x_wconf 77' lang='lat' dir='ltr'><strong>annus</strong></span> 
     </span>
    </p>
   </div>
   <div class='ocr_carea' id='block_1_108' title="bbox 2175 4853 3768 4925">
    <p class='ocr_par' dir='ltr' id='par_1_108' title="bbox 2175 4853 3768 4925">
     <span class='ocr_line' id='line_1_108' title="bbox 2175 4853 3768 4925; baseline 0 -17"><span class='ocrx_word' id='word_1_773' title='bbox 2175 4853 2520 4910; x_wconf 89' lang='lat' dir='ltr'><strong>remissionis</strong></span> <span class='ocrx_word' id='word_1_774' title='bbox 2576 4863 2884 4919; x_wconf 88' lang='lat' dir='ltr'><strong>vocaretur,</strong></span> <span class='ocrx_word' id='word_1_775' title='bbox 2939 4862 3195 4925; x_wconf 90' lang='lat' dir='ltr'><strong>totusque</strong></span> <span class='ocrx_word' id='word_1_776' title='bbox 3245 4855 3315 4908; x_wconf 89' lang='lat' dir='ltr'><strong>ab</strong></span> <span class='ocrx_word' id='word_1_777' title='bbox 3358 4869 3531 4924; x_wconf 86' lang='lat' dir='ltr'><strong>opere</strong></span> <span class='ocrx_word' id='word_1_778' title='bbox 3576 4855 3768 4911; x_wconf 80' lang='lat' dir='ltr'><strong>senili</strong></span> 
     </span>
    </p>
   </div>
   <div class='ocr_carea' id='block_1_109' title="bbox 2175 4934 3773 5014">
    <p class='ocr_par' dir='ltr' id='par_1_109' title="bbox 2175 4934 3773 5014">
     <span class='ocr_line' id='line_1_109' title="bbox 2175 4934 3773 5014; baseline 0.003 -16"><span class='ocrx_word' id='word_1_779' title='bbox 2175 4942 2483 5009; x_wconf 85' lang='lat' dir='ltr'><strong>feriaretur,</strong></span> <span class='ocrx_word' id='word_1_780' title='bbox 2508 4952 2672 5013; x_wconf 79' lang='lat' dir='ltr'><strong>atque</strong></span> <span class='ocrx_word' id='word_1_781' title='bbox 2698 4934 2902 4999; x_wconf 85' lang='lat' dir='ltr'><strong>amissa</strong></span> <span class='ocrx_word' id='word_1_782' title='bbox 2946 4944 3236 5000; x_wconf 61' lang='lat' dir='ltr'><strong>hereditas</strong></span> <span class='ocrx_word' id='word_1_783' title='bbox 3260 4946 3505 5014; x_wconf 87' lang='lat' dir='ltr'><strong>propriis</strong></span> <span class='ocrx_word' id='word_1_784' title='bbox 3535 4944 3773 5003; x_wconf 67' lang='lat' dir='ltr'><strong>haeredi-</strong></span> 
     </span>
    </p>
   </div>
   <div class='ocr_carea' id='block_1_110' title="bbox 2173 5034 3777 5106">
    <p class='ocr_par' dir='ltr' id='par_1_110' title="bbox 2173 5034 3777 5106">
     <span class='ocr_line' id='line_1_110' title="bbox 2173 5034 3777 5106; baseline 0.001 -16"><span class='ocrx_word' id='word_1_785' title='bbox 2173 5035 2278 5090; x_wconf 88' lang='lat' dir='ltr'><strong>bus</strong></span> <span class='ocrx_word' id='word_1_786' title='bbox 2302 5035 2638 5090; x_wconf 86' lang='lat' dir='ltr'><strong>redderetur.</strong></span> <span class='ocrx_word' id='word_1_787' title='bbox 2672 5034 2778 5090; x_wconf 91' lang='lat' dir='ltr'><strong>Per</strong></span> <span class='ocrx_word' id='word_1_788' title='bbox 2809 5035 2914 5091; x_wconf 89' lang='lat' dir='ltr'><strong>hoc</strong></span> <span class='ocrx_word' id='word_1_789' title='bbox 2940 5034 3177 5106; x_wconf 90' lang='lat' dir='ltr'><strong>Spiritus</strong></span> <span class='ocrx_word' id='word_1_790' title='bbox 3197 5046 3425 5091; x_wconf 89' lang='lat' dir='ltr'><strong>sanctus</strong></span> <span class='ocrx_word' id='word_1_791' title='bbox 3457 5037 3587 5091; x_wconf 87' lang='lat' dir='ltr'><strong>illud</strong></span> <span class='ocrx_word' id='word_1_792' title='bbox 3625 5045 3777 5091; x_wconf 79' lang='lat' dir='ltr'><strong>tem-</strong></span> 
     </span>
    </p>
   </div>
   <div class='ocr_carea' id='block_1_111' title="bbox 2172 5127 3787 5199">
    <p class='ocr_par' dir='ltr' id='par_1_111' title="bbox 2172 5127 3787 5199">
     <span class='ocr_line' id='line_1_111' title="bbox 2172 5127 3787 5199; baseline 0.001 -17"><span class='ocrx_word' id='word_1_793' title='bbox 2172 5143 2276 5198; x_wconf 92' lang='lat' dir='ltr'><strong>pus</strong></span> <span class='ocrx_word' id='word_1_794' title='bbox 2304 5127 2642 5199; x_wconf 76' lang='lat' dir='ltr'><strong>przelignrari</strong></span> <span class='ocrx_word' id='word_1_795' title='bbox 2693 5128 2862 5182; x_wconf 82' lang='lat' dir='ltr'><strong>voluit</strong></span> <span class='ocrx_word' id='word_1_796' title='bbox 2913 5127 2967 5182; x_wconf 90' lang='lat' dir='ltr'><strong>in</strong></span> <span class='ocrx_word' id='word_1_797' title='bbox 3022 5142 3133 5197; x_wconf 91' lang='lat' dir='ltr'><strong>quo</strong></span> <span class='ocrx_word' id='word_1_798' title='bbox 3162 5128 3428 5197; x_wconf 84' lang='lat' dir='ltr'><strong>populum</strong></span> <span class='ocrx_word' id='word_1_799' title='bbox 3482 5143 3641 5183; x_wconf 88' lang='lat' dir='ltr'><strong>suum</strong></span> <span class='ocrx_word' id='word_1_800' title='bbox 3698 5128 3787 5183; x_wconf 73' lang='lat' dir='ltr'><strong>ab.</strong></span> 
     </span>
    </p>
   </div>
   <div class='ocr_carea' id='block_1_112' title="bbox 2172 5219 3781 5291">
    <p class='ocr_par' dir='ltr' id='par_1_112' title="bbox 2172 5219 3781 5291">
     <span class='ocr_line' id='line_1_112' title="bbox 2172 5219 3781 5291; baseline 0.002 -18"><span class='ocrx_word' id='word_1_801' title='bbox 2172 5233 2337 5287; x_wconf 90' lang='lat' dir='ltr'><strong>opere</strong></span> <span class='ocrx_word' id='word_1_802' title='bbox 2360 5220 2567 5284; x_wconf 85' lang='lat' dir='ltr'><strong>servili,</strong></span> <span class='ocrx_word' id='word_1_803' title='bbox 2591 5219 2644 5274; x_wconf 93' lang='lat' dir='ltr'><strong>id</strong></span> <span class='ocrx_word' id='word_1_804' title='bbox 2673 5229 2758 5274; x_wconf 78' lang='lat' dir='ltr'><strong>est</strong></span> <span class='ocrx_word' id='word_1_805' title='bbox 2787 5236 2815 5274; x_wconf 90' lang='lat' dir='ltr'><strong>a</strong></span> <span class='ocrx_word' id='word_1_806' title='bbox 2858 5228 3083 5290; x_wconf 87' lang='lat' dir='ltr'><strong>peccato</strong></span> <span class='ocrx_word' id='word_1_807' title='bbox 3113 5235 3312 5275; x_wconf 89' lang='lat' dir='ltr'><strong>vacare</strong></span> <span class='ocrx_word' id='word_1_808' title='bbox 3338 5221 3551 5287; x_wconf 90' lang='lat' dir='ltr'><strong>docuit,</strong></span> <span class='ocrx_word' id='word_1_809' title='bbox 3596 5221 3781 5291; x_wconf 78' lang='lat' dir='ltr'><strong>eique</strong></span> 
     </span>
    </p>
   </div>
   <div class='ocr_carea' id='block_1_113' title="bbox 2173 5309 3782 5383">
    <p class='ocr_par' dir='ltr' id='par_1_113' title="bbox 2173 5309 3782 5383">
     <span class='ocr_line' id='line_1_113' title="bbox 2173 5309 3782 5383; baseline 0.003 -19"><span class='ocrx_word' id='word_1_810' title='bbox 2173 5310 2432 5365; x_wconf 86' lang='lat' dir='ltr'><strong>amissam</strong></span> <span class='ocrx_word' id='word_1_811' title='bbox 2485 5309 2855 5365; x_wconf 79' lang='lat' dir='ltr'><strong>hacreditatem</strong></span> <span class='ocrx_word' id='word_1_812' title='bbox 2908 5311 3149 5381; x_wconf 89' lang='lat' dir='ltr'><strong>paradisi</strong></span> <span class='ocrx_word' id='word_1_813' title='bbox 3196 5313 3461 5369; x_wconf 88' lang='lat' dir='ltr'><strong>restituit.</strong></span> <span class='ocrx_word' id='word_1_814' title='bbox 3515 5311 3782 5383; x_wconf 62' lang='lat' dir='ltr'><strong>(Caeco-</strong></span> 
     </span>
    </p>
   </div>
   <div class='ocr_carea' id='block_1_114' title="bbox 2172 5399 3779 5471">
    <p class='ocr_par' dir='ltr' id='par_1_114' title="bbox 2172 5399 3779 5471">
     <span class='ocr_line' id='line_1_114' title="bbox 2172 5399 3779 5471; baseline 0.003 -17"><span class='ocrx_word' id='word_1_815' title='bbox 2172 5399 2340 5470; x_wconf 79' lang='lat' dir='ltr'><strong>nws.)</strong></span> <span class='ocrx_word' id='word_1_816' title='bbox 2383 5399 2621 5471; x_wconf 89' lang='lat' dir='ltr'><strong>Spiritus</strong></span> <span class='ocrx_word' id='word_1_817' title='bbox 2665 5410 2890 5456; x_wconf 86' lang='lat' dir='ltr'><strong>sanctus</strong></span> <span class='ocrx_word' id='word_1_818' title='bbox 2919 5402 3005 5457; x_wconf 89' lang='lat' dir='ltr'><strong>his</strong></span> <span class='ocrx_word' id='word_1_819' title='bbox 3042 5403 3206 5459; x_wconf 88' lang='lat' dir='ltr'><strong>datus</strong></span> <span class='ocrx_word' id='word_1_820' title='bbox 3231 5414 3590 5471; x_wconf 81' lang='lat' dir='ltr'><strong>memoratur,</strong></span> <span class='ocrx_word' id='word_1_821' title='bbox 3623 5404 3779 5459; x_wconf 73' lang='lat' dir='ltr'><strong>dum</strong></span> 
     </span>
    </p>
   </div>
   <div class='ocr_carea' id='block_1_115' title="bbox 2172 5493 3787 5559">
    <p class='ocr_par' dir='ltr' id='par_1_115' title="bbox 2172 5493 3787 5559">
     <span class='ocr_line' id='line_1_115' title="bbox 2172 5493 3787 5559; baseline 0 -11"><span class='ocrx_word' id='word_1_822' title='bbox 2172 5494 2341 5549; x_wconf 86' lang='lat' dir='ltr'><strong>semel</strong></span> <span class='ocrx_word' id='word_1_823' title='bbox 2364 5493 2421 5548; x_wconf 90' lang='lat' dir='ltr'><strong>in</strong></span> <span class='ocrx_word' id='word_1_824' title='bbox 2443 5502 2608 5559; x_wconf 88' lang='lat' dir='ltr'><strong>terra,</strong></span> <span class='ocrx_word' id='word_1_825' title='bbox 2646 5494 2813 5548; x_wconf 90' lang='lat' dir='ltr'><strong>semel</strong></span> <span class='ocrx_word' id='word_1_826' title='bbox 2845 5494 2914 5548; x_wconf 89' lang='lat' dir='ltr'><strong>de</strong></span> <span class='ocrx_word' id='word_1_827' title='bbox 2947 5494 3088 5549; x_wconf 66' lang='lat' dir='ltr'><strong>coelo</strong></span> <span class='ocrx_word' id='word_1_828' title='bbox 3116 5493 3297 5548; x_wconf 85' lang='lat' dir='ltr'><strong>datur.</strong></span> <span class='ocrx_word' id='word_1_829' title='bbox 3334 5494 3395 5549; x_wconf 88' lang='lat' dir='ltr'><strong>ln</strong></span> <span class='ocrx_word' id='word_1_830' title='bbox 3422 5504 3569 5550; x_wconf 83' lang='lat' dir='ltr'><strong>terra</strong></span> <span class='ocrx_word' id='word_1_831' title='bbox 3590 5496 3787 5550; x_wconf 72' lang='lat' dir='ltr'><strong>datur</strong></span> 
     </span>
    </p>
   </div>
   <div class='ocr_carea' id='block_1_116' title="bbox 2174 5582 3788 5656">
    <p class='ocr_par' dir='ltr' id='par_1_116' title="bbox 2174 5582 3788 5656">
     <span class='ocr_line' id='line_1_116' title="bbox 2174 5582 3788 5656; baseline 0.002 -17"><span class='ocrx_word' id='word_1_832' title='bbox 2174 5582 2432 5654; x_wconf 83' lang='lat' dir='ltr'><strong>Spiritus,</strong></span> <span class='ocrx_word' id='word_1_833' title='bbox 2482 5592 2543 5640; x_wconf 92' lang='lat' dir='ltr'><strong>ut</strong></span> <span class='ocrx_word' id='word_1_834' title='bbox 2593 5584 2852 5656; x_wconf 88' lang='lat' dir='ltr'><strong>diligatur</strong></span> <span class='ocrx_word' id='word_1_835' title='bbox 2900 5585 3186 5656; x_wconf 80' lang='lat' dir='ltr'><strong>proximus</strong></span> <span class='ocrx_word' id='word_1_836' title='bbox 3238 5604 3254 5640; x_wconf 92' lang='lat'><strong>:</strong></span> <span class='ocrx_word' id='word_1_837' title='bbox 3310 5587 3384 5642; x_wconf 89' lang='lat' dir='ltr'><strong>de</strong></span> <span class='ocrx_word' id='word_1_838' title='bbox 3421 5587 3565 5642; x_wconf 74' lang='lat' dir='ltr'><strong>cmlo</strong></span> <span class='ocrx_word' id='word_1_839' title='bbox 3590 5588 3788 5643; x_wconf 71' lang='lat' dir='ltr'><strong>datur</strong></span> 
     </span>
    </p>
   </div>
   <div class='ocr_carea' id='block_1_117' title="bbox 2173 5673 3787 5748">
    <p class='ocr_par' dir='ltr' id='par_1_117' title="bbox 2173 5673 3787 5748">
     <span class='ocr_line' id='line_1_117' title="bbox 2173 5673 3787 5748; baseline 0.002 -19"><span class='ocrx_word' id='word_1_840' title='bbox 2173 5673 2433 5745; x_wconf 89' lang='lat' dir='ltr'><strong>Spiritus,</strong></span> <span class='ocrx_word' id='word_1_841' title='bbox 2463 5683 2524 5731; x_wconf 93' lang='lat' dir='ltr'><strong>ut</strong></span> <span class='ocrx_word' id='word_1_842' title='bbox 2552 5674 2811 5746; x_wconf 89' lang='lat' dir='ltr'><strong>diligatur</strong></span> <span class='ocrx_word' id='word_1_843' title='bbox 2834 5673 2999 5730; x_wconf 90' lang='lat' dir='ltr'><strong>Deus.</strong></span> <span class='ocrx_word' id='word_1_844' title='bbox 3027 5673 3133 5742; x_wconf 88' lang='lat' dir='ltr'><strong>Qui</strong></span> <span class='ocrx_word' id='word_1_845' title='bbox 3160 5676 3306 5731; x_wconf 85' lang='lat' dir='ltr'><strong>enim</strong></span> <span class='ocrx_word' id='word_1_846' title='bbox 3356 5674 3529 5732; x_wconf 81' lang='lat' dir='ltr'><strong>Deum</strong></span> <span class='ocrx_word' id='word_1_847' title='bbox 3553 5675 3787 5748; x_wconf 74' lang='lat' dir='ltr'><strong>diligit,</strong></span> 
     </span>
    </p>
   </div>
   <div class='ocr_carea' id='block_1_118' title="bbox 2173 5764 3779 5836">
    <p class='ocr_par' dir='ltr' id='par_1_118' title="bbox 2173 5764 3779 5836">
     <span class='ocr_line' id='line_1_118' title="bbox 2173 5764 3779 5836; baseline 0.002 -15"><span class='ocrx_word' id='word_1_848' title='bbox 2173 5780 2480 5822; x_wconf 88' lang='lat' dir='ltr'><strong>sermonem</strong></span> <span class='ocrx_word' id='word_1_849' title='bbox 2509 5766 2628 5836; x_wconf 77' lang='lat' dir='ltr'><strong>ejus</strong></span> <span class='ocrx_word' id='word_1_850' title='bbox 2650 5765 2887 5825; x_wconf 82' lang='lat' dir='ltr'><strong>servabit</strong></span> <span class='ocrx_word' id='word_1_851' title='bbox 2913 5764 3092 5835; x_wconf 77' lang='lat' dir='ltr'><strong>(lenti.</strong></span> <span class='ocrx_word' id='word_1_852' title='bbox 3127 5769 3262 5833; x_wconf 83' lang='lat' dir='ltr'><strong>xtv).</strong></span> <span class='ocrx_word' id='word_1_853' title='bbox 3295 5764 3452 5823; x_wconf 77' lang='lat' dir='ltr'><strong>Hune</strong></span> <span class='ocrx_word' id='word_1_854' title='bbox 3481 5765 3643 5823; x_wconf 85' lang='lat' dir='ltr'><strong>Deus</strong></span> <span class='ocrx_word' id='word_1_855' title='bbox 3670 5768 3779 5825; x_wconf 55' lang='lat' dir='ltr'><strong>Pa</strong></span> 
     </span>
    </p>
   </div>
  </div>
