3950 6380
24 352 159 409 9:29
1006 359 1584 421 DEFLOBATIONES
1625 367 1723 425 ss.
1764 369 2072 428 PATllUM.
2113 405 2182 417 -
2215 359 2344 433 Lm.
2385 379 2425 434 ι.
3245 373 3386 444 990'

27 478 132 524 ter
164 467 365 570 diligit
387 477 440 570 et
473 467 712 570 'I‘rinltas
743 469 808 524 ad
839 483 964 526 eum
996 475 1197 540 veniet,
1221 486 1276 532 et
1319 481 1664 538 mansionem
1693 493 1736 550 Α
1767 486 1993 542 rismata
2034 490 2114 545 eis
2153 491 2398 548 donavit.
2443 492 2536 550 Hie
2587 493 2906 552 festivitates
2943 504 2997 552 et
3045 501 3250 570 angelis
3294 513 3348 560 et

27 562 206 658 apud
235 578 372 658 eum
403 561 631 658 faciet);
705 657 734 658 Γ
1771 579 2088 638 hominibus
2133 594 2261 640 sunt
2301 587 2662 654 venerabiles,
2704 589 2833 658 quia
2866 589 2969 658 ipsi
3021 561 3349 650 Deovnostro

118 653 658 749 ldeo,_charissimi,
685 657 980 727 diligamus
1005 659 1214 728 Deum;
1246 663 1504 718 mandata
1547 666 1667 735 ejus
1769 682 1898 727 sunt
1924 674 2183 730 celebres.
2228 675 2470 748 Denique
2497 679 2550 733 in
2595 653 3140 749 nativitate-Domini,
3174 685 3354 740 Domi-

33 747 372 810 servando,
421 757 476 801 nt
525 748 639 817 ipse
681 749 874 820 diligat
919 769 1020 806 nos
1067 755 1409 810 mansionem
1459 757 1560 812 sibi
1611 758 1665 812 in
1770 773 1874 819 nUs
1921 767 2223 836 majestatis
2252 769 2318 822 de
2359 747 2499 824 solio
2527 770 2714 840 gloriae
2759 786 2873 825 suae
2902 747 3160 839 surrexit,
3197 790 3350 831 arma

33 839 226 892 nobis
259 842 644 908 praeparando.
673 842 748 896 De
772 843 1009 914 hospitio
1041 848 1223 904 cordis
1248 850 1419 904 nostri
1456 861 1668 906 stercus
1767 853 1960 908 bellica
2012 856 2208 923 induit,
2243 873 2341 926 pro
2392 839 2550 914 nobis
2604 871 2948 930 pugnaturus
2993 863 3047 916 in
3093 867 3350 923 exsilium

36 935 429 1023 peccatorum
533 931 850 1023 poenitentia
921 943 976 988 et
1021 936 1367 992 confessione
1415 948 1665 1009 exterga-
1768 945 1920 1000 abiit.
1949 947 2248 1004 Parasccve
2291 960 2470 1005 autem
2498 953 2615 1007 dies
2643 953 2764 1006 belli
2795 962 2958 1023 atque
2982 957 3224 1012 victoria:
3251 975 3349 1012 ex-

45 1035 210 1083 mus,
249 1019 516 1090 lacrymis
562 1022 752 1078 sordes
785 1024 1080 1091 diluamus,
1128 1027 1356 1084 ﬂoribus
1397 1031 1665 1086 bonorum
1769 1037 1926 1102 stitit,
1960 1054 2083 1092 eum
2117 1039 2379 1096 Dominus
2407 1041 2562 1096 fortis
2591 1051 2644 1096 et
2686 1019 2884 1112 potens
2907 1045 2958 1097 in
2986 1047 3171 1114 praelia
3201 1049 3352 1117 prin-

45 1123 302 1177 Operum
337 1124 537 1165 ornare
573 1113 912 1178 Studeamus,
947 1125 1008 1170 ut
1039 1116 1278 1188 Spiritus
1305 1129 1528 1176 sanctus
1569 1122 1667 1176 de-
1769 1129 1944 1197 cipem
1981 1131 2169 1185 mundi
2203 1133 2481 1188 diabolum
2524 1150 2648 1188 cum
2692 1136 2808 1189 suis
2840 1113 3163 1192 satellitibus
3202 1113 3353 1194 devi-

45 1200 326 1293 sigﬁnetur
357 1201 671 1266 adventare,
700 1213 754 1258 et
798 1205 1025 1276 dignum
1074 1208 1441 1264 habitaculum
1475 1211 1576 1266 sibi
1611 1212 1666 1266 in
1769 1220 1860 1280 cit,
1895 1220 2287 1292 victoriamque
2333 1234 2580 1293 ροιρηιειι
2609 1225 2862 1280 obtinuit,
2915 1225 3041 1283 Dies
3087 1245 3214 1283 vero
3250 1229 3355 1282 Do-

45 1291 233 1385 nobis
283 1308 611 1362 praeparare.
644 1293 742 1350 llic
771 1297 934 1352 etiam
968 1315 1130 1369 super
1156 1299 1447 1356 Dominum
1477 1303 1530 1357 in
1571 1319 1666 1358 co-
1769 1309 1982 1364 minicae
2033 1291 2452 1367 resurrectionis
2487 1324 2570 1368 est
2621 1315 2738 1370 dies
2785 1331 2891 1384 qua
2943 1327 3160 1385 peracto
3212 1318 3354 1374 hello

44 1383 274 1478 lombte
300 1385 995 1478 speciemdescendit,quia
1020 1391 1461 1448 eumimmunem
1492 1409 1521 1447 a
1542 1409 1668 1463 pec-
1768 1415 1994 1466 regnum
2026 1404 2239 1472 tyranni
2265 1405 2517 1470 vastavit,
2555 1383 2920 1474 captivitatem
2944 1383 3023 1460 Dab
3052 1423 3116 1462 eo
3137 1420 3348 1478 captam

45 1475 209 1530 catis
235 1477 500 1531 ostendit.
523 1476 698 1547 Super
719 1479 1021 1549 discipulos
1041 1491 1222 1537 autem
1259 1485 1312 1537 in
1345 1484 1470 1553 igne
1503 1484 1666 1550 venit,
1769 1488 1835 1541 ad
1860 1505 1918 1542 se
1947 1492 2316 1560 congregavit.
2352 1491 2476 1547 Dies
2505 1501 2683 1547 autem
2716 1494 3053 1549 ascensionis
3091 1505 3173 1550 est
3206 1475 3351 1564 haec,

48 1570 197 1638 quia
231 1580 457 1640 peccata
491 1571 544 1625 in
581 1572 661 1627 eis
700 1588 1054 1638 consumens,
1080 1575 1506 1646 chirographum
1537 1592 1666 1646 pec-
1769 1579 1824 1632 in
1850 1596 1954 1649 qua
1987 1596 2112 1635 cum
2145 1583 2312 1636 nobili
2338 1599 2534 1654 pompa
2559 1584 2826 1640 Dominus
2850 1586 3113 1640 virtutum
3139 1602 3356 1658 regres-

50 1661 176 1715 cati
213 1660 440 1716 delevit.
475 1660 629 1716 Unde
681 1672 735 1718 et
783 1665 924 1735 ignis
969 1667 1110 1721 filios
1161 1664 1326 1720 Israel
1368 1669 1665 1735 priecessit,
1770 1688 1865 1727 sus
1896 1672 2268 1742 triumphavit,
2300 1684 2462 1745 atque
2490 1692 2613 1731 cum
2645 1679 2849 1748 angelis
2881 1679 3038 1734 malis
3065 1689 3353 1749 susceptus

49 1762 117 1806 et
147 1753 235 1808 eis
275 1754 380 1808 iter
404 1755 470 1809 ad
503 1756 733 1824 patriam
772 1757 1064 1827 suggessit,
1100 1757 1227 1826 quia
1261 1757 1402 1828 ignis
1432 1756 1668 1826 Spiritus
1770 1778 1990 1815 carnem
2025 1773 2266 1818 nostram
2315 1781 2480 1836 super
2507 1769 2708 1823 aethera
2755 1771 3031 1824 exaltavit.
3079 1770 3353 1827 Ilodierna

52 1845 253 1898 sancti
285 1859 383 1900 eos
425 1845 700 1913 praecedit,
733 1853 788 1898 et
839 1846 942 1899 iter
990 1860 1086 1914 per
1129 1844 1444 1914 Scripturas
1473 1845 1538 1898 ad
1571 1861 1667 1914 pa-
1701 1856 1740 1911 Β
1771 1868 1901 1906 vero
1929 1853 2045 1908 dies
2084 1865 2167 1909 est
2202 1871 2308 1924 qua
2360 1859 2623 1912 militibus
2670 1861 2839 1929 spolia
2886 1862 3184 1928 distribuit,
3219 1863 3351 1917 dum

51 1935 240 1988 triam
276 1935 520 2008 paradisi
551 1937 810 1990 ostendit.
836 1934 963 1990 Ideo
991 1953 1137 1991 nunc
1173 1936 1443 2008 baptisma
1470 1937 1668 2007 agitur,
1773 1944 2024 1998 ﬁdelibus
2052 1946 2200 2000 varia
2231 1948 2375 2002 dona
2421 1947 2657 2018 Spiritus
2681 1951 2855 2004 sancti
2882 1953 3130 2006 contulit.
3162 1953 3354 2007 Adhuc

51 2027 202 2095 quia
255 2040 356 2115 per
380 2025 642 2093 Spiritum
677 2039 924 2081 sanctum
954 2027 1216 2097 originale
1245 2027 1451 2082 crimen
1485 2028 1673 2083 retnit-
1770 2048 1938 2094 restat
1961 2057 2066 2094 una
2093 2041 2210 2098 dies
2240 2059 2346 2112 qua
2375 2059 2634 2114 sponsam
2665 2059 2816 2099 suam
2849 2045 2915 2100 de
2936 2047 3037 2100 hac
3059 2045 3352 2115 Babylonia

53 2116 228 2169 titur.
286 2114 412 2169 Ideo
457 2116 619 2169 etiam
674 2117 760 2171 his
804 2117 997 2172 diebus
1047 2118 1255 2187 jejunia
1309 2119 1668 2185 celebramus,
1770 2139 1854 2186 es;
1902 2132 2187 2195 ducturus,
2223 2135 2441 2202 quando
2483 2135 2537 2189 ίη
2586 2135 2776 2189 ultima
2815 2136 2903 2191 die
2952 2114 3251 2192 Ecclesia",
3297 2138 3352 2192 in

56 2206 203 2276 quia
237 2221 338 2276 per
385 2207 646 2275 Spiritum
691 2217 941 2262 sanctum
971 2209 1184 2262 veniam
1211 2209 1456 2278 accipere
1487 2224 1669 2278 spera-

1774 2225 1978 2279 coelesti
2011 2224 2347 2279 Hierusalem
2383 2235 2461 2281 est
2510 2227 2894 2282 collocaturus.
2943 2227 3145 2297 Nempe
3175 2228 3354 2284 dehis

59 2313 220 2360 mus-
279 2296 385 2364 Ουί
437 2297 976 2367 δβῖτίωηιεὲηίτιυῐη
1023 2301 1510 2370 blasphemaveri‘o
1563 2317 1668 2355 ηοη
1769 2314 1962 2369 diebus
2014 2315 2302 2384 praecinuit
2351 2332 2448 2386 per
2499 2325 2672 2371 totum
2731 2317 3053 2372 Psalterium
3083 2296 3355 2385 Spiritus

62 2393 392 2449 remittetur
412 2393 484 2459 ei,
511 2409 688 2462 neque
717 2394 770 2447 in
801 2395 905 2448 hoc
934 2395 1155 2460 sreculo,
1177 2410 1353 2464 neque
1377 2395 1429 2447 in
1461 2394 1665 2448 futuro.

1774 2416 2013 2461 sanctus.
2039 2406 2266 2476 Insuper
2298 2408 2379 2462 lex
2404 2417 2457 2462 et
2487 2425 2678 2464 omnes
2707 2410 2985 2479 prophetw
3012 2409 3354 2478 persultave-

62 2484 181 2538 PC“
229 2483 494 2555 sinum“
540 2494 787 2539 δθηοίυηι
818 2485 979 2542 dam"
1008 2486 1260 2542 τετηίεδῖο
1296 2494 1664 2555 Ρυοεθῑυνιιηιο
1771 2507 1899 2552 runt
1944 2499 2062 2553 haec
2089 2515 2330 2554 consona
2357 2517 2510 2556 voce.
2544 2501 2733 2571 Igitur,
2761 2502 3094 2564 charissimi,
3124 2517 3356 2570 compe-

69 2575 183 2642 Qni
221 2577 289 2631 de
329 2576 487 2630 venia
515 2577 784 2648 desperat,
822 2577 911 2630 hic
939 2575 1201 2646 Spiritum
1235 2587 1482 2632 sanctum
1523 2577 1669 2632 blas-

68 2668 364 2737 sphemat,
415 2675 578 2736 atque
629 2666 1006 2722 irreinissibile
1053 2675 1334 2736 peceatum
1375 2676 1664 2737 perpetrat.

70 2757 592 2824 Quemadmodum,
643 2759 975 2821 charissimi,
1029 2768 1113 2813 est
1155 2757 1420 2813 Nativitas
1453 2757 1666 2812 Domini

71 2849 333 2914 celebris,
367 2850 444 2904 sic
473 2859 529 2904 et
560 2850 662 2904 ista
689 2849 956 2905 festivitas
1002 2851 1259 2906 omnibus
1292 2851 1542 2906 fidelibus
1574 2851 1668 2905 de-

71 2940 172 2994 bet
209 2954 332 2994 esse
366 2940 649 3005 solemnis,
680 2941 810 3010 quia
841 2942 983 2996 sicut
1026 2943 1077 2995 in
1109 2943 1198 2996 illa
1245 2937 1389 2997 Deus
1420 2943 1473 2996 in
1491 2953 1691 3007 carne'

71 3031 308 3085 veniens
338 3031 588 3086 homines
629 3031 889 3098 visitavit,
919 3034 1000 3088 sic
1037 3034 1092 3088 in
1141 3035 1241 3088 ista
1271 3032 1415 3090 Deus
1442 3034 1496 3088 in
1544 3035 1667 3106 igne

528 3123 730 3179 v-ccatis
757 3123 1006 3180 homines
1035 3140 1297 3196 purgans,
1334 3126 1504 3181 multa
1531 3125 1664 3180 char

1769 2591 1878 2644 ctni
1913 2591 2033 2660 ejus
2070 2592 2123 2644 in
2149 2593 2364 2661 justitia
2402 2609 2549 2647 nunc
2577 2609 2957 2663 appareamus,
2997 2603 3076 2658 ut,
3104 2608 3227 2647 cum
3260 2608 3357 2662 ap-

1767 2684 2012 2750 paruerit
2056 2683 2227 2750 gloria
2259 2684 2400 2752 ejus,
2449 2685 2504 2738 in
2538 2685 2744 2752 nuptiis
2798 2685 2918 2752 ejus
2948 2684 3134 2738 satiari
3171 2685 3354 2737 valea-

1768 2787 1892 2827 mus
1923 2772 1988 2827 ad
2015 2774 2305 2828 videndum
2341 2775 2393 2828 in
2419 2775 2659 2829 bonitate
2685 2775 2980 2830 electorum
3013 2789 3260 2840 suorum,
3287 2774 3354 2827 ad

1767 2863 2060 2917 laetandum
2096 2863 2150 2918 in
2181 2864 2363 2919 lzetitia
2406 2865 2581 2935 gentis
2609 2879 2742 2929 suae,
2768 2864 2822 2917 in
2873 2862 3205 2932 plenitudine
3236 2876 3359 2915 om-

1768 2954 1920 3008 nium
1947 2954 2216 3008 bonorum
2245 2954 2418 3023 (Psal.
2449 2955 2557 3025 cv).
2587 2954 2719 3020 Qua:
2755 2953 2950 3010 oculus
2977 2968 3085 3008 non
3112 2951 3266 3018 vidit,
3301 2961 3356 3006 et

1769 3044 1921 3100 auris
1944 3059 2057 3100 non
2087 3044 2297 3100 audivit
2325 3043 2381 3115 (1
2404 3043 2528 3100 Cor.
2560 3042 2645 3115 ιι).

1195 3401 1555 3478 FEBIA
1661 3397 2250 3479 SECUNDA.

1356 3579 1724 3641 Secundum
1749 3580 2092 3642 Joannem.

171 3775 188 3804 ι
219 3750 309 3806 Sic
334 3748 478 3804 enim
505 3745 695 3800 dilexit
717 3745 860 3801 Deus
884 3747 1172 3810 mundum,
1197 3753 1258 3799 ut
1280 3743 1481 3798 Filium
1510 3757 1670 3797 suum
1700 3748 1742 3804 C
1775 3741 1950 3798 credit
1977 3757 2087 3796 non
2117 3739 2296 3795 veniet
2319 3739 2373 3794 in
2403 3740 2690 3809 iudicium,
2718 3751 2774 3798 et
2801 3743 2889 3798 ille
2924 3739 3016 3813 qui
3047 3756 3154 3796 non
3185 3745 3362 3823 credit

84 3841 426 3915 unigenitum
456 3839 631 3903 daret,
661 3846 722 3892 ut
764 3838 944 3892 omnis
973 3838 1067 3907 qui
1103 3835 1276 3891 credit
1323 3836 1378 3889 in
1403 3849 1527 3889 eum
1561 3850 1667 3888 non

89 3943 291 4008 pereat,
341 3931 432 3986 sed
489 3930 688 3984 habeat
735 3930 901 3983 vitam
951 3938 1211 3984 :eternam
1264 3926 1446 3996 (Joan.
1491 3927 1596 3994 ιιι).
1645 3946 1664 3978 ι

90 4027 277 4096 Aperit
299 4037 522 4079 causam
564 4023 818 4076 humanae
845 4021 1058 4084 salutis,
1088 4020 1434 4075 dilectionem
1467 4017 1673 4073 scilicet

89 4119 188 4174 Dci
211 4116 382 4170 Patris
407 4131 474 4168 ex
503 4129 614 4184 quo
641 4122 725 4168 est
753 4114 934 4168 omnis
965 4112 1290 4167 restauratio
1331 4111 1412 4164 vel
1449 4110 1670 4165 institu-

89 4211 170 4265 tio
195 4223 282 4278 per
310 4206 509 4259 Filium
554 4221 713 4260 suum
751 4204 804 4257 in
845 4202 1051 4273 Spiritu
1098 4210 1310 4257 sancto.
1362 4199 1506 4254 Idem
1539 4199 1673 4255 dicit

91 4317 161 4356 ex
200 4297 330 4352 Filio
358 4297 451 4351 Dei
497 4297 644 4368 quod
674 4311 841 4364 supra
867 4311 931 4349 ex
971 4294 1083 4348 filio
1121 4293 1360 4348 hominis
1387 4293 1670 4348 credentes

93 4390 367 4460 consequi,
401 4400 461 4443 ut
505 4403 603 4457 per
633 4402 796 4456 quem
849 4387 904 4440 in
952 4385 1151 4441 deitate
1199 4383 1404 4440 conditi
1454 4398 1669 4451 sumus,

93 4499 190 4555 per
217 4481 457 4538 eumdem
500 4480 554 4533 in
591 4479 816 4532 homine
846 4486 1240 4532 restauremur.

173 4591 191 4624 r
217 4570 326 4626 Non
349 4571 494 4626 enim
520 4570 667 4624 misit
700 4567 843 4624 Deus
877 4567 1076 4622 Filium
1103 4581 1266 4622 suum
1300 4565 1353 4620 in
1403 4565 1669 4620 mundum

97 4675 159 4722 ut
195 4664 390 4734 judicet
437 4662 726 4726 mundum,
767 4661 862 4716 sed
898 4670 956 4715 ut
1004 4661 1242 4715 mundus
1292 4658 1530 4712 salvetur
1575 4673 1672 4726 per

98 4762 286 4828 ipsum.
329 4777 346 4808 ›
378 4756 537 4810 Venit
581 4754 853 4819 Salvator,
886 4763 946 4808 ut
974 4754 1164 4817 salvet,
1210 4767 1318 4807 non
1351 4759 1412 4804 ut
1441 4749 1667 4818 judicet,

99 4851 152 4906 id
177 4858 252 4904 cst
277 4849 522 4912 damnet,
572 4847 664 4902 sed
710 4847 755 4900 si
796 4846 1074 4915 judicatur
1115 4844 1302 4909 homo,
1352 4860 1422 4900 ex
1468 4858 1527 4898 se
1571 4843 1669 4896 ha-

99 4943 230 5006 buit,
253 4942 374 5010 quia
415 4956 523 4994 non
559 4937 810 4993 credidit.

177 5052 192 5083 ι
226 5032 320 5099 Qui
350 5032 524 5087 credit
553 5031 606 5084 in
639 5045 764 5084 cum
793 5071 809 5093 ,
860 5043 969 5083 non
1010 5027 1324 5097 judicatur;
1358 5025 1452 5095 qui
1484 5034 1666 5080 autem

1768 3833 1882 3902 jam
1921 3833 2199 3900 judicatus
2240 3842 2343 3897 est,
2391 3833 2484 3887 ubi
2537 3843 2662 3889 sunt
2709 3851 2850 3904 quos
2885 3835 3230 3903 judicaturus
3275 3845 3362 3892 est

1773 3923 2038 3979 Dominus
2069 3925 2121 3977 in
2158 3925 2246 3978 die
2275 3925 2505 3993 judicii?
2541 3925 2657 3980 Non
2684 3926 3001 3995 intelligitur
3024 3928 3356 3994 przeteritum

1773 4025 1988 4084 tempus
2015 4015 2138 4084 poni
2169 4031 2266 4085 pro
2293 4014 2497 4070 futuro.
2527 4015 2662 4069 Nam
2695 4016 2971 4084 judicatus
3009 4024 3113 4080 est,
3156 4017 3360 4070 dicitur

1772 4109 2066 4163 damnatus
2100 4115 2183 4163 est
2206 4107 2299 4161 Dei
2327 4107 2690 4176 praescientia,
2717 4108 2811 4176 qui
2843 4107 2992 4160 novit
3021 4105 3151 4176 quid
3178 4107 3360 4161 immi-

1773 4205 1896 4252 neat
1947 4213 2052 4252 non
2099 4198 2480 4262 credentibus;
2526 4210 2580 4252 et
2605 4198 2697 4252 ubi
2737 4197 2869 4252 dicit
2902 4215 2915 4251 :
2944 4212 3052 4252 non
3085 4198 3265 4252 veniet
3288 4199 3358 4253 ad

1767 4290 2057 4361 judicium,
2085 4290 2159 4344 ita
2188 4289 2594 4360 intelligendum
2637 4299 2723 4346 est
2748 4308 2762 4344 :
2787 4304 2896 4344 non
2931 4289 3075 4343 venit
3106 4289 3175 4345 ad
3205 4291 3360 4345 dam-

1774 4383 2070 4438 nationem.

1848 4491 1866 4523 ‹
1899 4470 2012 4525 Hoc
2037 4479 2120 4527 est
2144 4479 2325 4526 autem
2345 4470 2638 4540 judicium,
2661 4469 2790 4539 quia
2820 4471 2913 4524 lux
2943 4469 3090 4524 venit
3115 4469 3168 4522 in
3200 4483 3363 4522 mun-

1772 4563 1903 4618 dum
1941 4583 1954 4617 :
1984 4573 2037 4618 et
2064 4563 2373 4618 dilexerunt
2410 4563 2662 4617 homines
2710 4562 2884 4632 magis
2913 4563 3165 4617 tenebras
3193 4575 3360 4630 quam

1773 4655 1970 4709 lucem.
2005 4653 2175 4708 Erant
2205 4654 2350 4708 enim
2376 4669 2567 4708 eorum
2597 4668 2760 4722 Opera
2795 4653 2956 4707 mala.
2992 4651 3183 4706 Omnis
3213 4651 3360 4705 enim

1772 4746 1864 4815 qui
1893 4746 2034 4799 male
2066 4745 2178 4814 agit
2211 4744 2328 4799 odit
2349 4745 2524 4798 lucem
2547 4763 2561 4810 ;
2587 4755 2639 4798 et
2666 4759 2775 4798 non
2807 4744 2954 4797 venit
2984 4743 3049 4797 ad
3079 4743 3277 4802 lucem.
3304 4749 3362 4795 ut

1772 4851 1880 4889 non
1909 4845 2213 4905 arguantur
2234 4850 2397 4904 opera
2423 4834 2562 4903 ejus.
2587 4853 2605 4885 ι
2633 4833 2907 4887 Judicium
2937 4835 3071 4888 dicit
3097 4845 3359 4887 :eternam

1770 4921 2198 4992 damnationem,
2223 4927 2368 4995 quod
2402 4926 2507 4979 erit
2537 4941 2608 4979 no
2635 4940 3004 4995 ncognoscere
3029 4925 3221 4989 Deum,
3249 4939 3361 4980 sro-

1772 5020 1848 5074 uti
1875 5027 2074 5074 aeterna
2098 5019 2206 5072 vita
2237 5027 2319 5072 est
2345 5033 2675 5089 cognoscere
2717 5033 2863 5072 cum.
2889 5016 3030 5084 Quia
3067 5019 3159 5072 lux
3191 5018 3360 5082 venit,

100 5140 206 5183 non
235 5089 424 5190 credit,
473 5123 585 5192 jam
614 5089 892 5192 judicatus
922 5089 1029 5184 est,
1073 5119 1202 5188 quia
1247 5089 1356 5172 non
1377 5089 1568 5171 Icredit
1613 5116 1666 5168 in
1703 5089 1744 5143 θ
1779 5109 2012 5165 Verbum
2038 5110 2246 5164 scilicet
2275 5110 2328 5164 in
2353 5126 2542 5174 carne,
2575 5119 2628 5164 et
2653 5111 2864 5164 excitat‘
2884 5118 2938 5163 et
2961 5117 3146 5164 monet
3184 5107 3362 5162 homi-

103 5217 308 5272 nomine
335 5215 595 5285 unigeniti
631 5213 757 5267 Filii
805 5211 918 5267 Dei.
955 5230 974 5263 ι
1021 5209 1274 5264 Nondum
1302 5207 1557 5278 apparuit
1580 5207 1671 5276 ju-

108 5309 314 5371 dicium,
343 5309 434 5363 sed
453 5308 566 5377 jam
593 5305 794 5360 factum
823 5312 925 5360 cst.
965 5322 982 5354 α
1013 5301 1175 5358 Novit
1214 5301 1359 5357 enim
1405 5299 1672 5354 Dominus

75 5389 195 5472 jqui
221 5409 337 5455 sunt
366 5401 486 5470 ejus
510 5399 600 5471 (II
631 5397 770 5452 Tim.
804 5398 886 5466 ιι).
927 5416 946 5448 ι
981 5394 1142 5449 Novit
1161 5395 1308 5449 enim
1338 5395 1432 5464 qui
1459 5408 1674 5463 perma-

110 5500 260 5550 neant
284 5494 346 5547 ad
371 5507 656 5555 coronam,
693 5490 787 5560 qui
817 5489 884 5544 ad
923 5487 1219 5544 ﬂammam.
1249 5485 1408 5540 Novit
1453 5486 1508 5540 in
1544 5499 1672 5538 arca

111 5600 204 5641 sua
230 5585 482 5650 triticum,
513 5583 663 5637 novit
684 5583 920 5652 paleam,
947 5580 1102 5636 novit
1124 5588 1383 5649 segetem,
1415 5576 1564 5632 novit
1589 5575 1669 5629 zi-

115 5673 273 5729 zania.
319 5671 438 5728 Non
465 5688 562 5728 eos
593 5672 884 5728 audiamus
927 5671 1020 5743 qui
1075 5679 1284 5751 negant.
1313 5685 1379 5724 ex
1409 5669 1514 5752 hqg
1545 5668 1670 5723 loco

113 5764 240 5820 diem
262 5763 447 5835 judicii
478 5763 744 5819 futurum.
797 5762 994 5818 Dicunt
1020 5761 1210 5817 enim:
1260 5758 1316 5814 Si
1365 5768 1418 5814 et
1465 5753 1551 5812 illc
1575 5757 1666 5827 qui

1773 5216 1872 5254 nes
1916 5215 2246 5270 cognoscere
2296 5216 2394 5254 sua
2444 5201 2608 5264 mala,
2637 5199 2691 5253 in
2735 5199 2938 5269 quibus
2966 5214 3159 5255 omnes
3192 5207 3357 5266 sunt;

1774 5290 2018 5359 profecto
2051 5290 2458 5360 illijudicantur
2487 5291 2580 5362 qui
2605 5291 2837 5345 oderunt
2863 5291 3244 5344 admonentem
3277 5290 3362 5345 lu-

1774 5398 1915 5448 cem,
1947 5391 1995 5437 et
2023 5381 2214 5452 fugant
2253 5399 2323 5438 ne
2343 5392 2645 5453 arguantur
2676 5383 2817 5437 mala
2853 5399 3046 5438 eorum
3081 5397 3204 5452 qua
3231 5389 3361 5436 sunt

1775 5476 2048 5547 impietas,
2080 5477 2454 5541 incredulitas,
2487 5477 2674 5531 odium
2700 5487 2916 5531 aeterna:
2942 5476 3102 5540 lueis,
3135 5483 3188 5528 et
3218 5473 3361 5527 nolle

1776 5583 1898 5623 eam
1941 5570 2205 5639 aspicere,
2239 5569 2334 5624 sed
2377 5569 2513 5623 velle
2541 5569 2594 5622 in
2627 5568 2866 5622 tenebris
2901 5576 3248 5636 peccatorum
3281 5579 3362 5618 re.

1779 5677 2018 5716 manere.
2047 5659 2247 5731 Utique
2274 5662 2456 5715 omnis
2481 5661 2575 5730 qui
2613 5666 2697 5714 est
2739 5659 2794 5712 in
2821 5657 3123 5712 intentione
3153 5655 3279 5710 mali
3305 5663 3360 5710 et

1777 5771 1902 5810 cum
1961 5769 2149 5809 amore
2212 5754 2382 5826 ipsius
2445 5753 2572 5808 mali
2625 5757 2902 5820 operatur.
2971 5747 3087 5804 odit
3142 5747 3356 5811 lucem,
