3950 6380
565 330 676 387 θοι

1688 325 2020 384 WERNERI
2052 325 2349 384 ABBATIS
2385 327 2442 385 S.
2485 327 2714 384 BLASH‘
3763 331 3842 385 ειι

563 443 694 514 quia
739 443 940 514 detegit
981 441 1146 507 mala,
1189 449 1241 496 et
1293 440 1367 496 ita
1397 453 1508 495 non
1551 440 1702 495 venit
1731 441 1800 494 ad
1845 440 2046 506 lucem,
2090 446 2150 493 ut
2177 447 2227 505 Α
2255 449 2401 508 neat,
2427 439 2521 497 sed
2545 441 2710 496 etiam
2735 455 2768 494 a
2787 437 3094 496 minoribus
3113 453 3298 496 veram
3321 439 3755 496 contessione
3781 445 3842 497 h-

564 535 618 590 ei
655 534 950 604 jungatur;
997 531 1094 587 sed
1116 530 1268 602 fugat
1295 547 1364 586 ne
1396 531 1540 585 mala
1562 546 1684 602 quae
1714 531 1892 602 diligit
1913 544 2152 600 arguan-

568 632 677 678 tur.

641 731 661 763 ‹
683 711 786 777 Qui
807 723 988 767 autem
1005 709 1138 766 facit
1155 710 1444 766 veritatem
1469 713 1616 767 venit
1638 712 1706 769 ad
1733 713 1934 778 lucem,
1952 721 2014 766 ut
2033 725 2153 765 ma-

563 799 890 855 nifestentur
930 817 1096 871 opera
1141 801 1284 873 ejus,
1313 800 1445 873 quia
1485 803 1541 856 in
1566 804 1730 858 domo
1757 811 1886 858 sunt
1927 801 2091 856 facta.
2125 819 2144 854 ι

563 890 703 957 Quia
734 892 948 946 initium
981 893 1108 949 boni
1137 903 1222 950 est
1256 896 1533 952 accusatio
1569 897 1720 963 mali,
1753 896 2036 950 veritatem
2068 893 2153 948 fa-

564 982 660 1048 cit,
687 982 740 1036 id
764 991 850 1039 est
868 999 930 1039 ea
973 999 1098 1055 qua:
1116 986 1326 1041 veritas
1355 987 1527 1056 jubet.
1559 986 1884 1058 Quicunque
1909 983 2159 1040 admoni-

564 1081 655 1128 tus
683 1088 779 1142 per
805 1073 982 1128 lucem
1013 1091 1113 1130 sua
1144 1076 1286 1131 mala
1319 1087 1560 1145 accusat,
1604 1088 1662 1133 ut
1691 1078 1808 1132 haec
1841 1077 1960 1148 ejus
1990 1090 2154 1132 accu-

565 1163 706 1217 satio
729 1173 782 1219 et
825 1165 931 1219 alia
955 1165 1099 1221 bona
1128 1183 1250 1237 quae
1292 1166 1420 1224 fecit
1454 1169 1872 1224 manifestentur
1900 1167 2048 1237 quod
2077 1165 2151 1220 il-

564 1254 926 1311 luminatione
951 1257 1132 1312 divina
1161 1266 1289 1312 sunt
1329 1258 1492 1314 facta.
1520 1259 1622 1326 Qui
1655 1259 1773 1314 vult
1812 1273 1942 1329 ergo
1964 1257 2152 1312 venire

565 1343 635 1400 ad
660 1346 860 1416 lucem,
906 1363 1017 1404 non
1060 1356 1272 1405 tantum
1311 1365 1346 1406 a
1372 1351 1670 1422 grandibus
1697 1350 1938 1426 peccatis
1977 1347 2151 1404 absti-

2253 533 2382 600 ciat,
2429 533 2692 603 quoniam
2723 533 2882 602 plura
2931 532 3159 602 minuta}
3186 532 3534 602 peccata,'si
3583 535 3846 604 negligan-

2252 635 2364 690 tur,
2407 623 2684 679 occidunt.
2729 622 2870 680 Nam
2911 623 3138 680 minuta:
3161 632 3333 694 guttae
3360 624 3588 680 flumen
3621 625 3840 695 impa~

2252 722 2310 770 et
2349 714 2561 768 minuta
2610 728 2778 784 grana
2820 729 3003 769 arenae
3041 714 3087 770 si
3129 714 3306 772 multa
3348 723 3493 770 sunt
3547 717 3844 785 opprimi

2252 820 2470 861 navem.
2515 803 2583 860 Et
2622 806 2728 862 hoc
2755 805 2888 860 facit
2916 807 3131 861 sentina
3173 807 3454 879 neglecta,
3484 808 3649 878 quod
3677 807 3844 864 hctus
3909 803 3927 840 "

2255 896 2494 954 irruens.
2532 897 2804 955 Paulatim
2854 897 3021 954 intrat
3049 913 3194 970 aqua
3236 914 3338 970 per
3385 900 3721 966 sentinam;
3771 902 3842 955 sal
3928 893 3929 898 “

2257 988 2350 1042 diu
2383 989 2638 1043 intrando
2678 998 2731 1043 et
2759 1004 2868 1043 non
2897 989 3270 1045 exhauriendo
3299 989 3520 1060 mergit
3559 1005 3774 1044 navem.
3795 989 3842 1044 Et

2255 1077 2386 1148 quia
2438 1077 2584 1134 Deus
2634 1088 2950 1149 peccatores
3003 1079 3240 1150 ﬂagellat
3284 1078 3345 1133 in
3396 1079 3522 1134 hoc
3551 1079 3760 1135 mulo
3789 1082 3838 1135 ad

2251 1168 2714 1235 emendationem,
2745 1168 2887 1226 ferto
2915 1179 3127 1246 patrem
3149 1169 3546 1241 erudientem,
3577 1185 3656 1227 ne
3675 1173 3838 1227 satis
3927 1247 3929 1250 Q

2247 1261 2491 1335 iudicem
2534 1263 2878 1336 punientem.

1721 1625 2090 1706 FERIA
2193 1626 2688 1706 TERTIA.

1843 1804 2216 1869 Secundum
2239 1804 2580 1866 Joannem.

643 1993 664 2028 ι
708 1975 911 2042 Amen,
958 1990 1119 2034 amen
1167 1973 1291 2030 dico
1332 1969 1510 2038 vobis,
1550 1968 1645 2040 qui
1693 1983 1805 2024 non
1851 1965 2020 2025 intrat
2055 1982 2151 2037 per
2181 1971 2226 2026 B
2253 1974 2558 2036 sequuntur
2597 1979 2929 2036 quocunque
2969 1965 3115 2034 ierit,
3155 1968 3605 2037 perseverando
3624 1975 3838 2041 usque.

566 2067 767 2122 ostium
813 2067 866 2122 in
904 2069 1046 2124 ovile
1088 2068 1295 2124 ovium.
1331 2063 1425 2120 sed
1474 2061 1721 2118 ascendit
1762 2061 2016 2128 aliunde,
2067 2061 2156 2115 ille

567 2159 660 2212 fur
687 2167 771 2214 est
791 2167 846 2214 et
873 2159 1014 2215 latro
1043 2157 1227 2228 (Joan.
1262 2158 1342 2227 χ).
1376 2175 1394 2208 ι
1427 2154 1564 2221 Quia
1591 2153 1851 2209 Pharisaei
1876 2153 2156 2222 jactabant

568 2267 628 2307 se
655 2251 837 2306 videre
873 2251 1040 2321 (quod
1069 2251 1286 2322 quidem
1335 2255 1560 2317 possent
1586 2246 1633 2301 si
1660 2261 1790 2300 oves
1836 2243 2039 2298 Christi
2069 2258 2156 2298 es-

568 2342 725 2412 sent)
776 2341 1040 2397 Dominus
1087 2342 1159 2397 ob
1201 2354 1394 2395 eorum
1450 2336 1819 2407 arrogantiam
1867 2335 2156 2405 proposuit

569 2431 713 2486 hanc
738 2431 1172 2486 similitudinem.
1208 2425 1459 2485 Ostendit
1489 2427 1672 2497 itaque
1701 2426 1830 2496 quia
1859 2441 2038 2496 neque
2065 2439 2156 2480 sa-

568 2523 794 2594 pientia,
827 2538 1005 2593 neque
1034 2521 1343 2577 observatio
1373 2519 1529 2590 legis,
1561 2534 1662 2572 nec
1687 2517 1830 2572 bona
1865 2517 1973 2571 vita
2003 2532 2155 2586 qua:—

572 2631 792 2684 cunque
855 2614 1001 2669 valet
1046 2615 1153 2669 nisi
1204 2629 1301 2684 per
1343 2627 1492 2667 eum.
1560 2611 1685 2666 Sive
1737 2609 1882 2664 enim
1933 2607 2155 2663 Iudaeus

569 2723 666 2764 seu
693 2708 1020 2770 Pharisaaus,
1060 2722 1156 2762 seu
1187 2705 1423 2776 gentilis,
1451 2718 1548 2758 seu
1585 2701 1750 2757 etiam
1793 2699 2155 2771 philosophus

568 2799 765 2856 doceat
788 2799 927 2854 bene
955 2798 1157 2864 vivere,
1189 2796 1274 2851 vel
1301 2794 1590 2852 haereticus
1618 2793 1721 2850 sub
1743 2791 1964 2846 nomine
1990 2789 2154 2846 Chri-

569 2889 662 2955 sti,
701 2905 804 2944 nec
827 2898 1010 2944 tamen
1045 2888 1098 2942 in
1131 2887 1351 2942 Christo
1391 2885 1694 2956 praedicans
1722 2897 1913 2938 omnes
1942 2881 2060 2936 sine
2089 2895 2156 2936 eo

569 2983 791 3054 rapiunt
837 2992 892 3037 ct
939 2983 1214 3038 occidunt.
1272 2979 1424 3035 Ovile
1466 2988 1550 3035 est
1580 2977 1844 3034 Ecclesia.
1879 2975 1938 3030 In
1986 2992 2154 3046 quam

568 3075 882 3144 quicunque
910 3074 1027 3128 vult
1051 3073 1275 3137 intrare,
1304 3087 1400 3141 per
1433 3070 1712 3125 Christum
1736 3069 1922 3136 intret,
1948 3067 2152 3122 Christi

569 3165 798 3235 gloriam
851 3180 1121 3234 quaerens,
1172 3180 1279 3219 non
1333 3179 1510 3219 suam.
1566 3163 1797 3218 llumilis
1846 3164 2016 3232 janua
2072 3169 2155 3216 est

567 3256 841 3311 Christus.
871 3254 1013 3327 Ergo
1035 3255 1130 3326 qui
1157 3257 1323 3310 intrat
1360 3271 1418 3310 se
1449 3255 1720 3321 humiliet,
1748 3271 1815 3309 ne
1849 3253 2152 3309 ascendens

568 3362 666 3418 per
694 3347 1010 3414 maceriam,
1037 3347 1166 3401 dum
1203 3346 1474 3401 exaltatur
1502 3346 1678 3400 cadat.
1712 3345 1944 3399 Aliunde
1969 3344 2152 3413 itaque

568 3437 835 3503 ascendit,
867 3437 958 3506 qui
991 3436 1267 3506 quomodo
1296 3444 1518 3504 propter
1537 3435 1817 3489 Christum
1851 3433 2036 3499 intrat,
2069 3434 2152 3488 vel

569 3545 679 3584 non
703 3530 769 3583 de
791 3544 857 3583 eo
889 3529 1022 3582 bene
1046 3527 1350 3593 sentiendo,
1388 3527 1474 3582 vel
1497 3543 1603 3582 non
1632 3527 1750 3597 ejus
1782 3527 2033 3597 gloriam,
2057 3527 2151 3582 sed

569 3634 724 3673 suam
771 3618 1084 3687 quaerendo.
1123 3616 1232 3670 Fur
1273 3633 1404 3687 ergo
1433 3626 1517 3673 est
1551 3619 1644 3688 qui
1685 3619 1827 3673 male
1877 3618 2065 3684 intrat,
2097 3626 2152 3672 et

569 3709 718 3778 quod
743 3708 983 3762 alienum
1015 3717 1099 3762 est
1136 3723 1298 3762 suum
1334 3709 1484 3776 dicit,
1521 3711 1574 3764 id
1603 3720 1690 3765 est
1728 3726 1860 3766 oves
1889 3710 1982 3764 Dei
2021 3728 2152 3768 suas

569 3798 720 3855 facit.
753 3798 920 3854 Latro
947 3808 1048 3863 est,
1074 3800 1201 3870 quia
1234 3801 1381 3870 quod
1417 3800 1632 3857 furatus
1658 3810 1742 3856 est
1765 3802 1987 3865 occidit,
2018 3802 2150 3858 dum

569 3892 715 3946 malo
756 3892 1004 3960 exemplo
1049 3907 1145 3947 seu
1205 3907 1457 3962 perverse
1498 3893 1742 3949 docendo
1785 3910 1915 3950 oves
1959 3909 2150 3948 vocem

567 3982 688 4051 ejus
713 3981 960 4037 audiant.
999 3981 1056 4037 ln
1085 3999 1194 4053 quo
1223 3999 1347 4038 cum
1379 3993 1536 4039 sonet
1563 4001 1668 4040 vox
1699 3985 1849 4040 verbi
1882 3985 1976 4040 Dei
2013 4001 2152 4054 prae-

568 4073 825 4128 destinati
855 4074 920 4128 ad
949 4075 1113 4129 vitam
1143 4075 1373 4129 audiunt
1400 4075 1723 4131 obediendo.
1753 4075 1819 4130 Et
1848 4077 2150 4131 notandum

569 4164 715 4233 quod
746 4179 855 4218 non
890 4166 1070 4219 omnis
1111 4166 1204 4234 qui
1243 4165 1410 4219 intrat
1437 4180 1537 4234 per
1571 4166 1798 4231 ostium,
1828 4177 2016 4235 pastor
2043 4175 2147 4232 est,

568 4255 699 4324 quia
738 4264 792 4310 et
820 4269 950 4312 oves
996 4257 1219 4312 intrant.
1256 4255 1643 4312 Verumtamen
1699 4258 1882 4312 unitas
1931 4258 2154 4314 univer-

569 4347 747 4402 sitatis
791 4346 1048 4402 Ecclesiae
1088 4348 1256 4402 verbo
1283 4358 1338 4402 et
1382 4350 1631 4418 exemplo
1671 4349 1914 4418 quotidie
1951 4350 2145 4419 pascit.

569 4437 842 4495 Ostiarius
886 4447 972 4493 est
1012 4439 1284 4504 Christus,
1339 4441 1434 4509 qui
1481 4455 1540 4495 se
1595 4441 1774 4509 ipsum
1824 4441 2018 4509 aperit,
2064 4443 2147 4497 vel

571 4529 854 4598 Scriptura
878 4544 1000 4599 quae
1027 4529 1178 4583 ducit
1206 4530 1274 4584 ad
1311 4529 1614 4597 Christum,
1639 4530 1722 4584 vel
1748 4528 1988 4600 Spiritus
2020 4547 2150 4588 san-

567 4631 690 4676 ctus
711 4621 780 4674 ad
802 4635 1022 4674 omnem
1044 4620 1348 4675 veritatem.

643 4732 664 4764 ι
698 4712 763 4766 Et
790 4711 1042 4782 proprias
1089 4727 1220 4766 oves
1251 4720 1412 4767 vocat
1455 4711 1802 4779 nominatim,
1859 4720 1914 4768 et
1964 4713 2146 4770 educit

565 4817 680 4858 eas.
715 4801 782 4858 Et
809 4815 935 4858 cum
966 4802 1214 4872 proprias
1244 4817 1374 4858 oves
1414 4803 1679 4868 emiserit,
1703 4813 1829 4858 ante
1854 4819 1948 4859 eas
1977 4804 2146 4870 vadit,

565 4903 622 4949 et
645 4909 778 4948 oves
804 4895 956 4950 illum
985 4904 1310 4965 sequuntur,
1335 4895 1464 4965 quia
1507 4895 1690 4950 sciunt
1719 4910 1908 4950 vocem
1939 4896 2080 4966 ejus.
2121 4916 2140 4949 ι

565 4984 708 5040 Oves
767 4995 927 5042 vocat
981 4989 1305 5042 nominatim
1361 4987 1456 5058 qui
1518 4989 1596 5043 ait
1643 4987 1928 5058 discipulis
1973 4989 2144 5045 suis:

572 5093 592 5125 c
619 5073 883 5141 Gaudete,
908 5076 1036 5144 quia
1063 5079 1286 5132 nomina
1307 5087 1487 5134 vestra
1534 5079 1737 5148 scripta
1779 5088 1907 5134 sunt
1925 5078 1982 5133 in
2008 5080 2148 5136 caelo

567 5165 723 5239 (Luc.
759 5167 836 5236 ς).
877 5183 896 5217 ι
938 5165 1086 5221 Unde
1115 5169 1289 5223 alibi:
1325 5187 1343 5219 ι
1378 5168 1540 5223 Novit
1579 5168 1843 5225 Dominus
1883 5171 1978 5240 qui
2022 5178 2152 5226 sunt

565 5259 688 5329 ejus
716 5257 804 5329 (Il
846 5257 985 5312 Tim.
1015 5264 1101 5328 ιι).
1136 5277 1154 5310 ι
1188 5259 1384 5314 Edncit
1413 5276 1510 5316 eas
1549 5259 1679 5314 hinc
1704 5261 1773 5315 ad
1797 5261 1963 5316 vitam
1991 5270 2150 5317 aeter-

565 5367 716 5414 nam,
749 5351 950 5405 emittit
967 5365 1064 5405 eas
1101 5350 1429 5407 absolvenda
1461 5367 1492 5406 a
1515 5353 1749 5407 vinculis
1775 5363 2151 5423 peccatorum,

564 5451 621 5498 et
643 5443 899 5513 praecedit
919 5458 1014 5499 eas
1041 5458 1270 5515 surgens
1291 5459 1322 5498 a
1349 5445 1600 5501 mortuis.
1617 5445 1788 5501 Aliter
1809 5447 1992 5502 educit
2018 5461 2149 5502 oves

566 5536 634 5590 de
657 5536 895 5592 tenebris
917 5537 984 5592 ad
1015 5536 1192 5592 lucem
1216 5535 1499 5604 doctrinae,
1522 5546 1575 5592 et
1595 5547 1724 5593 ante
1750 5552 1846 5592 eas
1875 5537 1954 5593 sic
1979 5536 2149 5592 entis-

565 5645 657 5686 sas
678 5628 838 5699 quasi
865 5629 934 5685 de
976 5629 1211 5701 )Egypto
1240 5628 1390 5687 vadit
1417 5629 1567 5684 velut
1609 5629 1663 5683 in
1693 5629 1950 5684 columna
1979 5628 2145 5684 nubis

565 5729 620 5776 et
646 5720 809 5791 ignis,
849 5721 1098 5791 exemplo
1119 5719 1368 5777 indicans
1410 5720 1554 5790 quod
1585 5719 1790 5778 docuit.
1821 5717 1962 5776 Oves
1990 5719 2142 5775 illum

2255 2058 2440 2113 finem.
2466 2057 2576 2114 Nec
2603 2059 2748 2112 enim
2776 2058 2912 2112 bene
2940 2058 3123 2114 vivere
3157 2060 3386 2115 dicendi
3416 2071 3576 2117 sunt
3605 2067 3704 2134 qui
3723 2066 3838 2118 lina:

2255 2147 2394 2204 bene
2437 2147 2655 2202 vivendi
2689 2147 2775 2202 vel
2813 2148 3053 2204 caecitate
3101 2149 3408 2219 nesciunt,
3455 2152 3558 2208 vel
3609 2153 3840 2209 inﬂatius

2255 2249 2632 2296 contemnunt.

2334 2351 2353 2384 ι
2387 2331 2639 2387 Alienum
2667 2340 2848 2386 autem
2882 2347 2989 2386 non
3027 2340 3365 2401 sequuntur,
3396 2333 3516 2389 sed
3565 2333 3838 2408 fugiuntzi

2254 2439 2342 2487 eo,
2365 2423 2494 2494 quia
2530 2438 2639 2477 non
2683 2432 2955 2478 noverunt
2979 2439 3165 2478 vocem
3197 2424 3566 2482 alienorum.
3599 2426 3713 2484 Hoc
3749 2444 3837 2497 pro-

2253 2516 2500 2570 verbium
2528 2515 2664 2570 dixit
2690 2516 2771 2572 eis
2793 2514 2975 2571 Iesus.
3017 2515 3097 2570 illi
3122 2527 3306 2572 autem
3337 2533 3463 2572 non
3499 2531 3838 2590 cognoverunt
3933 2514 3935 2542 ί

2255 2610 2386 2680 quid
2431 2609 2749 2680 loqueretur
2777 2609 2879 2665 eis.
2918 2628 2936 2660 ι
2979 2608 3040 2663 In
3076 2608 3224 2664 bono
3273 2611 3718 2668 convincuntur

2255 2701 2403 2756 eieci.
2428 2698 2660 2755 Interest
2680 2699 2828 2755 enim
2857 2701 3002 2755 inter
3022 2701 3143 2757 illos
3172 2711 3228 2756 et
3262 2717 3374 2756 nos
3411 2713 3730 2775 antequam
3765 2706 3838 2758 ista
3936 2721 3937 2775 ι

2253 2794 2418 2850 verba
2443 2807 2864 2863 cognoscamus,
2895 2793 3152 2864 quoniam
3181 2794 3486 2864 pulsamus
3514 2805 3580 2852 et
3598 2797 3836 2868 aperietur
3936 2819 3937 2862 ι

2254 2884 2436 2950 nobis,
2475 2885 2554 2939 illi
2575 2893 2758 2939 autem
2784 2900 2916 2940 non.

2332 2995 2351 3028 ‹
2385 2962 2530 3030 Dixit
2553 2992 2683 3048 ergo
2711 2978 2791 3032 eis
2832 2977 3028 3031 iterum
3064 2975 3225 3032 Jesus
3260 2995 3275 3030 :
3307 2975 3500 3032 Amen
3533 2995 3702 3033 amen
3741 2979 3839 3032 dico

2253 3067 2430 3133 vobis,
2474 3067 2604 3138 quia
2641 3083 2740 3138 ego
2773 3084 2894 3123 sum
2923 3069 3126 3122 ostium
3167 3068 3378 3122 ovium.
3421 3087 3439 3119 ι
3495 3068 3661 3124 Sicut
3698 3069 3842 3124 Filia

2253 3174 2351 3228 per
2378 3173 2436 3214 se
2460 3159 2612 3212 novit
2629 3156 2870 3224 Patrem,
2901 3173 3004 3214 nos
3026 3167 3206 3212 autem
3235 3173 3330 3226 per
3356 3158 3548 3225 illum,
3573 3161 3660 3215 sic
3699 3161 3840 3213 intrat

2255 3247 2310 3301 in
2342 3248 2502 3311 ovile,
2548 3247 2601 3302 id
2634 3254 2713 3303 est
2755 3247 2823 3302 ad
2852 3247 3015 3302 corda
3049 3248 3233 3301 ovium
3281 3262 3382 3316 per
3423 3263 3493 3302 se
3535 3257 3592 3302 et
3625 3265 3728 3303 nos
3763 3264 3848 3317 per

2178 3321 2220 3378 C
2256 3340 2455 3410 ipsum.
2491 3339 2697 3394 Oculus
2726 3340 2911 3394 carnis
2942 3356 2999 3394 se
3031 3339 3213 3393 videre
3239 3353 3348 3391 non
3392 3349 3608 3407 potest,
3640 3342 3744 3393 alia
3769 3341 3840 3391 ri-

2254 3431 2376 3499 dct;
2406 3431 2498 3486 sed
2527 3431 2837 3486 intellectus
2876 3439 2931 3484 et
2969 3445 3026 3485 se
3051 3440 3102 3484 et
3132 3430 3234 3483 alia
3264 3430 3554 3500 intelligit.
3584 3431 3679 3486 Sic
3709 3431 3842 3484 Chri-

2255 3532 2373 3579 stus
2397 3532 2452 3578 ct
2485 3523 2552 3578 ad
2577 3540 2656 3592 se,
2682 3532 2737 3579 et
2765 3525 2830 3577 ad
2865 3531 2936 3589 te,
2977 3535 3030 3576 et
3072 3523 3138 3576 ad
3185 3521 3404 3575 Patrem
3435 3538 3544 3592 per
3579 3539 3642 3577 se
3673 3524 3836 3576 intrat.
3937 3521 3939 3578 ἶ

2253 3612 2387 3668 Nam
2432 3622 2488 3668 et
2532 3629 2626 3683 per
2668 3615 2895 3668 verbum
2949 3613 3055 3666 alia
3098 3611 3358 3667 dicuntur
3389 3627 3524 3680 qua:
3571 3628 3686 3665 non
3729 3620 3842 3666 sunt

2252 3706 2500 3772 verbum,
2533 3713 2589 3760 et
2635 3705 2817 3774 ipsum
2843 3704 3092 3759 verbum.
3119 3701 3272 3756 Multi
3313 3711 3446 3757 sunt
3495 3713 3754 3772 pastores
3789 3712 3841 3753 ut

2253 3797 2382 3852 boni
2406 3797 2680 3866 episc0pi;
2714 3796 2920 3850 ostium
2945 3809 3076 3850 vero
3105 3809 3265 3850 nemo
3289 3802 3398 3857 est,
3431 3794 3546 3848 nisi
3577 3794 3840 3849 Christus.

2253 3889 2310 3944 ln
2353 3888 2680 3960 Apocalypsi
2721 3888 2978 3943 dicuntur
3021 3885 3236 3950 sancti,
3290 3884 3404 3938 non
3454 3886 3719 3950 ostium,
3761 3885 3840 3938 sed

2253 3991 2424 4053 porta:
2465 3997 2560 4051 per
2582 3997 2722 4052 quas
2746 3979 3063 4050 pervenitur
3098 3977 3165 4032 ad
3197 3977 3421 4031 ostium.
3447 3974 3670 4032 Omnes
3694 3985 3842 4048 quot-

2251 4083 2388 4146 quot
2414 4081 2681 4128 venerunt
2717 4071 2869 4126 fures
2897 4078 3026 4126 sunt
3065 4077 3119 4124 et
3147 4067 3414 4134 latrones,
3453 4070 3558 4124 sed
3605 4084 3724 4123 non
3757 4085 3844 4122 au-

2251 4166 2470 4222 dierunt
2496 4179 2592 4218 eos
2621 4178 2771 4218 oves.
2801 4161 2910 4228 Qui
2941 4167 3208 4214 venerunt
3240 4174 3349 4213 non
3374 4158 3472 4228 qui
3519 4161 3688 4214 missi
3730 4171 3842 4214 sunt

2251 4255 2492 4312 fuerunt.
2526 4254 2682 4310 Unde
2726 4255 2780 4310 in
2807 4253 3104 4324 propheta:
3134 4271 3153 4304 ι
3184 4250 3490 4306 Veniebant
3520 4262 3582 4307 et
3607 4269 3718 4324 ego
3747 4268 3838 4306 non

2250 4348 2531 4404 mittebam
2553 4362 2648 4404 eos
2679 4345 2814 4418 (λεν.
2851 4347 3030 4416 χχιιι).
3065 4363 3086 4396 ι
3115 4343 3176 4398 ln
3199 4342 3556 4398 venientibus
3583 4361 3839 4415 prrsum-

2249 4441 2364 4510 ptio
2423 4439 2778 4506 temeritatis,
2823 4438 2878 4492 in
2923 4436 3110 4494 missis
3169 4436 3502 4512 obsequium
3567 4439 3840 4494 servitutis

2249 4540 2352 4588 est.
2404 4530 2502 4586 Vel
2543 4529 2617 4586 ita
2665 4549 2679 4586 :
2726 4529 3007 4600 Quotquot
3049 4535 3342 4593 venerunt,
3391 4527 3616 4584 scilicet
3657 4543 3840 4602 praeter

2174 4651 2226 4711 D
2253 4638 2363 4690 me,
2389 4622 2614 4678 fuerunt
2636 4621 2896 4678 latrones.
2943 4619 3230 4675 Praeeones
3255 4617 3507 4673 veritatis
3545 4636 3664 4675 non
3687 4635 3840 4675 vene-

2250 4721 2599 4784 runtsprzter
2627 4728 2776 4779 eum,
2825 4712 2924 4782 qui
2963 4721 3050 4768 est
3071 4713 3295 4780 veritas,
3317 4712 3448 4782 quia
3477 4711 3568 4766 sic
3597 4712 3842 4766 credide-

2250 4805 2321 4859 rit
2351 4805 2406 4858 in
2459 4811 2587 4860 eum
2635 4812 2949 4868 venturum,
2989 4803 3266 4874 quomodo
3309 4817 3414 4857 nos
3474 4803 3769 4858 credimus
3795 4803 3840 4853 in

2248 4913 2375 4953 eum
2409 4897 2505 4968 qui
2553 4895 2719 4952 venit.
2773 4895 3041 4965 Tempora
3099 4895 3309 4949 variata
3363 4903 3517 4962 sunt,
3549 4895 3840 4949 nontides

2253 4987 2409 5043 Unus
2433 5003 2611 5044 canon
2635 4987 3048 5057 Scripturarum
3077 4992 3162 5040 est
3199 4983 3382 5039 omnia
3423 5000 3539 5039 non
3573 4986 3644 5039 ad
3677 4995 3840 5039 totum

2251 5078 2468 5146 referri,
2508 5077 2604 5134 sed
2643 5079 2710 5133 ad
2727 5087 2937 5148 partem
2980 5075 3300 5142 maximam,
3329 5085 3389 5130 ut
3411 5076 3486 5130 ibi
3536 5096 3551 5132 :
3589 5097 3608 5130 ‹
3644 5076 3844 5132 Omnes

2253 5169 2684 5234 declinaverunt,
2705 5169 2869 5226 simul
2897 5169 3118 5225 inutiles
3132 5168 3260 5224 facti
3286 5177 3418 5224 sunt
3444 5167 3631 5238 (Ρεαι.
3661 5171 3838 5234 1111].;

2255 5262 2520 5318 Similiter
2554 5263 2689 5318 hic:
2751 5280 2771 5315 ι
2825 5261 3028 5318 Omnes
3079 5265 3172 5335 qui
3228 5271 3500 5317 venerunt
3575 5277 3712 5320 ante
3743 5279 3840 5322 me.

2248 5354 2470 5410 fuerunt
2528 5353 2678 5410 fures
2719 5363 2773 5410 et
2825 5354 3084 5412 latrones.
3131 5372 3148 5404 ι
3189 5351 3254 5406 Et
3297 5351 3502 5405 Paulus
3531 5354 3605 5406 ad
3645 5355 3840 5408 Corin-

2251 5448 2438 5504 thios:
2485 5465 2504 5499 l
2542 5445 2832 5512 Omnibus,
2868 5445 3064 5516 inquit,
3118 5443 3303 5499 omnia
3365 5443 3551 5498 factus
3586 5460 3744 5510 sum,
3791 5453 3841 5496 ut

2247 5557 2441 5597 omnes
2464 5539 2840 5596 lucrifacerem
2866 5537 2920 5608 (Ι
2955 5538 3078 5594 Cor.
3119 5537 3221 5608 ix).
3256 5556 3276 5589 ι
3307 5535 3372 5590 Et
3403 5535 3471 5592 ad
3525 5534 3840 5605 Philippeu-

2247 5648 2337 5689 ses
2369 5650 2384 5689 :
2412 5651 2431 5682 ι
2469 5630 2672 5686 Omnes
2691 5630 2840 5686 enim
2862 5645 2985 5699 quae
3021 5645 3120 5684 sua
3145 5637 3278 5684 sunt
3296 5635 3578 5700 qumrunt,
3613 5642 3730 5680 non
3779 5640 3840 5678 ea

2249 5737 2372 5792 qua)
2417 5730 2546 5778 sunt
2590 5719 2798 5778 Christi
2836 5719 2962 5776 Jesu
2993 5719 3250 5792 (Philipp.
3287 5721 3369 5792 ιι).
3402 5737 3419 5772 ι
3455 5716 3536 5774 lta
3590 5727 3678 5776 est
3708 5715 3840 5774 illud
