3950 6380
59 343 200 400 993
1013 336 1590 400 DEFLORATIONES
1629 343 1730 401 SS.
1768 343 2078 401 PATRUM.
2117 378 2186 389 —
2223 343 2334 401 LIB
2393 337 2438 403 I.
3269 355 3377 414 σω

57 456 288 513 Patris
337 455 406 512 ad
445 454 654 511 Filium
702 470 717 509 :
768 471 789 507 ι
823 453 1022 510 Omnia
1068 470 1190 510 mea
1235 464 1329 512 tua
1379 465 1509 512 sunt
1558 456 1692 528 (Luc
1720 468 1769 527 Α
1795 456 1930 513 Nam
1967 459 2064 529 qui
2098 459 2520 528 praadestinatus
2553 465 2714 518 estet
2754 461 3044 534 prascitus
3065 462 3136 520 ad
3180 468 3372 539 vitam,

67 566 158 603 xv
186 549 233 619 ).
301 565 321 600 ι
382 546 676 604 Sciendum
729 555 814 602 est
863 546 993 616 quia
1040 562 1148 602 non
1193 563 1386 604 omnes
1435 549 1529 619 qui
1593 565 1693 604 au-

63 641 328 696 dierunt
355 654 544 695 vocem
591 639 830 709 pastoris
879 654 1009 695 oves
1062 639 1324 706 fuerunt,
1391 647 1450 696 ut
1496 639 1686 697 Judas.

67 729 215 787 Sub
247 731 415 787 ovina
431 730 570 800 pelle
594 730 823 785 audiens
846 738 1142 800 pastorem,
1167 729 1329 799 lupus
1344 739 1462 785 erat
1483 731 1691 800 pastori

61 822 394 879 insidians.
417 822 601 894 Aliqui
629 838 820 878 eorum
852 822 944 892 qui
967 821 1245 876 Christum
1276 823 1688 888 cruciﬁxerunt,

65 931 207 971 non
263 914 580 981 audiebant,
605 923 658 970 et
701 929 830 970 oves
878 921 1053 969 erant.
1085 913 1163 968 De
1192 914 1392 983 quibus
1431 913 1692 969 Dominus

61 1007 166 1062 ait
241 1025 257 1061 :
316 1024 337 1059 ι
381 1007 522 1062 Cum
552 1006 924 1062 exaltaveritis
982 1005 1180 1059 Filium
1241 1005 1504 1072 hominis,
1563 1014 1693 1062 tunc

65 1101 450 1172 cognoscetis
470 1101 601 1171 quia
625 1114 728 1170 ego
752 1115 875 1156 sum
906 1097 1088 1170 (Joan.
1115 1099 1257 1170 vm).
1301 1117 1320 1150 ι
1352 1097 1468 1153 Hoc
1493 1099 1692 1170 aliquis

67 1192 164 1248 ita
197 1193 413 1248 solvit:
457 1211 476 1244 α
522 1193 757 1260 Quando
795 1209 907 1248 non
963 1191 1274 1257 audiebant,
1325 1190 1504 1245 adhuc
1533 1200 1692 1247 erant

65 1286 260 1355 lupi;
321 1286 414 1341 sed
468 1287 690 1357 quando
756 1285 884 1341 facti
943 1294 1072 1342 sunt
1149 1299 1321 1348 oves,
1377 1283 1689 1337 audierunt.

67 1374 398 1446 Utcunque
419 1385 599 1446 potest
627 1377 754 1443 dici,
783 1377 876 1431 sed
923 1391 1022 1446 per
1051 1373 1389 1429 Ezechielem
1425 1372 1692 1428 Dominus

65 1470 443 1540 objurgando
471 1477 716 1539 pastores
738 1468 870 1524 dicit
893 1468 960 1522 de
986 1466 1268 1521 omnibus:
1298 1463 1393 1519 «Et
1416 1472 1690 1519 errantem

63 1576 208 1615 non
234 1561 536 1616 revocastis
567 1559 781 1632 (Ezech.
811 1559 1024 1625 xxxrv).
1081 1575 1100 1609 ι
1162 1556 1448 1611 Errantem
1479 1555 1611 1610 dicit
1638 1563 1692 1610 et

63 1667 258 1706 ovem
333 1652 588 1722 appellat.
658 1649 716 1705 Si
780 1650 999 1704 errabat
1053 1647 1274 1718 quando
1349 1646 1469 1700 ovis
1518 1653 1638 1700 erat
1673 1684 1689 1711 ,

65 1743 297 1812 procul
347 1743 515 1798 dubio
557 1757 668 1797 non
713 1742 974 1812 pastoris,
1027 1739 1122 1794 sed
1167 1736 1307 1793 furis
1371 1744 1426 1791 et
1457 1735 1688 1791 latronis

1794 549 1921 606 licet
1946 550 2014 605 ad
2041 561 2259 620 tempus
2288 559 2456 618 erret,
2485 553 2702 608 tandem
2743 553 2886 609 redit
2937 564 2993 609 et
3041 569 3372 624 perseverat.

1871 659 1890 693 ε
1915 640 2028 712 Ego
2053 641 2431 708 sumostinm;
2459 657 2556 712 per
2574 657 2662 698 me
2683 643 2728 698 si
2756 644 2882 713 quis
2899 643 3178 701 introierit
3199 647 3380 706 salva-

1793 730 1962 797 bitur,
1995 739 2050 786 et
2082 731 2435 801 ingredietur,
2471 741 2524 786 et
2555 731 2884 802 egredietur,
2910 743 2963 788 et
2982 749 3195 803 .pascua
3224 736 3378 793 inve—

1792 823 1923 876 niet.
1963 841 1982 873 ›
2011 820 2248 878 Exercet
2273 823 2545 889 obscuris,
2579 825 2757 892 pascit
2785 823 3094 882 manifestis
3123 825 3381 899 Magister

1792 913 2059 968 veritatis.
2084 912 2324 980 Quilibet
2350 929 2458 968 non
2485 916 2662 980 lictus,
2687 930 2785 986 per
2814 917 3116 971 claritatem
3159 920 3379 988 sapien-

1793 1003 1882 1058 tia:
1919 1003 2016 1058 Dei
2069 1005 2280 1060 intrans
2331 1005 2654 1060 catholicam
2716 1005 3038 1074 Ecclesium,
3077 1009 3380 1066 salvabitur

1791 1097 2214 1165 perseverando,
2246 1105 2300 1151 et
2325 1099 2488 1150 etiam
2532 1097 2687 1166 prius
2740 1099 2938 1152 eratin
2986 1101 3118 1155 ovili
3177 1104 3380 1171 praede-

1793 1189 2090 1243 stinatione
2121 1190 2326 1244 divina.
2387 1190 2725 1260 lngredietur
2746 1191 2894 1245 intus
2924 1191 3060 1245 bene
3086 1194 3378 1263 cogitando

1793 1289 2043 1334 sanctum
2071 1281 2392 1350 Apostolum
2415 1281 2684 1335 dicentem
2719 1281 2963 1337 habitare
2985 1281 3262 1339 Christum
3285 1301 3381 1354 per

1792 1371 1953 1426 ﬁdem
2006 1373 2062 1426 in
2098 1373 2357 1428 cordibus
2408 1372 2608 1427 nostris
2643 1371 2860 1441 (Ep/tes.
2895 1384 3000 1442 ιιι).
3037 1373 3378 1444 Egredietur,

1792 1472 1944 1518 extra
1964 1465 2242 1534 operando
2270 1463 2570 1518 secundum
2589 1462 2938 1518 Psalmistam
2970 1481 2983 1520 :
3013 1464 3198 1519 «Exiet
3213 1466 3381 1522 homo

1793 1555 1859 1610 a‘d
1893 1572 2030 1626 opus
2055 1571 2216 1610 suum
2243 1554 2417 1626 (Psal.
2449 1554 2622 1624 cm)»
2658 1553 2828 1608 Aliter
2861 1553 3232 1626 :lngredietur
3261 1572 3382 1613 cre-

1793 1646 1992 1711 dendo,
2070 1646 2347 1715 operando
2385 1645 2695 1716 egredietur
2767 1645 2836 1698 ad
2900 1661 3137 1716 pugnam
3188 1657 3380 1703 contra

1794 1737 2098 1792 haereticos.
2132 1735 2425 1805 Amplius:
2460 1734 2799 1806 lngredietur
2853 1735 3154 1791 Ecclesiam
3184 1748 3244 1792 ut
3290 1738 3381 1794 hic

73 1804 296 1888 vocem
309 1834 587 1888 audiebat.
616 1804 733 1887 Sed.
747 1804 1011 1885 Dominus
1034 1830 1109 1883 ait
1143 1847 1155 1882 :
1189 1849 1206 1879 ‹
1235 1828 1692 1898 Quotquotvene-
1724 1804 1765 1858 Β
1796 1845 1892 1900 per
1915 1829 2075 1883 ﬁdem
2099 1804 2265 1894 vivat,
2285 1829 2413 1897 quia
2436 1846 2454 1878 ι
2468 1804 2653 1897 justus
2675 1843 2740 1881 ex
2774 1828 2877 1884 ﬁde
2900 1829 3237 1899 vivit(llebr.
3261 1834 3373 1898 x).i

63 1933 230 1978 runt
269 1933 465 1993 praeter
496 1940 584 1978 me
635 1923 784 1977 fures
837 1930 965 1976 sunt
1021 1930 1076 1974 et
1123 1920 1383 1985 latrones,
1435 1917 1529 1972 sed
1581 1933 1690 1971 non

65 2016 397 2069 audierunt
418 2031 512 2070 eos
539 2031 688 2070 oves.
713 2035 730 2067 ι
764 2013 907 2082 Ergo
950 2013 1251 2067 secundum
1285 2011 1686 2080 praescientiam

65 2105 193 2162 Dei
219 2106 452 2162 videntis
475 2108 567 2176 qui
601 2114 730 2161 sunt
758 2106 900 2174 ejus,
947 2103 1132 2157 multa:
1184 2116 1313 2154 oves
1347 2108 1489 2154 sunt
1519 2098 1685 2166 foris,

67 2208 149 2254 et
213 2199 373 2252 multi
435 2199 544 2268 lupi
593 2198 762 2253 intus.
817 2196 971 2250 Multi
1021 2207 1258 2263 namque
1303 2192 1686 2261 blasphemant

69 2288 405 2353 Christum,
437 2288 696 2342 credituri
745 2289 798 2341 in
827 2303 975 2351 eum,
1009 2285 1101 2354 qui
1139 2290 1267 2338 sunt
1319 2295 1450 2335 oves
1503 2279 1679 2347 foris;

79 2379 197 2433 scd
247 2379 427 2434 adhuc
463 2380 698 2433 alienam
740 2394 929 2433 vocem
980 2387 1305 2447 sequuntur.
1361 2375 1493 2430 Item
1525 2371 1682 2426 multi

75 2473 250 2528 intus
300 2473 524 2527 laudant
565 2473 1021 2542 blasphematuri,
1057 2470 1150 2526 sed
1201 2479 1381 2524 tamen
1435 2463 1679 2535 quandiu

77 2577 248 2621 recte
283 2565 523 2637 sapiunt,
553 2582 741 2622 vocem
768 2565 973 2620 Christi
1003 2563 1254 2618 audiunt.
1290 2559 1396 2614 Sed
1417 2566 1503 2612 est
1530 2569 1680 2627 quaa-

85 2660 227 2714 dam
264 2661 541 2730 praecipua
586 2675 690 2714 vox
721 2658 986 2729 pastoris,
1021 2657 1075 2710 in
1113 2670 1222 2725 qua
1271 2667 1400 2707 oves
1442 2664 1550 2703 non
1582 2663 1680 2701 au-

84 2752 262 2807 diunt
312 2752 539 2818 alienos,
585 2760 640 2806 et
695 2752 750 2804 in
795 2766 899 2820 qua
955 2764 1062 2802 non
1113 2761 1243 2801 oves
1290 2759 1397 2798 non
1453 2739 1685 2795 audiunt

87 2841 402 2898 Christum.
448 2844 582 2910 Quae
633 2851 717 2898 est
749 2843 838 2896 illa
863 2841 1014 2894 vox?
1048 2858 1067 2890 ι
1107 2837 1210 2904 Qui
1249 2830 1682 2906 perseveraverit

90 2950 280 3006 usque
307 2935 360 2990 in
387 2935 570 3003 linem,
619 2935 709 2990 hic
737 2935 922 2990 salvus
969 2931 1074 2987 erit
1102 2928 1322 3000 (Matth.
1360 2926 1437 2997 x).
1469 2943 1488 2977 ι
1527 2922 1681 2978 Hanc

87 3041 291 3084 vocem
340 3043 446 3083 non
501 3026 727 3098 negligit
756 3025 1031 3097 proprius,
1080 3037 1191 3078 non
1237 3018 1389 3076 audit
1440 3017 1673 3072 alienus.

1797 1919 1862 1973 Et
1889 1919 2199 1990 egredietur
2219 1919 2384 1973 etiam
2409 1934 2506 1988 per
2527 1919 2729 1972 ostium
2756 1919 2878 1974 lidei
2931 1919 3135 1973 Christi
3181 1921 3249 1974 de
3275 1921 3380 1975 hac

1793 2011 1924 2079 vita,
1974 2020 2035 2067 ut
2082 2013 2137 2065 in
2180 2020 2440 2066 aeternum
2492 2011 2657 2066 vivat.
2696 2007 2798 2064 Ubi
2851 2013 2996 2066 enim
3031 2012 3318 2083 subiungit
3359 2029 3378 2069 ;

1800 2099 1942 2170 «Ego
1970 2101 2114 2167 veni,
2155 2110 2212 2154 ut
2239 2100 2406 2154 vitam
2449 2099 2708 2164 habeant,
2743 2119 2763 2151 ι
2818 2099 3032 2154 videtur
3083 2101 3285 2166 dicere,
3318 2111 3380 2156 ut

1793 2194 1963 2246 vitam
1998 2193 2231 2246 habeant
2257 2192 2639 2262 ingredientes,
2671 2201 2725 2246 et
2744 2193 3116 2248 abundantius
3138 2194 3378 2249 habeant

1790 2284 2148 2354 egredientes.
2208 2282 2395 2352 Itaque
2441 2298 2641 2351 pascua
2702 2282 2940 2353 intellige
2983 2283 3180 2352 gaudia
3230 2298 3376 2338 sem.

1789 2376 2000 2444 piterna
2033 2375 2295 2444 paradisi,
2330 2383 2651 2441 praesentem
2701 2373 2795 2428 Dei
2825 2374 3060 2441 vultum,
3107 2374 3202 2444 qui
3243 2374 3374 2429 dum

1790 2468 1908 2522 sine
1933 2467 2148 2522 defectu
2194 2467 2549 2537 conspicitur,
2580 2467 2700 2522 sine
2746 2468 2855 2522 ﬁne
2900 2482 3056 2522 mens
3080 2466 3206 2521 vita:
3249 2466 3376 2522 cibo

1789 2559 2040 2614 satiatur.

1869 2665 1887 2698 ε
1913 2647 2028 2702 Fur
2049 2664 2158 2702 non
2186 2648 2354 2715 venit,
2383 2647 2490 2702 nisi
2516 2655 2576 2701 ut
2597 2645 2830 2714 furetur,
2855 2656 2908 2703 et
2933 2655 3154 2714 mactet,
3174 2656 3228 2700 et
3253 2661 3378 2717 per-

1786 2738 1898 2794 dat.
1953 2738 2068 2810 Ego
2111 2739 2232 2793 veni
2283 2747 2342 2793 ut
2384 2738 2551 2794 vitam
2603 2739 2860 2805 habeant,
2901 2748 2956 2794 et
3001 2739 3374 2794 abundantius
3433 2783 3436 2786 .

1785 2830 2040 2885 habeant.
2077 2849 2096 2881 ι
2140 2829 2252 2885 Fur
2301 2831 2449 2886 venit
2487 2817 2548 2886 ut
2581 2829 2816 2896 furetur,
2858 2830 3091 2886 alienam
3122 2845 3236 2885 rem
3267 2829 3372 2886 sibi

1785 2922 2141 2992 usurpando;
2185 2931 2406 2988 mactet,
2455 2937 2489 2978 ι
2539 2922 2644 2979 ﬁde
2679 2919 3009 2978 retrahendo
3043 2940 3059 2990 ;
3095 2923 3286 2993 perdat
3314 2921 3371 2975 in

1739 3066 1743 3072 .
1783 3021 2041 3069 aeternam
2069 3013 2497 3069 damnationem.

737 3302 1248 3384 DOMINICA
1323 3300 1434 3384 IN
1510 3296 1908 3378 OCTAVA
1986 3288 2732 3375 PENTECOSTES.

1375 3480 1746 3545 Secundum
1781 3478 2118 3540 Joannem.

175 3687 194 3721 ι
221 3665 351 3722 Erat
385 3666 555 3720 homo
588 3678 654 3719 ex
696 3655 1016 3725 Pharisazis,
1056 3657 1388 3715 Nicodamus
1437 3655 1678 3720 nomine,
1710 3660 1758 3723 (ζ
1786 3650 2017 3714 notavit,
2074 3649 2141 3704 de
2168 3645 2404 3702 secunda
2452 3641 2733 3698 nativitate
2777 3655 2846 3695 ac
2901 3639 2971 3696 de
3001 3635 3365 3694 caeteris-ﬁdei

86 3759 354 3831 princeps
382 3755 718 3811 Iudaeorum.
753 3752 854 3807 llic
881 3751 1039 3806 3venit
1085 3750 1152 3804 ad
1180 3748 1369 3804 Jesum
1411 3755 1591 3814 nocte,
1617 3756 1674 3803 et

86 3850 236 3908 dixit
276 3849 327 3904 ei
361 3867 374 3902 :
403 3846 600 3913 Rabhi,
647 3845 855 3901 scimus
883 3843 1012 3914 quia
1041 3857 1072 3896 a
1107 3840 1220 3896 Deo
1257 3839 1454 3895 venisti
1493 3837 1672 3908 magi-

90 3951 229 3998 ster.
245 3938 414 3994 Nemo
437 3937 583 3993 enim
606 3944 785 4008 potest
798 3934 915 3990 htec
927 3933 1080 4004 signa
1096 3930 1275 3987 facere
1296 3944 1418 4000 qua:
1435 3939 1490 3984 tu
1514 3927 1672 3994 facis,

91 4034 206 4090 nisi
253 4031 410 4088 fuerit
460 4029 606 4085 Deus
647 4043 774 4085 cum
815 4041 881 4082 eo
925 4024 1106 4097 (Joan.
1143 4024 1248 4093 ιιι).
1287 4040 1306 4075 ι
1341 4019 1674 4077 Nicodemus

91 4123 244 4180 venit
292 4121 361 4177 ad
404 4119 592 4176 Jesum
644 4126 826 4184 nocte,
875 4115 960 4170 vel
1005 4114 1133 4185 quia
1173 4113 1368 4168 metuit
1395 4110 1673 4166 oli‘endere

93 4213 380 4286 pepulum,
417 4225 542 4266 cum
569 4218 713 4265 esset
735 4223 880 4263 unus
911 4206 979 4262 de
1001 4204 1373 4276 principibus;
1406 4202 1492 4258 vel
1541 4201 1671 4273 quia

95 4304 351 4376 magister
391 4310 510 4360 erat
558 4301 614 4356 in
693 4297 880 4364 Israel,
925 4297 1103 4367 palam
1153 4295 1366 4350 discere
1429 4292 1665 4348 erubuit.

93 4395 215 4452 Nox
240 4397 421 4466 itaque
449 4393 719 4464 signiﬁcat
738 4393 974 4446 litteram
1005 4388 1161 4460 legis,
1189 4387 1274 4442 vel
1305 4387 1668 4457 ignorantiam

95 4488 292 4555 cordis,
321 4489 403 4546 vel
448 4471 721 4540 timorem.
754 4481 1088 4537 Nicodemus
1133 4493 1285 4546 vero,
1317 4493 1462 4534 unus
1487 4493 1553 4534 ex
1583 4478 1670 4534 his

95 4577 190 4647 qui
214 4591 305 4646 per
334 4575 490 4646 signa
539 4573 902 4638 crediderant,
930 4569 1103 4640 ﬁgura
1135 4575 1221 4622 est
1247 4565 1670 4623 catechumeno—

96 4685 237 4726 rum.
264 4667 400 4722 Nam
425 4669 548 4723 licet
570 4666 812 4730 credant,
839 4662 1074 4734 quadam
1106 4669 1286 4716 tamen
1301 4667 1460 4714 nocte
1485 4673 1669 4714 sacra-

96 4769 397 4815 mentorum
432 4759 500 4814 ad
547 4756 879 4828 baptismum
915 4754 1260 4824 perveniunt,
1293 4749 1384 4804 ubi
1428 4749 1496 4804 de
1519 4747 1667 4802 invio

97 4853 435 4907 tenebrarum
484 4850 554 4906 ad
599 4851 745 4903 viam
775 4846 1014 4903 cmlestis
1035 4843 1259 4898 luminis
1284 4842 1457 4897 renati
1485 4850 1668 4895 trans-

96 4955 241 5002 eunt.
283 4944 341 4999 Si
385 4943 530 4999 enim
555 4951 767 4997 tantum
794 4939 965 4994 valuit
993 4935 1336 5006 baptismatis
1368 4935 1560 5002 ﬁgura,
1607 4940 1668 4987 ut

1777 3741 2064 3814 mysteriis
2107 3739 2324 3810 plenius
2352 3737 2536 3791 doceri
2580 3732 2801 3789 meruit.

1853 3853 1870 3885 I
1898 3833 2037 3888 Dicit
2059 3831 2125 3886 ad
2156 3846 2282 3884 eum
2307 3827 2636 3882 Nicodemus
2661 3843 2673 3877 :
2701 3823 2988 3890 Quomodo
3012 3830 3192 3892 potest
3210 3821 3362 3878 nasci

1773 3928 1961 3990 homo,
1988 3940 2113 3979 cum
2153 3924 2226 3978 sit
2270 3920 2475 3976 senex?
2515 3917 2774 3986 Nunquid
2826 3925 3006 3986 potest
3027 3917 3084 3970 in
3109 3926 3358 3971 ventrem

1773 4017 1965 4073 matris
2017 4029 2131 4070 sua:
2181 4013 2378 4066 iterum
2436 4009 2684 4071 introire,
2747 4015 2805 4061 et
2855 4005 3094 4060 nasci?»
3125 4004 3361 4075 Spiritus

1773 4112 1823 4166 ei
1855 4107 2098 4178 loquitur
2122 4113 2177 4160 et
2206 4105 2323 4173 ipse
2351 4115 2568 4156 carnem
2619 4097 2762 4168 sapit
2783 4112 2965 4164 suam,
2992 4094 3358 4170 noanhristi,

1772 4201 1916 4258 sicut
1943 4198 2022 4254 illi
2053 4195 2162 4267 qui
2192 4199 2522 4265 putaverunt
2569 4189 2858 4245 Dominum
2907 4202 3070 4258 posse
3093 4201 3354 4256 coquere,

1769 4303 1824 4348 et
1876 4289 2206 4347 manducare
2247 4285 2560 4350 concisum,
2653 4280 2798 4336 sicut
2856 4294 3083 4350 agnum,
3136 4277 3358 4349 quando

1769 4384 2035 4440 Dominus
2081 4379 2266 4436 dixit:
2307 4395 2326 4429 ι
2357 4374 2473 4432 Nisi
2497 4374 2623 4447 quis
2671 4369 3082 4428 manducaverit
3133 4385 3354 4426 carnem

1768 4493 1949 4536 meam
1998 4484 2054 4532 et
2095 4472 2296 4530 biberit
2348 4469 2672 4542 sanguinem
2701 4482 2910 4532 meum,
2951 4479 3073 4520 non
3133 4463 3356 4524 habebit

1765 4573 1935 4629 vitam
1971 4570 2027 4625 in
2077 4583 2138 4625 se
2167 4565 2348 4638 (Joan.
2399 4565 2499 4634 vi),
2548 4570 2650 4618 iet
2673 4562 2857 4618 statim
2903 4558 3220 4615 recedentes
3241 4571 3352 4612 non

1767 4663 2007 4734 amplius
2037 4667 2165 4716 sunt
2193 4672 2319 4714 eum
2373 4655 2566 4711 secuti.
2602 4651 2870 4707 Dominus
2903 4658 3086 4704 autem
3129 4647 3233 4701 hoc
3260 4660 3352 4700 re-

1766 4753 2118 4811 manentibus
2142 4748 2416 4819 exposuit,
2453 4745 2644 4801 dicens
2678 4763 2690 4798 :
2730 4763 2748 4796 ι
2790 4741 3032 4813 Spiritus
3050 4747 3212 4795 estet
3239 4739 3351 4792 vita

1765 4845 1914 4917 quod
1945 4843 2080 4898 dixi.
2113 4839 2250 4894 Nam
2282 4837 2508 4907 spiritus
2535 4835 2804 4900 viviﬁcat,
2857 4846 2989 4888 caro
3007 4838 3190 4884 autem
3213 4827 3351 4883 nihil

1768 4935 1995 5008 prodest
2029 4930 2246 5000 (ibid.),
2279 4947 2298 4980 ι
2338 4943 2407 4983 ne
2449 4925 2742 4981 carnaliter
2789 4922 3150 4993 intelligerent
3201 4919 3347 4992 quod

97 5053 192 5107 per
213 5034 447 5106 Moysem
475 5033 734 5104 baptizali
761 5032 816 5086 in
845 5029 990 5085 nube
1011 5037 1066 5083 et
1093 5028 1149 5081 in
1176 5024 1316 5079 mari
1346 5024 1414 5079 ad
1461 5039 1661 5077 manna
1694 5013 1740 5068 Β
1766 5028 1998 5082 dixerat.
2032 5022 2110 5077 Ita
2140 5019 2474 5075 Nicodemus
2517 5015 2760 5070 nondum
2809 5020 3040 5068 noverat
3093 5020 3348 5083 parentes

97 5129 530 5201 perducerentur,
567 5141 750 5181 nonne
780 5139 874 5195 per
894 5137 1085 5177 verum
1114 5118 1387 5190 baptisma
1417 5115 1486 5171 ad
1514 5116 1658 5170 idem

98 5221 368 5294 pervenire
398 5220 641 5290 poterit?
678 5217 820 5283 Quid
855 5222 939 5270 est
961 5211 1206 5268 manna?

172 5332 190 5365 ‹
223 5312 330 5385 Ego
360 5331 506 5381 sum,
537 5312 734 5382 inquit,
783 5307 943 5378 panis
992 5306 1148 5359 vivus
1170 5302 1266 5372 qui
1297 5301 1364 5356 de
1394 5299 1534 5356 coelo
1561 5299 1660 5354 de-

95 5408 286 5462 scendi.
334 5406 634 5477 Respondit
659 5402 819 5458 Iesus
857 5409 911 5455 et
938 5397 1075 5453 dixit
1093 5396 1141 5451 ei
1167 5413 1181 5450 :
1212 5415 1230 5446 ‹
1259 5395 1454 5457 Amen,
1498 5407 1657 5446 amen

94 5497 210 5553 dico
230 5499 343 5566 tibi,
393 5498 498 5553 nisi
542 5496 666 5566 quis
715 5499 878 5547 natus
929 5487 1314 5551 fueritdcnuo,
1340 5498 1448 5538 non
1480 5490 1658 5552 potest

93 5592 262 5648 videre
299 5606 528 5664 regnum
577 5588 690 5652 Dei,
729 5606 748 5638 ι
790 5585 844 5640 id
873 5593 957 5638 est
982 5596 1090 5636 non
1107 5587 1294 5650 potest
1321 5592 1405 5632 me
1453 5587 1657 5644 cogno-

93 5701 251 5751 scere,
281 5686 373 5755 qui
403 5699 523 5740 sum
560 5697 787 5752 regnum
823 5676 1022 5742 Patris,
1049 5673 1142 5745 qui
1191 5687 1313 5727 sum
1346 5668 1484 5723 visio
1505 5665 1658 5720 Veri-

96 5781 228 5836 tatis.
285 5777 424 5846 Quia
507 5774 834 5833 Nicodemus
885 5779 1071 5842 aperta
1117 5767 1282 5838 signa
1355 5762 1654 5835 prudenter

1767 5118 1860 5188 qui
1891 5120 2150 5186 generant
2169 5110 2235 5164 ad
2263 5110 2448 5163 vitam.
2479 5105 2598 5161 Una
2629 5105 2775 5160 enim
2802 5103 3081 5176 generatio
3107 5111 3194 5158 est
3218 5117 3345 5158 car-

1767 5209 1929 5275 nalis,
1961 5207 2132 5260 altera
2175 5201 2459 5273 spiritalis.
2515 5199 2810 5255 Sciendum
2855 5196 3131 5268 quomodo
3156 5202 3346 5251 uterus

1751 5316 1874 5356 non
1901 5305 2081 5369 potest
2105 5293 2296 5365 repeti,
2353 5291 2436 5347 sie
2469 5306 2570 5346 nec
2597 5289 2922 5360 baptismus.
2965 5287 3074 5354 Qui
3098 5285 3344 5340 nascitur

1765 5393 1832 5449 de
1874 5389 2143 5446 catholica
2175 5385 2443 5451 Ecclesia,
2493 5397 2755 5453 tanquam
2801 5382 2868 5436 de
2898 5378 3034 5434 Sara
3061 5377 3338 5440 nascitur;

1767 5483 1862 5555 qui
1895 5481 2075 5536 autem
2103 5479 2170 5534 de
2201 5475 2416 5542 haeresi,
2450 5483 2708 5545 tanquam
2734 5470 3018 5528 deancilla
3047 5468 3338 5538 (German;

1753 5571 1919 5628 'Psal.
1947 5571 2042 5640 Iv).
2071 5569 2305 5623 Adverte
2347 5581 2456 5626 cur,
2493 5565 2758 5625 Dominus
2785 5562 2931 5617 dicat
2959 5576 2971 5611 :
3013 5577 3032 5611 ι
3066 5557 3180 5629 Ego
3215 5571 3341 5612 sum

1751 5657 1911 5721 ’Deus-
1931 5662 2229 5726 Abraham,
2251 5657 2486 5714 etisaac
2508 5665 2564 5712 et
2579 5655 2748 5711 Iacob
2771 5651 2968 5722 (Exod.
3000 5651 3107 5717 tu),
3127 5667 3160 5714 ι,
3181 5646 3340 5718 quasi

1764 5754 1898 5823 Noe,
1929 5753 2023 5824 qui
2053 5763 2179 5808 ante
2221 5750 2356 5806 istos
2395 5747 2520 5816 fuit,
2541 5756 2596 5803 et
2622 5744 2836 5815 Moyses
2869 5741 2964 5814 qui
2993 5747 3137 5812 post,
3161 5735 3337 5812 sancti
