3950 6380
601 332 713 386 θ95

603 441 929 514 patriarchae
954 453 1062 494 non
1083 443 1283 492 essent.
1300 433 1357 489 ln
1393 432 1513 489 istis
1537 433 1735 503 quippe
1762 431 2010 502 patribus
2031 431 2180 485 inve-
2213 433 2256 489 Α

605 537 789 590 nimus
819 524 1016 588 liberas
1041 540 1096 586 et
1116 529 1340 585 ancillas
1376 548 1388 583 :
1421 527 1566 598 quod
1592 536 1765 580 totum
1794 526 1966 595 figura
1993 531 2099 588 est,
2129 534 2189 577 ut

607 624 686 681 ait
729 623 1022 694 Apostolus
1051 640 1064 674 ;
1098 639 1116 671 ι
1147 617 1271 673 Haec
1301 627 1479 672 autem
1513 617 1565 669 in
1601 615 1773 684 figura
1801 613 2185 683 contingebant

609 717 716 771 illis
733 715 879 785 (Cor.
899 715 975 783 ιι).
1007 733 1023 764 ι
1052 712 1118 766 Et
1149 711 1298 765 illud:
1327 729 1343 760 ι
1377 709 1590 777 Scripta
1607 715 1736 760 sunt
1761 713 1941 759 autem
1971 711 2190 772 propter

609 825 730 872 nos,
777 807 830 859 in
862 821 1002 876 quos
1043 805 1178 858 lines
1216 802 1540 857 saeculorum
1571 798 1907 852 devenerunt
1938 796 2139 864 (ibid.).
2163 813 2180 844 ι

608 896 667 952 In
717 897 1158 968 generationibus
1199 900 1378 947 autem
1414 891 1708 944 liberarum
1760 894 1815 940 et
1866 885 2187 939 ancillarum

607 998 845 1060 quatuor
870 996 1001 1043 sunt
1041 1001 1236 1055 genera
1267 984 1574 1046 hominum,
1612 982 1666 1035 in
1718 979 1921 1050 quibus
1941 976 2190 1048 ,comple—

611 1089 700 1134 tur
723 1079 898 1132 forma
936 1079 1104 1132 totius
1131 1074 1580 1130 Christianitatis.
1612 1071 1855 1125 Ancillas
1885 1068 2188 1136 accipimus

611 1170 664 1223 in
699 1171 878 1230 malis,
910 1169 1110 1221 liberas
1134 1167 1185 1220 in
1215 1166 1396 1220 bonis.
1428 1165 1536 1216 Aut
1561 1164 1726 1232 igitur
1756 1162 1940 1215 liberae
1969 1160 2190 1229 pariunt

610 1259 805 1322 bonos,
861 1266 919 1310 ut
956 1254 1113 1321 Sara,
1170 1253 1362 1320 Isaac;
1412 1263 1507 1307 aut
1557 1252 1729 1306 malos
1785 1260 1838 1304 et
1895 1250 2087 1312 bonos,
2132 1257 2191 1301 ut

613 1347 879 1410 Rebecca,
913 1345 1056 1400 Esau
1090 1355 1144 1399 et
1178 1343 1347 1398 Jacob
1373 1361 1388 1410 ;
1418 1352 1512 1397 aut
1547 1342 1672 1396 mali
1725 1341 1920 1404 malos,
1959 1347 2016 1393 ut
2046 1339 2192 1408 Agar

612 1436 807 1492 lsmael
835 1456 848 1502 ;
880 1447 973 1491 aut
1004 1436 1129 1489 mali
1159 1436 1332 1489 honos
1353 1444 1406 1488 et
1437 1434 1630 1497 malos,
1665 1441 1724 1486 ut
1766 1431 1978 1485 ancillae
1995 1429 2185 1484 Jacob.

612 1528 694 1581 Ad
731 1529 871 1582 hanc
912 1527 1322 1581 simihtudinem
1359 1535 1454 1579 aut
1504 1525 1628 1579 boni
1660 1523 1936 1592 baptizant
1985 1523 2186 1588 bonos,

614 1628 674 1674 ut
701 1619 940 1672 Ananias
972 1617 1195 1672 Paulum
1221 1636 1235 1684 ;
1261 1627 1359 1671 aut
1386 1618 1578 1681 malos,
1618 1625 1677 1669 ut
1698 1615 1980 1684 Philippus
2006 1614 2191 1669 Simo-

615 1725 736 1764 nem
771 1725 1024 1779 magum;
1056 1719 1149 1763 aut
1171 1709 1297 1763 mali
1328 1709 1501 1763 honos
1532 1715 1586 1762 et
1619 1707 1810 1770 malos,
1840 1716 1898 1760 ut
1921 1707 2187 1776 praedica-

612 1810 762 1856 tores
793 1803 1038 1872 quidam,
1062 1817 1201 1870 quos
1235 1800 1366 1854 dicit
1389 1799 1683 1868 Apostolus
1707 1813 1816 1852 non
1841 1806 1989 1852 caste
2012 1797 2189 1853 solere
2220 1789 2264 1847 Β

613 1893 942 1946 annuntiare
981 1891 1357 1962 Evangelium,
1390 1893 1630 1945 tolerans
1677 1905 1774 1944 eos
1829 1889 1882 1943 in
1932 1891 2191 1944 societate

613 1979 942 2045 Christiana,
973 1981 1159 2035 dicens
1191 1997 1204 2010 θ
1263 1999 1281 2030 ι
1319 1981 1459 2046 Quid
1503 1980 1648 2033 enim
1694 1979 1824 2033 dum
1848 1979 1998 2032 omni
2029 1979 2192 2033 modo

614 2075 728 2125 sive
754 2072 1041 2126 occasione
1085 2072 1199 2125 sive
1231 2072 1458 2125 veritate
1501 2068 1760 2126 Christus
1795 2071 2188 2124 annuntictur!

613 2171 669 2218 et
697 2164 750 2216 in
812 2164 914 2218 hoc
949 2164 1158 2232 gaudeo
1191 2163 1446 2232 (Philipp.
1487 2165 1549 2230 ι).
1589 2181 1607 2214 ι
1654 2160 1770 2216 Νοη
1813 2163 1992 2217 alieno
2047 2164 2195 2217 malo

615 2254 904 2323 gaudebat,
943 2255 1037 2308 sed
1083 2256 1211 2324 quia
1253 2270 1440 2308 verum
1491 2255 1910 2324 praedicabatur.
1965 2253 2022 2308 Si
2055 2270 2196 2325 quos

616 2344 707 2396 isti
758 2343 965 2398 similes
1019 2345 1103 2400 sui
1165 2345 1552 2414 baptizabant,
1609 2357 1739 2400 tunc
1799 2345 1929 2399 mali
1998 2346 2193 2400 malos.

617 2431 674 2486 Si
703 2449 843 2502 quos
871 2449 1000 2488 vero
1026 2435 1162 2489 tales
1207 2435 1398 2504 quales
1449 2433 1707 2488 admonet
1739 2433 2024 2498 Dominus,
2072 2449 2198 2488 cum

613 2525 746 2582 dicit
775 2544 788 2580 :
819 2525 981 2592 «Qua:
1005 2527 1190 2581 dicunt
1216 2526 1403 2593 facite;
1429 2541 1552 2596 qua:
1567 2534 1748 2579 autem
1776 2525 2002 2592 faciunt,
2021 2525 2119 2580 fac.
2144 2543 2200 2581 re

614 2618 782 2672 nolite
813 2618 1030 2689 (Matth.
1066 2620 1247 2688 χχιιι),
1281 2637 1299 2670 ι
1354 2628 1486 2672 tunc
1542 2618 1671 2671 mali
1727 2618 1902 2672 bonos
1953 2618 2198 2686 baptiza-

616 2710 768 2763 bant.
809 2709 1097 2775 Quomodo
1119 2725 1249 2780 ergo
1273 2709 1324 2763 in
1356 2711 1482 2763 liliis
1511 2709 1680 2764 Jacob
1711 2725 1819 2764 non
1862 2710 2041 2764 obfuit
2067 2711 2195 2776 illis,

615 2800 710 2872 qui
736 2801 847 2854 nati
879 2811 1006 2855 sunt
1031 2801 1096 2856 de
1123 2801 1356 2865 ancillis,
1387 2802 1686 2870 quominus
1717 2810 1964 2855 tenerent
1996 2811 2194 2856 terram

617 2893 1064 2962 repromissionis
1094 2909 1218 2948 cum
1251 2892 1512 2948 fratribus
1539 2911 1602 2948 ex
1629 2910 1808 2964 aequo,
1857 2893 1950 2948 sed
1989 2908 2197 2963 prava-

614 2984 717 3038 luit
748 2973 930 3039 semen
975 2992 1261 3054 paternum
1311 3002 1323 3037 :
1367 2984 1448 3038 sic
1495 2986 1811 3054 quicunque
1870 2998 1968 3054 per
2017 2984 2193 3038 malos

614 3073 980 3142 baptizantur,
1037 3089 1351 3144 quanquam
1393 3090 1456 3128 ex
1517 3075 1674 3128 malis
1705 3075 1815 3129 nati
1852 3076 1982 3141 sint,
2010 3084 2191 3129 tamen

615 3133 742 3235 quia
767 3181 833 3219 ex
863 3133 1071 3220 semine
1096 3133 1257 3220 Verbi
1285 3165 1399 3231 Dei,
1428 3167 1574 3236 quod
1607 3165 1871 3235 ﬁguratur
1904 3133 1980 3218 in.
1999 3163 2190 3230 Jacob,
2221 3133 2267 3193 ε

615 3253 727 3307 nati
752 3264 898 3319 sunt,
933 3255 978 3308 si
1010 3255 1138 3308 boni
1175 3270 1296 3309 esse
1323 3255 1596 3309 voluerint
1623 3297 1636 3320 ,
1676 3255 2042 3308 lnereditatem
2067 3270 2190 3308 cum

615 3341 879 3400 fratribus
903 3347 1282 3414 possidebunt,
1317 3344 1442 3400 Sive
1486 3361 1614 3417 ergo
1647 3346 2053 3410 schismaticus,
2079 3347 2194 3401 sive

615 3433 962 3492 facinorosus
977 3438 1210 3507 quisque
1238 3437 1291 3490 in
1315 3437 1661 3493 confessione
1687 3447 1890 3492 sanctae
1913 3436 2194 3492 Trinitatis

616 3526 878 3596 baptizet,
917 3545 1026 3583 non
1078 3531 1220 3583 vaiet
1264 3528 1353 3583 ille
1397 3529 1724 3598 rebaptizari
1788 3545 1818 3584 a
1873 3531 2190 3598 Catholicis,

616 3633 686 3672 ne
715 3618 989 3673 confessio
1031 3620 1115 3672 vel
1163 3620 1437 3675 invocatio
1475 3622 1606 3675 tanti
1652 3623 1893 3678 nominis
1950 3625 2196 3679 videatur

618 3710 916 3763 annullari.
947 3709 1013 3763 Et
1040 3711 1094 3764 in
1138 3721 1296 3765 utero
1327 3711 1584 3767 Ecclesiae
1623 3729 1816 3783 magna
1864 3716 2086 3770 luctatio
2115 3727 2196 3772 est

619 3799 760 3852 inter
790 3799 964 3854 bonos
987 3809 1041 3854 et
1083 3803 1281 3868 malos,
1333 3803 1477 3857 sicut
1528 3802 1698 3858 Jacob
1745 3815 1799 3859 et
1843 3806 1986 3862 Esau
2025 3808 2198 3863 lucta-

618 3891 821 3946 bantur
852 3891 1003 3962 (Gen.
1053 3895 1178 3964 xv),
1237 3905 1290 3950 et
1348 3911 1562 3964 semper
1617 3897 1742 3952 mali
1796 3913 2196 3970 persequuntur

615 3983 817 4049 bonos,
854 3991 914 4038 ut
961 3983 1355 4042 lsmaellsaac.
1400 3985 1525 4041 ldeo
1585 4003 1823 4057 namque
1873 3991 2010 4044 dixit
2061 3992 2194 4046 Sara

615 4075 850 4130 Abrahae
876 4094 890 4130 :
920 4095 938 4128 ι
961 4075 1110 4146 Ejice
1131 4079 1386 4133 ancillam
1410 4088 1465 4134 et
1490 4078 1662 4133 lilium
1691 4080 1810 4148 ejus
1830 4080 1981 4150 (Gen.
2007 4086 2146 4152 xxi),
2171 4102 2188 4134 ι

615 4168 746 4237 quia
805 4167 1112 4223 illusionem
1165 4169 1299 4225 vidit
1347 4171 1402 4224 in
1450 4171 1832 4232 lusum,~non
1881 4172 2003 4226 ideo
2065 4174 2194 4242 quia

623 4255 837 4311 ludebat
894 4256 1087 4313 lsmael
1137 4275 1262 4314 cum
1318 4259 1430 4313 tilio
1482 4275 1603 4315 suo.
1663 4258 1819 4314 Unde
1865 4262 2190 4330 Apostolus:

623 4368 642 4399 ε
684 4346 839 4403 Sicut
865 4358 994 4405 tunc
1014 4351 1125 4417 ille,
1149 4353 1244 4422 qui
1281 4352 1587 4406 secundum
1620 4367 1842 4408 carnem
1871 4363 2032 4410 natus
2055 4364 2193 4422 erat,

615 4441 1047 4512 persequebatur
1079 4457 1204 4496 eum
1261 4442 1356 4511 qui
1401 4444 1699 4498 secundum
1729 4445 1976 4514 spiritum
2007 4463 2020 4512 ;
2047 4446 2120 4500 ita
2141 4456 2194 4501 et
2225 4471 2269 4523 ο
2298 4439 2482 4507 ι)ιὶεωὶ
2531 4453 2878 4499 sacramento
2929 4447 3076 4516 quod
3127 4448 3203 4503 ait
3237 4448 3540 4519 Apostolus

615 4546 767 4586 nunc
820 4531 964 4607 I'Gal.
1025 4533 1122 4602 tv).
1177 4551 1196 4586 ι
1260 4533 1569 4590 Secundum
1626 4552 1846 4592 carnem
1904 4538 2016 4590 nati
2068 4547 2196 4592 sunt

617 4611 910 4678 dilectores
960 4625 1172 4691 mundi,
1237 4628 1536 4681 secundum
1616 4629 1866 4698 spiritum
1923 4638 2195 4685 amatores

615 4711 840 4769 Christi.
890 4713 1022 4771 Plus
1062 4732 1192 4788 ergo
1237 4733 1339 4774 nos
1380 4730 1786 4790 persequuntur
1819 4721 1912 4791 qui
1945 4737 2046 4776 nos
2073 4722 2197 4776 illu-

617 4809 796 4863 dendo
846 4812 1134 4879 seducunt,
1170 4812 1245 4867 ita
1280 4833 1292 4868 :
1331 4832 1348 4864 ι
1380 4812 1536 4880 Veni,
1570 4816 1712 4880 veni,
1755 4815 2028 4885 baptizare
2059 4834 2071 4869 :
2107 4816 2196 4870 hic

618 4897 788 4955 habes
817 4918 1003 4958 verum
1029 4903 1319 4974 baptisma.
1357 4923 1376 4957 ι
1417 4905 1610 4960 lsmael
1644 4922 1774 4977 ergo
1805 4923 1913 4961 non
1946 4907 2068 4962 ideo
2095 4907 2196 4960 fuit

617 4991 1061 5061 exhtereditatus,
1103 4999 1231 5066 quia
1255 5013 1321 5051 ex
1346 4998 1542 5052 ancilla
1599 5007 1781 5062 natus,
1805 4999 1897 5053 sed
1935 5001 2061 5070 quia
2097 5014 2194 5053 su-

618 5084 822 5153 perbus
869 5085 992 5140 fuit.
1024 5086 1160 5142 Nam
1207 5091 1253 5144 si
1281 5099 1428 5145 esset
1463 5091 1584 5144 ideo
1625 5091 2066 5156 exlnereditatus,
2099 5091 2193 5145 ﬁlii

613 5172 784 5229 Jacob
822 5191 930 5230 non
961 5179 1376 5235 admitterentur
1410 5183 1477 5236 ad
1509 5182 1898 5237 haereditatem.
1947 5183 2104 5249 Quod
2141 5193 2196 5238 et

617 5263 753 5319 Sara
782 5266 968 5337 aﬂligit
997 5268 1252 5323 ancillam
1281 5269 1447 5338 Agar,
1497 5285 1606 5325 non
1632 5271 1832 5326 dicitur
1863 5273 2191 5342 persecutio,

613 5356 709 5414 sed
736 5359 1025 5413 correctio.
1065 5357 1221 5414 Unde
1257 5360 1422 5414 etiam
1473 5363 1698 5429 angelus
1743 5362 1970 5434 fugienti
2013 5363 2188 5418 dicit:

619 5465 638 5497 ι
681 5444 994 5514 Rev°ertere,
1029 5456 1086 5502 et
1133 5447 1423 5504 humiliare
1464 5451 1567 5505 sub
1597 5466 1762 5507 manu
1807 5453 2044 5508 dominre
2086 5463 2193 5508 tua:

612 5537 766 5610 (Gen.
795 5540 930 5611 xvr).
969 5559 989 5590 ι
1027 5538 1118 5594 Sic
1139 5540 1267 5594 boni
1298 5541 1570 5612 principes
1611 5543 1898 5600 haereticos
1929 5554 1983 5599 et
2019 5561 2191 5614 quos-

611 5631 742 5687 libet
771 5633 1109 5701 perniciosos
1159 5631 1416 5690 Ecclesia:
1444 5636 1653 5694 exsiliis
1679 5647 1734 5694 et
1773 5637 1896 5694 aliis
1925 5637 2190 5708 legalibus

609 5723 788 5791 pinnis
811 5722 957 5795 justo
986 5724 1252 5798 affligunt.

1711 314 2040 374 WI'ZBNERI
2079 312 2375 370 ABBATIS
2417 313 2476 368 S.
2516 310 2737 366 BLASll

3787 322 3850 372 ἓξ

2357 445 2379 478 1
2419 424 2722 496 Respondit
2748 421 2910 480 Jesus
2947 443 2958 477 :
2991 425 3186 494 Amen,
3225 443 3386 484 amen
3450 429 3591 485 dico
3618 431 3740 496 tibi,
3785 440 3852 491 ut.

2291 516 2415 586 quis
2445 525 2668 571 renatus
2724 514 2892 569 fuerit
2919 531 2984 569 ex
3013 531 3155 587 aqua
3183 529 3238 573 et
3271 521 3502 589 spiritu,
3552 537 3676 576 non
3723 537 3855 594 μεως

2291 607 2520 661 introire
2573 606 2628 660 in
2665 620 2899 676 regnum
2953 605 3068 662 Dei.
3127 629 3145 660 ι
3189 607 3400 665 Sensus
3461 619 3558 666 est
3585 631 3601 664 :
3637 611 3854 684 Quiqza.

2290 696 2509 751 renasci
2551 699 2960 767 contempserit,
2990 713 3099 752 non
3133 699 3354 755 habebit
3379 703 3592 768 vitam,
3629 707 3758 773 quia
3783 724 3856 761 Im

2288 786 2453 840 fuerit
2479 799 2700 841 renatus
2732 803 2798 842 ex
2823 804 2966 858 aqua
2987 799 3041 844 ct
3070 791 3287 860 spiritu,
3314 793 3368 847 id
3382 803 3478 848 est
3502 810 3580 848 ex
3608 797 3716 850 fide
3735 809 3784 851 et
3802 803 3854 851 ἑτ-

2289 879 2542 933 lectione.
2595 877 2883 944 Quomodo
2926 897 3066 950 aqua
3124 894 3547 939 sacramentum
3604 887 3728 942 ﬁdei
3771 893 3858 943 esi’

2288 968 2460 1036 Aquae
2519 969 2739 1022 nomine
2794 969 3114 1041 intelligitur
3171 974 3324 1028 ﬁdes.
3409 973 3674 1044 Spiritus
3721 991 3856 1032 antea

2289 1057 2542 1113 diffundit
2602 1060 2922 1114 charitatem
2978 1062 3034 1115 in
3094 1063 3356 1120 cordibus
3429 1069 3680 1122 nostris.

2293 1149 2506 1216 parvuli
2557 1165 2680 1204 cum
2757 1167 2851 1220 per
2905 1153 3234 1222 baptismum
3277 1157 3572 1211 uniuntur
3633 1158 3858 1216 Eodem.

2289 1253 2591 1296 nascuntur
2640 1243 2708 1297 ad
2738 1245 2926 1311 vitam,
2967 1261 3033 1300 ex
3067 1247 3170 1302 fide
3207 1255 3261 1302 et
3307 1247 3638 1305 dilectione
3691 1268 3858 1306 saucu-

2289 1275 2580 1296 uaauuuuu
2640 1275 2708 1297 au
2743 1275 2926 1311 Vlldlll,
2967 1275 3033 1300 cx
3067 1275 3170 1302 nuc
3207 1275 3261 1302 υι
3307 1275 3638 1305 uuccuuut:
3691 1275 3858 1306 533G!-

2287 1347 2433 1399 rum,
2461 1349 2694 1402 quarum
2723 1351 2864 1389 nexu
2891 1335 3132 1392 Ecclesia
3156 1338 3413 1409 jungitur
3443 1340 3596 1408 Deo,
3623 1359 3692 1396 ex
3923 1275 3934 1409 ἧ

2289 1435 2634 1480 sacramento
2659 1443 2815 1497 aqua:
2840 1437 2894 1483 et
2938 1427 3143 1499 Spiritu
3166 1442 3384 1499 sancto,
3419 1442 3485 1487 et
3528 1436 3591 1488 in
3625 1436 3764 1491 bono
3799 1457 3860 1490 os

2289 1516 2465 1586 glecto
2495 1517 2538 1572 si
2568 1517 2732 1572 vitam
2789 1519 3007 1587 ﬁnierit,
3065 1536 3094 1574 a
3127 1537 3294 1591 regno
3347 1521 3454 1578 Dei
3492 1524 3554 1578 in
3587 1539 3862 1596 perpetua:

2289 1609 2546 1663 exclusus
2574 1609 2697 1664 erit.
2730 1609 3056 1682 Quicunque
3088 1628 3218 1668 vero
3259 1629 3372 1668 non
3431 1627 3717 1687 percepto
3756 1635 3862 1688 reg:-

2291 1700 2561 1754 neratoris
2591 1701 2809 1756 lavacro
2860 1718 2962 1772 pro
2995 1702 3198 1758 Christi
3230 1705 3620 1763 confessione
3671 1713 3863 1765 mories-

2295 1798 2402 1856 tur,
2465 1800 2648 1845 tamen
2732 1793 2811 1846 eis
2884 1787 3026 1848 valet
3096 1795 3164 1849 ad
3239 1797 3594 1852 dimittenda
3675 1816 3864 1870 pacata.

2291 1890 2557 1950 quantum
2608 1883 2654 1938 si
2695 1883 3049 1938 abluerentur
3091 1901 3248 1941 sacro
3306 1887 3474 1944 fonte
3537 1891 3862 1960 baptismatis.

2292 1974 2397 2042 Qui
2426 1975 2572 2030 enim
2605 1975 2743 2030 dixit
2775 1994 2787 2029 :
2819 1996 2838 2025 ε
2869 1975 2987 2032 Nisi
3013 1979 3139 2048 quis
3175 1989 3408 2035 renatus
3467 1980 3658 2036 fuerit
3683 1999 3745 2036 ex
3767 2001 3863 2052 aqu

2295 2075 2352 2121 et
2393 2067 2610 2136 spiritu,
2664 2084 2772 2122 non
2828 2068 3053 2123 intrabit
3088 2070 3142 2123 in
3183 2086 3422 2141 regnum
3466 2075 3770 2138 ccelornm,
3799 2089 3866 2128 ηε

2295 2155 2400 2210 alia
2447 2158 2716 2212 sententia
2768 2157 2898 2213 fecit
2941 2159 3076 2214 istos
3110 2172 3401 2231 exceptos,
3433 2164 3547 2218 ubi
3575 2181 3694 2220 non
3730 2170 3864 2220 mines

2298 2249 2620 2319 generaliter
2675 2249 2790 2304 ait:
2831 2269 2850 2300 ‹
2881 2249 2986 2316 Qui
3017 2267 3104 2307 me
3143 2252 3472 2324 confessus.
3503 2256 3687 2313 fuerit
3731 2276 3868 2314 eam

2300 2338 2636 2406 hominibus,
2667 2339 2968 2395 confitebor
2997 2351 3052 2397 et
3073 2357 3173 2414 ego
3200 2358 3326 2398 eum
3353 2361 3570 2402 coram
3609 2348 3768 2404 Patre
3789 2365 3868 2403 es:
3932 2335 3933 2404 ᾗ

2304 2427 2456 2498 (Luc.
2491 2429 2644 2499 κιο.»
2673 2429 2936 2501 Equidem
2990 2435 3214 2504 sanguis
3241 2444 3296 2490 et
3325 2451 3512 2507 aqua,
3551 2441 3656 2509 qui
3701 2444 3868 2495 “lini?!

2301 2520 2486 2575 lateris
2515 2521 2718 2576 Christi
2763 2526 3006 2594 percussi
3061 2527 3372 2594 exiverunt,
3407 2539 3622 2601 typum
3673 2537 3864 2603 martyri

2300 2620 2354 2663 et
2391 2610 2643 2681 baptismi
2674 2630 2784 2684 quo
2826 2615 2934 2670 itur
2961 2618 3026 2670 ad
3056 2618 3254 2672 coelum
3278 2622 3502 2689 pariter
3538 2627 3864 2692 protulerunt.

2299 2701 2543 2774 Denique
2573 2704 2618 2759 si
2653 2723 2794 2775 quos
2845 2709 2896 2760 in
2932 2709 3034 2764 lide
3063 2708 3268 2764 Christi
3297 2721 3352 2765 et
3387 2714 3443 2766 in
3479 2716 3761 2771 charitate
3791 2733 3864 2770 nisi

2297 2793 2422 2849 ﬁcta
2469 2796 2741 2852 radicatos
2789 2799 3043 2854 excludat
3079 2802 3344 2857 articulus
3382 2807 3595 2861 mortis
3647 2824 3681 2861 a
3727 2824 3867 2862 sacra-

2296 2897 2482 2970 mento
2510 2887 2785 2958 baptismi,
2817 2901 3033 2945 constat
3059 2895 3186 2962 quia
3210 2909 3318 2947 non
3343 2897 3740 2954 excluduntur
3760 2915 3786 2952 a

2296 2973 2426 3030 lute.
2462 2977 2724 3050 Martyres
2753 2982 2898 3034 enim
2928 2992 3055 3037 sunt
3083 2998 3268 3038 coram
3297 2983 3433 3051 Deo,
3479 2989 3535 3042 si
3573 3004 3720 3058 puro
3745 2992 3870 3044 corde

2297 3073 2562 3140 martyrio
2616 3071 2791 3140 parati
2821 3082 2979 3127 erant
3013 3084 3066 3127 et
3106 3076 3364 3144 baptizati
3397 3078 3455 3130 in
3507 3080 3644 3150 igne
3687 3083 3766 3134 vel

2297 3159 2424 3224 ritu,
2452 3161 2605 3230 juxta
2628 3163 2772 3231 quod
2811 3163 3076 3219 Dominus
3111 3165 3250 3220 dixit
3276 3169 3556 3237 apostolis
3585 3192 3598 3224 :
3643 3171 3782 3228 «Vos
3797 3190 3872 3226 aa-

2296 3258 2402 3306 tem
2434 3253 2848 3324 baptizabimini
2900 3254 3107 3326 Spiritu
3131 3269 3342 3324 sancto,
3382 3276 3498 3315 non
3551 3274 3686 3332 post
3707 3267 3872 3318 multos

2296 3345 2396 3399 hos
2423 3347 2539 3402 dies
2571 3347 2710 3417 (Act.
2737 3347 2800 3417 ι).
2830 3366 2848 3398 ι
2877 3347 3018 3402 llinc
3041 3359 3122 3404 est
3162 3351 3309 3420 quod
3336 3356 3417 3406 ait
3447 3353 3785 3411 Ambrosias
3823 3358 3874 3410 de

2300 3434 2678 3493 Valentiniano
2709 3455 2722 3490 :
2757 3457 2776 3488 ι
2807 3436 3062 3494 Ventrem
3109 3455 3292 3495 meum
3345 3443 3540 3511 doleo,
3573 3457 3636 3500 ut
3665 3449 3872 3517 prome.

2297 3525 2403 3579 tico
2456 3535 2592 3592 utar_
2619 3529 2891 3597 exemplo,
2939 3528 3067 3598 quia
3122 3546 3284 3599 quem
3323 3547 3698 3604 regeneratus
3723 3554 3868 3599 eram,

2296 3617 2476 3671 amisi.
2517 3637 2536 3668 ι
2582 3617 2675 3674 llle
2706 3627 2886 3675 tamen
2931 3621 3162 3691 gratiam
3187 3638 3354 3691 quam
3401 3639 3746 3694 poposcerat
3778 3646 3866 3681 nea

2296 3711 2535 3765 admisit.
2613 3709 2992 3782 Augustinus,
3063 3713 3118 3766 in
3167 3714 3260 3768 lib.
3317 3730 3368 3768 ιγ
3422 3714 3502 3771 De
3575 3719 3874 3789 baptismo;

2303 3818 2320 3851 ‹
2365 3799 2736 3856 Considerans
2782 3802 3049 3857 latronem
3107 3804 3195 3856 cui
3244 3803 3454 3859 dictum
3517 3818 3612 3862 est
3658 3827 3674 3861 :
3731 3809 3876 3865 [lotiie

2295 3906 2509 3946 mecum
2540 3893 2651 3948 eris
2691 3893 2746 3947 in
2777 3895 3055 3964 paradiso,
3093 3895 3313 3951 invenio
3351 3913 3461 3952 non
3496 3908 3726 3957 tantum
3769 3921 3878 3973 pas-

2297 3981 2506 4037 sionem
2549 3999 2649 4053 pro
2685 3987 2904 4042 nomine
2953 3989 3158 4046 Christi
3211 3992 3263 4046 id
3294 3994 3444 4063 quod
3483 4011 3558 4050 ex
3621 3999 3874 4068 baptisma)

2295 4073 2447 4127 deest
2469 4075 2719 4144 supplere
2751 4092 2930 4146 posse,
2965 4080 3057 4134 sed
3081 4089 3136 4135 et
3177 4083 3338 4137 fidem
3368 4089 3872 4143 conversationem-

2295 4177 2403 4230 que
2463 4165 2666 4231 cordis,
2714 4165 2761 4221 si
2807 4165 2949 4222 forte
3007 4170 3077 4224 ad
3119 4171 3511 4228 celebrandum
3569 4181 3874 4248 mysterium

2297 4253 2553 4324 baptismi
2607 4257 2663 4310 in
2718 4260 2989 4330 angustiis
3018 4271 3322 4333 temporum
3373 4271 3640 4323 succurri
3667 4286 3775 4324 non
3803 4287 3880 4340 pe-

2297 4355 2420 4401 test.
2463 4366 2482 4399 ι
2533 4347 2808 4414 Quantum
2865 4353 3051 4423 itaque
3092 4356 3271 4410 valeat
3305 4357 3474 4412 etiam
3535 4362 3750 4416 visibili
3802 4365 3878 4416 tn~

3599 4473 3614 4507 :
3667 4474 3690 4506 ε
3727 4455 3880 4508 (ἷςιῑέεε

2275 4531 2542 4590 creditur
2597 4535 2982 4606 adjustitiam,
3017 4555 3111 4594 ore
3164 4550 3346 4595 autem
3389 4543 3684 4600 confessio
3741 4548 3798 4600 tit
3829 4549 3878 4598 ai

2299 4625 2528 4678 salutem
2554 4625 2728 4696 (Rom.
2768 4628 2890 4697 x)»;
2924 4639 3052 4686 tunc
3076 4631 3328 4702 impletur
3355 4634 3746 4704 invisibiliter,
3775 4656 3880 4693 (om

2299 4716 2618 4784 mysterium
2681 4716 2938 4786 baptismi
2997 4735 3104 4774 non
3161 4731 3512 4792 contemptus
3585 4728 3880 4798 religionis.

2298 4805 2391 4860 sed
2432 4808 2695 4861 articulus
2727 4811 3066 4866 necessitatis
3104 4815 3362 4869 excludit.
3398 4814 3712 4873 Sciendum
3755 4821 3881 4889 quod

2297 4895 2636 4966 Augustinus
2689 4900 2830 4955 hanc
2898 4905 3223 4958 sententiam
3285 4922 3392 4961 non
3443 4912 3798 4976 retractavit,
3839 4925 3885 4962 ut

2296 4989 2517 5056 quidam
2570 4989 2706 5046 falso
2736 5001 2951 5061 putant,
2995 4996 3088 5049 sed
3148 4997 3278 5052 illud
3323 4999 3475 5068 quod
3521 5001 3582 5054 in
3640 5005 3882 5072 exempla

2295 5078 2779 5136 dixeratlatronem
2795 5099 2900 5136 non
2916 5084 3084 5140 fuisse
3098 5087 3452 5156 baptizatum,
3467 5093 3604 5160 quia
3623 5094 3882 5150 incertum

2295 5180 2381 5226 est
2407 5182 2588 5228 utrum
2619 5175 2780 5232 fuerit
2809 5177 3115 5248 baptizatus
3145 5197 3214 5234 an
3241 5199 3370 5236 non.
3412 5187 3576 5250 Quod
3601 5203 3742 5258 ergo
3767 5190 3881 5243 abii

2296 5263 2401 5317 ait:
2429 5266 2892 5323 Cathecumcnum
2905 5272 3052 5324 enim
3077 5276 3331 5342 quamvis
3363 5276 3415 5328 in
3447 5278 3614 5334 bonis
3631 5283 3884 5349 operibus

2295 5356 2609 5413 defunctum
2642 5360 2806 5415 vitam
2837 5362 3038 5418 habere
3061 5381 3169 5419 non
3198 5368 3500 5434 credimus,
3531 5386 3650 5424 non
3681 5387 3882 5442 martyr

2295 5448 2478 5506 fuerit.
2508 5451 2632 5508 Haec
2667 5463 2719 5508 et
2747 5455 2832 5510 his
2859 5457 3058 5512 similia
3090 5459 3157 5512 de
3183 5465 3676 5522 contemnentibus
3707 5482 3884 5522 sacra-

2293 5552 2477 5598 menta
2501 5545 2758 5614 baptismi
2786 5549 2928 5602 dicta
2959 5559 3105 5606 sunt.

2370 5655 2388 5686 ι
2419 5635 2575 5702 Quod
2612 5647 2798 5694 natum
2836 5652 2921 5696 est
2945 5658 3011 5697 ex
3059 5657 3246 5707 carne.
3291 5663 3422 5702 caro
3450 5659 3574 5714 est;
3628 5663 3686 5705 et
3743 5655 3882 5723 quod

2294 5736 2484 5782 natum
2533 5739 2618 5784 est
2663 5747 2730 5784 ex
2775 5734 2993 5806 spiritu,
3064 5737 3288 5806 spiritus
3317 5749 3422 5795 est.
3508 5759 3528 5793 ι
3565 5741 3884 5814 ὃρὶεἰιιιειι
