3950 6380
149 339 283 399 991

1109 332 1685 396 DEFLORATIONES
1721 339 1822 397 SS.
1864 338 2174 396 PATRUM.
2215 369 2286 382 —-
2325 339 2454 397 LIB.
2499 339 2541 396 l.

3351 343 3453 401 998

153 457 523 514 nativitatem
553 448 838 527 distinguit
873 463 908 510 ‘a
945 454 1172 510 carnali.
1205 453 1285 508 Ex
1333 452 1540 526 Spiritu
1571 457 1762 511 sancto
1795 460 1839 516 Α
1866 469 2093 524 possum
2126 454 2396 510 suscitare
2420 453 2692 523 dejectum
2719 469 2750 510 a
2781 453 2969 522 vobis,
3002 454 3147 525 quod
3175 462 3451 510 terrenum

154 549 412 620 spiritus
436 556 642 613 noster,
667 547 718 602 id
743 554 826 602 est
842 546 1048 612 anima,
1070 546 1313 600 nascitur
1336 545 1388 598 in
1415 543 1548 608 Deo,
1571 561 1696 600 cum
1716 545 1766 600 ei

152 655 271 711 per
299 639 558 711 gratiam,
588 652 710 709 quae
738 636 978 708 Spiritus
1002 645 1226 692 sanctus
1262 637 1601 706 intelligitur,
1643 652 1769 706 pec-

156 739 301 784 cata
334 728 707 794 remittuntur,
741 744 807 782 ne
847 736 1132 798 propterea
1157 727 1527 782 damnationis
1549 742 1766 796 ptenam

158 821 450 876 incurrat.
497 819 617 875 Non
671 820 818 876 enim
876 836 1027 887 caro,
1083 821 1180 875 sed
1228 820 1411 874 anima
1464 829 1641 890 potest
1683 819 1768 874 vel

156 911 384 982 puniri.
430 930 449 963 ι

248 1021 269 1053 ‹
310 999 432 1055 Νοη
465 999 682 1056 mireris
711 1001 840 1070 quia
867 1000 979 1055 dixi
1012 1001 1107 1055 tibi
1143 1010 1157 1054 ξ
1186 998 1414 1070 Oportet
1461 1015 1559 1054 vos
1612 999 1766 1055 nasci

157 1094 382 1147 denuo.
415 1092 653 1163 Spiritus
679 1095 770 1148 ubi
803 1096 913 1150 vult
946 1096 1136 1166 spirat,
1159 1105 1210 1151 et
1234 1111 1420 1150 vocem
1444 1095 1564 1164 ejus
1587 1095 1764 1162 audis,

158 1191 223 1237 et
281 1197 392 1236 non
416 1183 525 1237 scis
579 1183 724 1238 unde
759 1183 939 1238 veniat
971 1192 1025 1238 et
1077 1200 1188 1254 quo
1237 1185 1419 1238 vadat.
1483 1203 1501 1235 ι
1551 1182 1640 1238 Sic
1685 1193 1769 1239 est

157 1274 360 1328 omnis
401 1273 496 1343 qui
521 1282 680 1328 natus
707 1282 877 1328 estex
910 1275 1126 1343 spiritu.
1161 1275 1402 1344 Spiritus
1439 1284 1766 1344 potestatem

161 1363 344 1417 habet
385 1363 586 1432 quibus
631 1364 746 1417 vult
791 1364 1024 1435 gratiam
1075 1365 1414 1421 remissionis
1464 1367 1764 1436 impertire,

159 1461 226 1508 et
267 1468 460 1509 Vocem
503 1454 624 1523 ejus
665 1455 1010 1524 corporalem
1068 1457 1228 1512 audis
1285 1472 1352 1512 eo
1397 1457 1652 1528 loquente
1710 1459 1764 1512 in

162 1545 388 1600 sanctis
407 1547 876 1615 praedicatoribus,
903 1549 1058 1618 juxta
1088 1549 1220 1603 illud
1249 1568 1261 1604 :
1295 1568 1312 1600 ι
1352 1548 1467 1605 Νοη
1493 1552 1640 1605 enim
1667 1567 1766 1608 vos

163 1636 335 1700 estis,
367 1637 461 1706 qui
503 1637 814 1707 loquimini,
846 1641 939 1694 sed
973 1639 1211 1709 Spiritus
1258 1639 1438 1696 Patris
1467 1643 1636 1697 vestri
1667 1643 1764 1712 qui

164 1727 426 1798 loquitur
457 1730 510 1783 in
544 1731 699 1786 vobis
738 1730 958 1800 (Matth.
993 1732 1070 1802 κ).
1112 1751 1130 1783 ›
1183 1731 1570 1789 Verumtamen
1606 1736 1765 1805 igno-

1871 555 1975 610 est,
2023 547 2300 616 quomodo
2349 545 2572 601 creditis
2618 547 2746 617 quia
2792 562 2890 616 per
2927 547 3178 616 spiritum
3225 558 3457 618 possunt

1871 637 2122 692 homines
2144 638 2487 708 regenerari?
2514 636 2669 694 Nunc
2699 648 2878 692 tamen
2907 654 3002 708 per
3029 639 3456 708 increpationem

1871 727 2156 780 invitatum
2208 727 2275 781 ad
2304 728 2668 781 humilitatem
2697 728 2921 781 instruit
2954 728 3133 783 adhuc
3162 729 3229 782 de
3271 730 3457 783 divina

1871 829 1924 872 et
1949 819 2186 872 humana
2221 819 2306 873 sui
2339 820 2640 885 nativitate,
2667 819 2735 874 de
2765 820 3020 889 passione
3047 828 3100 874 et
3136 823 3458 876 ascensione

1871 920 1923 964 et
1948 910 2070 964 aliis
2110 909 2377 979 pluribus.
2417 909 2573 964 Unde
2599 913 2888 980 sequitur:
2931 930 2949 962 ι
2984 911 3048 965 Ει
3072 927 3235 966 nemo
3265 927 3460 967 ascen-

1870 1001 1948 1055 dit
1979 1001 2030 1054 in
2063 1003 2286 1067 caelum,
2319 1003 2424 1056 nisi
2449 1003 2541 1072 qui
2576 1001 2644 1055 de
2671 1003 2813 1055 cmlo
2842 1003 3124 1057 descendit
3155 1001 3324 1058 Filius
3355 1004 3454 1057 ho-

1872 1093 2039 1146 minis
2083 1095 2176 1162 qui
2229 1103 2311 1148 est
2360 1094 2413 1148 iu
2469 1094 2628 1148 ewlo.
2674 1113 2691 1144 ι
2743 1092 2914 1148 Nemo
2955 1095 3222 1158 ascendit,
3275 1095 3328 1149 id
3374 1104 3459 1150 est

1870 1183 2165 1237 ascendere
2203 1183 2352 1248 facit,
2393 1185 2459 1238 ad
2497 1184 2850 1238 eminentiam
2882 1201 3133 1255 supernae
3160 1190 3302 1253 vitaz,
3347 1187 3458 1243 nisi

1869 1273 1961 1342 qui
1987 1273 2114 1327 inde
2145 1273 2427 1328 descendit
2459 1274 2798 1330 humiliando
2825 1292 2904 1343 se,
2939 1277 2989 1330 id
3023 1287 3108 1332 est
3133 1277 3301 1333 Filius
3337 1277 3456 1346 Dei,

1869 1363 1963 1432 qui
1999 1372 2084 1417 est
2111 1360 2347 1417 Verbum
2396 1362 2598 1430 Patris,
2643 1375 2886 1419 nostram
2931 1368 3264 1421 assumenda
3306 1367 3459 1421 inﬁr-

1871 1453 2148 1519 mitatem,
2211 1453 2514 1507 secundum
2568 1469 2735 1526 quam
2792 1455 2973 1510 minor
3027 1455 3230 1510 dicitur
3278 1456 3455 1512 Patre.

1869 1543 2178 1611 Descendit,
2211 1545 2457 1615 inquam,
2506 1561 2600 1616 per
2629 1546 2733 1601 hoc
2763 1546 2906 1601 lilius
2939 1547 3178 1602 hominis
3208 1547 3456 1615 ell‘ectus,

1869 1636 1963 1706 qui
1994 1645 2178 1690 tamen
2224 1636 2277 1690 in
2331 1638 2472 1692 cwlo
2517 1647 2620 1702 est,
2672 1639 2776 1694 hoc
2809 1639 2979 1694 estin
3013 1639 3103 1692 illa
3149 1640 3460 1710 aequalitate

1870 1723 2048 1780 Patris
2074 1740 2239 1794 quam
2284 1735 2442 1780 antea
2473 1726 2680 1780 habuit.
2729 1728 3034 1783 Assumens
3077 1729 3279 1798 quippe
3309 1730 3458 1799 quod

163 1833 270 1874 ras
333 1835 402 1874 an
451 1821 542 1874 illa
585 1836 691 1874 νοχ
741 1835 836 1890 ρει-
901 1821 1315 1892 intelligentiam
1377 1824 1446 1878 ad
1497 1801 1764 1893 quos'dam
1802 1801 1843 1855 Β
1870 1827 1978 1865 non
2008 1823 2146 1878 erat,
2180 1830 2286 1867 non
2319 1815 2504 1868 amisit
2535 1817 2680 1885 quod
2727 1826 2864 1870 erat.
2898 1817 3108 1871 Aliter:
3141 1817 3285 1872 Deus
3313 1818 3456 1873 divi-

162 1911 382 1976 veniat,
416 1911 578 1966 idest
606 1911 674 1966 de
709 1928 817 1982 qua
848 1927 1010 1968 causa
1047 1915 1238 1968 eodem
1295 1914 1498 1984 Spiritu
1549 1927 1762 1986 agente,

162 2001 404 2068 quidam
437 2003 669 2058 fortasse
698 2004 881 2058 minus
911 2005 1111 2059 eruditi
1155 2021 1344 2060 vocem
1384 2007 1528 2061 illam
1564 2010 1765 2064 intelli-

163 2103 332 2161 gant,
363 2101 416 2147 et
433 2109 561 2163 quo,
584 2095 634 2148 id
661 2104 742 2149 est
759 2111 856 2165 pro
879 2111 990 2165 quo
1012 2097 1196 2163 modo,
1219 2099 1378 2153 vadat
1395 2100 1463 2154 ab
1475 2101 1766 2172 aliiszejque

162 2185 591 2256 paenitentibus,
635 2189 737 2242 hoc
791 2197 874 2244 est
901 2189 1018 2244 sine
1049 2191 1401 2262 intelligentia
1434 2202 1676 2250 transeat
1697 2196 1767 2250 ab

165 2278 307 2334 illis.
337 2278 420 2332 Ad
468 2279 612 2334 hunc
656 2281 877 2335 modum
923 2281 981 2335 ﬁt
1013 2281 1102 2336 illa
1137 2284 1392 2339 nativitas
1423 2301 1544 2356 qua:
1591 2296 1765 2342 estex

165 2370 397 2439 spiritu,
432 2378 484 2424 te
530 2365 782 2426 videlicet
827 2373 1124 2440 nesciente,
1171 2373 1444 2431 discutere
1489 2379 1765 2446 quomodo

163 2463 226 2517 id
257 2460 498 2532 Spiritus
553 2463 896 2520 invisibiliter
952 2474 1096 2531 agat,
1147 2467 1239 2520 ubi
1279 2467 1393 2536 ipse
1424 2469 1559 2522 nihil
1581 2485 1769 2539 corpo-

164 2555 366 2609 raliter
397 2563 674 2624 operatur.
723 2554 800 2610 Ne
844 2557 1059 2612 mireris
1093 2574 1224 2630 ergo
1275 2561 1341 2614 de
1391 2561 1512 2624 hoc,
1562 2563 1767 2618 scilicet

165 2645 326 2716 quod
374 2647 554 2716 agitur
607 2647 801 2717 spiritu
856 2648 909 2702 in
941 2649 1028 2703 illa
1058 2652 1424 2720 generatione,
1458 2653 1502 2707 si
1529 2654 1761 2710 nescias.

167 2735 274 2791 Vel
303 2737 379 2792 ita
415 2756 427 2792 :
457 2737 693 2808 Spiritus
737 2740 789 2793 in
819 2750 1087 2810 potestate
1131 2742 1292 2797 habet
1349 2753 1408 2798 ut
1433 2745 1590 2814 cujus
1629 2747 1762 2813 vult,

166 2843 272 2883 cor
301 2830 550 2896 illustret,
566 2841 616 2885 et
641 2831 708 2897 si,
737 2840 786 2885 te
809 2832 1125 2901 pmniteute,
1150 2836 1458 2904 quempiam
1482 2838 1547 2891 ad
1573 2837 1763 2892 horam

168 2922 484 2991 repleverit,
517 2939 704 2978 vocem
737 2925 960 2994 quidem
1024 2925 1144 2995 ejus
1180 2927 1409 2996 spiritus
1438 2929 1616 2994 audis,
1669 2931 1764 2986 sed

168 3027 286 3067 non
303 3014 412 3070 scis
443 3016 585 3070 unde
607 3017 849 3071 veniatet
876 3033 986 3087 quo
1002 3019 1182 3081 vadat,
1197 3019 1343 3074 idest
1362 3022 1640 3090 quomodo
1669 3035 1766 3077 cor

171 3103 324 3161 illius
359 3107 659 3172 intraverit,
697 3109 780 3162 vel
816 3110 1092 3178 quomodo
1122 3110 1360 3165 redierit.
1389 3110 1594 3166 Natura
1617 3113 1761 3168 enim
1791 3150 1832 3206 Ο

171 3195 464 3251 invisibilis
495 3207 596 3253 est.
640 3197 731 3254 Sic
757 3199 1106 3254 invisibiliter
1154 3199 1347 3270 incipit
1389 3211 1613 3256 renatus
1639 3217 1762 3258 esse

173 3298 368 3359 agente
424 3290 626 3360 Spiritu
659 3333 672 3356 ,
730 3291 876 3361 quod
929 3307 1039 3346 non
1086 3301 1223 3358 erat,
1285 3292 1359 3347 ita
1412 3301 1474 3347 ut
1527 3293 1762 3349 infidelis

176 3381 387 3435 nesciat
415 3382 559 3436 unde
599 3385 798 3448 veniat,
843 3392 898 3438 et
930 3399 1039 3452 quo
1085 3385 1266 3450 vadat,
1307 3386 1382 3438 'in
1423 3402 1530 3445 qua
1587 3388 1761 3458 gratia

175 3473 361 3526 veniat
382 3473 436 3526 in
461 3473 806 3544 adeptionem
840 3473 1076 3528 ﬁliorum
1104 3474 1218 3541 Dei,
1260 3485 1316 3530 et
1359 3479 1523 3532 vadat
1557 3479 1609 3532 in
1639 3495 1762 3548 per-

177 3563 479 3632 ceptionem
511 3565 748 3620 ccelestis
784 3565 961 3634 regni.
990 3564 1125 3631 Qua:
1148 3567 1278 3636 quia
1331 3567 1608 3639 incognita
1631 3579 1762 3626 sunt

179 3656 408 3722 carnali,
453 3656 648 3710 iterum
692 3659 907 3726 quaerit.

259 3763 278 3796 ι
307 3743 605 3814 Respondit
656 3745 1016 3814 Nicodemus,
1050 3756 1104 3802 et
1134 3749 1272 3803 dixit
1322 3750 1372 3804 ei
1405 3767 1419 3802 :
1471 3749 1760 3816 Quomodo

183 3845 410 3908 possunt
440 3837 555 3891 hanc
585 3837 735 3892 ﬁeri?
759 3837 1060 3907 Respondit
1087 3839 1270 3905 Jesus,
1298 3849 1352 3894 et
1381 3841 1519 3894 dixit
1552 3843 1600 3895 ei
1634 3861 1646 3896 :
1676 3841 1758 3896 Tu

184 3945 243 3985 es
272 3929 524 3999 magister
560 3929 612 3983 in
641 3927 826 3996 Israel,
857 3938 911 3984 et
942 3931 1056 3986 lucc
1087 3931 1341 4002 ignoras?
1374 3952 1391 3982 ι
1422 3931 1563 3999 Quid
1599 3935 1760 4004 quasi

187 4021 472 4076 insultabat
497 4019 761 4076 Dominus
783 4022 1078 4092 magistro?
1103 4022 1328 4078 Volebat
1346 4023 1497 4078 illum
1520 4026 1671 4080 nasci
1691 4042 1758 4081 ex

187 4111 369 4182 spiritu
401 4131 413 4165 :
443 4113 589 4183 quod
617 4114 824 4183 nequit,
857 4114 963 4170 nisi
991 4115 1237 4170 humilis.
1266 4113 1358 4171 Ille
1387 4125 1569 4170 autem
1602 4119 1758 4173 inﬁa-

188 4214 273 4258 tus
307 4213 442 4273 erat,
488 4215 543 4260 et
573 4206 806 4274 alicujus
847 4209 1109 4264 momenti
1157 4208 1261 4265 sibi
1293 4225 1416 4265 esse
1446 4210 1753 4280 videbatur,

188 4297 306 4367 quia
327 4297 517 4354 doctor
540 4308 658 4354 erat
683 4298 1018 4354 Judteornm.

265 4389 494 4456 tAmen,
528 4406 684 4444 amen
709 4391 831 4446 dico
869 4392 986 4458 tibi,
1028 4393 1155 4463 quia
1177 4393 1322 4464 quod
1346 4395 1552 4450 scimus
1579 4395 1758 4466 loqui-

1870 1902 2091 1958 nitatem
2135 1919 2290 1957 suam
2341 1921 2450 1958 non
2495 1906 2774 1977 indignam
2830 1908 3042 1962 censuit
3094 1909 3314 1962 nomine
3361 1911 3457 1964 lilii

1870 1993 2131 2059 hominis,
2175 1996 2318 2049 sicut
2355 2009 2575 2048 carnem
2622 2012 2778 2050 suam
2825 1999 3081 2066 dignatus
3115 2007 3199 2053 est
3236 1999 3457 2053 nomine

1869 2082 1988 2136 Filii
2015 2082 2131 2148 Dei,
2167 2101 2233 2138 ne
2261 2087 2418 2154 quasi
2448 2085 2560 2140 duo
2597 2086 2801 2141 Christi
2831 2088 3124 2142 diceretur.
3153 2086 3220 2141 Et
3256 2089 3329 2142 ita
3358 2105 3457 2159 per

1868 2173 2183 2229 distantiam
2199 2175 2500 2232 divinitatis
2515 2186 2569 2231 et
2587 2177 2946 2245 inﬁrmitatis,
2966 2177 3138 2234 Filius
3155 2178 3248 2234 Dei
3268 2196 3455 2236 mane-

1869 2264 1963 2319 bat
2004 2265 2057 2319 in
2093 2268 2254 2331 coelo,
2300 2268 2446 2324 ﬁlius
2492 2269 2730 2324 hominis
2769 2271 3022 2326 manebat
3051 2273 3106 2325 in
3143 2280 3308 2327 terra.
3351 2272 3455 2328 Per

1871 2355 2131 2410 unitatem
2165 2371 2290 2411 vero
2318 2371 2584 2426 personae,
2609 2374 2731 2428 qua:
2760 2359 2814 2413 in
2837 2360 3052 2416 duabus
3077 2362 3286 2416 naturis
3309 2378 3455 2416 unus

1867 2443 2122 2500 Christus
2153 2455 2259 2511 est,
2303 2456 2357 2500 et
2386 2445 2558 2502 Filius
2605 2447 2697 2502 Dei
2743 2449 3058 2505 ambulabat
3089 2452 3142 2504 in
3188 2462 3365 2519 terra;
3399 2463 3451 2508 et

1870 2535 2010 2588 idem
2026 2536 2142 2604 ipse
2156 2535 2325 2591 Filius
2343 2536 2583 2592 hominis
2609 2539 3171 2596 diciturdesceudisse
3191 2541 3259 2596 de
3289 2543 3450 2609 cmlo,

1867 2637 1922 2683 et
1950 2639 2077 2683 aute
2103 2631 2416 2700 passionem
2451 2630 2624 2687 fuisse
2651 2632 2702 2685 in
2735 2633 2896 2687 caelo.
2935 2632 3146 2689 Sensus
3170 2649 3302 2705 ergo
3324 2645 3408 2690 est
3436 2655 3449 2690 :

1868 2720 2039 2775 Nemo
2069 2723 2316 2779 ascendit
2359 2723 2413 2776 in
2449 2724 2672 2789 malum,
2712 2724 2816 2779 nisi
2851 2723 3109 2780 Christus
3140 2727 3193 2780 in
3225 2742 3451 2797 corpore

1868 2830 1988 2879 suo,
2009 2816 2152 2883 quod
2177 2823 2259 2870 est
2284 2814 2543 2869 Ecclesia.
2568 2813 2862 2884 Propterea
2892 2833 3128 2888 namque
3149 2818 3452 2887 descendit,

1868 2916 1928 2962 ut
1957 2907 2012 2961 in
2041 2907 2180 2962 emlo
2213 2916 2269 2962 et
2310 2922 2435 2962 cum
2473 2908 2566 2961 illo
2590 2924 2758 2962 unum
2804 2919 2991 2964 essent
3020 2911 3111 2980 qui
3160 2927 3255 2975 per
3298 2913 3450 2967 illum

1867 3000 2150 3056 ascensuri
2177 3010 2352 3054 erant.
2397 2998 2663 3053 Dominus
2710 3002 2958 3054 ascendit
2987 3019 3001 3067 ;
3037 3017 3238 3071 corpus
3269 3013 3450 3057 autem

1869 3109 1977 3148 non
2008 3091 2274 3155 ascendit,
2301 3091 2394 3145 sed
2422 3090 2658 3144 levatum
2688 3099 2770 3145 est
2800 3091 2853 3146 in
2885 3092 3084 3147 ctelum
3117 3093 3209 3147 illo
3239 3093 3450 3149 levante

1867 3187 1960 3258 qni
2003 3185 2269 3241 ascendit.
2320 3183 2377 3238 Si
2407 3185 2534 3254 quis
2564 3184 2708 3239 enim
2748 3185 3051 3251 descendit,
3090 3186 3237 3241 verbi
3279 3189 3449 3257 gratia

1864 3281 1932 3336 de
1964 3288 2145 3332 monte
2175 3276 2384 3341 nudus;
2416 3292 2539 3331 cum
2582 3285 2763 3330 autem
2812 3277 3140 3344 ascenderit,
3168 3279 3364 3334 vestiat
3391 3295 3449 3335 se

1865 3380 2010 3427 recte
2040 3387 2052 3424 :
2088 3371 2275 3439 utique
2312 3368 2551 3422 dicimus
2588 3383 2748 3422 nemo
2781 3369 3030 3423 ascendit
3079 3369 3184 3425 nisi
3216 3371 3310 3440 qui
3349 3372 3449 3427 de-

1865 3463 2106 3528 scendit;
2147 3477 2246 3516 nec
2273 3468 2478 3516 vestem
2515 3459 2930 3516 consideramus
2953 3478 3116 3532 quam
3150 3479 3335 3519 secum
3366 3465 3417 3520 le
3443 3499 3449 3506 -

1861 3558 2025 3622 vavit,
2075 3555 2168 3610 sed
2216 3555 2396 3624 ipsum
2443 3553 2538 3624 qui
2588 3553 2815 3608 vestitus
2857 3563 2940 3610 est
2985 3555 3164 3610 solum
3208 3556 3448 3614 dicimus

1862 3647 2194 3702 ascendisse.

1939 3761 1956 3792 ‹
1990 3740 2053 3793 Ει
2077 3741 2219 3794 sicut
2243 3737 2457 3807 Moyses
2493 3736 2752 3790 exaltavit
2790 3747 3095 3806 serpentem
3128 3737 3183 3791 in
3208 3737 3447 3802 deserto,

1863 3833 1934 3887 ita
1966 3832 2193 3886 exaltari
2232 3839 2445 3898 Oportet
2486 3827 2684 3880 Filium
2740 3828 3000 3892 hominis,
3035 3839 3094 3882 ut
3135 3830 3318 3884 omnis
3351 3829 3445 3898 qui

1861 3923 2032 3980 credit
2063 3923 2114 3974 in
2144 3922 2345 3989 ipsum,
2374 3934 2481 3971 non
2513 3928 2717 3986 pereat,
2749 3919 2840 3972 sed
2868 3920 3063 3973 habeat
3091 3919 3256 3972 vitam
3283 3929 3446 3973 teter-

1861 4032 2008 4071 nam.
2045 4035 2062 4066 ι
2097 4013 2367 4067 Ρθτιωευε
2401 4009 2454 4062 iu
2481 4023 2666 4062 eremo
2689 4008 2833 4079 longi
2865 4009 3068 4063 laboris
3091 4010 3324 4078 populus
3351 4008 3448 4064 Dei

1862 4106 2227 4163 murmuravit
2267 4112 2456 4160 contra
2499 4105 2790 4158 Dominum
2836 4111 2890 4155 et
2921 4101 3162 4171 Moysen.
3208 4100 3448 4170 Ideoque

1863 4200 2127 4255 Dominus
2160 4199 2387 4252 immisit
2416 4199 2470 4252 in
2512 4198 2666 4251 illum
2710 4196 2914 4266 ignitos
2961 4202 3262 4262 serpentes.
3303 4193 3444 4247 Cum

1861 4296 2026 4366 igitur
2064 4293 2277 4364 Moyses
2315 4301 2547 4357 orasset,
2592 4291 2758 4361 jussit
2787 4303 2912 4343 eum
2963 4287 3228 4341 Dominus
3266 4287 3446 4342 facere

1859 4395 2167 4457 serpentem
2198 4400 2432 4450 aeneum,
2461 4394 2514 4439 et
2562 4383 2734 4453 plagis
2783 4395 3075 4450 percussos
3107 4379 3354 4448 aspicere
3387 4378 3442 4432 iu

191 4499 320 4549 mur,
349 4492 402 4538 et
429 4485 574 4553 quod
598 4485 834 4540 vidimus
863 4494 1146 4553 testamur,
1174 4497 1227 4542 et
1250 4489 1621 4543 testimonium
1649 4503 1750 4543 no-
1785 4486 1830 4542 D
1858 4495 2008 4546 cum.
2054 4487 2115 4534 ιιι
2154 4478 2418 4532 νίνοτθηῑο
2460 4475 2566 4542 Ουί
2611 4482 2740 4529 sum
2789 4480 3067 4541 serpentes
3098 4469 3445 4524 mordent“?

193 4581 349 4628 strum
379 4591 486 4628 non
529 4576 827 4646 accipitis.»
857 4575 916 4631 Si
941 4586 1124 4632 essent
1169 4578 1405 4634 humiles
1444 4594 1510 4632 ex
1559 4579 1753 4649 spiritu

194 4665 314 4731 nati,
352 4667 633 4721 crederent
671 4683 734 4722 ea
771 4684 894 4738 qua:
927 4667 1196 4724 Dominus
1225 4685 1350 4724 cum
1389 4671 1669 4740 prophetis
1700 4680 1756 4728 et

194 4758 433 4828 apostolis
458 4763 688 4813 testator
719 4758 852 4814 foris
889 4761 1093 4814 mundo
1122 4760 1188 4814 de
1224 4761 1310 4815 bis
1337 4777 1461 4831 qua:
1501 4763 1754 4819 videntur

196 4850 245 4903 in
268 4849 574 4905 abscondito
614 4849 727 4904 Dei.
759 4849 1100 4919 Evangelisla
1131 4851 1371 4908 Joannes
1424 4853 1477 4907 in
1519 4871 1754 4912 consue-

194 4937 360 4992 tudine
394 4939 557 4994 habet
598 4941 876 5010 geminare
912 4939 1085 4993 Amen
1131 4940 1182 4993 in
1223 4940 1638 4999 conﬁrmatione
1665 4946 1751 5000 di—

193 5032 422 5086 vinorum
467 5033 780 5098 verborum,
814 5031 944 5085 illud
983 5033 1268 5087 attendens
1299 5035 1444 5102 quod
1486 5033 1752 5090 Dominus

194 5123 260 5177 ait
279 5142 289 5175 :
308 5144 323 5174 ‹
345 5121 423 5177 Sit
448 5139 629 5178 sermo
653 5133 857 5178 vester:
887 5122 983 5176 Est
1003 5133 1107 5188 est,
1137 5143 1155 5174 ›
1181 5122 1282 5178 hoc
1303 5133 1386 5178 est
1407 5139 1501 5193 per
1521 5125 1754 5196 duplici-

196 5223 337 5270 tatem
367 5215 500 5270 nihil
536 5215 750 5280 dicatis,
783 5214 874 5270 sed
909 5215 1050 5270 sicut
1074 5215 1276 5274 dicitis.
1321 5213 1609 5285 proferatis
1635 5233 1752 5285 ore,

195 5305 406 5361 credatis
440 5306 624 5361 corde.
677 5304 808 5360 Tale
853 5315 936 5360 est
979 5321 1109 5376 ergo
1149 5307 1344 5373 Amen,
1376 5322 1557 5373 amen,
1605 5323 1669 5362 ac
1704 5309 1751 5362 si

195 5395 412 5452 diceret:
460 5398 732 5463 Gemiuat,
764 5397 816 5451 id
847 5406 929 5452 est
969 5399 1252 5453 veritatem
1291 5407 1400 5452 tam
1437 5398 1553 5453 oris
1583 5414 1750 5469 quam

196 5488 353 5543 cordis
380 5490 717 5559 pronuntiat.

263 5597 278 5629 ι
302 5577 354 5632 Si
381 5588 594 5634 terrena
625 5579 738 5634 dixi
768 5579 946 5644 vobis,
971 5588 1026 5634 et
1045 5593 1153 5634 non
1180 5577 1402 5632 creditis
1431 5577 1750 5647 :'quomodo

193 5670 235 5724 si
256 5667 428 5722 dixero
455 5669 614 5724 vobis
643 5669 904 5736 coelestia,
937 5669 1207 5724 credetis?
1234 5688 1252 5720 ι
1289 5667 1496 5724 Sensus
1530 5679 1652 5722 est:
1690 5668 1748 5724 Si

190 5771 291 5812 non
333 5757 571 5827 creditis,
604 5774 704 5815 nec
729 5758 915 5832 getiam
961 5759 1263 5830 intelligitis
1299 5759 1426 5830 quia
1485 5760 1748 5830 templum

1857 4571 2107 4627 Peccata.
2136 4569 2272 4636 Quis
2314 4584 2538 4638 serpens
2567 4564 2871 4622 exaltatus?
2901 4563 3146 4616 Mortuus
3176 4561 3443 4615 Dominus

1857 4664 1912 4718 in
1936 4679 2119 4728 cruce,
2153 4662 2246 4732 qui
2277 4677 2372 4731 per
2401 4659 2629 4730 eﬁigiem
2673 4658 2942 4728 serpentis
2989 4657 3274 4726 liguratur,
3313 4654 3442 4722 quia

1856 4769 1886 4809 a
1919 4763 2172 4824 serpente
2199 4767 2380 4805 mors.
2414 4749 2740 4804 Liberantur
2779 4763 2912 4818 ergo
2939 4748 3034 4817 qui
3064 4761 3191 4799 eum
3237 4745 3291 4798 in
3335 4743 3442 4798 ﬁde

1856 4845 2136 4900 intuentur
2167 4861 2196 4898 a
2224 4844 2395 4912 plagis
2435 4843 2728 4912 iguitorum
2761 4840 3124 4910 serpentium,
3171 4839 3222 4892 id
3253 4847 3337 4893 est
3371 4838 3442 4893 ab

1856 4937 2144 4992 iucentivis
2169 4935 2449 5000 vitiorum,
2481 4949 2603 5004 qua:
2647 4934 2885 4988 animam
2917 4939 3167 5002 pungunt
3205 4930 3260 4984 in
3291 4944 3441 4984 mor-

1855 5036 1985 5082 tem.

1856 5137 1997 5203 Quid
2020 5137 2089 5190 sit
2120 5138 2432 5206 haptismus,
2458 5144 2506 5188 et
2529 5150 2690 5204 quare
2717 5140 3106 5186 sacramentum
3133 5130 3437 5184 institutum

2448 5208 2519 5260 sit
2554 5206 2823 5275 baptismi.

1924 5299 2200 5366 Quaeritur
2220 5315 2252 5353 a
2273 5299 2552 5354 nonnullis
2575 5299 2706 5368 quid
2734 5297 2806 5351 sit
2828 5296 3154 5367 haptismus,
3182 5303 3236 5348 ct
3265 5307 3436 5362 quare

1855 5392 2164 5448 institutum
2211 5393 2283 5446 sit
2327 5399 2732 5446 sacramentum
2785 5388 3068 5459 baptismi.
3122 5385 3434 5452 Baptismus

1854 5486 2036 5554 itaque
2084 5493 2166 5539 est
2220 5500 2359 5552 aqua
2405 5483 2678 5538 diluendis
2720 5482 3044 5536 criminibus
3095 5475 3438 5532 sanctiﬁcata

1853 5593 1950 5648 per
1977 5575 2202 5630 verbum
2235 5573 2349 5628 Dei.
2383 5571 2790 5643 (AUGUSTINUS).
2815 5570 2968 5638 Aqua
3000 5566 3145 5622 enim
3177 5565 3290 5619 sola
3322 5563 3433 5616 ele—

1853 5676 2096 5723 mentum
2124 5682 2245 5721 esse
2271 5675 2480 5736 ροῑθει;
2515 5670 2918 5718 sacramentum
2949 5671 3070 5714 esse
3094 5671 3203 5712 non
3229 5660 3429 5724 ροιθδι,

1851 5761 2027 5817 donec
2048 5758 2270 5814 accedat
2293 5759 2519 5814 verbum
2553 5756 2620 5811 ad
2651 5755 3002 5822 elementum,
3037 5762 3094 5808 ut
3125 5753 3196 5808 sit
3242 5765 3429 5807 sacra~
