  <div class='ocr_page' id='page_1' title='image "/cluster/home/n/w/nwhite01/storage/ocr_20150623/157/hvd.32044010248185/505.png"; bbox 0 0 3948 6454; ppageno 0'>
   <div class='ocr_carea' id='block_1_1' title="bbox 501 376 622 435">
    <p class='ocr_par' dir='ltr' id='par_1_1' title="bbox 501 376 622 435">
     <span class='ocr_line' id='line_1_1' title="bbox 501 376 622 435; baseline -0.017 1"><span class='ocrx_word' id='word_1_1' title='bbox 501 376 622 435; x_wconf 65' lang='grc'>999</span> 
     </span>
    </p>
   </div>
   <div class='ocr_carea' id='block_1_2' title="bbox 1654 332 2676 413">
    <p class='ocr_par' dir='ltr' id='par_1_2' title="bbox 1654 332 2676 413">
     <span class='ocr_line' id='line_1_2' title="bbox 1654 332 2676 413; baseline -0.015 0"><span class='ocrx_word' id='word_1_2' title='bbox 1654 348 1982 413; x_wconf 70' lang='lat' dir='ltr'><strong>WERNEBI</strong></span> <span class='ocrx_word' id='word_1_3' title='bbox 2008 343 2310 407; x_wconf 62' lang='lat' dir='ltr'><strong>ABBATIS</strong></span> <span class='ocrx_word' id='word_1_4' title='bbox 2351 346 2409 403; x_wconf 84' lang='lat' dir='ltr'><strong>S.</strong></span> <span class='ocrx_word' id='word_1_5' title='bbox 2450 332 2676 401; x_wconf 84' lang='lat' dir='ltr'><strong>BLASll</strong></span> 
     </span>
    </p>
   </div>
   <div class='ocr_carea' id='block_1_3' title="bbox 3648 331 3782 391">
    <p class='ocr_par' dir='ltr' id='par_1_3' title="bbox 3648 331 3782 391">
     <span class='ocr_line' id='line_1_3' title="bbox 3648 331 3782 391; baseline 0.022 -3"><span class='ocrx_word' id='word_1_6' title='bbox 3648 331 3782 391; x_wconf 63' lang='lat' dir='ltr'><strong>Nm</strong></span> 
     </span>
    </p>
   </div>
   <div class='ocr_carea' id='block_1_4' title="bbox 517 441 3786 551">
    <p class='ocr_par' dir='ltr' id='par_1_4' title="bbox 517 441 3786 551">
     <span class='ocr_line' id='line_1_4' title="bbox 517 441 3786 551; baseline -0.015 -4"><span class='ocrx_word' id='word_1_7' title='bbox 517 496 784 547; x_wconf 87' lang='lat' dir='ltr'><strong>mentum.</strong></span> <span class='ocrx_word' id='word_1_8' title='bbox 836 482 1114 551; x_wconf 69' lang='lat' dir='ltr'><strong>Qumritur</strong></span> <span class='ocrx_word' id='word_1_9' title='bbox 1175 489 1346 548; x_wconf 82' lang='lat' dir='ltr'><strong>quare</strong></span> <span class='ocrx_word' id='word_1_10' title='bbox 1410 472 1721 530; x_wconf 81' lang='lat' dir='ltr'><strong>institutum</strong></span> <span class='ocrx_word' id='word_1_11' title='bbox 1802 470 1877 526; x_wconf 89' lang='lat' dir='ltr'><strong>sit</strong></span> <span class='ocrx_word' id='word_1_12' title='bbox 1928 464 2108 538; x_wconf 89' lang='lat' dir='ltr'><strong>bapti-</strong></span> <span class='ocrx_word' id='word_1_13' title='bbox 2137 470 2187 529; x_wconf 75' lang='grc' dir='ltr'><strong>Α</strong></span> <span class='ocrx_word' id='word_1_14' title='bbox 2213 462 2346 518; x_wconf 89' lang='lat' dir='ltr'><strong>dum</strong></span> <span class='ocrx_word' id='word_1_15' title='bbox 2366 459 2483 517; x_wconf 61' lang='lat' dir='ltr'><strong>ehoc</strong></span> <span class='ocrx_word' id='word_1_16' title='bbox 2520 473 2534 512; x_wconf 89' lang='lat'>:</span> <span class='ocrx_word' id='word_1_17' title='bbox 2577 474 2597 551; x_wconf 62' lang='grc' dir='ltr'><strong>ι</strong></span> <span class='ocrx_word' id='word_1_18' title='bbox 2637 453 2951 551; x_wconf 67' lang='lat' dir='ltr'><strong>Sieuutlutl</strong></span> <span class='ocrx_word' id='word_1_19' title='bbox 2970 444 3511 551; x_wconf 38' lang='lat' dir='ltr'><strong>exetjp‘guitignem,</strong></span> <span class='ocrx_word' id='word_1_20' title='bbox 3543 441 3621 551; x_wconf 64' lang='lat' dir='ltr'><strong>ita</strong></span> <span class='ocrx_word' id='word_1_21' title='bbox 3646 444 3786 503; x_wconf 81' lang='lat' dir='ltr'><strong>elec-</strong></span> 
     </span>
    </p>
   </div>
   <div class='ocr_carea' id='block_1_5' title="bbox 519 533 3785 639">
    <p class='ocr_par' dir='ltr' id='par_1_5' title="bbox 519 533 3785 639">
     <span class='ocr_line' id='line_1_5' title="bbox 519 533 3785 639; baseline -0.016 0"><span class='ocrx_word' id='word_1_22' title='bbox 519 582 628 639; x_wconf 90' lang='lat' dir='ltr'><strong>smi</strong></span> <span class='ocrx_word' id='word_1_23' title='bbox 680 533 1103 637; x_wconf 62' lang='lat' dir='ltr'><strong>sacramentum,</strong></span> <span class='ocrx_word' id='word_1_24' title='bbox 1173 533 1228 625; x_wconf 68' lang='lat' dir='ltr'><strong>et</strong></span> <span class='ocrx_word' id='word_1_25' title='bbox 1288 581 1459 638; x_wconf 85' lang='lat' dir='ltr'><strong>quare</strong></span> <span class='ocrx_word' id='word_1_26' title='bbox 1519 560 1869 620; x_wconf 80' lang='lat' dir='ltr'><strong>circumcisio</strong></span> <span class='ocrx_word' id='word_1_27' title='bbox 1894 599 1911 627; x_wconf 95' lang='lat'><strong>,</strong></span> <span class='ocrx_word' id='word_1_28' title='bbox 1984 533 2108 628; x_wconf 68' lang='lat' dir='ltr'><strong>qua:</strong></span> <span class='ocrx_word' id='word_1_29' title='bbox 2188 568 2435 625; x_wconf 81' lang='lat' dir='ltr'><strong>.mosyna</strong></span> <span class='ocrx_word' id='word_1_30' title='bbox 2459 547 2757 619; x_wconf 69' lang='lat' dir='ltr'><strong>exstinguit</strong></span> <span class='ocrx_word' id='word_1_31' title='bbox 2780 552 3061 616; x_wconf 76' lang='lat' dir='ltr'><strong>peccatum</strong></span> <span class='ocrx_word' id='word_1_32' title='bbox 3089 538 3289 611; x_wconf 71' lang='lat' dir='ltr'><strong>(Eccu.</strong></span> <span class='ocrx_word' id='word_1_33' title='bbox 3338 536 3450 605; x_wconf 86' lang='grc' dir='ltr'>ιιι).</span> <span class='ocrx_word' id='word_1_34' title='bbox 3487 553 3525 639; x_wconf 48' lang='lat'><strong>1</strong></span> <span class='ocrx_word' id='word_1_35' title='bbox 3563 533 3785 601; x_wconf 83' lang='lat' dir='ltr'><strong>Quarta,</strong></span> 
     </span>
    </p>
   </div>
   <div class='ocr_carea' id='block_1_6' title="bbox 520 648 2108 736">
    <p class='ocr_par' dir='ltr' id='par_1_6' title="bbox 520 648 2108 736">
     <span class='ocr_line' id='line_1_6' title="bbox 520 648 2108 736; baseline -0.017 -7"><span class='ocrx_word' id='word_1_36' title='bbox 520 673 642 729; x_wconf 89' lang='lat' dir='ltr'><strong>loco</strong></span> <span class='ocrx_word' id='word_1_37' title='bbox 668 670 814 726; x_wconf 75' lang='lat' dir='ltr'><strong>illius</strong></span> <span class='ocrx_word' id='word_1_38' title='bbox 844 665 1022 736; x_wconf 90' lang='lat' dir='ltr'><strong>posita</strong></span> <span class='ocrx_word' id='word_1_39' title='bbox 1066 661 1239 716; x_wconf 87' lang='lat' dir='ltr'><strong>fuisse</strong></span> <span class='ocrx_word' id='word_1_40' title='bbox 1279 666 1524 730; x_wconf 75' lang='lat' dir='ltr'><strong>putatur,</strong></span> <span class='ocrx_word' id='word_1_41' title='bbox 1569 653 1897 711; x_wconf 74' lang='lat' dir='ltr'><strong>succedente</strong></span> <span class='ocrx_word' id='word_1_42' title='bbox 1929 648 2108 719; x_wconf 77' lang='lat' dir='ltr'><strong>bapti-</strong></span> 
     </span>
    </p>
   </div>
   <div class='ocr_carea' id='block_1_7' title="bbox 523 738 2108 820">
    <p class='ocr_par' dir='ltr' id='par_1_7' title="bbox 523 738 2108 820">
     <span class='ocr_line' id='line_1_7' title="bbox 523 738 2108 820; baseline -0.017 -2"><span class='ocrx_word' id='word_1_43' title='bbox 523 777 644 818; x_wconf 89' lang='lat' dir='ltr'><strong>smo</strong></span> <span class='ocrx_word' id='word_1_44' title='bbox 678 757 858 812; x_wconf 89' lang='lat' dir='ltr'><strong>ablata</strong></span> <span class='ocrx_word' id='word_1_45' title='bbox 909 756 1000 820; x_wconf 87' lang='lat' dir='ltr'><strong>sit,</strong></span> <span class='ocrx_word' id='word_1_46' title='bbox 1033 752 1118 806; x_wconf 86' lang='lat' dir='ltr'><strong>vel</strong></span> <span class='ocrx_word' id='word_1_47' title='bbox 1149 757 1377 804; x_wconf 91' lang='lat' dir='ltr'><strong>mutata.</strong></span> <span class='ocrx_word' id='word_1_48' title='bbox 1414 745 1552 801; x_wconf 88' lang='lat' dir='ltr'><strong>Nam</strong></span> <span class='ocrx_word' id='word_1_49' title='bbox 1604 744 1652 800; x_wconf 93' lang='lat' dir='ltr'><strong>si</strong></span> <span class='ocrx_word' id='word_1_50' title='bbox 1685 743 1817 799; x_wconf 90' lang='lat' dir='ltr'><strong>olim</strong></span> <span class='ocrx_word' id='word_1_51' title='bbox 1856 755 1954 812; x_wconf 89' lang='lat' dir='ltr'><strong>per</strong></span> <span class='ocrx_word' id='word_1_52' title='bbox 1996 738 2108 793; x_wconf 88' lang='lat' dir='ltr'><strong>cir-</strong></span> 
     </span>
    </p>
   </div>
   <div class='ocr_carea' id='block_1_8' title="bbox 521 834 2111 911">
    <p class='ocr_par' dir='ltr' id='par_1_8' title="bbox 521 834 2111 911">
     <span class='ocr_line' id='line_1_8' title="bbox 521 834 2111 911; baseline -0.014 -5"><span class='ocrx_word' id='word_1_53' title='bbox 521 847 937 911; x_wconf 87' lang='lat' dir='ltr'><strong>cumcisionem,</strong></span> <span class='ocrx_word' id='word_1_54' title='bbox 963 842 1214 899; x_wconf 83' lang='lat' dir='ltr'><strong>similiter</strong></span> <span class='ocrx_word' id='word_1_55' title='bbox 1238 849 1297 895; x_wconf 90' lang='lat' dir='ltr'><strong>ut</strong></span> <span class='ocrx_word' id='word_1_56' title='bbox 1325 853 1472 894; x_wconf 89' lang='lat' dir='ltr'><strong>nunc</strong></span> <span class='ocrx_word' id='word_1_57' title='bbox 1493 852 1591 907; x_wconf 90' lang='lat' dir='ltr'><strong>per</strong></span> <span class='ocrx_word' id='word_1_58' title='bbox 1612 834 1966 904; x_wconf 85' lang='lat' dir='ltr'><strong>baptismum,</strong></span> <span class='ocrx_word' id='word_1_59' title='bbox 1983 844 2111 899; x_wconf 85' lang='lat' dir='ltr'><strong>pec-</strong></span> 
     </span>
    </p>
   </div>
   <div class='ocr_carea' id='block_1_9' title="bbox 522 920 2110 1002">
    <p class='ocr_par' dir='ltr' id='par_1_9' title="bbox 522 920 2110 1002">
     <span class='ocr_line' id='line_1_9' title="bbox 522 920 2110 1002; baseline -0.014 -7"><span class='ocrx_word' id='word_1_60' title='bbox 522 949 644 996; x_wconf 88' lang='lat' dir='ltr'><strong>cata</strong></span> <span class='ocrx_word' id='word_1_61' title='bbox 691 935 1128 999; x_wconf 91' lang='lat' dir='ltr'><strong>dimittebantur,</strong></span> <span class='ocrx_word' id='word_1_62' title='bbox 1168 931 1299 1002; x_wconf 91' lang='lat' dir='ltr'><strong>quid</strong></span> <span class='ocrx_word' id='word_1_63' title='bbox 1349 940 1572 983; x_wconf 89' lang='lat' dir='ltr'><strong>necesse</strong></span> <span class='ocrx_word' id='word_1_64' title='bbox 1625 923 1728 978; x_wconf 87' lang='lat' dir='ltr'><strong>fuit</strong></span> <span class='ocrx_word' id='word_1_65' title='bbox 1763 932 1823 978; x_wconf 93' lang='lat' dir='ltr'><strong>ut</strong></span> <span class='ocrx_word' id='word_1_66' title='bbox 1853 922 1970 992; x_wconf 90' lang='lat' dir='ltr'><strong>ipsa</strong></span> <span class='ocrx_word' id='word_1_67' title='bbox 2000 920 2110 976; x_wconf 87' lang='lat' dir='ltr'><strong>cir-</strong></span> 
     </span>
    </p>
   </div>
   <div class='ocr_carea' id='block_1_10' title="bbox 522 1018 2114 1092">
    <p class='ocr_par' dir='ltr' id='par_1_10' title="bbox 522 1018 2114 1092">
     <span class='ocr_line' id='line_1_10' title="bbox 522 1018 2114 1092; baseline -0.012 -9"><span class='ocrx_word' id='word_1_68' title='bbox 522 1027 813 1092; x_wconf 85' lang='lat' dir='ltr'><strong>cumcisio,</strong></span> <span class='ocrx_word' id='word_1_69' title='bbox 836 1023 1163 1080; x_wconf 82' lang='lat' dir='ltr'><strong>succedente</strong></span> <span class='ocrx_word' id='word_1_70' title='bbox 1190 1018 1447 1091; x_wconf 84' lang='lat' dir='ltr'><strong>baptismi</strong></span> <span class='ocrx_word' id='word_1_71' title='bbox 1476 1022 1842 1079; x_wconf 89' lang='lat' dir='ltr'><strong>sacramento,</strong></span> <span class='ocrx_word' id='word_1_72' title='bbox 1871 1019 2114 1066; x_wconf 91' lang='lat' dir='ltr'><strong>mutare-</strong></span> 
     </span>
    </p>
   </div>
   <div class='ocr_carea' id='block_1_11' title="bbox 526 1101 2111 1182">
    <p class='ocr_par' dir='ltr' id='par_1_11' title="bbox 526 1101 2111 1182">
     <span class='ocr_line' id='line_1_11' title="bbox 526 1101 2111 1182; baseline -0.012 -10"><span class='ocrx_word' id='word_1_73' title='bbox 526 1119 653 1173; x_wconf 90' lang='lat' dir='ltr'><strong>tur?</strong></span> <span class='ocrx_word' id='word_1_74' title='bbox 690 1115 801 1170; x_wconf 88' lang='lat' dir='ltr'><strong>Cur</strong></span> <span class='ocrx_word' id='word_1_75' title='bbox 828 1123 1011 1169; x_wconf 89' lang='lat' dir='ltr'><strong>autem</strong></span> <span class='ocrx_word' id='word_1_76' title='bbox 1041 1119 1269 1182; x_wconf 81' lang='lat' dir='ltr'><strong>accepta</strong></span> <span class='ocrx_word' id='word_1_77' title='bbox 1311 1109 1495 1164; x_wconf 91' lang='lat' dir='ltr'><strong>minus</strong></span> <span class='ocrx_word' id='word_1_78' title='bbox 1532 1103 1807 1176; x_wconf 82' lang='lat' dir='ltr'><strong>profuisse</strong></span> <span class='ocrx_word' id='word_1_79' title='bbox 1835 1101 2111 1165; x_wconf 81' lang='lat' dir='ltr'><strong>credatur,</strong></span> 
     </span>
    </p>
   </div>
   <div class='ocr_carea' id='block_1_12' title="bbox 525 1193 2116 1280">
    <p class='ocr_par' dir='ltr' id='par_1_12' title="bbox 525 1193 2116 1280">
     <span class='ocr_line' id='line_1_12' title="bbox 525 1193 2116 1280; baseline -0.012 -15"><span class='ocrx_word' id='word_1_80' title='bbox 525 1210 623 1280; x_wconf 89' lang='lat' dir='ltr'><strong>qui</strong></span> <span class='ocrx_word' id='word_1_81' title='bbox 656 1208 903 1279; x_wconf 86' lang='lat' dir='ltr'><strong>neglecta</strong></span> <span class='ocrx_word' id='word_1_82' title='bbox 935 1221 1042 1260; x_wconf 93' lang='lat' dir='ltr'><strong>non</strong></span> <span class='ocrx_word' id='word_1_83' title='bbox 1073 1205 1259 1259; x_wconf 88' lang='lat' dir='ltr'><strong>minus</strong></span> <span class='ocrx_word' id='word_1_84' title='bbox 1287 1200 1545 1256; x_wconf 87' lang='lat' dir='ltr'><strong>nocuisse</strong></span> <span class='ocrx_word' id='word_1_85' title='bbox 1576 1194 1917 1255; x_wconf 82' lang='lat' dir='ltr'><strong>affirmatur?</strong></span> <span class='ocrx_word' id='word_1_86' title='bbox 1961 1193 2116 1247; x_wconf 86' lang='lat' dir='ltr'><strong>Sicut</strong></span> 
     </span>
    </p>
   </div>
   <div class='ocr_carea' id='block_1_13' title="bbox 527 1286 2118 1368">
    <p class='ocr_par' dir='ltr' id='par_1_13' title="bbox 527 1286 2118 1368">
     <span class='ocr_line' id='line_1_13' title="bbox 527 1286 2118 1368; baseline -0.011 -12"><span class='ocrx_word' id='word_1_87' title='bbox 527 1301 677 1357; x_wconf 90' lang='lat' dir='ltr'><strong>enim</strong></span> <span class='ocrx_word' id='word_1_88' title='bbox 704 1314 851 1353; x_wconf 90' lang='lat' dir='ltr'><strong>nunc</strong></span> <span class='ocrx_word' id='word_1_89' title='bbox 888 1313 986 1368; x_wconf 90' lang='lat' dir='ltr'><strong>per</strong></span> <span class='ocrx_word' id='word_1_90' title='bbox 1019 1294 1372 1364; x_wconf 85' lang='lat' dir='ltr'><strong>Evangelium</strong></span> <span class='ocrx_word' id='word_1_91' title='bbox 1399 1291 1602 1346; x_wconf 89' lang='lat' dir='ltr'><strong>dicitur</strong></span> <span class='ocrx_word' id='word_1_92' title='bbox 1630 1307 1643 1344; x_wconf 87' lang='lat'><strong>:</strong></span> <span class='ocrx_word' id='word_1_93' title='bbox 1679 1306 1699 1341; x_wconf 75' lang='grc' dir='ltr'><strong>ι</strong></span> <span class='ocrx_word' id='word_1_94' title='bbox 1724 1286 1841 1342; x_wconf 86' lang='lat' dir='ltr'><strong>Nisi</strong></span> <span class='ocrx_word' id='word_1_95' title='bbox 1871 1286 1996 1357; x_wconf 89' lang='lat' dir='ltr'><strong>quis</strong></span> <span class='ocrx_word' id='word_1_96' title='bbox 2029 1300 2118 1340; x_wconf 90' lang='lat' dir='ltr'><strong>re-</strong></span> 
     </span>
    </p>
   </div>
   <div class='ocr_carea' id='block_1_14' title="bbox 530 1377 2118 1457">
    <p class='ocr_par' dir='ltr' id='par_1_14' title="bbox 530 1377 2118 1457">
     <span class='ocr_line' id='line_1_14' title="bbox 530 1377 2118 1457; baseline -0.009 -11"><span class='ocrx_word' id='word_1_97' title='bbox 530 1401 693 1446; x_wconf 90' lang='lat' dir='ltr'><strong>natus</strong></span> <span class='ocrx_word' id='word_1_98' title='bbox 719 1389 884 1444; x_wconf 89' lang='lat' dir='ltr'><strong>fuerit</strong></span> <span class='ocrx_word' id='word_1_99' title='bbox 913 1404 977 1442; x_wconf 80' lang='lat' dir='ltr'><strong>ex</strong></span> <span class='ocrx_word' id='word_1_100' title='bbox 1010 1402 1152 1457; x_wconf 91' lang='lat' dir='ltr'><strong>aqua</strong></span> <span class='ocrx_word' id='word_1_101' title='bbox 1177 1394 1232 1440; x_wconf 90' lang='lat' dir='ltr'><strong>et</strong></span> <span class='ocrx_word' id='word_1_102' title='bbox 1260 1384 1467 1455; x_wconf 87' lang='lat' dir='ltr'><strong>Spiritu</strong></span> <span class='ocrx_word' id='word_1_103' title='bbox 1494 1389 1708 1447; x_wconf 90' lang='lat' dir='ltr'><strong>sancto,</strong></span> <span class='ocrx_word' id='word_1_104' title='bbox 1740 1393 1852 1434; x_wconf 92' lang='lat' dir='ltr'><strong>non</strong></span> <span class='ocrx_word' id='word_1_105' title='bbox 1894 1377 2118 1433; x_wconf 85' lang='lat' dir='ltr'><strong>intrabit</strong></span> 
     </span>
    </p>
   </div>
   <div class='ocr_carea' id='block_1_15' title="bbox 532 1468 2116 1551">
    <p class='ocr_par' dir='ltr' id='par_1_15' title="bbox 532 1468 2116 1551">
     <span class='ocr_line' id='line_1_15' title="bbox 532 1468 2116 1551; baseline -0.008 -16"><span class='ocrx_word' id='word_1_106' title='bbox 532 1480 588 1535; x_wconf 92' lang='lat' dir='ltr'><strong>in</strong></span> <span class='ocrx_word' id='word_1_107' title='bbox 616 1496 844 1551; x_wconf 82' lang='lat' dir='ltr'><strong>regnum</strong></span> <span class='ocrx_word' id='word_1_108' title='bbox 870 1478 966 1534; x_wconf 92' lang='lat' dir='ltr'><strong>Dei</strong></span> <span class='ocrx_word' id='word_1_109' title='bbox 998 1476 1182 1550; x_wconf 83' lang='lat' dir='ltr'><strong>(Joan.</strong></span> <span class='ocrx_word' id='word_1_110' title='bbox 1214 1475 1297 1546; x_wconf 92' lang='grc' dir='ltr'>ιιι)</span> <span class='ocrx_word' id='word_1_111' title='bbox 1320 1493 1335 1543; x_wconf 91' lang='grc'><strong>;</strong></span> <span class='ocrx_word' id='word_1_112' title='bbox 1373 1493 1392 1526; x_wconf 77' lang='grc' dir='ltr'><strong>ι</strong></span> <span class='ocrx_word' id='word_1_113' title='bbox 1414 1474 1490 1528; x_wconf 91' lang='lat' dir='ltr'><strong>ita</strong></span> <span class='ocrx_word' id='word_1_114' title='bbox 1505 1472 1636 1527; x_wconf 91' lang='lat' dir='ltr'><strong>olim</strong></span> <span class='ocrx_word' id='word_1_115' title='bbox 1662 1486 1759 1541; x_wconf 89' lang='lat' dir='ltr'><strong>per</strong></span> <span class='ocrx_word' id='word_1_116' title='bbox 1778 1471 1951 1540; x_wconf 90' lang='lat' dir='ltr'><strong>legem</strong></span> <span class='ocrx_word' id='word_1_117' title='bbox 1968 1468 2116 1523; x_wconf 83' lang='lat' dir='ltr'><strong>dice-</strong></span> 
     </span>
    </p>
   </div>
   <div class='ocr_carea' id='block_1_16' title="bbox 533 1558 2119 1637">
    <p class='ocr_par' dir='ltr' id='par_1_16' title="bbox 533 1558 2119 1637">
     <span class='ocr_line' id='line_1_16' title="bbox 533 1558 2119 1637; baseline -0.01 -9"><span class='ocrx_word' id='word_1_118' title='bbox 533 1575 695 1628; x_wconf 83' lang='lat' dir='ltr'><strong>batur</strong></span> <span class='ocrx_word' id='word_1_119' title='bbox 723 1590 737 1626; x_wconf 90' lang='lat'><strong>:</strong></span> <span class='ocrx_word' id='word_1_120' title='bbox 774 1590 794 1623; x_wconf 85' lang='grc'><strong>‹</strong></span> <span class='ocrx_word' id='word_1_121' title='bbox 825 1569 1105 1625; x_wconf 82' lang='lat' dir='ltr'><strong>Masculus</strong></span> <span class='ocrx_word' id='word_1_122' title='bbox 1143 1567 1302 1637; x_wconf 82' lang='lat' dir='ltr'><strong>cujus</strong></span> <span class='ocrx_word' id='word_1_123' title='bbox 1332 1580 1461 1620; x_wconf 90' lang='lat' dir='ltr'><strong>caro</strong></span> <span class='ocrx_word' id='word_1_124' title='bbox 1491 1561 1742 1634; x_wconf 73' lang='lat' dir='ltr'><strong>praeputii</strong></span> <span class='ocrx_word' id='word_1_125' title='bbox 1788 1558 2119 1617; x_wconf 88' lang='lat' dir='ltr'><strong>circumcisa</strong></span> 
     </span>
    </p>
   </div>
   <div class='ocr_carea' id='block_1_17' title="bbox 534 1650 2117 1732">
    <p class='ocr_par' dir='ltr' id='par_1_17' title="bbox 534 1650 2117 1732">
     <span class='ocr_line' id='line_1_17' title="bbox 534 1650 2117 1732; baseline -0.009 -12"><span class='ocrx_word' id='word_1_126' title='bbox 534 1681 647 1720; x_wconf 90' lang='lat' dir='ltr'><strong>non</strong></span> <span class='ocrx_word' id='word_1_127' title='bbox 686 1664 869 1729; x_wconf 90' lang='lat' dir='ltr'><strong>fuerit,</strong></span> <span class='ocrx_word' id='word_1_128' title='bbox 914 1661 1109 1732; x_wconf 84' lang='lat' dir='ltr'><strong>peribit</strong></span> <span class='ocrx_word' id='word_1_129' title='bbox 1132 1659 1317 1714; x_wconf 88' lang='lat' dir='ltr'><strong>anima</strong></span> <span class='ocrx_word' id='word_1_130' title='bbox 1355 1657 1448 1711; x_wconf 88' lang='lat' dir='ltr'><strong>illa</strong></span> <span class='ocrx_word' id='word_1_131' title='bbox 1485 1657 1552 1710; x_wconf 91' lang='lat' dir='ltr'><strong>de</strong></span> <span class='ocrx_word' id='word_1_132' title='bbox 1579 1654 1782 1725; x_wconf 91' lang='lat' dir='ltr'><strong>populo</strong></span> <span class='ocrx_word' id='word_1_133' title='bbox 1827 1666 1931 1708; x_wconf 90' lang='lat' dir='ltr'><strong>suo</strong></span> <span class='ocrx_word' id='word_1_134' title='bbox 1964 1650 2117 1722; x_wconf 85' lang='lat' dir='ltr'><strong>(Gen.</strong></span> 
     </span>
    </p>
   </div>
   <div class='ocr_carea' id='block_1_18' title="bbox 536 1740 2119 1823">
    <p class='ocr_par' dir='ltr' id='par_1_18' title="bbox 536 1740 2119 1823">
     <span class='ocr_line' id='line_1_18' title="bbox 536 1740 2119 1823; baseline -0.008 -16"><span class='ocrx_word' id='word_1_135' title='bbox 536 1756 693 1823; x_wconf 72' lang='lat' dir='ltr'><strong>xvu),</strong></span> <span class='ocrx_word' id='word_1_136' title='bbox 730 1771 749 1804; x_wconf 77' lang='grc' dir='ltr'><strong>ι</strong></span> <span class='ocrx_word' id='word_1_137' title='bbox 776 1751 882 1806; x_wconf 86' lang='lat' dir='ltr'><strong>nisi</strong></span> <span class='ocrx_word' id='word_1_138' title='bbox 919 1750 1057 1804; x_wconf 90' lang='lat' dir='ltr'><strong>forte</strong></span> <span class='ocrx_word' id='word_1_139' title='bbox 1080 1749 1135 1802; x_wconf 89' lang='lat' dir='ltr'><strong>in</strong></span> <span class='ocrx_word' id='word_1_140' title='bbox 1161 1748 1265 1801; x_wconf 91' lang='lat' dir='ltr'><strong>hoc</strong></span> <span class='ocrx_word' id='word_1_141' title='bbox 1286 1745 1433 1816; x_wconf 89' lang='lat' dir='ltr'><strong>quod</strong></span> <span class='ocrx_word' id='word_1_142' title='bbox 1454 1744 1544 1799; x_wconf 89' lang='lat' dir='ltr'><strong>ille</strong></span> <span class='ocrx_word' id='word_1_143' title='bbox 1572 1743 1667 1814; x_wconf 87' lang='lat' dir='ltr'><strong>qui</strong></span> <span class='ocrx_word' id='word_1_144' title='bbox 1696 1756 1806 1796; x_wconf 91' lang='lat' dir='ltr'><strong>non</strong></span> <span class='ocrx_word' id='word_1_145' title='bbox 1830 1749 1915 1798; x_wconf 90' lang='lat' dir='ltr'><strong>est</strong></span> <span class='ocrx_word' id='word_1_146' title='bbox 1942 1740 2119 1810; x_wconf 88' lang='lat' dir='ltr'><strong>bapti-</strong></span> 
     </span>
    </p>
   </div>
   <div class='ocr_carea' id='block_1_19' title="bbox 537 1809 2195 1910">
    <p class='ocr_par' dir='ltr' id='par_1_19' title="bbox 537 1809 2195 1910">
     <span class='ocr_line' id='line_1_19' title="bbox 537 1809 2195 1910; baseline -0.009 -12"><span class='ocrx_word' id='word_1_147' title='bbox 537 1853 713 1908; x_wconf 79' lang='lat' dir='ltr'><strong>zatus,</strong></span> <span class='ocrx_word' id='word_1_148' title='bbox 743 1856 773 1895; x_wconf 93' lang='lat' dir='ltr'><strong>a</strong></span> <span class='ocrx_word' id='word_1_149' title='bbox 803 1854 972 1910; x_wconf 89' lang='lat' dir='ltr'><strong>regno</strong></span> <span class='ocrx_word' id='word_1_150' title='bbox 1022 1837 1118 1891; x_wconf 89' lang='lat' dir='ltr'><strong>Dei</strong></span> <span class='ocrx_word' id='word_1_151' title='bbox 1166 1834 1538 1891; x_wconf 82' lang='lat' dir='ltr'><strong>excludendus</strong></span> <span class='ocrx_word' id='word_1_152' title='bbox 1582 1832 1818 1899; x_wconf 86' lang='lat' dir='ltr'><strong>dicitur,</strong></span> <span class='ocrx_word' id='word_1_153' title='bbox 1871 1831 1959 1886; x_wconf 89' lang='lat' dir='ltr'><strong>ille</strong></span> <span class='ocrx_word' id='word_1_154' title='bbox 1992 1809 2121 1885; x_wconf 81' lang='lat' dir='ltr'><strong>vero</strong></span> <span class='ocrx_word' id='word_1_155' title='bbox 2153 1809 2195 1864; x_wconf 73' lang='grc' dir='ltr'><strong>Β</strong></span> 
     </span>
    </p>
   </div>
   <div class='ocr_carea' id='block_1_20' title="bbox 535 1922 2119 2002">
    <p class='ocr_par' dir='ltr' id='par_1_20' title="bbox 535 1922 2119 2002">
     <span class='ocr_line' id='line_1_20' title="bbox 535 1922 2119 2002; baseline -0.007 -17"><span class='ocrx_word' id='word_1_156' title='bbox 535 1932 629 2002; x_wconf 91' lang='lat' dir='ltr'><strong>qui</strong></span> <span class='ocrx_word' id='word_1_157' title='bbox 693 1945 802 1984; x_wconf 90' lang='lat' dir='ltr'><strong>non</strong></span> <span class='ocrx_word' id='word_1_158' title='bbox 854 1940 939 1983; x_wconf 91' lang='lat' dir='ltr'><strong>est</strong></span> <span class='ocrx_word' id='word_1_159' title='bbox 998 1926 1381 1991; x_wconf 87' lang='lat' dir='ltr'><strong>circumcisus,</strong></span> <span class='ocrx_word' id='word_1_160' title='bbox 1434 1922 1711 1994; x_wconf 89' lang='lat' dir='ltr'><strong>periturus</strong></span> <span class='ocrx_word' id='word_1_161' title='bbox 1760 1930 2119 1977; x_wconf 87' lang='lat' dir='ltr'><strong>memoratur.</strong></span> 
     </span>
    </p>
   </div>
   <div class='ocr_carea' id='block_1_21' title="bbox 537 2011 2123 2088">
    <p class='ocr_par' dir='ltr' id='par_1_21' title="bbox 537 2011 2123 2088">
     <span class='ocr_line' id='line_1_21' title="bbox 537 2011 2123 2088; baseline -0.005 -13"><span class='ocrx_word' id='word_1_162' title='bbox 537 2022 672 2088; x_wconf 82' lang='lat' dir='ltr'><strong>Quis</strong></span> <span class='ocrx_word' id='word_1_163' title='bbox 701 2021 830 2075; x_wconf 88' lang='lat' dir='ltr'><strong>velit</strong></span> <span class='ocrx_word' id='word_1_164' title='bbox 872 2019 1170 2088; x_wconf 81' lang='lat' dir='ltr'><strong>intelligere</strong></span> <span class='ocrx_word' id='word_1_165' title='bbox 1205 2024 1489 2087; x_wconf 85' lang='lat' dir='ltr'><strong>propterea</strong></span> <span class='ocrx_word' id='word_1_166' title='bbox 1537 2014 1870 2084; x_wconf 87' lang='lat' dir='ltr'><strong>baptismum</strong></span> <span class='ocrx_word' id='word_1_167' title='bbox 1918 2011 2123 2082; x_wconf 90' lang='lat' dir='ltr'><strong>aliquid</strong></span> 
     </span>
    </p>
   </div>
   <div class='ocr_carea' id='block_1_22' title="bbox 537 2102 2124 2184">
    <p class='ocr_par' dir='ltr' id='par_1_22' title="bbox 537 2102 2124 2184">
     <span class='ocr_line' id='line_1_22' title="bbox 537 2102 2124 2184; baseline -0.008 -16"><span class='ocrx_word' id='word_1_168' title='bbox 537 2113 775 2184; x_wconf 85' lang='lat' dir='ltr'><strong>amplius</strong></span> <span class='ocrx_word' id='word_1_169' title='bbox 798 2110 1070 2176; x_wconf 88' lang='lat' dir='ltr'><strong>conferre,</strong></span> <span class='ocrx_word' id='word_1_170' title='bbox 1097 2123 1264 2179; x_wconf 91' lang='lat' dir='ltr'><strong>quam</strong></span> <span class='ocrx_word' id='word_1_171' title='bbox 1306 2105 1810 2171; x_wconf 88' lang='lat' dir='ltr'><strong>circumcisionem,</strong></span> <span class='ocrx_word' id='word_1_172' title='bbox 1854 2103 1983 2173; x_wconf 91' lang='lat' dir='ltr'><strong>quia</strong></span> <span class='ocrx_word' id='word_1_173' title='bbox 2012 2102 2124 2157; x_wconf 87' lang='lat' dir='ltr'><strong>cir-</strong></span> 
     </span>
    </p>
   </div>
   <div class='ocr_carea' id='block_1_23' title="bbox 537 2193 2124 2270">
    <p class='ocr_par' dir='ltr' id='par_1_23' title="bbox 537 2193 2124 2270">
     <span class='ocr_line' id='line_1_23' title="bbox 537 2193 2124 2270; baseline -0.008 -10"><span class='ocrx_word' id='word_1_174' title='bbox 537 2203 805 2260; x_wconf 85' lang='lat' dir='ltr'><strong>cumcisio</strong></span> <span class='ocrx_word' id='word_1_175' title='bbox 834 2209 1089 2270; x_wconf 89' lang='lat' dir='ltr'><strong>suscepta</strong></span> <span class='ocrx_word' id='word_1_176' title='bbox 1119 2216 1150 2253; x_wconf 91' lang='lat' dir='ltr'><strong>a</strong></span> <span class='ocrx_word' id='word_1_177' title='bbox 1176 2198 1481 2269; x_wconf 85' lang='lat' dir='ltr'><strong>perditione</strong></span> <span class='ocrx_word' id='word_1_178' title='bbox 1525 2205 1737 2250; x_wconf 89' lang='lat' dir='ltr'><strong>tantum</strong></span> <span class='ocrx_word' id='word_1_179' title='bbox 1778 2194 1958 2265; x_wconf 87' lang='lat' dir='ltr'><strong>potuit</strong></span> <span class='ocrx_word' id='word_1_180' title='bbox 1987 2193 2124 2248; x_wconf 86' lang='lat' dir='ltr'><strong>libe-</strong></span> 
     </span>
    </p>
   </div>
   <div class='ocr_carea' id='block_1_24' title="bbox 537 2285 2127 2365">
    <p class='ocr_par' dir='ltr' id='par_1_24' title="bbox 537 2285 2127 2365">
     <span class='ocr_line' id='line_1_24' title="bbox 537 2285 2127 2365; baseline -0.009 -13"><span class='ocrx_word' id='word_1_181' title='bbox 537 2312 698 2364; x_wconf 88' lang='lat' dir='ltr'><strong>rare;</strong></span> <span class='ocrx_word' id='word_1_182' title='bbox 723 2295 1029 2365; x_wconf 89' lang='lat' dir='ltr'><strong>baptismus</strong></span> <span class='ocrx_word' id='word_1_183' title='bbox 1052 2306 1185 2347; x_wconf 85' lang='lat' dir='ltr'><strong>vero</strong></span> <span class='ocrx_word' id='word_1_184' title='bbox 1210 2297 1435 2345; x_wconf 90' lang='lat' dir='ltr'><strong>renatos</strong></span> <span class='ocrx_word' id='word_1_185' title='bbox 1462 2288 1627 2343; x_wconf 88' lang='lat' dir='ltr'><strong>etiam</strong></span> <span class='ocrx_word' id='word_1_186' title='bbox 1653 2287 1721 2341; x_wconf 92' lang='lat' dir='ltr'><strong>ad</strong></span> <span class='ocrx_word' id='word_1_187' title='bbox 1749 2285 1978 2356; x_wconf 80' lang='lat' dir='ltr'><strong>gloriam</strong></span> <span class='ocrx_word' id='word_1_188' title='bbox 2011 2299 2127 2354; x_wconf 90' lang='lat' dir='ltr'><strong>per-</strong></span> 
     </span>
    </p>
   </div>
   <div class='ocr_carea' id='block_1_25' title="bbox 540 2377 2128 2457">
    <p class='ocr_par' dir='ltr' id='par_1_25' title="bbox 540 2377 2128 2457">
     <span class='ocr_line' id='line_1_25' title="bbox 540 2377 2128 2457; baseline -0.009 -13"><span class='ocrx_word' id='word_1_189' title='bbox 540 2390 741 2444; x_wconf 87' lang='lat' dir='ltr'><strong>ducere</strong></span> <span class='ocrx_word' id='word_1_190' title='bbox 770 2394 968 2457; x_wconf 83' lang='lat' dir='ltr'><strong>potest.</strong></span> <span class='ocrx_word' id='word_1_191' title='bbox 1014 2382 1153 2438; x_wconf 88' lang='lat' dir='ltr'><strong>Nam</strong></span> <span class='ocrx_word' id='word_1_192' title='bbox 1206 2381 1282 2437; x_wconf 91' lang='lat' dir='ltr'><strong>illi</strong></span> <span class='ocrx_word' id='word_1_193' title='bbox 1312 2380 1523 2451; x_wconf 88' lang='lat' dir='ltr'><strong>antiqui</strong></span> <span class='ocrx_word' id='word_1_194' title='bbox 1557 2378 1769 2446; x_wconf 88' lang='lat' dir='ltr'><strong>Patres,</strong></span> <span class='ocrx_word' id='word_1_195' title='bbox 1803 2377 1900 2449; x_wconf 88' lang='lat' dir='ltr'><strong>qui</strong></span> <span class='ocrx_word' id='word_1_196' title='bbox 1942 2391 2128 2432; x_wconf 89' lang='lat' dir='ltr'><strong>sacra-</strong></span> 
     </span>
    </p>
   </div>
   <div class='ocr_carea' id='block_1_26' title="bbox 542 2470 2124 2543">
    <p class='ocr_par' dir='ltr' id='par_1_26' title="bbox 542 2470 2124 2543">
     <span class='ocr_line' id='line_1_26' title="bbox 542 2470 2124 2543; baseline -0.008 -10"><span class='ocrx_word' id='word_1_197' title='bbox 542 2478 713 2533; x_wconf 85' lang='lat' dir='ltr'><strong>menti</strong></span> <span class='ocrx_word' id='word_1_198' title='bbox 768 2473 1208 2532; x_wconf 89' lang='lat' dir='ltr'><strong>circumcisionis</strong></span> <span class='ocrx_word' id='word_1_199' title='bbox 1247 2470 1696 2543; x_wconf 88' lang='lat' dir='ltr'><strong>justiticationem</strong></span> <span class='ocrx_word' id='word_1_200' title='bbox 1735 2475 2124 2539; x_wconf 61' lang='lat' dir='ltr'><strong>praeceperant,</strong></span> 
     </span>
    </p>
   </div>
   <div class='ocr_carea' id='block_1_27' title="bbox 541 2558 2126 2641">
    <p class='ocr_par' dir='ltr' id='par_1_27' title="bbox 541 2558 2126 2641">
     <span class='ocr_line' id='line_1_27' title="bbox 541 2558 2126 2641; baseline -0.009 -15"><span class='ocrx_word' id='word_1_201' title='bbox 541 2586 574 2626; x_wconf 87' lang='lat' dir='ltr'><strong>a</strong></span> <span class='ocrx_word' id='word_1_202' title='bbox 623 2569 927 2641; x_wconf 89' lang='lat' dir='ltr'><strong>perditione</strong></span> <span class='ocrx_word' id='word_1_203' title='bbox 971 2567 1193 2637; x_wconf 86' lang='lat' dir='ltr'><strong>quidem</strong></span> <span class='ocrx_word' id='word_1_204' title='bbox 1232 2563 1612 2629; x_wconf 82' lang='lat' dir='ltr'><strong>servabantur,</strong></span> <span class='ocrx_word' id='word_1_205' title='bbox 1642 2560 1738 2616; x_wconf 88' lang='lat' dir='ltr'><strong>sed</strong></span> <span class='ocrx_word' id='word_1_206' title='bbox 1780 2559 1850 2615; x_wconf 90' lang='lat' dir='ltr'><strong>ad</strong></span> <span class='ocrx_word' id='word_1_207' title='bbox 1900 2558 2126 2630; x_wconf 92' lang='lat' dir='ltr'><strong>gloriam</strong></span> 
     </span>
    </p>
   </div>
   <div class='ocr_carea' id='block_1_28' title="bbox 541 2649 2130 2731">
    <p class='ocr_par' dir='ltr' id='par_1_28' title="bbox 541 2649 2130 2731">
     <span class='ocr_line' id='line_1_28' title="bbox 541 2649 2130 2731; baseline -0.008 -18"><span class='ocrx_word' id='word_1_208' title='bbox 541 2659 694 2731; x_wconf 88' lang='lat' dir='ltr'><strong>regni</strong></span> <span class='ocrx_word' id='word_1_209' title='bbox 747 2672 860 2711; x_wconf 90' lang='lat' dir='ltr'><strong>non</strong></span> <span class='ocrx_word' id='word_1_210' title='bbox 901 2655 1265 2720; x_wconf 86' lang='lat' dir='ltr'><strong>ducebantur,</strong></span> <span class='ocrx_word' id='word_1_211' title='bbox 1302 2652 1477 2707; x_wconf 90' lang='lat' dir='ltr'><strong>donec</strong></span> <span class='ocrx_word' id='word_1_212' title='bbox 1514 2650 1728 2706; x_wconf 83' lang='lat' dir='ltr'><strong>veniret</strong></span> <span class='ocrx_word' id='word_1_213' title='bbox 1758 2649 1849 2703; x_wconf 88' lang='lat' dir='ltr'><strong>ille</strong></span> <span class='ocrx_word' id='word_1_214' title='bbox 1884 2649 1977 2720; x_wconf 90' lang='lat' dir='ltr'><strong>qui</strong></span> <span class='ocrx_word' id='word_1_215' title='bbox 2001 2664 2130 2703; x_wconf 89' lang='lat' dir='ltr'><strong>san-</strong></span> 
     </span>
    </p>
   </div>
   <div class='ocr_carea' id='block_1_29' title="bbox 544 2740 2129 2821">
    <p class='ocr_par' dir='ltr' id='par_1_29' title="bbox 544 2740 2129 2821">
     <span class='ocr_line' id='line_1_29' title="bbox 544 2740 2129 2821; baseline -0.005 -19"><span class='ocrx_word' id='word_1_216' title='bbox 544 2749 707 2821; x_wconf 85' lang='lat' dir='ltr'><strong>guine</strong></span> <span class='ocrx_word' id='word_1_217' title='bbox 759 2764 861 2804; x_wconf 92' lang='lat' dir='ltr'><strong>suo</strong></span> <span class='ocrx_word' id='word_1_218' title='bbox 910 2746 1172 2802; x_wconf 82' lang='lat' dir='ltr'><strong>frameam</strong></span> <span class='ocrx_word' id='word_1_219' title='bbox 1225 2745 1439 2816; x_wconf 80' lang='lat' dir='ltr'><strong>igneam</strong></span> <span class='ocrx_word' id='word_1_220' title='bbox 1488 2742 1864 2813; x_wconf 84' lang='lat' dir='ltr'><strong>exstinguens,</strong></span> <span class='ocrx_word' id='word_1_221' title='bbox 1920 2740 2129 2795; x_wconf 83' lang='lat' dir='ltr'><strong>aditum</strong></span> 
     </span>
    </p>
   </div>
   <div class='ocr_carea' id='block_1_30' title="bbox 543 2832 2131 2911">
    <p class='ocr_par' dir='ltr' id='par_1_30' title="bbox 543 2832 2131 2911">
     <span class='ocr_line' id='line_1_30' title="bbox 543 2832 2131 2911; baseline -0.006 -15"><span class='ocrx_word' id='word_1_222' title='bbox 543 2840 787 2911; x_wconf 84' lang='lat' dir='ltr'><strong>paradisi</strong></span> <span class='ocrx_word' id='word_1_223' title='bbox 839 2853 1063 2894; x_wconf 89' lang='lat' dir='ltr'><strong>rursum</strong></span> <span class='ocrx_word' id='word_1_224' title='bbox 1116 2834 1464 2907; x_wconf 80' lang='lat' dir='ltr'><strong>patefaceret,</strong></span> <span class='ocrx_word' id='word_1_225' title='bbox 1495 2842 1551 2889; x_wconf 89' lang='lat' dir='ltr'><strong>et</strong></span> <span class='ocrx_word' id='word_1_226' title='bbox 1594 2832 1948 2889; x_wconf 89' lang='lat' dir='ltr'><strong>credentibus</strong></span> <span class='ocrx_word' id='word_1_227' title='bbox 1983 2832 2040 2886; x_wconf 89' lang='lat' dir='ltr'><strong>in</strong></span> <span class='ocrx_word' id='word_1_228' title='bbox 2070 2845 2131 2887; x_wconf 86' lang='lat' dir='ltr'><strong>se</strong></span> 
     </span>
    </p>
   </div>
   <div class='ocr_carea' id='block_1_31' title="bbox 546 2922 2129 2999">
    <p class='ocr_par' dir='ltr' id='par_1_31' title="bbox 546 2922 2129 2999">
     <span class='ocr_line' id='line_1_31' title="bbox 546 2922 2129 2999; baseline -0.008 -11"><span class='ocrx_word' id='word_1_229' title='bbox 546 2931 806 2989; x_wconf 88' lang='lat' dir='ltr'><strong>omnibus</strong></span> <span class='ocrx_word' id='word_1_230' title='bbox 837 2929 989 2999; x_wconf 87' lang='lat' dir='ltr'><strong>regni</strong></span> <span class='ocrx_word' id='word_1_231' title='bbox 1022 2927 1262 2983; x_wconf 83' lang='lat' dir='ltr'><strong>caelestis</strong></span> <span class='ocrx_word' id='word_1_232' title='bbox 1282 2926 1509 2996; x_wconf 91' lang='lat' dir='ltr'><strong>januam</strong></span> <span class='ocrx_word' id='word_1_233' title='bbox 1539 2924 1656 2994; x_wconf 86' lang='lat' dir='ltr'><strong>ipse</strong></span> <span class='ocrx_word' id='word_1_234' title='bbox 1676 2923 1988 2994; x_wconf 63' lang='lat' dir='ltr'><strong>praecedens</strong></span> <span class='ocrx_word' id='word_1_235' title='bbox 2014 2922 2129 2993; x_wconf 90' lang='lat' dir='ltr'><strong>pri-</strong></span> 
     </span>
    </p>
   </div>
   <div class='ocr_carea' id='block_1_32' title="bbox 550 3014 2128 3091">
    <p class='ocr_par' dir='ltr' id='par_1_32' title="bbox 550 3014 2128 3091">
     <span class='ocr_line' id='line_1_32' title="bbox 550 3014 2128 3091; baseline -0.007 -13"><span class='ocrx_word' id='word_1_236' title='bbox 550 3039 677 3078; x_wconf 88' lang='lat' dir='ltr'><strong>mus</strong></span> <span class='ocrx_word' id='word_1_237' title='bbox 707 3020 961 3091; x_wconf 89' lang='lat' dir='ltr'><strong>aperiret.</strong></span> <span class='ocrx_word' id='word_1_238' title='bbox 999 3017 1105 3073; x_wconf 88' lang='lat' dir='ltr'><strong>Sed</strong></span> <span class='ocrx_word' id='word_1_239' title='bbox 1131 3017 1414 3073; x_wconf 90' lang='lat' dir='ltr'><strong>sciendum</strong></span> <span class='ocrx_word' id='word_1_240' title='bbox 1442 3014 1589 3084; x_wconf 86' lang='lat' dir='ltr'><strong>quod</strong></span> <span class='ocrx_word' id='word_1_241' title='bbox 1615 3014 1799 3069; x_wconf 87' lang='lat' dir='ltr'><strong>nullus</strong></span> <span class='ocrx_word' id='word_1_242' title='bbox 1843 3027 2128 3082; x_wconf 82' lang='lat' dir='ltr'><strong>nunquam</strong></span> 
     </span>
    </p>
   </div>
   <div class='ocr_carea' id='block_1_33' title="bbox 551 3101 2203 3198">
    <p class='ocr_par' dir='ltr' id='par_1_33' title="bbox 551 3101 2203 3198">
     <span class='ocr_line' id='line_1_33' title="bbox 551 3101 2203 3198; baseline -0.008 -31"><span class='ocrx_word' id='word_1_243' title='bbox 551 3112 620 3167; x_wconf 88' lang='lat' dir='ltr'><strong>ab</strong></span> <span class='ocrx_word' id='word_1_244' title='bbox 648 3110 804 3165; x_wconf 89' lang='lat' dir='ltr'><strong>initio</strong></span> <span class='ocrx_word' id='word_1_245' title='bbox 829 3109 901 3165; x_wconf 86' lang='lat' dir='ltr'><strong>sit</strong></span> <span class='ocrx_word' id='word_1_246' title='bbox 926 3108 1191 3172; x_wconf 76' lang='lat' dir='ltr'><strong>salvatus,</strong></span> <span class='ocrx_word' id='word_1_247' title='bbox 1222 3105 1330 3161; x_wconf 91' lang='lat' dir='ltr'><strong>nisi</strong></span> <span class='ocrx_word' id='word_1_248' title='bbox 1369 3105 1555 3174; x_wconf 90' lang='lat' dir='ltr'><strong>aliquo</strong></span> <span class='ocrx_word' id='word_1_249' title='bbox 1604 3102 1765 3158; x_wconf 90' lang='lat' dir='ltr'><strong>modo</strong></span> <span class='ocrx_word' id='word_1_250' title='bbox 1795 3101 2127 3172; x_wconf 77' lang='lat' dir='ltr'><strong>baptizatus.</strong></span> <span class='ocrx_word' id='word_1_251' title='bbox 2159 3138 2203 3198; x_wconf 64' lang='grc' dir='ltr'><strong>Ο</strong></span> 
     </span>
    </p>
   </div>
   <div class='ocr_carea' id='block_1_34' title="bbox 547 3192 2133 3270">
    <p class='ocr_par' dir='ltr' id='par_1_34' title="bbox 547 3192 2133 3270">
     <span class='ocr_line' id='line_1_34' title="bbox 547 3192 2133 3270; baseline -0.005 -15"><span class='ocrx_word' id='word_1_252' title='bbox 547 3200 732 3270; x_wconf 84' lang='lat' dir='ltr'><strong>Aliqui</strong></span> <span class='ocrx_word' id='word_1_253' title='bbox 763 3213 1002 3267; x_wconf 88' lang='lat' dir='ltr'><strong>namque</strong></span> <span class='ocrx_word' id='word_1_254' title='bbox 1032 3196 1294 3266; x_wconf 85' lang='lat' dir='ltr'><strong>baptizati</strong></span> <span class='ocrx_word' id='word_1_255' title='bbox 1324 3202 1473 3261; x_wconf 74' lang='lat' dir='ltr'><strong>sunt,</strong></span> <span class='ocrx_word' id='word_1_256' title='bbox 1500 3201 1560 3248; x_wconf 91' lang='lat' dir='ltr'><strong>ut</strong></span> <span class='ocrx_word' id='word_1_257' title='bbox 1587 3193 1724 3250; x_wconf 87' lang='lat' dir='ltr'><strong>Abel</strong></span> <span class='ocrx_word' id='word_1_258' title='bbox 1754 3192 1812 3247; x_wconf 92' lang='lat' dir='ltr'><strong>in</strong></span> <span class='ocrx_word' id='word_1_259' title='bbox 1846 3192 2133 3263; x_wconf 78' lang='lat' dir='ltr'><strong>sanguinis</strong></span> 
     </span>
    </p>
   </div>
   <div class='ocr_carea' id='block_1_35' title="bbox 548 3283 2136 3360">
    <p class='ocr_par' dir='ltr' id='par_1_35' title="bbox 548 3283 2136 3360">
     <span class='ocr_line' id='line_1_35' title="bbox 548 3283 2136 3360; baseline -0.007 -13"><span class='ocrx_word' id='word_1_260' title='bbox 548 3291 847 3357; x_wconf 75' lang='lat' dir='ltr'><strong>eﬂ‘usione;</strong></span> <span class='ocrx_word' id='word_1_261' title='bbox 874 3288 1096 3360; x_wconf 87' lang='lat' dir='ltr'><strong>plurimi</strong></span> <span class='ocrx_word' id='word_1_262' title='bbox 1126 3289 1182 3342; x_wconf 92' lang='lat' dir='ltr'><strong>in</strong></span> <span class='ocrx_word' id='word_1_263' title='bbox 1209 3288 1405 3359; x_wconf 83' lang='lat' dir='ltr'><strong>figura,</strong></span> <span class='ocrx_word' id='word_1_264' title='bbox 1434 3296 1493 3341; x_wconf 90' lang='lat' dir='ltr'><strong>ut</strong></span> <span class='ocrx_word' id='word_1_265' title='bbox 1519 3283 1635 3340; x_wconf 88' lang='lat' dir='ltr'><strong>Noe</strong></span> <span class='ocrx_word' id='word_1_266' title='bbox 1680 3284 1734 3338; x_wconf 90' lang='lat' dir='ltr'><strong>in</strong></span> <span class='ocrx_word' id='word_1_267' title='bbox 1770 3284 1961 3339; x_wconf 88' lang='lat' dir='ltr'><strong>diluvii</strong></span> <span class='ocrx_word' id='word_1_268' title='bbox 1999 3283 2136 3337; x_wconf 68' lang='lat' dir='ltr'><strong>effu-</strong></span> 
     </span>
    </p>
   </div>
   <div class='ocr_carea' id='block_1_36' title="bbox 551 3377 2133 3451">
    <p class='ocr_par' dir='ltr' id='par_1_36' title="bbox 551 3377 2133 3451">
     <span class='ocr_line' id='line_1_36' title="bbox 551 3377 2133 3451; baseline -0.005 -13"><span class='ocrx_word' id='word_1_269' title='bbox 551 3384 737 3449; x_wconf 88' lang='lat' dir='ltr'><strong>sione;</strong></span> <span class='ocrx_word' id='word_1_270' title='bbox 768 3382 1014 3451; x_wconf 86' lang='lat' dir='ltr'><strong>plerique</strong></span> <span class='ocrx_word' id='word_1_271' title='bbox 1044 3381 1097 3434; x_wconf 91' lang='lat' dir='ltr'><strong>in</strong></span> <span class='ocrx_word' id='word_1_272' title='bbox 1124 3380 1304 3450; x_wconf 86' lang='lat' dir='ltr'><strong>signo,</strong></span> <span class='ocrx_word' id='word_1_273' title='bbox 1330 3386 1391 3433; x_wconf 91' lang='lat' dir='ltr'><strong>ut</strong></span> <span class='ocrx_word' id='word_1_274' title='bbox 1437 3377 1714 3432; x_wconf 84' lang='lat' dir='ltr'><strong>Abraham</strong></span> <span class='ocrx_word' id='word_1_275' title='bbox 1738 3384 1793 3430; x_wconf 89' lang='lat' dir='ltr'><strong>et</strong></span> <span class='ocrx_word' id='word_1_276' title='bbox 1823 3390 1924 3430; x_wconf 91' lang='lat' dir='ltr'><strong>sua</strong></span> <span class='ocrx_word' id='word_1_277' title='bbox 1949 3383 2133 3444; x_wconf 88' lang='lat' dir='ltr'><strong>poste-</strong></span> 
     </span>
    </p>
   </div>
   <div class='ocr_carea' id='block_1_37' title="bbox 552 3465 2133 3542">
    <p class='ocr_par' dir='ltr' id='par_1_37' title="bbox 552 3465 2133 3542">
     <span class='ocr_line' id='line_1_37' title="bbox 552 3465 2133 3542; baseline -0.007 -12"><span class='ocrx_word' id='word_1_278' title='bbox 552 3475 724 3541; x_wconf 87' lang='lat' dir='ltr'><strong>ritas;</strong></span> <span class='ocrx_word' id='word_1_279' title='bbox 786 3474 945 3531; x_wconf 91' lang='lat' dir='ltr'><strong>multi</strong></span> <span class='ocrx_word' id='word_1_280' title='bbox 1007 3473 1063 3527; x_wconf 91' lang='lat' dir='ltr'><strong>in</strong></span> <span class='ocrx_word' id='word_1_281' title='bbox 1108 3471 1314 3542; x_wconf 88' lang='lat' dir='ltr'><strong>Spiritu</strong></span> <span class='ocrx_word' id='word_1_282' title='bbox 1362 3478 1572 3537; x_wconf 88' lang='lat' dir='ltr'><strong>sancto,</strong></span> <span class='ocrx_word' id='word_1_283' title='bbox 1627 3475 1689 3523; x_wconf 91' lang='lat' dir='ltr'><strong>ut</strong></span> <span class='ocrx_word' id='word_1_284' title='bbox 1735 3466 2033 3523; x_wconf 87' lang='lat' dir='ltr'><strong>Christiani</strong></span> <span class='ocrx_word' id='word_1_285' title='bbox 2078 3465 2133 3520; x_wconf 92' lang='lat' dir='ltr'><strong>in</strong></span> 
     </span>
    </p>
   </div>
   <div class='ocr_carea' id='block_1_38' title="bbox 552 3558 2137 3637">
    <p class='ocr_par' dir='ltr' id='par_1_38' title="bbox 552 3558 2137 3637">
     <span class='ocr_line' id='line_1_38' title="bbox 552 3558 2137 3637; baseline -0.006 -17"><span class='ocrx_word' id='word_1_286' title='bbox 552 3581 710 3637; x_wconf 70' lang='lat' dir='ltr'><strong>aquae</strong></span> <span class='ocrx_word' id='word_1_287' title='bbox 749 3564 1121 3619; x_wconf 86' lang='lat' dir='ltr'><strong>immersione.</strong></span> <span class='ocrx_word' id='word_1_288' title='bbox 1176 3562 1236 3617; x_wconf 90' lang='lat' dir='ltr'><strong>In</strong></span> <span class='ocrx_word' id='word_1_289' title='bbox 1269 3563 1371 3617; x_wconf 92' lang='lat' dir='ltr'><strong>hoc</strong></span> <span class='ocrx_word' id='word_1_290' title='bbox 1390 3562 1695 3631; x_wconf 90' lang='lat' dir='ltr'><strong>baptismus</strong></span> <span class='ocrx_word' id='word_1_291' title='bbox 1739 3558 1975 3628; x_wconf 90' lang='lat' dir='ltr'><strong>amplius</strong></span> <span class='ocrx_word' id='word_1_292' title='bbox 2002 3571 2137 3613; x_wconf 90' lang='lat' dir='ltr'><strong>con-</strong></span> 
     </span>
    </p>
   </div>
   <div class='ocr_carea' id='block_1_39' title="bbox 554 3653 2175 3728">
    <p class='ocr_par' dir='ltr' id='par_1_39' title="bbox 554 3653 2175 3728">
     <span class='ocr_line' id='line_1_39' title="bbox 554 3653 2175 3728; baseline -0.006 -15"><span class='ocrx_word' id='word_1_293' title='bbox 554 3657 682 3724; x_wconf 84' lang='lat' dir='ltr'><strong>fert,</strong></span> <span class='ocrx_word' id='word_1_294' title='bbox 708 3658 838 3728; x_wconf 91' lang='lat' dir='ltr'><strong>quia</strong></span> <span class='ocrx_word' id='word_1_295' title='bbox 867 3666 1086 3712; x_wconf 88' lang='lat' dir='ltr'><strong>renatos</strong></span> <span class='ocrx_word' id='word_1_296' title='bbox 1117 3656 1248 3711; x_wconf 90' lang='lat' dir='ltr'><strong>hinc</strong></span> <span class='ocrx_word' id='word_1_297' title='bbox 1272 3664 1553 3721; x_wconf 80' lang='lat' dir='ltr'><strong>exeuntes,</strong></span> <span class='ocrx_word' id='word_1_298' title='bbox 1583 3654 1768 3709; x_wconf 89' lang='lat' dir='ltr'><strong>statim</strong></span> <span class='ocrx_word' id='word_1_299' title='bbox 1804 3653 1869 3707; x_wconf 91' lang='lat' dir='ltr'><strong>ad</strong></span> <span class='ocrx_word' id='word_1_300' title='bbox 1903 3666 2133 3723; x_wconf 81' lang='lat' dir='ltr'><strong>regnum</strong></span> <span class='ocrx_word' id='word_1_301' title='bbox 2162 3666 2175 3683; x_wconf 63' lang='grc' dir='ltr'><em>ν</em></span> 
     </span>
    </p>
   </div>
   <div class='ocr_carea' id='block_1_40' title="bbox 555 3742 2135 3818">
    <p class='ocr_par' dir='ltr' id='par_1_40' title="bbox 555 3742 2135 3818">
     <span class='ocr_line' id='line_1_40' title="bbox 555 3742 2135 3818; baseline -0.004 -14"><span class='ocrx_word' id='word_1_302' title='bbox 555 3750 721 3805; x_wconf 90' lang='lat' dir='ltr'><strong>mittit</strong></span> <span class='ocrx_word' id='word_1_303' title='bbox 752 3767 767 3803; x_wconf 89' lang='lat'><strong>:</strong></span> <span class='ocrx_word' id='word_1_304' title='bbox 803 3748 951 3818; x_wconf 89' lang='lat' dir='ltr'><strong>quod</strong></span> <span class='ocrx_word' id='word_1_305' title='bbox 981 3756 1162 3803; x_wconf 91' lang='lat' dir='ltr'><strong>tamen</strong></span> <span class='ocrx_word' id='word_1_306' title='bbox 1189 3762 1255 3802; x_wconf 79' lang='lat' dir='ltr'><strong>ex</strong></span> <span class='ocrx_word' id='word_1_307' title='bbox 1279 3747 1480 3801; x_wconf 86' lang='lat' dir='ltr'><strong>virtute</strong></span> <span class='ocrx_word' id='word_1_308' title='bbox 1506 3744 1790 3817; x_wconf 85' lang='lat' dir='ltr'><strong>sanguinis</strong></span> <span class='ocrx_word' id='word_1_309' title='bbox 1821 3742 1931 3798; x_wconf 89' lang='lat' dir='ltr'><strong>fusi</strong></span> <span class='ocrx_word' id='word_1_310' title='bbox 1962 3742 2135 3812; x_wconf 85' lang='lat' dir='ltr'><strong>ipsam</strong></span> 
     </span>
    </p>
   </div>
   <div class='ocr_carea' id='block_1_41' title="bbox 556 3838 1557 3910">
    <p class='ocr_par' dir='ltr' id='par_1_41' title="bbox 556 3838 1557 3910">
     <span class='ocr_line' id='line_1_41' title="bbox 556 3838 1557 3910; baseline -0.004 -16"><span class='ocrx_word' id='word_1_311' title='bbox 556 3855 756 3910; x_wconf 90' lang='lat' dir='ltr'><strong>aquam</strong></span> <span class='ocrx_word' id='word_1_312' title='bbox 786 3838 1175 3895; x_wconf 86' lang='lat' dir='ltr'><strong>sanctiﬁcantis</strong></span> <span class='ocrx_word' id='word_1_313' title='bbox 1196 3839 1557 3894; x_wconf 91' lang='lat' dir='ltr'><strong>condonatnr.</strong></span> 
     </span>
    </p>
   </div>
   <div class='ocr_carea' id='block_1_42' title="bbox 634 3924 2137 4002">
    <p class='ocr_par' dir='ltr' id='par_1_42' title="bbox 634 3924 2137 4002">
     <span class='ocr_line' id='line_1_42' title="bbox 634 3924 2137 4002; baseline -0.004 -18"><span class='ocrx_word' id='word_1_314' title='bbox 634 3929 691 3984; x_wconf 90' lang='lat' dir='ltr'><strong>Si</strong></span> <span class='ocrx_word' id='word_1_315' title='bbox 723 3930 889 4002; x_wconf 82' lang='lat' dir='ltr'><strong>igitur</strong></span> <span class='ocrx_word' id='word_1_316' title='bbox 911 3930 1037 4000; x_wconf 91' lang='lat' dir='ltr'><strong>quis</strong></span> <span class='ocrx_word' id='word_1_317' title='bbox 1062 3929 1243 3985; x_wconf 88' lang='lat' dir='ltr'><strong>dicere</strong></span> <span class='ocrx_word' id='word_1_318' title='bbox 1268 3929 1397 3985; x_wconf 90' lang='lat' dir='ltr'><strong>velit</strong></span> <span class='ocrx_word' id='word_1_319' title='bbox 1428 3928 1632 3984; x_wconf 91' lang='lat' dir='ltr'><strong>idcirco</strong></span> <span class='ocrx_word' id='word_1_320' title='bbox 1660 3924 2137 3983; x_wconf 88' lang='lat' dir='ltr'><strong>circumcisionem</strong></span> 
     </span>
    </p>
   </div>
   <div class='ocr_carea' id='block_1_43' title="bbox 557 4018 2138 4094">
    <p class='ocr_par' dir='ltr' id='par_1_43' title="bbox 557 4018 2138 4094">
     <span class='ocr_line' id='line_1_43' title="bbox 557 4018 2138 4094; baseline -0.006 -15"><span class='ocrx_word' id='word_1_321' title='bbox 557 4023 829 4094; x_wconf 89' lang='lat' dir='ltr'><strong>baptismo</strong></span> <span class='ocrx_word' id='word_1_322' title='bbox 874 4029 1143 4081; x_wconf 87' lang='lat' dir='ltr'><strong>mutatam</strong></span> <span class='ocrx_word' id='word_1_323' title='bbox 1196 4030 1259 4077; x_wconf 92' lang='lat' dir='ltr'><strong>ut</strong></span> <span class='ocrx_word' id='word_1_324' title='bbox 1322 4021 1379 4075; x_wconf 91' lang='lat' dir='ltr'><strong>in</strong></span> <span class='ocrx_word' id='word_1_325' title='bbox 1457 4018 1730 4089; x_wconf 90' lang='lat' dir='ltr'><strong>baptismo</strong></span> <span class='ocrx_word' id='word_1_326' title='bbox 1785 4019 2138 4087; x_wconf 77' lang='lat' dir='ltr'><strong>perﬁceretur</strong></span> 
     </span>
    </p>
   </div>
   <div class='ocr_carea' id='block_1_44' title="bbox 557 4108 2138 4186">
    <p class='ocr_par' dir='ltr' id='par_1_44' title="bbox 557 4108 2138 4186">
     <span class='ocr_line' id='line_1_44' title="bbox 557 4108 2138 4186; baseline -0.004 -16"><span class='ocrx_word' id='word_1_327' title='bbox 557 4115 701 4186; x_wconf 90' lang='lat' dir='ltr'><strong>quod</strong></span> <span class='ocrx_word' id='word_1_328' title='bbox 731 4115 1080 4172; x_wconf 89' lang='lat' dir='ltr'><strong>circumcisio</strong></span> <span class='ocrx_word' id='word_1_329' title='bbox 1103 4113 1330 4184; x_wconf 89' lang='lat' dir='ltr'><strong>implere</strong></span> <span class='ocrx_word' id='word_1_330' title='bbox 1349 4127 1460 4168; x_wconf 89' lang='lat' dir='ltr'><strong>non</strong></span> <span class='ocrx_word' id='word_1_331' title='bbox 1487 4110 1683 4181; x_wconf 91' lang='lat' dir='ltr'><strong>potuit,</strong></span> <span class='ocrx_word' id='word_1_332' title='bbox 1708 4108 1959 4165; x_wconf 77' lang='lat' dir='ltr'><strong>fortassis</strong></span> <span class='ocrx_word' id='word_1_333' title='bbox 1985 4108 2138 4165; x_wconf 88' lang='lat' dir='ltr'><strong>vide-</strong></span> 
     </span>
    </p>
   </div>
   <div class='ocr_carea' id='block_1_45' title="bbox 555 4200 2141 4275">
    <p class='ocr_par' dir='ltr' id='par_1_45' title="bbox 555 4200 2141 4275">
     <span class='ocr_line' id='line_1_45' title="bbox 555 4200 2141 4275; baseline -0.004 -14"><span class='ocrx_word' id='word_1_334' title='bbox 555 4207 705 4261; x_wconf 85' lang='lat' dir='ltr'><strong>bitur</strong></span> <span class='ocrx_word' id='word_1_335' title='bbox 746 4207 1137 4263; x_wconf 88' lang='lat' dir='ltr'><strong>convenienter</strong></span> <span class='ocrx_word' id='word_1_336' title='bbox 1170 4205 1249 4260; x_wconf 92' lang='lat' dir='ltr'><strong>illi</strong></span> <span class='ocrx_word' id='word_1_337' title='bbox 1290 4202 1611 4275; x_wconf 88' lang='lat' dir='ltr'><strong>responderi</strong></span> <span class='ocrx_word' id='word_1_338' title='bbox 1637 4216 1823 4271; x_wconf 86' lang='lat' dir='ltr'><strong>posse,</strong></span> <span class='ocrx_word' id='word_1_339' title='bbox 1871 4200 2002 4271; x_wconf 90' lang='lat' dir='ltr'><strong>quia</strong></span> <span class='ocrx_word' id='word_1_340' title='bbox 2032 4200 2141 4255; x_wconf 88' lang='lat' dir='ltr'><strong>hoc</strong></span> 
     </span>
    </p>
   </div>
   <div class='ocr_carea' id='block_1_46' title="bbox 556 4290 2139 4367">
    <p class='ocr_par' dir='ltr' id='par_1_46' title="bbox 556 4290 2139 4367">
     <span class='ocr_line' id='line_1_46' title="bbox 556 4290 2139 4367; baseline -0.004 -16"><span class='ocrx_word' id='word_1_341' title='bbox 556 4296 703 4367; x_wconf 90' lang='lat' dir='ltr'><strong>quod</strong></span> <span class='ocrx_word' id='word_1_342' title='bbox 734 4296 969 4366; x_wconf 88' lang='lat' dir='ltr'><strong>amplius</strong></span> <span class='ocrx_word' id='word_1_343' title='bbox 1016 4309 1127 4350; x_wconf 93' lang='lat' dir='ltr'><strong>non</strong></span> <span class='ocrx_word' id='word_1_344' title='bbox 1175 4302 1260 4349; x_wconf 91' lang='lat' dir='ltr'><strong>est</strong></span> <span class='ocrx_word' id='word_1_345' title='bbox 1307 4294 1363 4348; x_wconf 93' lang='lat' dir='ltr'><strong>in</strong></span> <span class='ocrx_word' id='word_1_346' title='bbox 1410 4291 1705 4362; x_wconf 90' lang='lat' dir='ltr'><strong>baptismo,</strong></span> <span class='ocrx_word' id='word_1_347' title='bbox 1751 4305 1819 4345; x_wconf 81' lang='lat' dir='ltr'><strong>ex</strong></span> <span class='ocrx_word' id='word_1_348' title='bbox 1865 4290 2139 4361; x_wconf 90' lang='lat' dir='ltr'><strong>baptismo</strong></span> 
     </span>
    </p>
   </div>
   <div class='ocr_carea' id='block_1_47' title="bbox 556 4381 2141 4457">
    <p class='ocr_par' dir='ltr' id='par_1_47' title="bbox 556 4381 2141 4457">
     <span class='ocr_line' id='line_1_47' title="bbox 556 4381 2141 4457; baseline -0.003 -16"><span class='ocrx_word' id='word_1_349' title='bbox 556 4403 668 4442; x_wconf 91' lang='lat' dir='ltr'><strong>non</strong></span> <span class='ocrx_word' id='word_1_350' title='bbox 706 4395 813 4457; x_wconf 90' lang='lat' dir='ltr'><strong>est,</strong></span> <span class='ocrx_word' id='word_1_351' title='bbox 838 4387 934 4442; x_wconf 91' lang='lat' dir='ltr'><strong>sed</strong></span> <span class='ocrx_word' id='word_1_352' title='bbox 962 4402 1032 4442; x_wconf 79' lang='lat' dir='ltr'><strong>ex</strong></span> <span class='ocrx_word' id='word_1_353' title='bbox 1061 4385 1317 4456; x_wconf 88' lang='lat' dir='ltr'><strong>passione</strong></span> <span class='ocrx_word' id='word_1_354' title='bbox 1343 4382 1549 4439; x_wconf 83' lang='lat' dir='ltr'><strong>Christi</strong></span> <span class='ocrx_word' id='word_1_355' title='bbox 1583 4382 1918 4453; x_wconf 88' lang='lat' dir='ltr'><strong>baptismum</strong></span> <span class='ocrx_word' id='word_1_356' title='bbox 1942 4381 2141 4438; x_wconf 86' lang='lat' dir='ltr'><strong>sancti-</strong></span> 
     </span>
    </p>
   </div>
   <div class='ocr_carea' id='block_1_48' title="bbox 556 4475 2215 4567">
    <p class='ocr_par' dir='ltr' id='par_1_48' title="bbox 556 4475 2215 4567">
     <span class='ocr_line' id='line_1_48' title="bbox 556 4475 2215 4567; baseline -0.004 -32"><span class='ocrx_word' id='word_1_357' title='bbox 556 4482 755 4538; x_wconf 78' lang='lat' dir='ltr'><strong>ficante</strong></span> <span class='ocrx_word' id='word_1_358' title='bbox 783 4480 1089 4549; x_wconf 81' lang='lat' dir='ltr'><strong>impletum.</strong></span> <span class='ocrx_word' id='word_1_359' title='bbox 1122 4476 1268 4532; x_wconf 85' lang='lat' dir='ltr'><strong>idem</strong></span> <span class='ocrx_word' id='word_1_360' title='bbox 1298 4492 1428 4532; x_wconf 88' lang='lat' dir='ltr'><strong>vero</strong></span> <span class='ocrx_word' id='word_1_361' title='bbox 1457 4477 1932 4535; x_wconf 89' lang='lat' dir='ltr'><strong>circumcisionem</strong></span> <span class='ocrx_word' id='word_1_362' title='bbox 1961 4475 2140 4531; x_wconf 90' lang='lat' dir='ltr'><strong>facere</strong></span> <span class='ocrx_word' id='word_1_363' title='bbox 2171 4511 2215 4567; x_wconf 68' lang='grc' dir='ltr'>υ</span> 
     </span>
    </p>
   </div>
   <div class='ocr_carea' id='block_1_49' title="bbox 554 4568 2141 4643">
    <p class='ocr_par' dir='ltr' id='par_1_49' title="bbox 554 4568 2141 4643">
     <span class='ocr_line' id='line_1_49' title="bbox 554 4568 2141 4643; baseline -0.002 -18"><span class='ocrx_word' id='word_1_364' title='bbox 554 4571 821 4643; x_wconf 88' lang='lat' dir='ltr'><strong>potuisse,</strong></span> <span class='ocrx_word' id='word_1_365' title='bbox 879 4571 928 4625; x_wconf 90' lang='lat' dir='ltr'><strong>si</strong></span> <span class='ocrx_word' id='word_1_366' title='bbox 980 4570 1057 4624; x_wconf 89' lang='lat' dir='ltr'><strong>illi</strong></span> <span class='ocrx_word' id='word_1_367' title='bbox 1104 4568 1289 4640; x_wconf 86' lang='lat' dir='ltr'><strong>passio</strong></span> <span class='ocrx_word' id='word_1_368' title='bbox 1335 4568 1539 4625; x_wconf 89' lang='lat' dir='ltr'><strong>Christi</strong></span> <span class='ocrx_word' id='word_1_369' title='bbox 1583 4568 1640 4623; x_wconf 91' lang='lat' dir='ltr'><strong>in</strong></span> <span class='ocrx_word' id='word_1_370' title='bbox 1699 4569 2141 4639; x_wconf 89' lang='lat' dir='ltr'><strong>cooperationcm</strong></span> 
     </span>
    </p>
   </div>
   <div class='ocr_carea' id='block_1_50' title="bbox 557 4658 2133 4731">
    <p class='ocr_par' dir='ltr' id='par_1_50' title="bbox 557 4658 2133 4731">
     <span class='ocr_line' id='line_1_50' title="bbox 557 4658 2133 4731; baseline -0.004 -10"><span class='ocrx_word' id='word_1_371' title='bbox 557 4662 1010 4721; x_wconf 78' lang='lat' dir='ltr'><strong>sanctificationis</strong></span> <span class='ocrx_word' id='word_1_372' title='bbox 1039 4660 1297 4731; x_wconf 87' lang='lat' dir='ltr'><strong>adjuncta</strong></span> <span class='ocrx_word' id='word_1_373' title='bbox 1327 4660 1540 4717; x_wconf 87' lang='lat' dir='ltr'><strong>fuisset.</strong></span> <span class='ocrx_word' id='word_1_374' title='bbox 1574 4658 1711 4716; x_wconf 86' lang='lat' dir='ltr'><strong>Nam</strong></span> <span class='ocrx_word' id='word_1_375' title='bbox 1737 4661 1792 4715; x_wconf 92' lang='lat' dir='ltr'><strong>in</strong></span> <span class='ocrx_word' id='word_1_376' title='bbox 1836 4660 2133 4731; x_wconf 87' lang='lat' dir='ltr'><strong>baptismo,</strong></span> 
     </span>
    </p>
   </div>
   <div class='ocr_carea' id='block_1_51' title="bbox 558 4751 2141 4827">
    <p class='ocr_par' dir='ltr' id='par_1_51' title="bbox 558 4751 2141 4827">
     <span class='ocr_line' id='line_1_51' title="bbox 558 4751 2141 4827; baseline -0.003 -15"><span class='ocrx_word' id='word_1_377' title='bbox 558 4763 826 4827; x_wconf 89' lang='lat' dir='ltr'><strong>quantum</strong></span> <span class='ocrx_word' id='word_1_378' title='bbox 853 4754 1062 4810; x_wconf 86' lang='lat' dir='ltr'><strong>scilicet</strong></span> <span class='ocrx_word' id='word_1_379' title='bbox 1090 4761 1299 4824; x_wconf 88' lang='lat' dir='ltr'><strong>spectat</strong></span> <span class='ocrx_word' id='word_1_380' title='bbox 1343 4753 1410 4817; x_wconf 89' lang='lat' dir='ltr'><strong>ad</strong></span> <span class='ocrx_word' id='word_1_381' title='bbox 1454 4753 1712 4808; x_wconf 87' lang='lat' dir='ltr'><strong>virtutem</strong></span> <span class='ocrx_word' id='word_1_382' title='bbox 1759 4751 2038 4823; x_wconf 86' lang='lat' dir='ltr'><strong>baptismi,</strong></span> <span class='ocrx_word' id='word_1_383' title='bbox 2061 4752 2141 4808; x_wconf 89' lang='lat' dir='ltr'><strong>si-</strong></span> 
     </span>
    </p>
   </div>
   <div class='ocr_carea' id='block_1_52' title="bbox 558 4845 2142 4916">
    <p class='ocr_par' dir='ltr' id='par_1_52' title="bbox 558 4845 2142 4916">
     <span class='ocr_line' id='line_1_52' title="bbox 558 4845 2142 4916; baseline -0.001 -14"><span class='ocrx_word' id='word_1_384' title='bbox 558 4848 763 4904; x_wconf 89' lang='lat' dir='ltr'><strong>militer</strong></span> <span class='ocrx_word' id='word_1_385' title='bbox 782 4854 846 4901; x_wconf 88' lang='lat' dir='ltr'><strong>ut</strong></span> <span class='ocrx_word' id='word_1_386' title='bbox 874 4848 931 4902; x_wconf 92' lang='lat' dir='ltr'><strong>in</strong></span> <span class='ocrx_word' id='word_1_387' title='bbox 962 4845 1406 4913; x_wconf 85' lang='lat' dir='ltr'><strong>circumcisione,</strong></span> <span class='ocrx_word' id='word_1_388' title='bbox 1434 4846 1688 4902; x_wconf 89' lang='lat' dir='ltr'><strong>remissio</strong></span> <span class='ocrx_word' id='word_1_389' title='bbox 1710 4854 1930 4902; x_wconf 91' lang='lat' dir='ltr'><strong>tuorum</strong></span> <span class='ocrx_word' id='word_1_390' title='bbox 1962 4846 2142 4916; x_wconf 90' lang='lat' dir='ltr'><strong>perci-</strong></span> 
     </span>
    </p>
   </div>
   <div class='ocr_carea' id='block_1_53' title="bbox 559 4939 2141 5011">
    <p class='ocr_par' dir='ltr' id='par_1_53' title="bbox 559 4939 2141 5011">
     <span class='ocr_line' id='line_1_53' title="bbox 559 4939 2141 5011; baseline 0 -16"><span class='ocrx_word' id='word_1_391' title='bbox 559 4942 707 5011; x_wconf 89' lang='lat' dir='ltr'><strong>pitur</strong></span> <span class='ocrx_word' id='word_1_392' title='bbox 735 4948 1105 5010; x_wconf 85' lang='lat' dir='ltr'><strong>peccatorum,</strong></span> <span class='ocrx_word' id='word_1_393' title='bbox 1133 4939 1262 5009; x_wconf 90' lang='lat' dir='ltr'><strong>quia</strong></span> <span class='ocrx_word' id='word_1_394' title='bbox 1307 4939 1452 4995; x_wconf 88' lang='lat' dir='ltr'><strong>sicut</strong></span> <span class='ocrx_word' id='word_1_395' title='bbox 1497 4940 1703 4995; x_wconf 90' lang='lat' dir='ltr'><strong>dictum</strong></span> <span class='ocrx_word' id='word_1_396' title='bbox 1738 4947 1821 4997; x_wconf 89' lang='lat' dir='ltr'><strong>est</strong></span> <span class='ocrx_word' id='word_1_397' title='bbox 1871 4939 2016 5009; x_wconf 90' lang='lat' dir='ltr'><strong>quod</strong></span> <span class='ocrx_word' id='word_1_398' title='bbox 2047 4939 2141 5008; x_wconf 83' lang='lat' dir='ltr'><strong>ju-</strong></span> 
     </span>
    </p>
   </div>
   <div class='ocr_carea' id='block_1_54' title="bbox 562 5030 2140 5100">
    <p class='ocr_par' dir='ltr' id='par_1_54' title="bbox 562 5030 2140 5100">
     <span class='ocr_line' id='line_1_54' title="bbox 562 5030 2140 5100; baseline -0.002 -14"><span class='ocrx_word' id='word_1_399' title='bbox 562 5032 810 5086; x_wconf 87' lang='lat' dir='ltr'><strong>stilicatis</strong></span> <span class='ocrx_word' id='word_1_400' title='bbox 856 5039 1045 5100; x_wconf 88' lang='lat' dir='ltr'><strong>postea</strong></span> <span class='ocrx_word' id='word_1_401' title='bbox 1097 5030 1277 5085; x_wconf 90' lang='lat' dir='ltr'><strong>aditus</strong></span> <span class='ocrx_word' id='word_1_402' title='bbox 1332 5031 1522 5099; x_wconf 83' lang='lat' dir='ltr'><strong>patriae</strong></span> <span class='ocrx_word' id='word_1_403' title='bbox 1572 5030 1812 5085; x_wconf 73' lang='lat' dir='ltr'><strong>cmlestis</strong></span> <span class='ocrx_word' id='word_1_404' title='bbox 1863 5030 2140 5098; x_wconf 87' lang='lat' dir='ltr'><strong>panditur,</strong></span> 
     </span>
    </p>
   </div>
   <div class='ocr_carea' id='block_1_55' title="bbox 562 5120 2142 5192">
    <p class='ocr_par' dir='ltr' id='par_1_55' title="bbox 562 5120 2142 5192">
     <span class='ocr_line' id='line_1_55' title="bbox 562 5120 2142 5192; baseline -0.001 -14"><span class='ocrx_word' id='word_1_405' title='bbox 562 5137 724 5178; x_wconf 87' lang='lat' dir='ltr'><strong>cruce</strong></span> <span class='ocrx_word' id='word_1_406' title='bbox 743 5120 951 5177; x_wconf 87' lang='lat' dir='ltr'><strong>Christi</strong></span> <span class='ocrx_word' id='word_1_407' title='bbox 973 5122 1335 5178; x_wconf 73' lang='lat' dir='ltr'><strong>contionatur.</strong></span> <span class='ocrx_word' id='word_1_408' title='bbox 1359 5122 1491 5187; x_wconf 63' lang='lat' dir='ltr'><strong>Quae</strong></span> <span class='ocrx_word' id='word_1_409' title='bbox 1512 5123 1767 5177; x_wconf 86' lang='lat' dir='ltr'><strong>remissio</strong></span> <span class='ocrx_word' id='word_1_410' title='bbox 1795 5131 2142 5192; x_wconf 86' lang='lat' dir='ltr'><strong>peccatorum</strong></span> 
     </span>
    </p>
   </div>
   <div class='ocr_carea' id='block_1_56' title="bbox 562 5210 2141 5281">
    <p class='ocr_par' dir='ltr' id='par_1_56' title="bbox 562 5210 2141 5281">
     <span class='ocr_line' id='line_1_56' title="bbox 562 5210 2141 5281; baseline -0.001 -13"><span class='ocrx_word' id='word_1_411' title='bbox 562 5211 854 5268; x_wconf 84' lang='lat' dir='ltr'><strong>duodecies</strong></span> <span class='ocrx_word' id='word_1_412' title='bbox 884 5210 998 5265; x_wconf 83' lang='lat' dir='ltr'><strong>fieri</strong></span> <span class='ocrx_word' id='word_1_413' title='bbox 1031 5226 1193 5281; x_wconf 86' lang='lat' dir='ltr'><strong>posse</strong></span> <span class='ocrx_word' id='word_1_414' title='bbox 1220 5228 1252 5267; x_wconf 92' lang='lat' dir='ltr'><strong>a</strong></span> <span class='ocrx_word' id='word_1_415' title='bbox 1280 5211 1596 5266; x_wconf 91' lang='lat' dir='ltr'><strong>doctoribus</strong></span> <span class='ocrx_word' id='word_1_416' title='bbox 1646 5212 1911 5266; x_wconf 87' lang='lat' dir='ltr'><strong>innuitur.</strong></span> <span class='ocrx_word' id='word_1_417' title='bbox 1958 5211 2141 5267; x_wconf 89' lang='lat' dir='ltr'><strong>Prima</strong></span> 
     </span>
    </p>
   </div>
   <div class='ocr_carea' id='block_1_57' title="bbox 510 5302 2145 5391">
    <p class='ocr_par' dir='ltr' id='par_1_57' title="bbox 510 5302 2145 5391">
     <span class='ocr_line' id='line_1_57' title="bbox 510 5302 2145 5391; baseline 0 -32"><span class='ocrx_word' id='word_1_418' title='bbox 510 5380 515 5391; x_wconf 34' lang='grc'><strong><em>³</em></strong></span> <span class='ocrx_word' id='word_1_419' title='bbox 564 5302 837 5374; x_wconf 89' lang='lat' dir='ltr'><strong>siquidem</strong></span> <span class='ocrx_word' id='word_1_420' title='bbox 861 5302 1116 5358; x_wconf 87' lang='lat' dir='ltr'><strong>remissio</strong></span> <span class='ocrx_word' id='word_1_421' title='bbox 1138 5312 1224 5357; x_wconf 89' lang='lat' dir='ltr'><strong>est</strong></span> <span class='ocrx_word' id='word_1_422' title='bbox 1249 5317 1357 5372; x_wconf 87' lang='lat' dir='ltr'><strong>qua</strong></span> <span class='ocrx_word' id='word_1_423' title='bbox 1395 5302 1738 5370; x_wconf 82' lang='lat' dir='ltr'><strong>baptizamur</strong></span> <span class='ocrx_word' id='word_1_424' title='bbox 1769 5303 1823 5357; x_wconf 91' lang='lat' dir='ltr'><strong>in</strong></span> <span class='ocrx_word' id='word_1_425' title='bbox 1852 5318 1994 5374; x_wconf 89' lang='lat' dir='ltr'><strong>aqua</strong></span> <span class='ocrx_word' id='word_1_426' title='bbox 2013 5343 2028 5371; x_wconf 94' lang='lat'><strong>,</strong></span> <span class='ocrx_word' id='word_1_427' title='bbox 2057 5318 2145 5358; x_wconf 89' lang='lat' dir='ltr'><strong>se-</strong></span> 
     </span>
    </p>
   </div>
   <div class='ocr_carea' id='block_1_58' title="bbox 563 5392 2145 5464">
    <p class='ocr_par' dir='ltr' id='par_1_58' title="bbox 563 5392 2145 5464">
     <span class='ocr_line' id='line_1_58' title="bbox 563 5392 2145 5464; baseline -0.002 -13"><span class='ocrx_word' id='word_1_428' title='bbox 563 5393 804 5455; x_wconf 84' lang='lat' dir='ltr'><strong>cundum</strong></span> <span class='ocrx_word' id='word_1_429' title='bbox 832 5394 966 5451; x_wconf 87' lang='lat' dir='ltr'><strong>illud</strong></span> <span class='ocrx_word' id='word_1_430' title='bbox 1001 5413 1015 5448; x_wconf 90' lang='lat'><strong>:</strong></span> <span class='ocrx_word' id='word_1_431' title='bbox 1048 5412 1067 5445; x_wconf 74' lang='grc' dir='ltr'><strong>ι</strong></span> <span class='ocrx_word' id='word_1_432' title='bbox 1096 5392 1213 5449; x_wconf 83' lang='lat' dir='ltr'><strong>Nisi</strong></span> <span class='ocrx_word' id='word_1_433' title='bbox 1242 5393 1368 5463; x_wconf 89' lang='lat' dir='ltr'><strong>quis</strong></span> <span class='ocrx_word' id='word_1_434' title='bbox 1395 5400 1616 5447; x_wconf 90' lang='lat' dir='ltr'><strong>renatus</strong></span> <span class='ocrx_word' id='word_1_435' title='bbox 1642 5393 1808 5449; x_wconf 89' lang='lat' dir='ltr'><strong>fuerit</strong></span> <span class='ocrx_word' id='word_1_436' title='bbox 1829 5410 1897 5453; x_wconf 78' lang='lat' dir='ltr'><strong>ex</strong></span> <span class='ocrx_word' id='word_1_437' title='bbox 1924 5409 2066 5464; x_wconf 85' lang='lat' dir='ltr'><strong>aqua</strong></span> <span class='ocrx_word' id='word_1_438' title='bbox 2089 5404 2145 5450; x_wconf 88' lang='lat' dir='ltr'><strong>et</strong></span> 
     </span>
    </p>
   </div>
   <div class='ocr_carea' id='block_1_59' title="bbox 564 5482 2141 5557">
    <p class='ocr_par' dir='ltr' id='par_1_59' title="bbox 564 5482 2141 5557">
     <span class='ocr_line' id='line_1_59' title="bbox 564 5482 2141 5557; baseline 0.001 -17"><span class='ocrx_word' id='word_1_439' title='bbox 564 5484 770 5556; x_wconf 87' lang='lat' dir='ltr'><strong>Spiritu</strong></span> <span class='ocrx_word' id='word_1_440' title='bbox 798 5494 1012 5550; x_wconf 92' lang='lat' dir='ltr'><strong>sancto,</strong></span> <span class='ocrx_word' id='word_1_441' title='bbox 1041 5500 1151 5539; x_wconf 82' lang='lat' dir='ltr'><strong>non</strong></span> <span class='ocrx_word' id='word_1_442' title='bbox 1176 5492 1353 5553; x_wconf 89' lang='lat' dir='ltr'><strong>potest</strong></span> <span class='ocrx_word' id='word_1_443' title='bbox 1376 5482 1560 5538; x_wconf 90' lang='lat' dir='ltr'><strong>videre</strong></span> <span class='ocrx_word' id='word_1_444' title='bbox 1585 5500 1812 5556; x_wconf 84' lang='lat' dir='ltr'><strong>regnum</strong></span> <span class='ocrx_word' id='word_1_445' title='bbox 1840 5486 1933 5541; x_wconf 87' lang='lat' dir='ltr'><strong>Dei</strong></span> <span class='ocrx_word' id='word_1_446' title='bbox 1958 5486 2141 5557; x_wconf 80' lang='lat' dir='ltr'><strong>(Joan.</strong></span> 
     </span>
    </p>
   </div>
   <div class='ocr_carea' id='block_1_60' title="bbox 565 5572 2147 5646">
    <p class='ocr_par' dir='ltr' id='par_1_60' title="bbox 565 5572 2147 5646">
     <span class='ocr_line' id='line_1_60' title="bbox 565 5572 2147 5646; baseline 0.001 -16"><span class='ocrx_word' id='word_1_447' title='bbox 565 5575 671 5646; x_wconf 89' lang='grc' dir='ltr'>ιιι).</span> <span class='ocrx_word' id='word_1_448' title='bbox 696 5594 714 5625; x_wconf 88' lang='grc'><strong>›</strong></span> <span class='ocrx_word' id='word_1_449' title='bbox 739 5574 1013 5641; x_wconf 88' lang='lat' dir='ltr'><strong>Secunda,</strong></span> <span class='ocrx_word' id='word_1_450' title='bbox 1038 5574 1322 5628; x_wconf 87' lang='lat' dir='ltr'><strong>charitatis</strong></span> <span class='ocrx_word' id='word_1_451' title='bbox 1351 5572 1583 5639; x_wconf 72' lang='lat' dir='ltr'><strong>affectio,</strong></span> <span class='ocrx_word' id='word_1_452' title='bbox 1608 5583 1667 5630; x_wconf 93' lang='lat' dir='ltr'><strong>ut</strong></span> <span class='ocrx_word' id='word_1_453' title='bbox 1693 5586 1779 5631; x_wconf 89' lang='lat' dir='ltr'><strong>est</strong></span> <span class='ocrx_word' id='word_1_454' title='bbox 1805 5577 1936 5632; x_wconf 89' lang='lat' dir='ltr'><strong>illud</strong></span> <span class='ocrx_word' id='word_1_455' title='bbox 1966 5595 2017 5631; x_wconf 75' lang='grc' dir='ltr'>ει</span> <span class='ocrx_word' id='word_1_456' title='bbox 2040 5577 2147 5632; x_wconf 78' lang='lat' dir='ltr'><strong>Re-</strong></span> 
     </span>
    </p>
   </div>
   <div class='ocr_carea' id='block_1_61' title="bbox 568 5663 2145 5735">
    <p class='ocr_par' dir='ltr' id='par_1_61' title="bbox 568 5663 2145 5735">
     <span class='ocr_line' id='line_1_61' title="bbox 568 5663 2145 5735; baseline 0.002 -14"><span class='ocrx_word' id='word_1_457' title='bbox 568 5665 863 5721; x_wconf 83' lang='lat' dir='ltr'><strong>mittuntur</strong></span> <span class='ocrx_word' id='word_1_458' title='bbox 906 5668 955 5722; x_wconf 89' lang='lat' dir='ltr'><strong>ei</strong></span> <span class='ocrx_word' id='word_1_459' title='bbox 1003 5674 1222 5735; x_wconf 87' lang='lat' dir='ltr'><strong>peccata</strong></span> <span class='ocrx_word' id='word_1_460' title='bbox 1272 5663 1464 5727; x_wconf 86' lang='lat' dir='ltr'><strong>multa,</strong></span> <span class='ocrx_word' id='word_1_461' title='bbox 1497 5666 1627 5733; x_wconf 89' lang='lat' dir='ltr'><strong>quia</strong></span> <span class='ocrx_word' id='word_1_462' title='bbox 1677 5667 1865 5723; x_wconf 75' lang='lat' dir='ltr'><strong>dilexit</strong></span> <span class='ocrx_word' id='word_1_463' title='bbox 1914 5669 2145 5724; x_wconf 89' lang='lat' dir='ltr'><strong>multum</strong></span> 
     </span>
    </p>
   </div>
   <div class='ocr_carea' id='block_1_62' title="bbox 566 5755 2142 5829">
    <p class='ocr_par' dir='ltr' id='par_1_62' title="bbox 566 5755 2142 5829">
     <span class='ocr_line' id='line_1_62' title="bbox 566 5755 2142 5829; baseline -0.001 -14"><span class='ocrx_word' id='word_1_464' title='bbox 566 5757 719 5829; x_wconf 82' lang='lat' dir='ltr'><strong>(Luc.</strong></span> <span class='ocrx_word' id='word_1_465' title='bbox 749 5759 869 5827; x_wconf 83' lang='lat' dir='ltr'><strong>vn).</strong></span> <span class='ocrx_word' id='word_1_466' title='bbox 888 5776 906 5810; x_wconf 78' lang='grc' dir='ltr'><strong>ι</strong></span> <span class='ocrx_word' id='word_1_467' title='bbox 946 5755 1154 5823; x_wconf 80' lang='lat' dir='ltr'><strong>Tertia,</strong></span> <span class='ocrx_word' id='word_1_468' title='bbox 1187 5755 1659 5824; x_wconf 83' lang='lat' dir='ltr'><strong>eleemosynarum</strong></span> <span class='ocrx_word' id='word_1_469' title='bbox 1686 5756 1918 5829; x_wconf 86' lang='lat' dir='ltr'><strong>fructus,</strong></span> <span class='ocrx_word' id='word_1_470' title='bbox 1944 5775 2142 5827; x_wconf 80' lang='lat' dir='ltr'><strong>secun-</strong></span> 
     </span>
    </p>
   </div>
   <div class='ocr_carea' id='block_1_63' title="bbox 2208 625 3791 716">
    <p class='ocr_par' dir='ltr' id='par_1_63' title="bbox 2208 625 3791 716">
     <span class='ocr_line' id='line_1_63' title="bbox 2208 625 3791 716; baseline -0.011 -15"><span class='ocrx_word' id='word_1_471' title='bbox 2208 643 2453 716; x_wconf 88' lang='lat' dir='ltr'><strong>profusio</strong></span> <span class='ocrx_word' id='word_1_472' title='bbox 2475 642 2861 712; x_wconf 87' lang='lat' dir='ltr'><strong>lacrymarum,</strong></span> <span class='ocrx_word' id='word_1_473' title='bbox 2886 634 3121 691; x_wconf 89' lang='lat' dir='ltr'><strong>Domino</strong></span> <span class='ocrx_word' id='word_1_474' title='bbox 3144 632 3366 693; x_wconf 77' lang='lat' dir='ltr'><strong>dicente</strong></span> <span class='ocrx_word' id='word_1_475' title='bbox 3391 647 3406 683; x_wconf 88' lang='lat'><strong>:</strong></span> <span class='ocrx_word' id='word_1_476' title='bbox 3435 646 3455 681; x_wconf 79' lang='grc' dir='ltr'><strong>ι</strong></span> <span class='ocrx_word' id='word_1_477' title='bbox 3482 625 3626 695; x_wconf 87' lang='lat' dir='ltr'><strong>Quia</strong></span> <span class='ocrx_word' id='word_1_478' title='bbox 3652 627 3791 684; x_wconf 84' lang='lat' dir='ltr'><strong>ﬂevit</strong></span> 
     </span>
    </p>
   </div>
   <div class='ocr_carea' id='block_1_64' title="bbox 2210 721 3789 803">
    <p class='ocr_par' dir='ltr' id='par_1_64' title="bbox 2210 721 3789 803">
     <span class='ocr_line' id='line_1_64' title="bbox 2210 721 3789 803; baseline -0.011 -12"><span class='ocrx_word' id='word_1_479' title='bbox 2210 736 2267 790; x_wconf 90' lang='lat' dir='ltr'><strong>in</strong></span> <span class='ocrx_word' id='word_1_480' title='bbox 2279 741 2575 803; x_wconf 90' lang='lat' dir='ltr'><strong>conspectu</strong></span> <span class='ocrx_word' id='word_1_481' title='bbox 2599 745 2744 792; x_wconf 85' lang='lat' dir='ltr'><strong>meo,</strong></span> <span class='ocrx_word' id='word_1_482' title='bbox 2766 736 2823 783; x_wconf 92' lang='lat' dir='ltr'><strong>et</strong></span> <span class='ocrx_word' id='word_1_483' title='bbox 2840 721 3327 782; x_wconf 82' lang='lat' dir='ltr'><strong>ambulavittristis</strong></span> <span class='ocrx_word' id='word_1_484' title='bbox 3351 734 3539 775; x_wconf 87' lang='lat' dir='ltr'><strong>coram</strong></span> <span class='ocrx_word' id='word_1_485' title='bbox 3564 732 3672 782; x_wconf 88' lang='lat' dir='ltr'><strong>me,</strong></span> <span class='ocrx_word' id='word_1_486' title='bbox 3684 733 3789 774; x_wconf 88' lang='lat' dir='ltr'><strong>non</strong></span> 
     </span>
    </p>
   </div>
   <div class='ocr_carea' id='block_1_65' title="bbox 2212 807 3788 886">
    <p class='ocr_par' dir='ltr' id='par_1_65' title="bbox 2212 807 3788 886">
     <span class='ocr_line' id='line_1_65' title="bbox 2212 807 3788 886; baseline -0.011 -4"><span class='ocrx_word' id='word_1_487' title='bbox 2212 826 2470 883; x_wconf 67' lang='lat' dir='ltr'><strong>inducam</strong></span> <span class='ocrx_word' id='word_1_488' title='bbox 2494 821 2637 881; x_wconf 89' lang='lat' dir='ltr'><strong>mala</strong></span> <span class='ocrx_word' id='word_1_489' title='bbox 2657 821 2715 875; x_wconf 90' lang='lat' dir='ltr'><strong>in</strong></span> <span class='ocrx_word' id='word_1_490' title='bbox 2735 819 2928 879; x_wconf 85' lang='lat' dir='ltr'><strong>diebus</strong></span> <span class='ocrx_word' id='word_1_491' title='bbox 2953 812 3194 886; x_wconf 80' lang='lat' dir='ltr'><strong>illis(111</strong></span> <span class='ocrx_word' id='word_1_492' title='bbox 3223 811 3354 882; x_wconf 85' lang='lat' dir='ltr'><strong>Reg.</strong></span> <span class='ocrx_word' id='word_1_493' title='bbox 3378 809 3553 879; x_wconf 54' lang='lat'><strong>31).»</strong></span> <span class='ocrx_word' id='word_1_494' title='bbox 3573 807 3788 878; x_wconf 84' lang='lat' dir='ltr'><strong>Quinta,</strong></span> 
     </span>
    </p>
   </div>
   <div class='ocr_carea' id='block_1_66' title="bbox 2214 899 3786 975">
    <p class='ocr_par' dir='ltr' id='par_1_66' title="bbox 2214 899 3786 975">
     <span class='ocr_line' id='line_1_66' title="bbox 2214 899 3786 975; baseline -0.012 -1"><span class='ocrx_word' id='word_1_495' title='bbox 2214 917 2510 975; x_wconf 89' lang='lat' dir='ltr'><strong>criminum</strong></span> <span class='ocrx_word' id='word_1_496' title='bbox 2569 910 2864 973; x_wconf 82' lang='lat' dir='ltr'><strong>confessio.</strong></span> <span class='ocrx_word' id='word_1_497' title='bbox 2908 906 3200 965; x_wconf 89' lang='lat' dir='ltr'><strong>Psalmista</strong></span> <span class='ocrx_word' id='word_1_498' title='bbox 3240 903 3459 957; x_wconf 86' lang='lat' dir='ltr'><strong>dicente</strong></span> <span class='ocrx_word' id='word_1_499' title='bbox 3502 917 3518 953; x_wconf 91' lang='lat'><strong>:</strong></span> <span class='ocrx_word' id='word_1_500' title='bbox 3568 919 3587 951; x_wconf 74' lang='grc' dir='ltr'><strong>ι</strong></span> <span class='ocrx_word' id='word_1_501' title='bbox 3626 899 3786 955; x_wconf 75' lang='lat' dir='ltr'><strong>Dixi:</strong></span> 
     </span>
    </p>
   </div>
   <div class='ocr_carea' id='block_1_67' title="bbox 2214 990 3789 1073">
    <p class='ocr_par' dir='ltr' id='par_1_67' title="bbox 2214 990 3789 1073">
     <span class='ocr_line' id='line_1_67' title="bbox 2214 990 3789 1073; baseline -0.014 -8"><span class='ocrx_word' id='word_1_502' title='bbox 2214 1007 2512 1065; x_wconf 78' lang='lat' dir='ltr'><strong>confitebor</strong></span> <span class='ocrx_word' id='word_1_503' title='bbox 2526 1001 2822 1073; x_wconf 89' lang='lat' dir='ltr'><strong>injustitias</strong></span> <span class='ocrx_word' id='word_1_504' title='bbox 2836 1012 2986 1054; x_wconf 88' lang='lat' dir='ltr'><strong>meas</strong></span> <span class='ocrx_word' id='word_1_505' title='bbox 3000 995 3257 1061; x_wconf 89' lang='lat' dir='ltr'><strong>Domino,</strong></span> <span class='ocrx_word' id='word_1_506' title='bbox 3270 1001 3326 1049; x_wconf 93' lang='lat' dir='ltr'><strong>et</strong></span> <span class='ocrx_word' id='word_1_507' title='bbox 3336 1002 3398 1047; x_wconf 91' lang='lat' dir='ltr'><strong>tu</strong></span> <span class='ocrx_word' id='word_1_508' title='bbox 3414 990 3674 1047; x_wconf 87' lang='lat' dir='ltr'><strong>remisisti</strong></span> <span class='ocrx_word' id='word_1_509' title='bbox 3694 991 3789 1044; x_wconf 84' lang='lat' dir='ltr'><strong>im-</strong></span> 
     </span>
    </p>
   </div>
   <div class='ocr_carea' id='block_1_68' title="bbox 2214 1080 3789 1172">
    <p class='ocr_par' dir='ltr' id='par_1_68' title="bbox 2214 1080 3789 1172">
     <span class='ocr_line' id='line_1_68' title="bbox 2214 1080 3789 1172; baseline -0.012 -17"><span class='ocrx_word' id='word_1_510' title='bbox 2214 1100 2470 1172; x_wconf 89' lang='lat' dir='ltr'><strong>pietatem</strong></span> <span class='ocrx_word' id='word_1_511' title='bbox 2504 1091 2714 1165; x_wconf 89' lang='lat' dir='ltr'><strong>peccati</strong></span> <span class='ocrx_word' id='word_1_512' title='bbox 2735 1087 3029 1158; x_wconf 81' lang='lat' dir='ltr'><strong>mei(Psal.</strong></span> <span class='ocrx_word' id='word_1_513' title='bbox 3055 1085 3231 1155; x_wconf 72' lang='lat' dir='ltr'><strong>xxxi).</strong></span> <span class='ocrx_word' id='word_1_514' title='bbox 3262 1103 3281 1137; x_wconf 73' lang='grc' dir='ltr'><strong>ι</strong></span> <span class='ocrx_word' id='word_1_515' title='bbox 3313 1081 3478 1138; x_wconf 77' lang='lat' dir='ltr'><strong>Sexta</strong></span> <span class='ocrx_word' id='word_1_516' title='bbox 3508 1089 3595 1135; x_wconf 87' lang='lat' dir='ltr'><strong>est</strong></span> <span class='ocrx_word' id='word_1_517' title='bbox 3622 1080 3789 1136; x_wconf 82' lang='lat' dir='ltr'><strong>cordis</strong></span> 
     </span>
    </p>
   </div>
   <div class='ocr_carea' id='block_1_69' title="bbox 2214 1169 3789 1256">
    <p class='ocr_par' dir='ltr' id='par_1_69' title="bbox 2214 1169 3789 1256">
     <span class='ocr_line' id='line_1_69' title="bbox 2214 1169 3789 1256; baseline -0.013 -11"><span class='ocrx_word' id='word_1_518' title='bbox 2214 1169 2271 1245; x_wconf 77' lang='lat' dir='ltr'><strong>et</strong></span> <span class='ocrx_word' id='word_1_519' title='bbox 2296 1186 2547 1256; x_wconf 89' lang='lat' dir='ltr'><strong>corporis</strong></span> <span class='ocrx_word' id='word_1_520' title='bbox 2595 1180 2845 1245; x_wconf 78' lang='lat' dir='ltr'><strong>afﬂictio,</strong></span> <span class='ocrx_word' id='word_1_521' title='bbox 2884 1176 3144 1247; x_wconf 84' lang='lat' dir='ltr'><strong>Apostolo</strong></span> <span class='ocrx_word' id='word_1_522' title='bbox 3187 1173 3515 1230; x_wconf 84' lang='lat' dir='ltr'><strong>consolante</strong></span> <span class='ocrx_word' id='word_1_523' title='bbox 3550 1188 3564 1225; x_wconf 89' lang='lat'><strong>:</strong></span> <span class='ocrx_word' id='word_1_524' title='bbox 3604 1188 3624 1223; x_wconf 72' lang='grc' dir='ltr'><strong>ι</strong></span> <span class='ocrx_word' id='word_1_525' title='bbox 3666 1169 3789 1225; x_wconf 82' lang='lat' dir='ltr'><strong>Dedi</strong></span> 
     </span>
    </p>
   </div>
   <div class='ocr_carea' id='block_1_70' title="bbox 2210 1260 3792 1349">
    <p class='ocr_par' dir='ltr' id='par_1_70' title="bbox 2210 1260 3792 1349">
     <span class='ocr_line' id='line_1_70' title="bbox 2210 1260 3792 1349; baseline -0.013 -14"><span class='ocrx_word' id='word_1_526' title='bbox 2210 1275 2535 1349; x_wconf 74' lang='lat' dir='ltr'><strong>huiusmodi</strong></span> <span class='ocrx_word' id='word_1_527' title='bbox 2576 1272 2855 1329; x_wconf 88' lang='lat' dir='ltr'><strong>hominem</strong></span> <span class='ocrx_word' id='word_1_528' title='bbox 2886 1267 3120 1333; x_wconf 74' lang='lat' dir='ltr'><strong>Satanze,</strong></span> <span class='ocrx_word' id='word_1_529' title='bbox 3152 1274 3215 1320; x_wconf 92' lang='lat' dir='ltr'><strong>ut</strong></span> <span class='ocrx_word' id='word_1_530' title='bbox 3247 1262 3480 1334; x_wconf 88' lang='lat' dir='ltr'><strong>spiritus</strong></span> <span class='ocrx_word' id='word_1_531' title='bbox 3505 1261 3684 1316; x_wconf 85' lang='lat' dir='ltr'><strong>salvus</strong></span> <span class='ocrx_word' id='word_1_532' title='bbox 3706 1260 3792 1315; x_wconf 73' lang='lat' dir='ltr'><strong>fiat</strong></span> 
     </span>
    </p>
   </div>
   <div class='ocr_carea' id='block_1_71' title="bbox 2218 1353 3791 1434">
    <p class='ocr_par' dir='ltr' id='par_1_71' title="bbox 2218 1353 3791 1434">
     <span class='ocr_line' id='line_1_71' title="bbox 2218 1353 3791 1434; baseline -0.012 -9"><span class='ocrx_word' id='word_1_533' title='bbox 2218 1370 2274 1425; x_wconf 92' lang='lat' dir='ltr'><strong>in</strong></span> <span class='ocrx_word' id='word_1_534' title='bbox 2303 1369 2392 1424; x_wconf 88' lang='lat' dir='ltr'><strong>die</strong></span> <span class='ocrx_word' id='word_1_535' title='bbox 2422 1364 2640 1426; x_wconf 88' lang='lat' dir='ltr'><strong>Domini</strong></span> <span class='ocrx_word' id='word_1_536' title='bbox 2675 1360 2731 1434; x_wconf 83' lang='grc' dir='ltr'>(ι</span> <span class='ocrx_word' id='word_1_537' title='bbox 2754 1360 2881 1418; x_wconf 86' lang='lat' dir='ltr'><strong>Cor.</strong></span> <span class='ocrx_word' id='word_1_538' title='bbox 2912 1358 3006 1428; x_wconf 88' lang='lat' dir='ltr'><strong>v);</strong></span> <span class='ocrx_word' id='word_1_539' title='bbox 3038 1375 3057 1410; x_wconf 79' lang='grc' dir='ltr'><strong>ι</strong></span> <span class='ocrx_word' id='word_1_540' title='bbox 3089 1357 3324 1427; x_wconf 84' lang='lat' dir='ltr'><strong>septima</strong></span> <span class='ocrx_word' id='word_1_541' title='bbox 3352 1363 3439 1411; x_wconf 90' lang='lat' dir='ltr'><strong>est</strong></span> <span class='ocrx_word' id='word_1_542' title='bbox 3463 1353 3611 1409; x_wconf 88' lang='lat' dir='ltr'><strong>enim</strong></span> <span class='ocrx_word' id='word_1_543' title='bbox 3653 1353 3791 1407; x_wconf 86' lang='lat' dir='ltr'><strong>datio</strong></span> 
     </span>
    </p>
   </div>
   <div class='ocr_carea' id='block_1_72' title="bbox 2218 1442 3791 1524">
    <p class='ocr_par' dir='ltr' id='par_1_72' title="bbox 2218 1442 3791 1524">
     <span class='ocr_line' id='line_1_72' title="bbox 2218 1442 3791 1524; baseline -0.014 -7"><span class='ocrx_word' id='word_1_544' title='bbox 2218 1473 2457 1524; x_wconf 89' lang='lat' dir='ltr'><strong>morum,</strong></span> <span class='ocrx_word' id='word_1_545' title='bbox 2501 1457 2608 1511; x_wconf 87' lang='lat' dir='ltr'><strong>hoc</strong></span> <span class='ocrx_word' id='word_1_546' title='bbox 2635 1463 2718 1512; x_wconf 88' lang='lat' dir='ltr'><strong>est</strong></span> <span class='ocrx_word' id='word_1_547' title='bbox 2772 1447 3177 1509; x_wconf 86' lang='lat' dir='ltr'><strong>abrenuntiatio</strong></span> <span class='ocrx_word' id='word_1_548' title='bbox 3226 1455 3599 1517; x_wconf 84' lang='lat' dir='ltr'><strong>peccatorum,</strong></span> <span class='ocrx_word' id='word_1_549' title='bbox 3627 1442 3791 1497; x_wconf 77' lang='lat' dir='ltr'><strong>Evan-</strong></span> 
     </span>
    </p>
   </div>
   <div class='ocr_carea' id='block_1_73' title="bbox 2220 1534 3790 1621">
    <p class='ocr_par' dir='ltr' id='par_1_73' title="bbox 2220 1534 3790 1621">
     <span class='ocr_line' id='line_1_73' title="bbox 2220 1534 3790 1621; baseline -0.011 -17"><span class='ocrx_word' id='word_1_550' title='bbox 2220 1550 2361 1621; x_wconf 78' lang='lat' dir='ltr'><strong>gelio</strong></span> <span class='ocrx_word' id='word_1_551' title='bbox 2389 1550 2731 1603; x_wconf 88' lang='lat' dir='ltr'><strong>contestante</strong></span> <span class='ocrx_word' id='word_1_552' title='bbox 2762 1560 2777 1597; x_wconf 90' lang='lat'><strong>:</strong></span> <span class='ocrx_word' id='word_1_553' title='bbox 2809 1559 2829 1592; x_wconf 76' lang='grc' dir='ltr'><strong>ι</strong></span> <span class='ocrx_word' id='word_1_554' title='bbox 2856 1539 2980 1596; x_wconf 86' lang='lat' dir='ltr'><strong>Jam</strong></span> <span class='ocrx_word' id='word_1_555' title='bbox 3010 1554 3180 1595; x_wconf 88' lang='lat' dir='ltr'><strong>sanus</strong></span> <span class='ocrx_word' id='word_1_556' title='bbox 3204 1536 3386 1595; x_wconf 87' lang='lat' dir='ltr'><strong>factus</strong></span> <span class='ocrx_word' id='word_1_557' title='bbox 3412 1551 3498 1602; x_wconf 91' lang='lat' dir='ltr'><strong>es,</strong></span> <span class='ocrx_word' id='word_1_558' title='bbox 3521 1535 3630 1591; x_wconf 90' lang='lat' dir='ltr'><strong>noli</strong></span> <span class='ocrx_word' id='word_1_559' title='bbox 3657 1534 3790 1589; x_wconf 85' lang='lat' dir='ltr'><strong>ultra</strong></span> 
     </span>
    </p>
   </div>
   <div class='ocr_carea' id='block_1_74' title="bbox 2220 1621 3783 1708">
    <p class='ocr_par' dir='ltr' id='par_1_74' title="bbox 2220 1621 3783 1708">
     <span class='ocr_line' id='line_1_74' title="bbox 2220 1621 3783 1708; baseline -0.012 -15"><span class='ocrx_word' id='word_1_560' title='bbox 2220 1651 2469 1708; x_wconf 84' lang='lat' dir='ltr'><strong>peccare,</strong></span> <span class='ocrx_word' id='word_1_561' title='bbox 2517 1648 2587 1689; x_wconf 88' lang='lat' dir='ltr'><strong>ne</strong></span> <span class='ocrx_word' id='word_1_562' title='bbox 2610 1631 2743 1703; x_wconf 86' lang='lat' dir='ltr'><strong>quid</strong></span> <span class='ocrx_word' id='word_1_563' title='bbox 2772 1629 2869 1685; x_wconf 90' lang='lat' dir='ltr'><strong>tibi</strong></span> <span class='ocrx_word' id='word_1_564' title='bbox 2895 1628 3138 1685; x_wconf 90' lang='lat' dir='ltr'><strong>deterius</strong></span> <span class='ocrx_word' id='word_1_565' title='bbox 3164 1625 3450 1696; x_wconf 86' lang='lat' dir='ltr'><strong>contingat</strong></span> <span class='ocrx_word' id='word_1_566' title='bbox 3471 1621 3651 1694; x_wconf 76' lang='lat' dir='ltr'><strong>(Joan.</strong></span> <span class='ocrx_word' id='word_1_567' title='bbox 3672 1624 3745 1692; x_wconf 68' lang='grc' dir='ltr'><strong>ν).</strong></span> <span class='ocrx_word' id='word_1_568' title='bbox 3765 1640 3783 1674; x_wconf 81' lang='grc' dir='ltr'><strong>ι</strong></span> 
     </span>
    </p>
   </div>
   <div class='ocr_carea' id='block_1_75' title="bbox 2223 1710 3791 1785">
    <p class='ocr_par' dir='ltr' id='par_1_75' title="bbox 2223 1710 3791 1785">
     <span class='ocr_line' id='line_1_75' title="bbox 2223 1710 3791 1785; baseline -0.011 -1"><span class='ocrx_word' id='word_1_569' title='bbox 2223 1728 2429 1785; x_wconf 79' lang='lat' dir='ltr'><strong>Octava</strong></span> <span class='ocrx_word' id='word_1_570' title='bbox 2454 1735 2541 1781; x_wconf 93' lang='lat' dir='ltr'><strong>est</strong></span> <span class='ocrx_word' id='word_1_571' title='bbox 2569 1721 2893 1785; x_wconf 84' lang='lat' dir='ltr'><strong>intercessio</strong></span> <span class='ocrx_word' id='word_1_572' title='bbox 2920 1725 3260 1776; x_wconf 88' lang='lat' dir='ltr'><strong>sanctorum.</strong></span> <span class='ocrx_word' id='word_1_573' title='bbox 3288 1714 3448 1772; x_wconf 89' lang='lat' dir='ltr'><strong>Unde</strong></span> <span class='ocrx_word' id='word_1_574' title='bbox 3470 1714 3603 1769; x_wconf 88' lang='lat' dir='ltr'><strong>illud</strong></span> <span class='ocrx_word' id='word_1_575' title='bbox 3634 1731 3649 1767; x_wconf 89' lang='lat'><strong>:</strong></span> <span class='ocrx_word' id='word_1_576' title='bbox 3682 1730 3701 1765; x_wconf 70' lang='grc' dir='ltr'><strong>ι</strong></span> <span class='ocrx_word' id='word_1_577' title='bbox 3734 1710 3791 1767; x_wconf 89' lang='lat' dir='ltr'><strong>Si</strong></span> 
     </span>
    </p>
   </div>
   <div class='ocr_carea' id='block_1_76' title="bbox 2223 1805 3791 1892">
    <p class='ocr_par' dir='ltr' id='par_1_76' title="bbox 2223 1805 3791 1892">
     <span class='ocr_line' id='line_1_76' title="bbox 2223 1805 3791 1892; baseline -0.011 -16"><span class='ocrx_word' id='word_1_578' title='bbox 2223 1821 2350 1892; x_wconf 90' lang='lat' dir='ltr'><strong>quis</strong></span> <span class='ocrx_word' id='word_1_579' title='bbox 2376 1818 2707 1882; x_wconf 83' lang='lat' dir='ltr'><strong>infirmatur,</strong></span> <span class='ocrx_word' id='word_1_580' title='bbox 2733 1812 3045 1869; x_wconf 88' lang='lat' dir='ltr'><strong>introducat</strong></span> <span class='ocrx_word' id='word_1_581' title='bbox 3078 1809 3432 1881; x_wconf 82' lang='lat' dir='ltr'><strong>presbyteros</strong></span> <span class='ocrx_word' id='word_1_582' title='bbox 3462 1805 3791 1869; x_wconf 67' lang='lat' dir='ltr'><strong>Ecclesiz,et</strong></span> 
     </span>
    </p>
   </div>
   <div class='ocr_carea' id='block_1_77' title="bbox 2225 1896 3789 1982">
    <p class='ocr_par' dir='ltr' id='par_1_77' title="bbox 2225 1896 3789 1982">
     <span class='ocr_line' id='line_1_77' title="bbox 2225 1896 3789 1982; baseline -0.013 -12"><span class='ocrx_word' id='word_1_583' title='bbox 2225 1920 2385 1971; x_wconf 88' lang='lat' dir='ltr'><strong>orent</strong></span> <span class='ocrx_word' id='word_1_584' title='bbox 2411 1926 2512 1982; x_wconf 90' lang='lat' dir='ltr'><strong>pro</strong></span> <span class='ocrx_word' id='word_1_585' title='bbox 2559 1924 2645 1966; x_wconf 91' lang='lat' dir='ltr'><strong>eo.</strong></span> <span class='ocrx_word' id='word_1_586' title='bbox 2680 1907 2909 1962; x_wconf 82' lang='lat' dir='ltr'><strong>Multum</strong></span> <span class='ocrx_word' id='word_1_587' title='bbox 2951 1903 3098 1959; x_wconf 90' lang='lat' dir='ltr'><strong>enim</strong></span> <span class='ocrx_word' id='word_1_588' title='bbox 3135 1901 3280 1958; x_wconf 90' lang='lat' dir='ltr'><strong>valet</strong></span> <span class='ocrx_word' id='word_1_589' title='bbox 3321 1899 3628 1970; x_wconf 86' lang='lat' dir='ltr'><strong>deprecatio</strong></span> <span class='ocrx_word' id='word_1_590' title='bbox 3664 1896 3789 1968; x_wconf 85' lang='lat' dir='ltr'><strong>justi</strong></span> 
     </span>
    </p>
   </div>
   <div class='ocr_carea' id='block_1_78' title="bbox 2225 1988 3791 2073">
    <p class='ocr_par' dir='ltr' id='par_1_78' title="bbox 2225 1988 3791 2073">
     <span class='ocr_line' id='line_1_78' title="bbox 2225 1988 3791 2073; baseline -0.014 -10"><span class='ocrx_word' id='word_1_591' title='bbox 2225 2005 2446 2069; x_wconf 85' lang='lat' dir='ltr'><strong>assidua</strong></span> <span class='ocrx_word' id='word_1_592' title='bbox 2462 2000 2689 2073; x_wconf 82' lang='lat' dir='ltr'><strong>(Jac.v).</strong></span> <span class='ocrx_word' id='word_1_593' title='bbox 2703 2019 2720 2051; x_wconf 81' lang='grc' dir='ltr'><strong>ι</strong></span> <span class='ocrx_word' id='word_1_594' title='bbox 2742 1996 2897 2054; x_wconf 87' lang='lat' dir='ltr'><strong>Nona</strong></span> <span class='ocrx_word' id='word_1_595' title='bbox 2912 1992 3407 2058; x_wconf 89' lang='lat' dir='ltr'><strong>estmisericordia,</strong></span> <span class='ocrx_word' id='word_1_596' title='bbox 3428 2006 3495 2045; x_wconf 83' lang='lat' dir='ltr'><strong>ac</strong></span> <span class='ocrx_word' id='word_1_597' title='bbox 3512 1990 3631 2045; x_wconf 83' lang='lat' dir='ltr'><strong>ﬁdei</strong></span> <span class='ocrx_word' id='word_1_598' title='bbox 3645 1988 3791 2042; x_wconf 87' lang='lat' dir='ltr'><strong>meri-</strong></span> 
     </span>
    </p>
   </div>
   <div class='ocr_carea' id='block_1_79' title="bbox 2226 2077 3788 2163">
    <p class='ocr_par' dir='ltr' id='par_1_79' title="bbox 2226 2077 3788 2163">
     <span class='ocr_line' id='line_1_79' title="bbox 2226 2077 3788 2163; baseline -0.012 -13"><span class='ocrx_word' id='word_1_599' title='bbox 2226 2104 2383 2163; x_wconf 87' lang='lat' dir='ltr'><strong>tum;</strong></span> <span class='ocrx_word' id='word_1_600' title='bbox 2416 2092 2562 2148; x_wconf 91' lang='lat' dir='ltr'><strong>unde</strong></span> <span class='ocrx_word' id='word_1_601' title='bbox 2589 2097 2675 2146; x_wconf 89' lang='lat' dir='ltr'><strong>est</strong></span> <span class='ocrx_word' id='word_1_602' title='bbox 2703 2089 2812 2143; x_wconf 92' lang='lat' dir='ltr'><strong>hoc</strong></span> <span class='ocrx_word' id='word_1_603' title='bbox 2839 2104 2851 2141; x_wconf 91' lang='lat'><strong>:</strong></span> <span class='ocrx_word' id='word_1_604' title='bbox 2881 2104 2901 2139; x_wconf 78' lang='grc' dir='ltr'><strong>ι</strong></span> <span class='ocrx_word' id='word_1_605' title='bbox 2930 2084 3081 2141; x_wconf 87' lang='lat' dir='ltr'><strong>Beati</strong></span> <span class='ocrx_word' id='word_1_606' title='bbox 3117 2078 3526 2146; x_wconf 85' lang='lat' dir='ltr'><strong>misericordes,</strong></span> <span class='ocrx_word' id='word_1_607' title='bbox 3548 2077 3788 2147; x_wconf 88' lang='lat' dir='ltr'><strong>quoniam</strong></span> 
     </span>
    </p>
   </div>
   <div class='ocr_carea' id='block_1_80' title="bbox 2228 2167 3788 2260">
    <p class='ocr_par' dir='ltr' id='par_1_80' title="bbox 2228 2167 3788 2260">
     <span class='ocr_line' id='line_1_80' title="bbox 2228 2167 3788 2260; baseline -0.015 -15"><span class='ocrx_word' id='word_1_608' title='bbox 2228 2189 2331 2260; x_wconf 85' lang='lat' dir='ltr'><strong>ipsi</strong></span> <span class='ocrx_word' id='word_1_609' title='bbox 2359 2182 2793 2243; x_wconf 87' lang='lat' dir='ltr'><strong>misericordiam</strong></span> <span class='ocrx_word' id='word_1_610' title='bbox 2818 2184 3226 2248; x_wconf 87' lang='lat' dir='ltr'><strong>consequentur</strong></span> <span class='ocrx_word' id='word_1_611' title='bbox 3257 2171 3482 2245; x_wconf 75' lang='lat' dir='ltr'><strong>(Matth.</strong></span> <span class='ocrx_word' id='word_1_612' title='bbox 3505 2171 3612 2241; x_wconf 52' lang='lat' dir='ltr'><strong>v)»</strong></span> <span class='ocrx_word' id='word_1_613' title='bbox 3643 2167 3788 2224; x_wconf 88' lang='lat' dir='ltr'><strong>Deci-</strong></span> 
     </span>
    </p>
   </div>
   <div class='ocr_carea' id='block_1_81' title="bbox 2228 2258 3791 2335">
    <p class='ocr_par' dir='ltr' id='par_1_81' title="bbox 2228 2258 3791 2335">
     <span class='ocr_line' id='line_1_81' title="bbox 2228 2258 3791 2335; baseline -0.015 0"><span class='ocrx_word' id='word_1_614' title='bbox 2228 2258 2318 2335; x_wconf 83' lang='lat' dir='ltr'><strong>ma</strong></span> <span class='ocrx_word' id='word_1_615' title='bbox 2349 2286 2434 2332; x_wconf 89' lang='lat' dir='ltr'><strong>est</strong></span> <span class='ocrx_word' id='word_1_616' title='bbox 2458 2274 2804 2332; x_wconf 66' lang='lat' dir='ltr'><strong>conversatio</strong></span> <span class='ocrx_word' id='word_1_617' title='bbox 2842 2277 2897 2325; x_wconf 93' lang='lat' dir='ltr'><strong>et</strong></span> <span class='ocrx_word' id='word_1_618' title='bbox 2942 2265 3203 2324; x_wconf 89' lang='lat' dir='ltr'><strong>salutatio</strong></span> <span class='ocrx_word' id='word_1_619' title='bbox 3234 2263 3566 2328; x_wconf 89' lang='lat' dir='ltr'><strong>alienorum,</strong></span> <span class='ocrx_word' id='word_1_620' title='bbox 3605 2258 3791 2313; x_wconf 68' lang='lat' dir='ltr'><strong>iacebo</strong></span> 
     </span>
    </p>
   </div>
   <div class='ocr_carea' id='block_1_82' title="bbox 2228 2349 3790 2429">
    <p class='ocr_par' dir='ltr' id='par_1_82' title="bbox 2228 2349 3790 2429">
     <span class='ocr_line' id='line_1_82' title="bbox 2228 2349 3790 2429; baseline -0.015 -4"><span class='ocrx_word' id='word_1_621' title='bbox 2228 2368 2593 2426; x_wconf 83' lang='lat' dir='ltr'><strong>confirmante</strong></span> <span class='ocrx_word' id='word_1_622' title='bbox 2622 2380 2637 2417; x_wconf 90' lang='lat'><strong>:</strong></span> <span class='ocrx_word' id='word_1_623' title='bbox 2663 2382 2682 2415; x_wconf 76' lang='grc' dir='ltr'><strong>ι</strong></span> <span class='ocrx_word' id='word_1_624' title='bbox 2726 2360 2831 2429; x_wconf 85' lang='lat' dir='ltr'><strong>Qui</strong></span> <span class='ocrx_word' id='word_1_625' title='bbox 2862 2356 3108 2416; x_wconf 88' lang='lat' dir='ltr'><strong>converti</strong></span> <span class='ocrx_word' id='word_1_626' title='bbox 3136 2353 3330 2411; x_wconf 88' lang='lat' dir='ltr'><strong>fecerit</strong></span> <span class='ocrx_word' id='word_1_627' title='bbox 3375 2360 3707 2425; x_wconf 85' lang='lat' dir='ltr'><strong>peccatorcm</strong></span> <span class='ocrx_word' id='word_1_628' title='bbox 3729 2349 3790 2403; x_wconf 79' lang='lat' dir='ltr'><strong>ab</strong></span> 
     </span>
    </p>
   </div>
   <div class='ocr_carea' id='block_1_83' title="bbox 2233 2445 3786 2521">
    <p class='ocr_par' dir='ltr' id='par_1_83' title="bbox 2233 2445 3786 2521">
     <span class='ocr_line' id='line_1_83' title="bbox 2233 2445 3786 2521; baseline -0.015 -2"><span class='ocrx_word' id='word_1_629' title='bbox 2233 2477 2422 2519; x_wconf 89' lang='lat' dir='ltr'><strong>errore</strong></span> <span class='ocrx_word' id='word_1_630' title='bbox 2440 2461 2541 2515; x_wconf 67' lang='lat' dir='ltr'><strong>via:</strong></span> <span class='ocrx_word' id='word_1_631' title='bbox 2572 2472 2707 2521; x_wconf 61' lang='lat' dir='ltr'><strong>suae,</strong></span> <span class='ocrx_word' id='word_1_632' title='bbox 2722 2452 2956 2511; x_wconf 87' lang='lat' dir='ltr'><strong>salvabit</strong></span> <span class='ocrx_word' id='word_1_633' title='bbox 2982 2449 3226 2505; x_wconf 91' lang='lat' dir='ltr'><strong>animam</strong></span> <span class='ocrx_word' id='word_1_634' title='bbox 3249 2445 3373 2517; x_wconf 89' lang='lat' dir='ltr'><strong>ejus</strong></span> <span class='ocrx_word' id='word_1_635' title='bbox 3395 2454 3631 2510; x_wconf 88' lang='lat' dir='ltr'><strong>amorte,</strong></span> <span class='ocrx_word' id='word_1_636' title='bbox 3660 2462 3677 2494; x_wconf 83' lang='grc' dir='ltr'><strong>ι</strong></span> <span class='ocrx_word' id='word_1_637' title='bbox 3694 2451 3786 2496; x_wconf 88' lang='lat' dir='ltr'><strong>etc.</strong></span> 
     </span>
    </p>
   </div>
   <div class='ocr_carea' id='block_1_84' title="bbox 2230 2535 3786 2628">
    <p class='ocr_par' dir='ltr' id='par_1_84' title="bbox 2230 2535 3786 2628">
     <span class='ocr_line' id='line_1_84' title="bbox 2230 2535 3786 2628; baseline -0.015 -17"><span class='ocrx_word' id='word_1_638' title='bbox 2230 2554 2459 2628; x_wconf 83' lang='lat' dir='ltr'><strong>(Jac.v.)</strong></span> <span class='ocrx_word' id='word_1_639' title='bbox 2475 2551 2581 2607; x_wconf 92' lang='lat' dir='ltr'><strong>Sed</strong></span> <span class='ocrx_word' id='word_1_640' title='bbox 2595 2548 2793 2605; x_wconf 91' lang='lat' dir='ltr'><strong>melius</strong></span> <span class='ocrx_word' id='word_1_641' title='bbox 2803 2544 2998 2600; x_wconf 91' lang='lat' dir='ltr'><strong>tibiest</strong></span> <span class='ocrx_word' id='word_1_642' title='bbox 3008 2541 3334 2597; x_wconf 84' lang='lat' dir='ltr'><strong>utinfirmus</strong></span> <span class='ocrx_word' id='word_1_643' title='bbox 3345 2535 3786 2604; x_wconf 81' lang='lat' dir='ltr'><strong>sis,etsolitariam</strong></span> 
     </span>
    </p>
   </div>
   <div class='ocr_carea' id='block_1_85' title="bbox 2228 2624 3788 2712">
    <p class='ocr_par' dir='ltr' id='par_1_85' title="bbox 2228 2624 3788 2712">
     <span class='ocr_line' id='line_1_85' title="bbox 2228 2624 3788 2712; baseline -0.015 -9"><span class='ocrx_word' id='word_1_644' title='bbox 2228 2624 2397 2703; x_wconf 78' lang='lat' dir='ltr'><strong>vitam</strong></span> <span class='ocrx_word' id='word_1_645' title='bbox 2421 2645 2644 2708; x_wconf 90' lang='lat' dir='ltr'><strong>ducere,</strong></span> <span class='ocrx_word' id='word_1_646' title='bbox 2666 2654 2833 2712; x_wconf 91' lang='lat' dir='ltr'><strong>quam</strong></span> <span class='ocrx_word' id='word_1_647' title='bbox 2862 2651 2987 2693; x_wconf 90' lang='lat' dir='ltr'><strong>eum</strong></span> <span class='ocrx_word' id='word_1_648' title='bbox 3012 2631 3276 2705; x_wconf 85' lang='lat' dir='ltr'><strong>plurimis</strong></span> <span class='ocrx_word' id='word_1_649' title='bbox 3297 2630 3502 2702; x_wconf 88' lang='lat' dir='ltr'><strong>perire.</strong></span> <span class='ocrx_word' id='word_1_650' title='bbox 3519 2624 3788 2682; x_wconf 84' lang='lat' dir='ltr'><strong>Undecima</strong></span> 
     </span>
    </p>
   </div>
   <div class='ocr_carea' id='block_1_86' title="bbox 2228 2714 3790 2804">
    <p class='ocr_par' dir='ltr' id='par_1_86' title="bbox 2228 2714 3790 2804">
     <span class='ocr_line' id='line_1_86' title="bbox 2228 2714 3790 2804; baseline -0.017 -10"><span class='ocrx_word' id='word_1_651' title='bbox 2228 2745 2313 2793; x_wconf 91' lang='lat' dir='ltr'><strong>est</strong></span> <span class='ocrx_word' id='word_1_652' title='bbox 2356 2731 2692 2804; x_wconf 87' lang='lat' dir='ltr'><strong>indulgentia</strong></span> <span class='ocrx_word' id='word_1_653' title='bbox 2727 2740 2781 2785; x_wconf 92' lang='lat' dir='ltr'><strong>et</strong></span> <span class='ocrx_word' id='word_1_654' title='bbox 2829 2723 3085 2782; x_wconf 87' lang='lat' dir='ltr'><strong>remissio</strong></span> <span class='ocrx_word' id='word_1_655' title='bbox 3132 2731 3346 2787; x_wconf 84' lang='lat' dir='ltr'><strong>nostra,</strong></span> <span class='ocrx_word' id='word_1_656' title='bbox 3385 2719 3611 2775; x_wconf 80' lang='lat' dir='ltr'><strong>veritate</strong></span> <span class='ocrx_word' id='word_1_657' title='bbox 3650 2714 3790 2771; x_wconf 78' lang='lat' dir='ltr'><strong>Chri-</strong></span> 
     </span>
    </p>
   </div>
   <div class='ocr_carea' id='block_1_87' title="bbox 2231 2810 3792 2899">
    <p class='ocr_par' dir='ltr' id='par_1_87' title="bbox 2231 2810 3792 2899">
     <span class='ocr_line' id='line_1_87' title="bbox 2231 2810 3792 2899; baseline -0.015 -13"><span class='ocrx_word' id='word_1_658' title='bbox 2231 2839 2317 2886; x_wconf 89' lang='lat' dir='ltr'><strong>sto</strong></span> <span class='ocrx_word' id='word_1_659' title='bbox 2347 2827 2694 2899; x_wconf 89' lang='lat' dir='ltr'><strong>pcrmittente</strong></span> <span class='ocrx_word' id='word_1_660' title='bbox 2721 2830 2776 2877; x_wconf 92' lang='lat' dir='ltr'><strong>et</strong></span> <span class='ocrx_word' id='word_1_661' title='bbox 2803 2819 3017 2875; x_wconf 88' lang='lat' dir='ltr'><strong>dicente</strong></span> <span class='ocrx_word' id='word_1_662' title='bbox 3042 2832 3056 2872; x_wconf 90' lang='lat'>:</span> <span class='ocrx_word' id='word_1_663' title='bbox 3095 2832 3115 2867; x_wconf 73' lang='grc' dir='ltr'><strong>ι</strong></span> <span class='ocrx_word' id='word_1_664' title='bbox 3160 2812 3453 2879; x_wconf 88' lang='lat' dir='ltr'><strong>Dimittite,</strong></span> <span class='ocrx_word' id='word_1_665' title='bbox 3498 2822 3553 2873; x_wconf 87' lang='lat' dir='ltr'><strong>et</strong></span> <span class='ocrx_word' id='word_1_666' title='bbox 3576 2810 3792 2866; x_wconf 85' lang='lat' dir='ltr'><strong>dimitte-</strong></span> 
     </span>
    </p>
   </div>
   <div class='ocr_carea' id='block_1_88' title="bbox 2232 2901 3792 2986">
    <p class='ocr_par' dir='ltr' id='par_1_88' title="bbox 2232 2901 3792 2986">
     <span class='ocr_line' id='line_1_88' title="bbox 2232 2901 3792 2986; baseline -0.015 -12"><span class='ocrx_word' id='word_1_667' title='bbox 2232 2927 2320 2974; x_wconf 90' lang='lat' dir='ltr'><strong>tur</strong></span> <span class='ocrx_word' id='word_1_668' title='bbox 2359 2916 2517 2973; x_wconf 85' lang='lat' dir='ltr'><strong>vobis</strong></span> <span class='ocrx_word' id='word_1_669' title='bbox 2548 2912 2703 2986; x_wconf 80' lang='lat' dir='ltr'><strong>(Luc.</strong></span> <span class='ocrx_word' id='word_1_670' title='bbox 2741 2912 2842 2980; x_wconf 82' lang='lat' dir='ltr'><strong>vi).</strong></span> <span class='ocrx_word' id='word_1_671' title='bbox 2881 2926 2901 2961; x_wconf 74' lang='grc' dir='ltr'><strong>ι</strong></span> <span class='ocrx_word' id='word_1_672' title='bbox 2940 2905 3275 2963; x_wconf 91' lang='lat' dir='ltr'><strong>Duodecima</strong></span> <span class='ocrx_word' id='word_1_673' title='bbox 3314 2911 3402 2960; x_wconf 88' lang='lat' dir='ltr'><strong>est</strong></span> <span class='ocrx_word' id='word_1_674' title='bbox 3447 2901 3625 2973; x_wconf 84' lang='lat' dir='ltr'><strong>passio</strong></span> <span class='ocrx_word' id='word_1_675' title='bbox 3657 2914 3792 2953; x_wconf 69' lang='lat' dir='ltr'><strong>mar-</strong></span> 
     </span>
    </p>
   </div>
   <div class='ocr_carea' id='block_1_89' title="bbox 2232 2991 3795 3083">
    <p class='ocr_par' dir='ltr' id='par_1_89' title="bbox 2232 2991 3795 3083">
     <span class='ocr_line' id='line_1_89' title="bbox 2232 2991 3795 3083; baseline -0.015 -17"><span class='ocrx_word' id='word_1_676' title='bbox 2232 3019 2590 3083; x_wconf 76' lang='lat' dir='ltr'><strong>tyrum,spes</strong></span> <span class='ocrx_word' id='word_1_677' title='bbox 2618 3003 2785 3060; x_wconf 87' lang='lat' dir='ltr'><strong>unica</strong></span> <span class='ocrx_word' id='word_1_678' title='bbox 2820 2999 3014 3058; x_wconf 88' lang='lat' dir='ltr'><strong>salutis</strong></span> <span class='ocrx_word' id='word_1_679' title='bbox 3049 2997 3407 3068; x_wconf 62' lang='lat' dir='ltr'><strong>indulgentiae</strong></span> <span class='ocrx_word' id='word_1_680' title='bbox 3445 2992 3693 3050; x_wconf 75' lang='lat' dir='ltr'><strong>cruciﬁxo</strong></span> <span class='ocrx_word' id='word_1_681' title='bbox 3716 2991 3795 3045; x_wconf 86' lang='lat' dir='ltr'><strong>la-</strong></span> 
     </span>
    </p>
   </div>
   <div class='ocr_carea' id='block_1_90' title="bbox 2232 3081 3797 3169">
    <p class='ocr_par' dir='ltr' id='par_1_90' title="bbox 2232 3081 3797 3169">
     <span class='ocr_line' id='line_1_90' title="bbox 2232 3081 3797 3169; baseline -0.017 -9"><span class='ocrx_word' id='word_1_682' title='bbox 2232 3081 2400 3169; x_wconf 83' lang='lat' dir='ltr'><strong>troni,</strong></span> <span class='ocrx_word' id='word_1_683' title='bbox 2425 3098 2658 3155; x_wconf 91' lang='lat' dir='ltr'><strong>Domino</strong></span> <span class='ocrx_word' id='word_1_684' title='bbox 2701 3096 2916 3151; x_wconf 89' lang='lat' dir='ltr'><strong>dicente</strong></span> <span class='ocrx_word' id='word_1_685' title='bbox 2954 3110 2968 3147; x_wconf 87' lang='lat'><strong>:</strong></span> <span class='ocrx_word' id='word_1_686' title='bbox 3021 3109 3040 3143; x_wconf 80' lang='grc' dir='ltr'><strong>ι</strong></span> <span class='ocrx_word' id='word_1_687' title='bbox 3088 3090 3287 3155; x_wconf 85' lang='lat' dir='ltr'><strong>Amen,</strong></span> <span class='ocrx_word' id='word_1_688' title='bbox 3312 3102 3476 3143; x_wconf 87' lang='lat' dir='ltr'><strong>amen</strong></span> <span class='ocrx_word' id='word_1_689' title='bbox 3519 3085 3635 3142; x_wconf 89' lang='lat' dir='ltr'><strong>dico</strong></span> <span class='ocrx_word' id='word_1_690' title='bbox 3681 3081 3797 3148; x_wconf 87' lang='lat' dir='ltr'><strong>tibi,</strong></span> 
     </span>
    </p>
   </div>
   <div class='ocr_carea' id='block_1_91' title="bbox 2236 3178 3533 3255">
    <p class='ocr_par' dir='ltr' id='par_1_91' title="bbox 2236 3178 3533 3255">
     <span class='ocr_line' id='line_1_91' title="bbox 2236 3178 3533 3255; baseline -0.013 -6"><span class='ocrx_word' id='word_1_691' title='bbox 2236 3193 2399 3253; x_wconf 88' lang='lat' dir='ltr'><strong>hodie</strong></span> <span class='ocrx_word' id='word_1_692' title='bbox 2427 3205 2642 3247; x_wconf 90' lang='lat' dir='ltr'><strong>mecum</strong></span> <span class='ocrx_word' id='word_1_693' title='bbox 2673 3187 2783 3243; x_wconf 86' lang='lat' dir='ltr'><strong>eris</strong></span> <span class='ocrx_word' id='word_1_694' title='bbox 2809 3186 2865 3241; x_wconf 91' lang='lat' dir='ltr'><strong>in</strong></span> <span class='ocrx_word' id='word_1_695' title='bbox 2895 3183 3152 3255; x_wconf 89' lang='lat' dir='ltr'><strong>paradiso</strong></span> <span class='ocrx_word' id='word_1_696' title='bbox 3174 3180 3328 3251; x_wconf 85' lang='lat' dir='ltr'><strong>(Luc.</strong></span> <span class='ocrx_word' id='word_1_697' title='bbox 3351 3178 3533 3249; x_wconf 77' lang='lat' dir='ltr'><strong>nm).</strong></span> 
     </span>
    </p>
   </div>
   <div class='ocr_carea' id='block_1_92' title="bbox 2305 3265 3803 3352">
    <p class='ocr_par' dir='ltr' id='par_1_92' title="bbox 2305 3265 3803 3352">
     <span class='ocr_line' id='line_1_92' title="bbox 2305 3265 3803 3352; baseline -0.013 -12"><span class='ocrx_word' id='word_1_698' title='bbox 2305 3284 2501 3341; x_wconf 88' lang='lat' dir='ltr'><strong>Omnia</strong></span> <span class='ocrx_word' id='word_1_699' title='bbox 2552 3282 2738 3352; x_wconf 84' lang='lat' dir='ltr'><strong>itaque</strong></span> <span class='ocrx_word' id='word_1_700' title='bbox 2780 3283 3124 3334; x_wconf 90' lang='lat' dir='ltr'><strong>sacramenta</strong></span> <span class='ocrx_word' id='word_1_701' title='bbox 3178 3271 3428 3344; x_wconf 65' lang='lat' dir='ltr'><strong>quaedam</strong></span> <span class='ocrx_word' id='word_1_702' title='bbox 3487 3283 3607 3325; x_wconf 87' lang='lat' dir='ltr'><strong>esse</strong></span> <span class='ocrx_word' id='word_1_703' title='bbox 3652 3265 3803 3338; x_wconf 81' lang='lat' dir='ltr'><strong>signa</strong></span> 
     </span>
    </p>
   </div>
   <div class='ocr_carea' id='block_1_93' title="bbox 2234 3361 3803 3450">
    <p class='ocr_par' dir='ltr' id='par_1_93' title="bbox 2234 3361 3803 3450">
     <span class='ocr_line' id='line_1_93' title="bbox 2234 3361 3803 3450; baseline -0.016 -15"><span class='ocrx_word' id='word_1_704' title='bbox 2234 3379 2354 3450; x_wconf 91' lang='lat' dir='ltr'><strong>ejus</strong></span> <span class='ocrx_word' id='word_1_705' title='bbox 2389 3391 2511 3448; x_wconf 68' lang='lat' dir='ltr'><strong>qua:</strong></span> <span class='ocrx_word' id='word_1_706' title='bbox 2536 3390 2633 3445; x_wconf 90' lang='lat' dir='ltr'><strong>per</strong></span> <span class='ocrx_word' id='word_1_707' title='bbox 2676 3372 2768 3427; x_wconf 88' lang='lat' dir='ltr'><strong>illa</strong></span> <span class='ocrx_word' id='word_1_708' title='bbox 2796 3370 2959 3426; x_wconf 91' lang='lat' dir='ltr'><strong>datur</strong></span> <span class='ocrx_word' id='word_1_709' title='bbox 3004 3366 3195 3439; x_wconf 73' lang='lat' dir='ltr'><strong>gratia:</strong></span> <span class='ocrx_word' id='word_1_710' title='bbox 3243 3361 3538 3435; x_wconf 85' lang='lat' dir='ltr'><strong>spiritualis</strong></span> <span class='ocrx_word' id='word_1_711' title='bbox 3567 3366 3803 3414; x_wconf 88' lang='lat' dir='ltr'><strong>constat.</strong></span> 
     </span>
    </p>
   </div>
   <div class='ocr_carea' id='block_1_94' title="bbox 2235 3458 3804 3540">
    <p class='ocr_par' dir='ltr' id='par_1_94' title="bbox 2235 3458 3804 3540">
     <span class='ocr_line' id='line_1_94' title="bbox 2235 3458 3804 3540; baseline -0.014 -15"><span class='ocrx_word' id='word_1_712' title='bbox 2235 3468 2460 3540; x_wconf 89' lang='lat' dir='ltr'><strong>Oportet</strong></span> <span class='ocrx_word' id='word_1_713' title='bbox 2482 3474 2666 3521; x_wconf 77' lang='lat' dir='ltr'><strong>autem</strong></span> <span class='ocrx_word' id='word_1_714' title='bbox 2692 3470 2773 3529; x_wconf 92' lang='lat' dir='ltr'><strong>ut,</strong></span> <span class='ocrx_word' id='word_1_715' title='bbox 2801 3458 3106 3517; x_wconf 88' lang='lat' dir='ltr'><strong>secundum</strong></span> <span class='ocrx_word' id='word_1_716' title='bbox 3136 3467 3444 3527; x_wconf 90' lang='lat' dir='ltr'><strong>processum</strong></span> <span class='ocrx_word' id='word_1_717' title='bbox 3473 3460 3804 3520; x_wconf 81' lang='lat' dir='ltr'><strong>temporum,</strong></span> 
     </span>
    </p>
   </div>
   <div class='ocr_carea' id='block_1_95' title="bbox 2237 3542 3804 3633">
    <p class='ocr_par' dir='ltr' id='par_1_95' title="bbox 2237 3542 3804 3633">
     <span class='ocr_line' id='line_1_95' title="bbox 2237 3542 3804 3633; baseline -0.015 -16"><span class='ocrx_word' id='word_1_718' title='bbox 2237 3559 2601 3633; x_wconf 86' lang='lat' dir='ltr'><strong>spiritualium</strong></span> <span class='ocrx_word' id='word_1_719' title='bbox 2631 3555 2935 3628; x_wconf 89' lang='lat' dir='ltr'><strong>gratiarum</strong></span> <span class='ocrx_word' id='word_1_720' title='bbox 2964 3551 3123 3622; x_wconf 85' lang='lat' dir='ltr'><strong>signa</strong></span> <span class='ocrx_word' id='word_1_721' title='bbox 3173 3546 3348 3618; x_wconf 88' lang='lat' dir='ltr'><strong>magis</strong></span> <span class='ocrx_word' id='word_1_722' title='bbox 3373 3560 3437 3600; x_wconf 90' lang='lat' dir='ltr'><strong>ac</strong></span> <span class='ocrx_word' id='word_1_723' title='bbox 3460 3542 3634 3614; x_wconf 85' lang='lat' dir='ltr'><strong>magis</strong></span> <span class='ocrx_word' id='word_1_724' title='bbox 3660 3554 3804 3595; x_wconf 83' lang='lat' dir='ltr'><strong>sem-</strong></span> 
     </span>
    </p>
   </div>
   <div class='ocr_carea' id='block_1_96' title="bbox 2238 3638 3802 3724">
    <p class='ocr_par' dir='ltr' id='par_1_96' title="bbox 2238 3638 3802 3724">
     <span class='ocr_line' id='line_1_96' title="bbox 2238 3638 3802 3724; baseline -0.013 -17"><span class='ocrx_word' id='word_1_725' title='bbox 2238 3668 2332 3724; x_wconf 91' lang='lat' dir='ltr'><strong>per</strong></span> <span class='ocrx_word' id='word_1_726' title='bbox 2358 3650 2630 3706; x_wconf 86' lang='lat' dir='ltr'><strong>evidentia</strong></span> <span class='ocrx_word' id='word_1_727' title='bbox 2677 3662 2743 3703; x_wconf 92' lang='lat' dir='ltr'><strong>ac</strong></span> <span class='ocrx_word' id='word_1_728' title='bbox 2790 3640 3121 3700; x_wconf 81' lang='lat' dir='ltr'><strong>declaranda</strong></span> <span class='ocrx_word' id='word_1_729' title='bbox 3168 3638 3558 3701; x_wconf 86' lang='lat' dir='ltr'><strong>formarentur,</strong></span> <span class='ocrx_word' id='word_1_730' title='bbox 3602 3641 3659 3689; x_wconf 92' lang='lat' dir='ltr'><strong>ut</strong></span> <span class='ocrx_word' id='word_1_731' title='bbox 3685 3647 3802 3687; x_wconf 83' lang='lat' dir='ltr'><strong>cum</strong></span> 
     </span>
    </p>
   </div>
   <div class='ocr_carea' id='block_1_97' title="bbox 2238 3724 3804 3804">
    <p class='ocr_par' dir='ltr' id='par_1_97' title="bbox 2238 3724 3804 3804">
     <span class='ocr_line' id='line_1_97' title="bbox 2238 3724 3804 3804; baseline -0.015 -4"><span class='ocrx_word' id='word_1_732' title='bbox 2238 3744 2434 3800; x_wconf 78' lang='lat' dir='ltr'><strong>effectu</strong></span> <span class='ocrx_word' id='word_1_733' title='bbox 2482 3740 2676 3797; x_wconf 89' lang='lat' dir='ltr'><strong>salutis</strong></span> <span class='ocrx_word' id='word_1_734' title='bbox 2722 3743 2995 3794; x_wconf 87' lang='lat' dir='ltr'><strong>cresceret</strong></span> <span class='ocrx_word' id='word_1_735' title='bbox 3029 3732 3270 3804; x_wconf 88' lang='lat' dir='ltr'><strong>cognitio</strong></span> <span class='ocrx_word' id='word_1_736' title='bbox 3326 3728 3590 3787; x_wconf 83' lang='lat' dir='ltr'><strong>veritatis.</strong></span> <span class='ocrx_word' id='word_1_737' title='bbox 3624 3724 3804 3796; x_wconf 70' lang='lat' dir='ltr'><strong>itaque</strong></span> 
     </span>
    </p>
   </div>
   <div class='ocr_carea' id='block_1_98' title="bbox 2240 3825 3801 3904">
    <p class='ocr_par' dir='ltr' id='par_1_98' title="bbox 2240 3825 3801 3904">
     <span class='ocr_line' id='line_1_98' title="bbox 2240 3825 3801 3904; baseline -0.013 -13"><span class='ocrx_word' id='word_1_738' title='bbox 2240 3835 2344 3892; x_wconf 91' lang='lat' dir='ltr'><strong>sub</strong></span> <span class='ocrx_word' id='word_1_739' title='bbox 2368 3835 2484 3904; x_wconf 89' lang='lat' dir='ltr'><strong>lege</strong></span> <span class='ocrx_word' id='word_1_740' title='bbox 2522 3830 2758 3886; x_wconf 89' lang='lat' dir='ltr'><strong>naturali</strong></span> <span class='ocrx_word' id='word_1_741' title='bbox 2793 3828 3036 3899; x_wconf 89' lang='lat' dir='ltr'><strong>primum</strong></span> <span class='ocrx_word' id='word_1_742' title='bbox 3094 3825 3221 3881; x_wconf 92' lang='lat' dir='ltr'><strong>data</strong></span> <span class='ocrx_word' id='word_1_743' title='bbox 3272 3830 3407 3878; x_wconf 88' lang='lat' dir='ltr'><strong>sunt</strong></span> <span class='ocrx_word' id='word_1_744' title='bbox 3456 3826 3801 3880; x_wconf 84' lang='lat' dir='ltr'><strong>sacramenta,</strong></span> 
     </span>
    </p>
   </div>
   <div class='ocr_carea' id='block_1_99' title="bbox 2239 3910 3802 3994">
    <p class='ocr_par' dir='ltr' id='par_1_99' title="bbox 2239 3910 3802 3994">
     <span class='ocr_line' id='line_1_99' title="bbox 2239 3910 3802 3994; baseline -0.013 -7"><span class='ocrx_word' id='word_1_745' title='bbox 2239 3928 2650 3994; x_wconf 89' lang='lat' dir='ltr'><strong>decimationcs,</strong></span> <span class='ocrx_word' id='word_1_746' title='bbox 2680 3922 2985 3989; x_wconf 79' lang='lat' dir='ltr'><strong>sacrificia,</strong></span> <span class='ocrx_word' id='word_1_747' title='bbox 3016 3928 3073 3976; x_wconf 91' lang='lat' dir='ltr'><strong>et</strong></span> <span class='ocrx_word' id='word_1_748' title='bbox 3100 3918 3431 3985; x_wconf 83' lang='lat' dir='ltr'><strong>oblationes,</strong></span> <span class='ocrx_word' id='word_1_749' title='bbox 3471 3923 3533 3970; x_wconf 92' lang='lat' dir='ltr'><strong>ut</strong></span> <span class='ocrx_word' id='word_1_750' title='bbox 3572 3914 3624 3969; x_wconf 88' lang='lat' dir='ltr'><strong>in</strong></span> <span class='ocrx_word' id='word_1_751' title='bbox 3665 3910 3802 3967; x_wconf 78' lang='lat' dir='ltr'><strong>deci-</strong></span> 
     </span>
    </p>
   </div>
   <div class='ocr_carea' id='block_1_100' title="bbox 2240 3999 3804 4088">
    <p class='ocr_par' dir='ltr' id='par_1_100' title="bbox 2240 3999 3804 4088">
     <span class='ocr_line' id='line_1_100' title="bbox 2240 3999 3804 4088; baseline -0.015 -11"><span class='ocrx_word' id='word_1_752' title='bbox 2240 4020 2484 4076; x_wconf 87' lang='lat' dir='ltr'><strong>matione</strong></span> <span class='ocrx_word' id='word_1_753' title='bbox 2510 4016 2728 4088; x_wconf 88' lang='lat' dir='ltr'><strong>quidem</strong></span> <span class='ocrx_word' id='word_1_754' title='bbox 2758 4022 3110 4086; x_wconf 86' lang='lat' dir='ltr'><strong>peccatorum</strong></span> <span class='ocrx_word' id='word_1_755' title='bbox 3137 4007 3399 4064; x_wconf 89' lang='lat' dir='ltr'><strong>remissio</strong></span> <span class='ocrx_word' id='word_1_756' title='bbox 3417 4045 3434 4073; x_wconf 94' lang='lat'><strong>,</strong></span> <span class='ocrx_word' id='word_1_757' title='bbox 3463 4006 3517 4061; x_wconf 87' lang='lat' dir='ltr'><strong>in</strong></span> <span class='ocrx_word' id='word_1_758' title='bbox 3542 3999 3804 4063; x_wconf 76' lang='lat' dir='ltr'><strong>sacrificiis</strong></span> 
     </span>
    </p>
   </div>
   <div class='ocr_carea' id='block_1_101' title="bbox 2240 4089 3802 4171">
    <p class='ocr_par' dir='ltr' id='par_1_101' title="bbox 2240 4089 3802 4171">
     <span class='ocr_line' id='line_1_101' title="bbox 2240 4089 3802 4171; baseline -0.015 -4"><span class='ocrx_word' id='word_1_759' title='bbox 2240 4126 2373 4167; x_wconf 89' lang='lat' dir='ltr'><strong>vero</strong></span> <span class='ocrx_word' id='word_1_760' title='bbox 2403 4108 2589 4166; x_wconf 87' lang='lat' dir='ltr'><strong>carnis</strong></span> <span class='ocrx_word' id='word_1_761' title='bbox 2636 4104 3012 4171; x_wconf 84' lang='lat' dir='ltr'><strong>mortificatio,</strong></span> <span class='ocrx_word' id='word_1_762' title='bbox 3063 4101 3117 4156; x_wconf 92' lang='lat' dir='ltr'><strong>in</strong></span> <span class='ocrx_word' id='word_1_763' title='bbox 3155 4098 3441 4157; x_wconf 89' lang='lat' dir='ltr'><strong>oblatione</strong></span> <span class='ocrx_word' id='word_1_764' title='bbox 3481 4106 3657 4155; x_wconf 87' lang='lat' dir='ltr'><strong>autem</strong></span> <span class='ocrx_word' id='word_1_765' title='bbox 3687 4089 3802 4147; x_wconf 85' lang='lat' dir='ltr'><strong>doni</strong></span> 
     </span>
    </p>
   </div>
   <div class='ocr_carea' id='block_1_102' title="bbox 2242 4182 3802 4274">
    <p class='ocr_par' dir='ltr' id='par_1_102' title="bbox 2242 4182 3802 4274">
     <span class='ocr_line' id='line_1_102' title="bbox 2242 4182 3802 4274; baseline -0.015 -16"><span class='ocrx_word' id='word_1_766' title='bbox 2242 4203 2424 4274; x_wconf 91' lang='lat' dir='ltr'><strong>operis</strong></span> <span class='ocrx_word' id='word_1_767' title='bbox 2445 4199 2708 4256; x_wconf 80' lang='lat' dir='ltr'><strong>exhibitio</strong></span> <span class='ocrx_word' id='word_1_768' title='bbox 2740 4196 3073 4268; x_wconf 83' lang='lat' dir='ltr'><strong>signaretur.</strong></span> <span class='ocrx_word' id='word_1_769' title='bbox 3108 4190 3216 4249; x_wconf 90' lang='lat' dir='ltr'><strong>Sed</strong></span> <span class='ocrx_word' id='word_1_770' title='bbox 3251 4198 3376 4246; x_wconf 90' lang='lat' dir='ltr'><strong>erat</strong></span> <span class='ocrx_word' id='word_1_771' title='bbox 3398 4190 3630 4253; x_wconf 67' lang='lat' dir='ltr'><strong>obscura</strong></span> <span class='ocrx_word' id='word_1_772' title='bbox 3649 4182 3802 4256; x_wconf 74' lang='lat' dir='ltr'><strong>signi-</strong></span> 
     </span>
    </p>
   </div>
   <div class='ocr_carea' id='block_1_103' title="bbox 2243 4276 3802 4351">
    <p class='ocr_par' dir='ltr' id='par_1_103' title="bbox 2243 4276 3802 4351">
     <span class='ocr_line' id='line_1_103' title="bbox 2243 4276 3802 4351; baseline -0.015 1"><span class='ocrx_word' id='word_1_773' title='bbox 2243 4295 2429 4351; x_wconf 87' lang='lat' dir='ltr'><strong>ficatio</strong></span> <span class='ocrx_word' id='word_1_774' title='bbox 2465 4294 2580 4347; x_wconf 70' lang='lat' dir='ltr'><strong>hzec</strong></span> <span class='ocrx_word' id='word_1_775' title='bbox 2612 4292 2669 4346; x_wconf 91' lang='lat' dir='ltr'><strong>in</strong></span> <span class='ocrx_word' id='word_1_776' title='bbox 2712 4294 3064 4347; x_wconf 90' lang='lat' dir='ltr'><strong>sacramento</strong></span> <span class='ocrx_word' id='word_1_777' title='bbox 3094 4282 3517 4348; x_wconf 88' lang='lat' dir='ltr'><strong>decimationis,</strong></span> <span class='ocrx_word' id='word_1_778' title='bbox 3541 4278 3632 4335; x_wconf 91' lang='lat' dir='ltr'><strong>ubi</strong></span> <span class='ocrx_word' id='word_1_779' title='bbox 3658 4276 3802 4331; x_wconf 79' lang='lat' dir='ltr'><strong>homo</strong></span> 
     </span>
    </p>
   </div>
   <div class='ocr_carea' id='block_1_104' title="bbox 2243 4365 3800 4455">
    <p class='ocr_par' dir='ltr' id='par_1_104' title="bbox 2243 4365 3800 4455">
     <span class='ocr_line' id='line_1_104' title="bbox 2243 4365 3800 4455; baseline -0.013 -13"><span class='ocrx_word' id='word_1_780' title='bbox 2243 4388 2311 4443; x_wconf 91' lang='lat' dir='ltr'><strong>de</strong></span> <span class='ocrx_word' id='word_1_781' title='bbox 2336 4386 2424 4441; x_wconf 89' lang='lat' dir='ltr'><strong>his</strong></span> <span class='ocrx_word' id='word_1_782' title='bbox 2446 4399 2569 4455; x_wconf 69' lang='lat' dir='ltr'><strong>qua:</strong></span> <span class='ocrx_word' id='word_1_783' title='bbox 2597 4380 2936 4453; x_wconf 86' lang='lat' dir='ltr'><strong>possidebat,</strong></span> <span class='ocrx_word' id='word_1_784' title='bbox 2968 4384 3183 4450; x_wconf 88' lang='lat' dir='ltr'><strong>partem</strong></span> <span class='ocrx_word' id='word_1_785' title='bbox 3202 4374 3427 4440; x_wconf 90' lang='lat' dir='ltr'><strong>obtulit,</strong></span> <span class='ocrx_word' id='word_1_786' title='bbox 3458 4383 3658 4443; x_wconf 86' lang='lat' dir='ltr'><strong>partem</strong></span> <span class='ocrx_word' id='word_1_787' title='bbox 3684 4365 3800 4421; x_wconf 72' lang='lat' dir='ltr'><strong>reti—</strong></span> 
     </span>
    </p>
   </div>
   <div class='ocr_carea' id='block_1_105' title="bbox 2245 4457 3803 4544">
    <p class='ocr_par' dir='ltr' id='par_1_105' title="bbox 2245 4457 3803 4544">
     <span class='ocr_line' id='line_1_105' title="bbox 2245 4457 3803 4544; baseline -0.015 -11"><span class='ocrx_word' id='word_1_788' title='bbox 2245 4478 2385 4544; x_wconf 89' lang='lat' dir='ltr'><strong>nuit,</strong></span> <span class='ocrx_word' id='word_1_789' title='bbox 2422 4488 2481 4530; x_wconf 88' lang='lat' dir='ltr'><strong>ut</strong></span> <span class='ocrx_word' id='word_1_790' title='bbox 2505 4474 2574 4530; x_wconf 87' lang='lat' dir='ltr'><strong>ad</strong></span> <span class='ocrx_word' id='word_1_791' title='bbox 2603 4476 2751 4528; x_wconf 92' lang='lat' dir='ltr'><strong>hunc</strong></span> <span class='ocrx_word' id='word_1_792' title='bbox 2781 4471 3006 4528; x_wconf 90' lang='lat' dir='ltr'><strong>modum</strong></span> <span class='ocrx_word' id='word_1_793' title='bbox 3036 4470 3093 4525; x_wconf 90' lang='lat' dir='ltr'><strong>in</strong></span> <span class='ocrx_word' id='word_1_794' title='bbox 3119 4483 3185 4524; x_wconf 92' lang='lat' dir='ltr'><strong>eo</strong></span> <span class='ocrx_word' id='word_1_795' title='bbox 3205 4464 3358 4537; x_wconf 88' lang='lat' dir='ltr'><strong>quod</strong></span> <span class='ocrx_word' id='word_1_796' title='bbox 3397 4471 3518 4519; x_wconf 84' lang='lat' dir='ltr'><strong>erat</strong></span> <span class='ocrx_word' id='word_1_797' title='bbox 3542 4459 3676 4532; x_wconf 85' lang='lat' dir='ltr'><strong>quod</strong></span> <span class='ocrx_word' id='word_1_798' title='bbox 3712 4457 3803 4511; x_wconf 84' lang='lat' dir='ltr'><strong>im-</strong></span> 
     </span>
    </p>
   </div>
   <div class='ocr_carea' id='block_1_106' title="bbox 2222 4544 3806 4645">
    <p class='ocr_par' dir='ltr' id='par_1_106' title="bbox 2222 4544 3806 4645">
     <span class='ocr_line' id='line_1_106' title="bbox 2222 4544 3806 4645; baseline -0.015 -19"><span class='ocrx_word' id='word_1_799' title='bbox 2222 4568 2594 4645; x_wconf 79' lang='lat' dir='ltr'><strong>perfectionis</strong></span> <span class='ocrx_word' id='word_1_800' title='bbox 2635 4574 2691 4623; x_wconf 92' lang='lat' dir='ltr'><strong>et</strong></span> <span class='ocrx_word' id='word_1_801' title='bbox 2723 4563 2974 4620; x_wconf 87' lang='lat' dir='ltr'><strong>defectus</strong></span> <span class='ocrx_word' id='word_1_802' title='bbox 3031 4560 3137 4617; x_wconf 90' lang='lat' dir='ltr'><strong>fuit</strong></span> <span class='ocrx_word' id='word_1_803' title='bbox 3192 4544 3298 4616; x_wconf 86' lang='lat' dir='ltr'><strong>sibi</strong></span> <span class='ocrx_word' id='word_1_804' title='bbox 3356 4556 3644 4619; x_wconf 81' lang='lat' dir='ltr'><strong>tribueret;</strong></span> <span class='ocrx_word' id='word_1_805' title='bbox 3674 4548 3806 4620; x_wconf 84' lang='lat' dir='ltr'><strong>quod</strong></span> 
     </span>
    </p>
   </div>
   <div class='ocr_carea' id='block_1_107' title="bbox 2242 4640 3804 4727">
    <p class='ocr_par' dir='ltr' id='par_1_107' title="bbox 2242 4640 3804 4727">
     <span class='ocr_line' id='line_1_107' title="bbox 2242 4640 3804 4727; baseline -0.016 -7"><span class='ocrx_word' id='word_1_806' title='bbox 2242 4640 2372 4720; x_wconf 69' lang='lat' dir='ltr'><strong>vero</strong></span> <span class='ocrx_word' id='word_1_807' title='bbox 2402 4662 2471 4717; x_wconf 91' lang='lat' dir='ltr'><strong>ad</strong></span> <span class='ocrx_word' id='word_1_808' title='bbox 2520 4661 2818 4715; x_wconf 88' lang='lat' dir='ltr'><strong>bonitatem</strong></span> <span class='ocrx_word' id='word_1_809' title='bbox 2867 4654 3169 4727; x_wconf 88' lang='lat' dir='ltr'><strong>spectabat,</strong></span> <span class='ocrx_word' id='word_1_810' title='bbox 3203 4652 3315 4707; x_wconf 92' lang='lat' dir='ltr'><strong>Deo</strong></span> <span class='ocrx_word' id='word_1_811' title='bbox 3348 4651 3659 4720; x_wconf 88' lang='lat' dir='ltr'><strong>imputaret.</strong></span> <span class='ocrx_word' id='word_1_812' title='bbox 3703 4640 3804 4696; x_wconf 80' lang='lat' dir='ltr'><strong>Hoc</strong></span> 
     </span>
    </p>
   </div>
   <div class='ocr_carea' id='block_1_108' title="bbox 2243 4743 3808 4820">
    <p class='ocr_par' dir='ltr' id='par_1_108' title="bbox 2243 4743 3808 4820">
     <span class='ocr_line' id='line_1_108' title="bbox 2243 4743 3808 4820; baseline -0.014 -6"><span class='ocrx_word' id='word_1_813' title='bbox 2243 4756 2348 4814; x_wconf 85' lang='lat' dir='ltr'><strong>sibi</strong></span> <span class='ocrx_word' id='word_1_814' title='bbox 2390 4755 2686 4811; x_wconf 88' lang='lat' dir='ltr'><strong>voluerunt</strong></span> <span class='ocrx_word' id='word_1_815' title='bbox 2723 4766 2879 4807; x_wconf 73' lang='lat' dir='ltr'><strong>nova:</strong></span> <span class='ocrx_word' id='word_1_816' title='bbox 2920 4756 3106 4820; x_wconf 90' lang='lat' dir='ltr'><strong>partes</strong></span> <span class='ocrx_word' id='word_1_817' title='bbox 3146 4754 3394 4813; x_wconf 66' lang='lat' dir='ltr'><strong>retentae,</strong></span> <span class='ocrx_word' id='word_1_818' title='bbox 3429 4743 3561 4816; x_wconf 88' lang='lat' dir='ltr'><strong>quia</strong></span> <span class='ocrx_word' id='word_1_819' title='bbox 3590 4752 3808 4797; x_wconf 77' lang='lat' dir='ltr'><strong>novena-</strong></span> 
     </span>
    </p>
   </div>
   <div class='ocr_carea' id='block_1_109' title="bbox 2242 4829 3810 4916">
    <p class='ocr_par' dir='ltr' id='par_1_109' title="bbox 2242 4829 3810 4916">
     <span class='ocr_line' id='line_1_109' title="bbox 2242 4829 3810 4916; baseline -0.015 -12"><span class='ocrx_word' id='word_1_820' title='bbox 2242 4847 2361 4904; x_wconf 86' lang='lat' dir='ltr'><strong>rius</strong></span> <span class='ocrx_word' id='word_1_821' title='bbox 2392 4845 2607 4916; x_wconf 87' lang='lat' dir='ltr'><strong>signum</strong></span> <span class='ocrx_word' id='word_1_822' title='bbox 2653 4852 2741 4898; x_wconf 91' lang='lat' dir='ltr'><strong>est</strong></span> <span class='ocrx_word' id='word_1_823' title='bbox 2769 4838 3219 4910; x_wconf 85' lang='lat' dir='ltr'><strong>imperfectionis,</strong></span> <span class='ocrx_word' id='word_1_824' title='bbox 3250 4852 3285 4891; x_wconf 90' lang='lat' dir='ltr'><strong>a</strong></span> <span class='ocrx_word' id='word_1_825' title='bbox 3326 4834 3560 4911; x_wconf 87' lang='lat' dir='ltr'><strong>denario</strong></span> <span class='ocrx_word' id='word_1_826' title='bbox 3587 4829 3810 4903; x_wconf 82' lang='lat' dir='ltr'><strong>perfecto</strong></span> 
     </span>
    </p>
   </div>
   <div class='ocr_carea' id='block_1_110' title="bbox 2243 4924 3811 5004">
    <p class='ocr_par' dir='ltr' id='par_1_110' title="bbox 2243 4924 3811 5004">
     <span class='ocr_line' id='line_1_110' title="bbox 2243 4924 3811 5004; baseline -0.011 -11"><span class='ocrx_word' id='word_1_827' title='bbox 2243 4936 2521 4993; x_wconf 80' lang='lat' dir='ltr'><strong>deficiens.</strong></span> <span class='ocrx_word' id='word_1_828' title='bbox 2564 4933 2859 5004; x_wconf 83' lang='lat' dir='ltr'><strong>Propterea</strong></span> <span class='ocrx_word' id='word_1_829' title='bbox 2906 4942 3090 4987; x_wconf 90' lang='lat' dir='ltr'><strong>autem</strong></span> <span class='ocrx_word' id='word_1_830' title='bbox 3119 4929 3250 5000; x_wconf 88' lang='lat' dir='ltr'><strong>quia</strong></span> <span class='ocrx_word' id='word_1_831' title='bbox 3275 4928 3577 4984; x_wconf 89' lang='lat' dir='ltr'><strong>obscurum</strong></span> <span class='ocrx_word' id='word_1_832' title='bbox 3610 4924 3811 4994; x_wconf 78' lang='lat' dir='ltr'><strong>signum</strong></span> 
     </span>
    </p>
   </div>
   <div class='ocr_carea' id='block_1_111' title="bbox 2244 5017 3815 5107">
    <p class='ocr_par' dir='ltr' id='par_1_111' title="bbox 2244 5017 3815 5107">
     <span class='ocr_line' id='line_1_111' title="bbox 2244 5017 3815 5107; baseline -0.01 -24"><span class='ocrx_word' id='word_1_833' title='bbox 2244 5029 2348 5083; x_wconf 85' lang='lat' dir='ltr'><strong>fuit</strong></span> <span class='ocrx_word' id='word_1_834' title='bbox 2374 5026 2773 5107; x_wconf 87' lang='lat' dir='ltr'><strong>emendationis</strong></span> <span class='ocrx_word' id='word_1_835' title='bbox 2799 5026 2857 5079; x_wconf 92' lang='lat' dir='ltr'><strong>in</strong></span> <span class='ocrx_word' id='word_1_836' title='bbox 2885 5022 3273 5086; x_wconf 90' lang='lat' dir='ltr'><strong>decimatioue,</strong></span> <span class='ocrx_word' id='word_1_837' title='bbox 3300 5020 3440 5076; x_wconf 87' lang='lat' dir='ltr'><strong>data</strong></span> <span class='ocrx_word' id='word_1_838' title='bbox 3475 5028 3560 5074; x_wconf 89' lang='lat' dir='ltr'><strong>est</strong></span> <span class='ocrx_word' id='word_1_839' title='bbox 3592 5017 3815 5073; x_wconf 61' lang='lat' dir='ltr'><strong>circiter</strong></span> 
     </span>
    </p>
   </div>
   <div class='ocr_carea' id='block_1_112' title="bbox 2244 5106 3816 5191">
    <p class='ocr_par' dir='ltr' id='par_1_112' title="bbox 2244 5106 3816 5191">
     <span class='ocr_line' id='line_1_112' title="bbox 2244 5106 3816 5191; baseline -0.008 -17"><span class='ocrx_word' id='word_1_840' title='bbox 2244 5118 2407 5191; x_wconf 85' lang='lat' dir='ltr'><strong>cisio,</strong></span> <span class='ocrx_word' id='word_1_841' title='bbox 2430 5129 2491 5173; x_wconf 89' lang='lat' dir='ltr'><strong>ut</strong></span> <span class='ocrx_word' id='word_1_842' title='bbox 2512 5117 2769 5171; x_wconf 90' lang='lat' dir='ltr'><strong>virtutem</strong></span> <span class='ocrx_word' id='word_1_843' title='bbox 2805 5113 3219 5185; x_wconf 86' lang='lat' dir='ltr'><strong>justiticationis</strong></span> <span class='ocrx_word' id='word_1_844' title='bbox 3251 5110 3563 5168; x_wconf 78' lang='lat' dir='ltr'><strong>evidentius</strong></span> <span class='ocrx_word' id='word_1_845' title='bbox 3602 5106 3816 5164; x_wconf 79' lang='lat' dir='ltr'><strong>demon-</strong></span> 
     </span>
    </p>
   </div>
   <div class='ocr_carea' id='block_1_113' title="bbox 2245 5197 3815 5279">
    <p class='ocr_par' dir='ltr' id='par_1_113' title="bbox 2245 5197 3815 5279">
     <span class='ocr_line' id='line_1_113' title="bbox 2245 5197 3815 5279; baseline -0.007 -15"><span class='ocrx_word' id='word_1_846' title='bbox 2245 5215 2465 5274; x_wconf 91' lang='lat' dir='ltr'><strong>straret,</strong></span> <span class='ocrx_word' id='word_1_847' title='bbox 2501 5207 2723 5277; x_wconf 88' lang='lat' dir='ltr'><strong>quando</strong></span> <span class='ocrx_word' id='word_1_848' title='bbox 2766 5207 2974 5261; x_wconf 87' lang='lat' dir='ltr'><strong>dictum</strong></span> <span class='ocrx_word' id='word_1_849' title='bbox 3028 5212 3114 5261; x_wconf 91' lang='lat' dir='ltr'><strong>est</strong></span> <span class='ocrx_word' id='word_1_850' title='bbox 3165 5203 3378 5279; x_wconf 86' lang='lat' dir='ltr'><strong>homini</strong></span> <span class='ocrx_word' id='word_1_851' title='bbox 3428 5210 3489 5256; x_wconf 91' lang='lat' dir='ltr'><strong>ut</strong></span> <span class='ocrx_word' id='word_1_852' title='bbox 3523 5197 3815 5272; x_wconf 74' lang='lat' dir='ltr'><strong>portionem</strong></span> 
     </span>
    </p>
   </div>
   <div class='ocr_carea' id='block_1_114' title="bbox 2226 5287 3817 5368">
    <p class='ocr_par' dir='ltr' id='par_1_114' title="bbox 2226 5287 3817 5368">
     <span class='ocr_line' id='line_1_114' title="bbox 2226 5287 3817 5368; baseline -0.009 -10"><span class='ocrx_word' id='word_1_853' title='bbox 2226 5301 2430 5358; x_wconf 83' lang='lat' dir='ltr'><strong>carnis</strong></span> <span class='ocrx_word' id='word_1_854' title='bbox 2458 5315 2572 5356; x_wconf 69' lang='lat' dir='ltr'><strong>sua:</strong></span> <span class='ocrx_word' id='word_1_855' title='bbox 2592 5314 2702 5354; x_wconf 92' lang='lat' dir='ltr'><strong>non</strong></span> <span class='ocrx_word' id='word_1_856' title='bbox 2738 5297 2957 5368; x_wconf 89' lang='lat' dir='ltr'><strong>quidem</strong></span> <span class='ocrx_word' id='word_1_857' title='bbox 2988 5295 3350 5367; x_wconf 83' lang='lat' dir='ltr'><strong>superfluam,</strong></span> <span class='ocrx_word' id='word_1_858' title='bbox 3378 5294 3476 5349; x_wconf 87' lang='lat' dir='ltr'><strong>sed</strong></span> <span class='ocrx_word' id='word_1_859' title='bbox 3505 5287 3817 5359; x_wconf 74' lang='lat' dir='ltr'><strong>illiusan</strong></span> 
     </span>
    </p>
   </div>
   <div class='ocr_carea' id='block_1_115' title="bbox 2245 5382 3820 5462">
    <p class='ocr_par' dir='ltr' id='par_1_115' title="bbox 2245 5382 3820 5462">
     <span class='ocr_line' id='line_1_115' title="bbox 2245 5382 3820 5462; baseline -0.008 -16"><span class='ocrx_word' id='word_1_860' title='bbox 2245 5390 2581 5462; x_wconf 81' lang='lat' dir='ltr'><strong>superfluum</strong></span> <span class='ocrx_word' id='word_1_861' title='bbox 2615 5398 2733 5444; x_wconf 90' lang='lat' dir='ltr'><strong>erat</strong></span> <span class='ocrx_word' id='word_1_862' title='bbox 2754 5390 2809 5443; x_wconf 93' lang='lat' dir='ltr'><strong>in</strong></span> <span class='ocrx_word' id='word_1_863' title='bbox 2844 5389 3064 5444; x_wconf 88' lang='lat' dir='ltr'><strong>homine</strong></span> <span class='ocrx_word' id='word_1_864' title='bbox 3101 5386 3322 5458; x_wconf 88' lang='lat' dir='ltr'><strong>signum</strong></span> <span class='ocrx_word' id='word_1_865' title='bbox 3359 5382 3621 5447; x_wconf 85' lang='lat' dir='ltr'><strong>auferret,</strong></span> <span class='ocrx_word' id='word_1_866' title='bbox 3652 5388 3820 5449; x_wconf 77' lang='lat' dir='ltr'><strong>utper</strong></span> 
     </span>
    </p>
   </div>
   <div class='ocr_carea' id='block_1_116' title="bbox 2247 5472 3821 5554">
    <p class='ocr_par' dir='ltr' id='par_1_116' title="bbox 2247 5472 3821 5554">
     <span class='ocr_line' id='line_1_116' title="bbox 2247 5472 3821 5554; baseline -0.009 -14"><span class='ocrx_word' id='word_1_867' title='bbox 2247 5486 2354 5541; x_wconf 91' lang='lat' dir='ltr'><strong>hoc</strong></span> <span class='ocrx_word' id='word_1_868' title='bbox 2373 5491 2693 5554; x_wconf 87' lang='lat' dir='ltr'><strong>agnosceret</strong></span> <span class='ocrx_word' id='word_1_869' title='bbox 2730 5481 2859 5551; x_wconf 90' lang='lat' dir='ltr'><strong>quia</strong></span> <span class='ocrx_word' id='word_1_870' title='bbox 2887 5481 3101 5549; x_wconf 89' lang='lat' dir='ltr'><strong>culpam</strong></span> <span class='ocrx_word' id='word_1_871' title='bbox 3129 5494 3297 5548; x_wconf 91' lang='lat' dir='ltr'><strong>quam</strong></span> <span class='ocrx_word' id='word_1_872' title='bbox 3323 5486 3525 5533; x_wconf 87' lang='lat' dir='ltr'><strong>natura</strong></span> <span class='ocrx_word' id='word_1_873' title='bbox 3553 5490 3651 5546; x_wconf 79' lang='lat' dir='ltr'><strong>per</strong></span> <span class='ocrx_word' id='word_1_874' title='bbox 3681 5472 3821 5527; x_wconf 73' lang='lat' dir='ltr'><strong>illam</strong></span> 
     </span>
    </p>
   </div>
   <div class='ocr_carea' id='block_1_117' title="bbox 2246 5569 3818 5647">
    <p class='ocr_par' dir='ltr' id='par_1_117' title="bbox 2246 5569 3818 5647">
     <span class='ocr_line' id='line_1_117' title="bbox 2246 5569 3818 5647; baseline -0.008 -16"><span class='ocrx_word' id='word_1_875' title='bbox 2246 5584 2455 5647; x_wconf 89' lang='lat' dir='ltr'><strong>partem</strong></span> <span class='ocrx_word' id='word_1_876' title='bbox 2485 5576 2733 5644; x_wconf 89' lang='lat' dir='ltr'><strong>corporis</strong></span> <span class='ocrx_word' id='word_1_877' title='bbox 2779 5573 3037 5637; x_wconf 82' lang='lat' dir='ltr'><strong>traheret,</strong></span> <span class='ocrx_word' id='word_1_878' title='bbox 3065 5569 3239 5640; x_wconf 86' lang='lat' dir='ltr'><strong>gratia</strong></span> <span class='ocrx_word' id='word_1_879' title='bbox 3278 5584 3377 5639; x_wconf 90' lang='lat' dir='ltr'><strong>per</strong></span> <span class='ocrx_word' id='word_1_880' title='bbox 3419 5575 3818 5625; x_wconf 81' lang='lat' dir='ltr'><strong>sacramentum</strong></span> 
     </span>
    </p>
   </div>
   <div class='ocr_carea' id='block_1_118' title="bbox 2232 5660 3823 5733">
    <p class='ocr_par' dir='ltr' id='par_1_118' title="bbox 2232 5660 3823 5733">
     <span class='ocr_line' id='line_1_118' title="bbox 2232 5660 3823 5733; baseline -0.01 -4"><span class='ocrx_word' id='word_1_881' title='bbox 2232 5667 2685 5729; x_wconf 88' lang='lat' dir='ltr'><strong>.circumcisionis</strong></span> <span class='ocrx_word' id='word_1_882' title='bbox 2699 5666 3036 5722; x_wconf 89' lang='lat' dir='ltr'><strong>emundaret.</strong></span> <span class='ocrx_word' id='word_1_883' title='bbox 3071 5661 3177 5719; x_wconf 89' lang='lat' dir='ltr'><strong>Sed</strong></span> <span class='ocrx_word' id='word_1_884' title='bbox 3189 5662 3321 5733; x_wconf 89' lang='lat' dir='ltr'><strong>quia</strong></span> <span class='ocrx_word' id='word_1_885' title='bbox 3336 5660 3696 5719; x_wconf 86' lang='lat' dir='ltr'><strong>circumcisio</strong></span> <span class='ocrx_word' id='word_1_886' title='bbox 3714 5668 3823 5713; x_wconf 78' lang='lat' dir='ltr'><strong>tan-</strong></span> 
     </span>
    </p>
   </div>
   <div class='ocr_carea' id='block_1_119' title="bbox 2250 5756 3825 5831">
    <p class='ocr_par' dir='ltr' id='par_1_119' title="bbox 2250 5756 3825 5831">
     <span class='ocr_line' id='line_1_119' title="bbox 2250 5756 3825 5831; baseline -0.004 -15"><span class='ocrx_word' id='word_1_887' title='bbox 2250 5770 2369 5827; x_wconf 83' lang='lat' dir='ltr'><strong>tum</strong></span> <span class='ocrx_word' id='word_1_888' title='bbox 2393 5776 2517 5831; x_wconf 83' lang='lat' dir='ltr'><strong>quae</strong></span> <span class='ocrx_word' id='word_1_889' title='bbox 2545 5759 2680 5816; x_wconf 86' lang='lat' dir='ltr'><strong>foris</strong></span> <span class='ocrx_word' id='word_1_890' title='bbox 2717 5767 2847 5816; x_wconf 87' lang='lat' dir='ltr'><strong>sunt</strong></span> <span class='ocrx_word' id='word_1_891' title='bbox 2892 5756 3242 5819; x_wconf 84' lang='lat' dir='ltr'><strong>enormitatcs</strong></span> <span class='ocrx_word' id='word_1_892' title='bbox 3272 5762 3583 5829; x_wconf 71' lang='lat' dir='ltr'><strong>amputare</strong></span> <span class='ocrx_word' id='word_1_893' title='bbox 3616 5759 3825 5824; x_wconf 68' lang='lat' dir='ltr'><strong>potest.</strong></span> 
     </span>
    </p>
   </div>
  </div>
