3948 6468
167 395 274 452 MOI
1081 388 1660 447 DEFLORATIONES
1697 390 1799 447 SS.
1840 389 2153 447 PATRUM.
2192 420 2265 432 --
2300 390 2428 447 LIB.
2469 390 2535 447 II.
3290 395 3426 451 Im

165 524 244 566 eas
266 525 393 565 vero
440 527 572 583 qua:
606 512 938 569 intrinsecus
972 516 1102 564 sunt
1135 506 1498 577 pollutionum
1549 506 1741 563 sordes
1770 512 1818 570 Α
1847 516 2253 563 sacramentum
2294 507 2736 566 circumcisionis
2786 509 2839 566 ln
2886 525 3073 578 carne,
3097 511 3245 584 quod
3276 512 3430 568 dolo-

165 602 411 659 mundare
459 620 577 659 non
622 612 839 675 potest;
892 600 1040 657 venit
1093 599 1737 673 postcircumcisionem

156 693 421 750 lavacrum
452 710 635 767 aquas,
672 703 848 750 totum
877 706 1141 765 purgans,
1174 699 1235 746 ut
1262 689 1500 762 perfecta
1525 690 1739 762 justitia

1843 613 1957 653 rem
1990 599 2173 667 habet,
2201 598 2278 654 illi
2308 601 2496 657 datum
2524 608 2634 668 est;
2670 617 2812 658 novo
2858 612 3041 660 autem
3096 604 3301 675 populo
3333 604 3428 675 qui

1845 691 2125 747 voluntate
2145 700 2200 747 et
2236 692 2529 750 dilectione
2573 695 2761 764 servit,
2794 706 3199 752 sacramentum
3227 695 3431 766 justiti-

162 785 595 858 prxsignaretur.
623 786 870 844 Rursum
898 786 1027 857 quia
1055 784 1257 855 prioris
1280 784 1465 855 populi
1505 783 1601 855 qui
1632 784 1737 840 sub
1841 785 2074 842 cationis
2105 786 2160 841 in
2184 786 2405 844 lavacro
2433 803 2611 859 aquas,
2640 804 2763 859 qua:
2791 805 3018 845 suavem
3049 790 3215 845 habet
3237 786 3429 860 purifi-

161 873 334 932 timore
363 876 651 933 serviebat
671 874 959 933 mundatio
980 873 1255 930 laboriosa
1286 873 1425 939 fuit,
1450 882 1736 945 propterea
1840 875 2136 944 cntionem,
2170 877 2512 947 propositum
2542 889 2646 934 est.

1377 1025 1466 1083 EX
1475 1026 1699 1084 PLICIT
1748 1027 1931 1084 PARS
1968 1027 2203 1084 PRIMA.

184 1193 3419 1233 MM

1368 1388 1775 1452 INCIPIUNT
1818 1387 2218 1451 CAPITULA

632 1570 910 1652 LIBRI
991 1566 1435 1652 SECUNDI
1517 1567 2407 1652 DEFLORATIONUM
2485 1569 2932 1696 PATRUM'

820 1768 1279 1887 DOMIN
1293 1770 1337 1885 Ι
1394 1768 2074 1888 WERNERI
2136 1768 2736 1887 ABBATIS

318 1995 365 2051 Δ
403 1990 738 2052 ῡοΜιΝιαΑ
773 1989 992 2048 PRIMA
1022 1988 1202 2048 POS'I‘
1236 1987 1562 2046 OCTAVAS
1596 1988 2095 2047 PENTECOSTES
2137 1988 2368 2059 USQUE
2404 1990 2497 2046 AD
2534 1989 2922 2049 ADVENTUM
2960 1989 3215 2049 DOMINI.

153 2284 191 2343 I.
233 2283 510 2356 Expositio
553 2283 749 2356 duplex
779 2298 936 2356 Luper-
980 2283 1309 2355 evangelium
1342 2298 1373 2356 :_
1427 2300 1450 2356 ς
1497 2279 1732 2356 Quidam

217 2353 366 2411 homo
392 2365 512 2410 erat
532 2353 695 2410 dives.
735 2374 754 2407 ι
778 2353 851 2408 Et
880 2354 946 2408 de
964 2353 1174 2424 perdice
1198 2372 1309 2409 ave.
1337 2354 1542 2408 Deinde
1588 2353 1731 2408 alius

218 2426 489 2497 sermo_de
511 2428 675 2497 pomis
701 2426 1023 2497 animarum.
1075 2424 1210 2479 Item
1245 2426 1311 2479 de
1375 2425 1507 2479 locis
1545 2440 1728 2496 plena-

221 2513 356 2551 rum.
379 2495 542 2563 Item,
566 2513 738 2551 sermo
763 2496 828 2551 de
846 2496 1013 2550 divite
1033 2505 1084 2550 et
1104 2513 1352 2567 paupere.

153 2564 212 2622 II.
250 2566 528 2691 Exfositio
565 2567 763 2638 duplex
804 2583 963 2636 super
1009 2564 1338 2691 evaniqelium
1383 2582 1402 2621 :
1478 2584 1498 2618 ι
1551 2564 1726 2620 Homo

215 2639 302 2691 aui
343 2654 431 2691 am
458 2639 580 2691 fecit
602 2654 808 2691 caenam
834 2653 1103 2691 maanam.
1167 2649 1290 2691 tem.
1313 2654 1484 2691 sermo
1518 2637 1583 2691 de
1606 2652 1726 2691 cor-

215 2637 431 2709 quidam
456 2639 580 2709 fecit
602 2637 808 2693 caenam
834 2653 1103 2708 magnam.
1132 2637 1290 2702 Item,
1313 2654 1487 2709 sermo
1518 2637 1583 2691 de
1606 2652 1727 2691 cor-

215 2707 338 2780 pore
374 2707 592 2764 Domini
617 2712 673 2763 in
698 2707 941 2780 quatuor
972 2718 1154 2780 partes
1195 2709 1417 2780 divisus.
1453 2707 1530 2763 De
1553 2724 1733 2780 sacra-

217 2778 390 2833 mento
417 2782 655 2850 corporis
680 2778 730 2835 et
748 2779 1030 2850 sanguinis
1052 2779 1273 2834 Christi.
1314 2779 1540 2850 Quando
1562 2778 1731 2850 insti-

214 2860 385 2921 tutum
401 2860 479 2905 est
494 2848 878 2905 sacramentum
892 2850 1129 2921 corporis
1143 2861 1195 2905 et
1215 2850 1490 2921 sanguinis
1505 2848 1726 2921 Christi.

217 2919 409 2976 Utrum
437 2925 662 2991 mortale
703 2938 774 2975 an
808 2919 1120 2991 immortale
1149 2919 1340 2991 corpus
1380 2937 1535 2991 suum
1559 2919 1731 2974 tradi-

214 2992 376 3063 derit.
444 2990 506 3048 Si
556 3009 745 3063 corpus
788 2990 988 3047 Christi
1025 2992 1160 3063 fuit,
1213 2990 1353 3063 quod
1398 2990 1574 3063 ludas
1638 3005 1732 3063 per

213 3062 499 3117 intinctam
515 3059 804 3117 buccellam
817 3059 1040 3132 accepit.
1061 3060 1212 3128 Quod
1225 3059 1732 3132 'sacrametitumjal-

213 3134 349 3187 laris
368 3142 422 3187 et
445 3133 617 3202 ﬁgura
637 3143 715 3188 est
735 3131 996 3203 quantum
1019 3134 1089 3187 ad
1100 3134 1255 3203 panis
1271 3133 1498 3203 speciem
1519 3141 1569 3185 et
1595 3131 1727 3198 vini,

209 3213 260 3274 et
295 3220 378 3258 res
421 3213 498 3258 est
531 3213 789 3274 quantum
830 3204 900 3257 ad
925 3206 1158 3274 corporis
1192 3203 1393 3259 Christi
1432 3204 1727 3257 veritatem.

215 3273 350 3329 Tria
379 3291 491 3329 esse
516 3273 573 3328 in
601 3283 934 3345 sacramento
958 3275 1150 3328 altaris
1175 3289 1193 3328 :
1216 3275 1371 3345 panis
1399 3283 1451 3328 et
1482 3273 1590 3327 vini
1613 3288 1731 3342 spc-

209 3345 631 3427 eiem,forporis
655 3344 857 3427 Christi
895 3345 1189 3427 veritatem,
1214 3346 1446 3427 gratiam
1468 3345 1730 3427 spiritua-

210 3416 340 3470 lem.
369 3415 615 3480 Quarein
636 3416 861 3486 speciem
901 3416 1054 3485 panis
1093 3425 1144 3470 et
1185 3415 1299 3486 vini
1336 3424 1731 3486 sacramentum

205 3487 509 3556 corporiset
522 3483 796 3558 sanguinis
819 3483 909 3540 sui
924 3487 1237 3541 instituerit.
1266 3485 1510 3552 Qualiter
1521 3483 1734 3558 intelli-

203 3554 383 3628 gentle
406 3566 486 3610 est
518 3554 744 3611 mutatio
774 3558 931 3628 panis
959 3567 1008 3611 et
1044 3558 1152 3613 vini
1175 3559 1231 3611 in
1272 3573 1460 3627 corpus
1504 3554 1726 3611 Christi.

204 3627 369 3700 Quod
398 3643 589 3700 corpus
624 3627 825 3683 Christi
862 3628 1074 3700 quando
1096 3628 1266 3682 dividi
1303 3628 1514 3682 videtur
1546 3642 1734 3700 secuit.

199 3698 338 3752 dum
390 3698 561 3753 solam
613 3700 837 3769 speciem
874 3698 1171 3766 dividitur,
1217 3700 1505 3753 secundum
1557 3699 1732 3769 ipsum

204 3777 390 3823 autem
411 3768 677 3841 integrum
700 3778 901 3835 manet,
948 3778 998 3823 et
1031 3771 1170 3823 sicut
1217 3770 1446 3839 singulis
1487 3768 1730 3839 partibus

203 3849 406 3910 totum,
429 3841 507 3894 sic
532 3840 590 3894 in
610 3841 799 3895 divisis
824 3840 956 3895 locis
972 3856 1136 3894 unum
1172 3849 1224 3895 et
1246 3841 1387 3895 idem
1419 3841 1592 3910 ipsum
1620 3846 1718 3894 est.

202 3908 358 3973 Quid
383 3912 704 3982 _signiﬁcent
728 3921 834 3965 tres
878 3913 1147 3981 portiones
1178 3911 1310 3979 illm,
1350 3908 1468 3981 qua:
1498 3912 1571 3982 de
1606 3925 1727 3964 cor-

195 3996 337 4050 pore
366 3979 571 4053 Christi
617 3982 676 4036 in
697 3979 1029 4043 sacramento
1055 3983 1247 4037 altaris
1293 3979 1449 4053 [iu-nt.
1477 3980 1630 4048 Quod
1661 3996 1725 4035 ea

201 4066 333 4123 qui:
375 4052 431 4105 in
470 4069 687 4123 corpore
722 4054 924 4109 Christi
974 4054 1195 4123 indigna
1234 4052 1501 4120 videntur,
1539 4068 1725 4107 secun-

201 4071 333 4121 qua:
375 4071 431 4105 tn
470 4071 687 4123 corpore
722 4071 924 4109 uurtsu
974 4071 1086 4108 tnat

196 4121 342 4194 dum
381 4124 607 4193 speciem
656 4123 826 4179 solam
867 4125 1022 4194 ﬁant.
1069 4071 1125 4191 ἆ

196 4190 437 4259 Christi,
467 4204 515 4249 et
539 4195 603 4249 de
630 4190 877 4265 corpore,
906 4207 956 4249 et
983 4190 1253 4265 corporali
1294 4194 1410 4264 ejus
1440 4190 1725 4265 prtesentia

196 4272 329 4335 post
354 4266 738 4335 susceptionem
770 4268 1115 4321 sacramenti.

120 4328 217 4388 III.
252 4328 721 4407 Expositio_super
764 4337 1135 4407 evangelium;
1176 4354 1196 4387 ‹
1227 4333 1400 4390 Erant
1440 4338 1726 4407 appropin-

194 4415 434 4477 quantes
458 4405 719 4461 adlesum
739 4407 1027 4476 publicani.
1054 4426 1074 4460 ι
1112 4405 1270 4473 Item,
1297 4405 1551 4462 sertno'de
1571 4405 1725 4477 lapsu

188 4476 372 4545 primi
406 4479 656 4543 hominis,
693 4487 743 4531 et
780 4480 1006 4548 quaestio
1029 4494 1050 4532 :
1098 4482 1148 4532 si
1184 4495 1287 4531 non
1313 4477 1533 4548 habebat
1558 4476 1728 4548 perse-

193 4548 527 4620 verantiam,
554 4547 816 4619 quomodo
845 4551 959 4604 sine
996 4551 1123 4603 vitio
1155 4549 1315 4618 fuerit
1334 4547 1468 4620 ?Dc
1496 4547 1565 4602 eo
1591 4566 1725 4620 quo-

188 4630 304 4688 que
346 4618 571 4690 qualem
590 4620 818 4688 gratiam
848 4621 1130 4690 acceperit;
1168 4629 1219 4673 et
1240 4620 1304 4674 de
1325 4618 1450 4673 aliis
1480 4618 1724 4690 pluribus

195 4689 427 4759 causis;
457 4688 522 4741 de
553 4690 883 4759 paenitentia,
913 4688 978 4746 de
1007 4691 1229 4745 invidia.

110 4752 216 4812 IV.
265 4752 564 4832 Expositio
615 4777 773 4830 super
805 4752 1180 4832 evongelium:
1227 4779 1247 4813 ι
1286 4759 1471 4816 Estote
1518 4761 1726 4817 miseri-

186 4829 412 4886 cordes.
446 4848 468 4882 ι
512 4828 652 4885 Item
681 4828 870 4885 sermo
925 4828 991 4887 de
1030 4832 1385 4887 alternatione
1420 4833 1726 4887 misericor-

184 4901 310 4973 diae
337 4909 391 4973 et
445 4902 685 4973 veritatis
716 4902 845 4973 hinc
881 4902 1003 4960 inde
1022 4920 1077 4958 se
1107 4903 1412 4973 accusantis
1441 4920 1504 4973 uc
1543 4902 1727 4973 defen—

184 4971 405 5096 gfseis.
465 4971 546 5026 De
592 4972 925 5028 amatoribus
978 4972 1384 5030 misericordias.
1432 4972 1511 5027 De
1560 4971 1729 5045 hgpo—

311 5058 386 5096 ts.

182 5051 386 5096 πίω.

98 5109 175 5167 V.
210 5110 516 5186 Expositio
551 5129 709 5184 super
729 5114 1059 5186 evangelium
1086 5131 1104 5170 :
1137 5134 1156 5167 ι
1187 5112 1321 5186 cum
1355 5114 1524 5169 turba:
1554 5116 1725 5170 irrue-

181 5181 346 5253 rent.
389 5202 409 5236 ι
460 5181 883 5240 Ιεεηῐωτιιιοάὲ
905 5185 1170 5247 Ecclesia.
1221 5184 1381 5253 Item,
1426 5186 1491 5239 de
1515 5186 1719 5251 eodem,

178 5252 260 5307 de
281 5253 671 5310 ecclesiasticis
718 5255 1047 5322 doctoribus,
1095 5258 1159 5313 de
1182 5252 1428 5311 doctrina
1463 5264 1512 5310 et
1539 5273 1723 5311 eorum

178 5322 485 5408 exemplis,
513 5326 579 5408 de
606 5326 690 5408 his
707 5329 798 5408 qui
824 5326 949 5408 bene
975 5326 1191 5408 docent,
1207 5337 1257 5408 et
1286 5327 1426 5408 male
1444 5328 1722 5408 v_i.vunt,tle

176 5394 483 5469 iracundis
516 5394 856 5469 doctoribus,
904 5397 969 5469 de
1014 5398 1252 5469 superbis
1274 5398 1616 5465 doctoribus;
1656 5400 1721 5453 de

178 5464 465 5521 doctrina
494 5467 833 5533 discretione,
879 5468 944 5521 de
963 5464 1175 5524 silentio
1204 5469 1501 5523 doctorum.

63 5530 199 5590 VI.
227 5608 237 5609 ί
266 5535 561 5606 Expositio
597 5554 755 5608 super
782 5530 1109 5609 evangelium
1141 5557 1154 5594 :
1184 5558 1202 5590 ι
1225 5539 1393 5593 Amen
1415 5540 1532 5592 dico
1553 5540 1714 5604 vobis,

168 5608 299 5681 nisi
329 5609 711 5664 abundaverit.
737 5628 756 5662 ι
811 5608 968 5676 Item,
993 5626 1163 5681 sermo
1189 5611 1255 5681 de
1279 5611 1384 5675 ira,
1427 5610 1558 5664 etde
1587 5628 1720 5681 qua-

164 5677 352 5762 litate
376 5689 764 5761 tormentorum
785 5680 1177 5762 gehennalium.
1196 5678 1355 5745 Item,
1380 5681 1448 5762 de
1461 5677 1715 5749 gehenna,

163 5751 339 5822 quod
371 5766 657 5823 corporeus
697 5751 833 5821 ignis
873 5752 1120 5822 gehennx
1145 5767 1247 5805 non
1275 5760 1481 5823 tantum
1527 5768 1716 5823 corpus

161 5821 483 5894 eruciabit,
510 5822 603 5875 sed
631 5822 807 5894 etiam
826 5824 1098 5894 spiritum;
1128 5831 1177 5876 et
1200 5821 1339 5893 quod
1352 5822 1495 5891 ignis
1520 5821 1715 5894 gehen~

1833 3060 1926 3118 IX.
1962 3061 2245 3132 Expositio
2288 3078 2446 3133 super
2484 3061 2809 3133 evangelium
2849 3079 2870 3118 :

1825 3908 1945 3982 XII.
1976 3908 2263 3982 Expositio
2294 3911 2330 3964 d

1120 4125 1213 4179 uid
1244 4125 1341 4193 ﬁat
1390 4125 1455 4178 de
1508 4138 1755 4193 corpore

1912 2285 2055 2407 igni;
2077 2284 2323 2354 gehenna:
2347 2282 2415 2338 ab
2447 2283 2604 2338 initio
2635 2292 2847 2339 creatus
2875 2283 2967 2340 sit.
3008 2281 3176 2352 Item,
3214 2285 3280 2341 de
3305 2303 3423 2345 mu-

1912 2372 2021 2407 nert
2063 2371 2143 2407 us.

1909 2371 2143 2409 ηενιυιιδ.

1842 2422 1950 2480 VII.
1986 2425 2265 2497 Expositio
2285 2423 2482 2497 duplex
2524 2442 2682 2497 super
2707 2425 3038 2497 evangelium
3064 2445 3078 2481 :
3109 2446 3129 2479 ι
3165 2426 3421 2483 Misereor

1905 2485 2317 2568 super'turbam.
2356 2485 2376 2549 ὗ
2412 2494 2572 2559 Item,
2588 2485 2773 2551 'sermo
2798 2485 2864 2552 de
2883 2499 3112 2568 quinque
3132 2501 3418 2568 septennia.

1907 2565 2064 2638 Item,
2093 2568 2159 2622 de
2197 2577 2393 2637 septem
2413 2568 2756 2638 petitionibus
2796 2565 2984 2623 contra
3025 2565 3224 2638 septem
3263 2570 3417 2626 vitia.

1904 2636 2043 2693 Item
2064 2639 2128 2692 de
2156 2636 2499 2707 petitionibus
2522 2655 2642 2710 quas
2663 2640 2973 2693 conveniant
2998 2636 3245 2710 prtesenti
3268 2641 3417 2707 vitta,

1882 2721 1955 2790 .9!
1977 2725 2096 2790 τιξεαε
2118 2710 2336 2790 future-

1831 2778 1968 2834 VIII.
1990 2778 2277 2852 Expositio
2299 2796 2457 2852 super
2473 2780 2800 2852 evangelium
2822 2796 2844 2834 :
2889 2800 2909 2833 ι
2937 2779 3210 2852 Attendite
3242 2798 3277 2834 a
3310 2780 3421 2851 fal-

1903 2852 1979 2905 sis
2000 2850 2289 2921 prophetis.
2326 2870 2344 2902 i
2373 2850 2533 2921 Item,
2570 2850 2741 2905 sermo
2763 2856 2829 2907 de
2854 2852 3148 2906 mendacio.
3173 2850 3331 2918 Item,
3354 2852 3422 2906 de

1905 2921 2062 3045 [aliis
2084 2920 2374 2992 prophetis.
2402 2920 2540 2975 Item
2561 2923 2624 2976 de
2655 2922 2787 2976 bono
2808 2932 2858 2977 et
2886 2922 3028 2976 malo
3044 2931 3158 2988 ,'-ct
3185 2922 3328 2977 alius
3353 2922 3420 2978 de

1905 3009 1963 3045 eo
2003 3008 2103 3045 em.

1903 3008 2103 3047 eoaem.

1913 3104 1926 3117 .
1962 3061 2245 3135 Expositio
2288 3078 2448 3135 super
2484 3061 2809 3135 evangelium
2849 3079 2870 3118 :
2919 3082 2939 3116 ι
2979 3060 3164 3135 _Homo
3196 3063 3419 3135 quidam

1904 3143 2018 3188 erat
2042 3134 2205 3198 dives,
2235 3133 2326 3203 qui
2357 3132 2579 3203 habebat
2617 3133 2875 3189 villicum.
2909 3152 2931 3187 ι
2969 3132 3128 3198 Item,
3156 3132 3327 3189 sermo
3352 3134 3417 3188 de

1904 3213 2133 3285 quatuor
2159 3202 2501 3285 debitoribus.
2542 3202 2702 3270 Item,
2723 3206 2787 3259 de
2815 3205 3202 3285 misericordia.

1831 3272 2211 3343 X.‘Expositio
2232 3274 2431 3346 duplex
2481 3291 2639 3344 super
2658 3276 2990 3346 evangelium
3013 3291 3035 3329 :
3083 3294 3102 3327 ι
3144 3274 3279 3330 Cum
3317 3292 3420 3346 ap-

1904 3346 2285 3417 propinquaret
2328 3345 2590 3417 Donlinus
2647 3344 3108 3417 Hierosolymam,
3155 3344 3359 3401 videns.
3390 3366 3410 3400 ο

1906 3413 2068 3485 Item,
2110 3413 2283 3470 sermo
2322 3416 2389 3469 de
2421 3414 2548 3469 Elia
2590 3425 2642 3470 et
2683 3413 2919 3471 Iezabel:
2963 3416 3123 3485 Item,
3143 3417 3206 3472 de
3248 3417 3416 3472 verbis

1906 3484 1982 3542 Sa
2022 3487 2200 3541 ientite
2229 3502 2248 3539 :
2284 3505 2304 3539 ‹
2340 3485 2587 3541 Transite
2616 3487 2687 3540 ad
2709 3504 2809 3552 me,
2832 3504 3032 3542 omnes.
3065 3507 3084 3540 ι

1834 3555 1927 3612 XI.
1960 3502 2240 3612 Expositio
2273 3556 2469 3612 duplex
2508 3574 2665 3612 super
2704 3560 3033 3612 evangelium
3056 3572 3076 3612 :

1912 3598 1927 3613 .
1960 3555 2240 3627 Expositio
2273 3556 2665 3629 duplexsuper
2704 3560 3033 3629 evangelium
3056 3572 3076 3612 :
3119 3575 3140 3611 ι
3174 3555 3293 3612 Duo
3319 3558 3420 3613 Ito-

1906 3629 2072 3682 mines
2103 3628 2451 3683 ascenderunt
2476 3628 2534 3681 in
2562 3627 2852 3697 templums
2868 3627 3005 3683 Item
3028 3644 3197 3684 sermo
3221 3629 3285 3683 de
3305 3646 3421 3684 ver-

1907 3700 1988 3755 bis
2010 3698 2184 3754 David
2214 3715 2234 3752 :
2275 3719 2295 3751 ‹
2325 3698 2669 3753 Ascensiones
2694 3700 2750 3752 in
2788 3701 2945 3753 corde
2991 3716 3088 3754 suo
3123 3699 3418 3768 disposuit:

1903 3779 1956 3825 et
1982 3770 2046 3824 de
2078 3771 2247 3825 tribus
2268 3771 2666 3824 ascensionibus
2690 3778 2743 3824 et
2785 3768 3237 3826 descensionibus.
3277 3769 3418 3826 Item

1904 3841 1973 3895 de
1980 3840 2254 3910 jactantia
2275 3851 2325 3894 et
2349 3841 2413 3894 de
2430 3842 2849 3910 compunctione.

2013 3911 2263 3981 .‘xpositio
2294 3911 2493 3981 duplex
2532 3927 2693 3981 super
2739 3910 3071 3981 evangelium
3108 3926 3129 3965 :
3167 3931 3187 3965 ‹
3215 3910 3417 3967 Exiens

1895 3928 1945 3965 ll.
1976 3928 2263 3982 Exposuit)
2294 3928 2368 3964 au
2405 3928 2493 3965 tex
2532 3928 2693 3979 super
2739 3928 3071 3981 evangelium
3108 3928 3129 3965 :
3167 3931 3187 3965 ‹
3215 3928 3415 3967 thens

1895 3980 2054 4036 Iesus
2065 3983 2129 4037 de
2142 3981 2339 4053 ﬁnibus
2365 3928 2513 4052 gyri.
2529 4000 2560 4053 .ιῄ
2578 3980 2737 4053 Item,
2757 3997 2928 4035 sermo
2943 3983 3006 4036 de
3029 3983 3415 4053 sacerdotibus,

1895 4062 1946 4106 et
1977 4069 2069 4107 sex
2090 4050 2338 4110 letalibus
2376 4050 2561 4106 seaculi
2577 4093 2593 4119 ,
2614 4060 2663 4105 et
2685 4051 2751 4105 de
2778 4052 3127 4107 sacramentis
3156 4052 3416 4123 baptismi

1908 4123 1965 4194 in
1995 4124 2131 4178 duas
2153 4133 2330 4194 partes
2354 4123 2564 4177 divisis.

1825 4188 1964 4248 XIII.
2024 4188 2300 4264 Expositio
2323 4194 2521 4264 duplex
2562 4210 2722 4264 super
2757 4192 3085 4264 evangelium
3120 4208 3139 4246 :
3175 4194 3209 4245 ἰ
3256 4192 3414 4249 Beati

1898 4265 2040 4319 oculi
2074 4266 2164 4333 qui
2186 4266 2361 4319 vident
2400 4263 2527 4335 qua:
2552 4263 2640 4319 vos
2671 4263 2933 4335 videtis}
2966 4263 3124 4328 Item,
3152 4280 3322 4318 sermo
3344 4266 3414 4319 de

1899 4335 2105 4408 verbis:
2134 4355 2154 4388 ι
2182 4334 2538 4408 Egredimini,
2559 4334 2863 4408 ﬁlimSion.
2899 4354 2917 4388 ›
2948 4335 3016 4390 Ει
3048 4337 3112 4389 de
3149 4336 3316 4389 tribus
3337 4337 3416 4389 vi-

1897 4407 2138 4464 sionibus
2167 4405 2391 4462 Clirtsti.
2430 4405 2590 4474 Item,
2641 4406 2783 4477 alius
2833 4424 3003 4461 sermo
3052 4410 3116 4459 de
3137 4407 3413 4477 praulictis

1900 4478 2069 4532 verbis
2097 4494 2116 4532 :
2145 4498 2164 4530 ‹
2195 4477 2546 4549 Egredimini.
2582 4498 2598 4526 ι
2623 4476 2792 4549 Item,
2817 4478 2882 4531 de
2904 4477 3070 4531 verbis
3099 4476 3274 4531 sancti
3295 4478 3411 4531 Au-

1897 4549 2125 4619 gustini,
2187 4547 2379 4620 quibus
2412 4547 2672 4620 _nonnulli
2715 4549 3104 4620 inconsiderate
3149 4549 3414 4620 afﬁrmant

1894 4618 2072 4691 justas
2111 4621 2169 4691 in
2192 4618 2374 4690 futuro
2397 4618 2496 4675 Dei
2528 4635 2684 4691 regno
2715 4619 2881 4691 Deum
2912 4620 3117 4674 visuros
3145 4618 3411 4689 corporeis

1897 4690 2088 4745 oculis.
2124 4690 2283 4759 Item,
2313 4691 2575 4762 quomodo
2590 4690 2812 4762 sanctus
2832 4690 3164 4762 Augustinus
3188 4692 3337 4759 partit
3360 4699 3411 4743 et

1896 4762 2113 4833 exponit
2137 4757 2284 4816 dicta
2304 4757 2485 4833 sancti
2500 4761 2770 4833 Ambrosii
2792 4757 2856 4816 de
2875 4757 3060 4833 eodem
3098 4757 3405 4833 quccstione.
3472 4830 3477 4833 _

1901 4826 2072 4899 Item,
2122 4833 2397 4888 sententia:
2447 4831 2755 4888 Cassiodori
2798 4842 2851 4886 et
2879 4826 3194 4900 Hieronymi
3231 4832 3297 4887 de
3332 4832 3412 4886 vi-

1900 4904 2046 4957 sione
2068 4901 2167 4957 Dei
2190 4904 2394 4972 futura.

1828 4972 1969 5029 XIV.
2004 4971 2283 5044 Expositio
2315 4988 2474 5044 super
2504 4972 2829 5044 evangelium
2859 4987 2879 5026 :
2908 4990 2928 5024 ι
2961 4971 3099 5026 Dum
3127 4974 3227 5028 iret
3251 4971 3411 5028 Iesus

1900 5045 1957 5099 in
1978 5041 2279 5099 Jerusalem
2307 5041 2677 5098 trartsiebat.)
2721 5041 2861 5099 Item
2900 5059 3075 5099 sermo
3103 5045 3169 5098 de
3212 5055 3407 5099 septem

1900 5114 2167 5186 speciebus
2181 5114 2360 5186 leprte.
2392 5113 2549 5180 Item,
2571 5115 2854 5186 moralitas
2876 5114 2941 5169 de
2974 5113 3225 5169 Naaman
3251 5113 3409 5186 Syro,

1902 5184 1952 5255 et
1982 5185 2048 5240 de
2073 5184 2266 5255 septem
2288 5185 2646 5240 lavationibus
2669 5186 2726 5240 in
2740 5184 2997 5241 Iordane.

1827 5254 1948 5311 XV.
1984 5254 2257 5326 ExpOsitio
2273 5273 2432 5327 super
2453 5255 2817 5327 evangelium:
2847 5275 2865 5307 ι
2902 5256 3067 5312 Nemo
3083 5266 3252 5326 potest
3275 5256 3409 5327 duo-

1900 5327 1995 5381 bus
2015 5328 2246 5381 dominis
2271 5326 2485 5382 servire.
2519 5347 2536 5380 ι
2578 5326 2737 5392 Item,
2784 5344 2955 5382 sernto
2986 5344 3004 5382 :
3043 5328 3277 5383 Collatia
3314 5326 3405 5380 Dei

1897 5414 2017 5452 cum
2038 5396 2253 5453 diabolo
2281 5399 2346 5453 de
2357 5399 2482 5468 jure
2496 5399 2592 5453 Dei
2614 5408 2665 5454 et
2683 5399 2934 5454 hominis.
2958 5398 3095 5453 Item
3114 5401 3180 5451 de
3200 5395 3403 5450 duobus

1896 5470 2149 5533 dominis,
2181 5478 2229 5523 et
2264 5469 2469 5524 duabus
2494 5470 2833 5533 civitatibus,
2863 5478 2967 5526 etc.
3003 5469 3161 5534 Item,
3203 5468 3268 5522 de
3294 5469 3408 5522 avi-

1895 5538 1989 5611 bus
2011 5540 2271 5611 exempla,
2300 5540 2365 5594 de
2406 5541 2710 5604 hirundine,
2752 5539 2816 5593 de
2844 5540 3165 5611 cornice,»de
3197 5536 3405 5611 aquila,

1893 5610 1957 5663 de
1981 5608 2169 5679 fulica,
2193 5612 2257 5665 de
2279 5619 2505 5676 turture,
2529 5610 2595 5665 tle
2620 5611 2846 5674 vulture,
2875 5610 2940 5663 de
2981 5609 3190 5679 apibus,
3229 5610 3292 5679 de
3321 5608 3406 5660 lu-

1892 5677 2084 5744 scinia,
2116 5683 2180 5736 de
2201 5691 2415 5746 noctua,
2447 5680 2512 5735 de
2537 5680 2924 5749 vespertilione,
2949 5677 3022 5733 de
3037 5678 3201 5749 gallo.
3241 5677 3403 5749 Item,

1890 5753 2132 5819 exempla
2170 5754 2234 5807 de
2256 5752 2451 5815 herbis,
2475 5752 2540 5807 de
2564 5748 2706 5816 lilia,
2733 5750 2797 5805 de
2828 5750 2966 5814 olea,
3001 5750 3065 5805 de
3101 5748 3402 5819 absynthio,

1889 5823 1952 5877 de
1975 5821 2258 5890 hellebore,
2289 5822 2354 5878 de
2385 5823 2622 5889 aconita,
2654 5830 2705 5876 et
2730 5821 2955 5875 exteris.

163 5906 265 5947 ac
289 5893 375 5947 ad
406 5892 645 5961 aliquem
672 5889 886 5957 lucebit,
931 5894 1000 5946 ad
1034 5889 1445 5963 aliquemnon;
1482 5889 1539 5947 εἰ
1577 5897 1716 5965 quod
1821 5890 1958 5949 XVI.
1997 5894 2276 5966 Expositio
2329 5912 2486 5965 super
2535 5891 2861 5961 evangelium
2897 5906 2915 5943 :
2949 5909 2966 5941 ι
3008 5890 3128 5945 Ibat
3166 5890 3321 5943 Iesus
3349 5889 3403 5941 in

448 5982 726 6044 Psrnos.
762 5976 1012 6048 CLVIIv

3008 5983 3088 6043 3‘2
