3948 6480
538 395 705 464 ⁵1008

632 524 898 580 ciuitatem
935 519 1118 576 Nalm.
1156 539 1174 574 s
1229 518 1383 587 Item,
1418 532 1589 575 sermo
1632 519 1698 574 de
1751 520 2133 587 morientibus;

605 603 681 648 set
706 594 773 647 de
806 594 952 647 exitu
977 593 1279 646 animarum
1301 606 1472 646 sermo
1492 591 1550 645 in
1571 590 1678 644 duo
1700 590 1926 648 divisus.
1970 590 2134 656 Item,

628 666 697 718 de
719 672 904 733 morte,
956 661 1085 733 quid
1110 663 1182 717 sit
1204 677 1393 733 mors;
1434 672 1483 733 et
1531 660 1597 715 de
1642 661 1813 716 tribus
1860 662 2136 733 generibus

634 733 840 803 mortis.
876 731 1011 786 Item
1039 733 1103 786 de
1136 731 1339 803 origine
1365 731 1580 803 animle.

555 799 718 874 XVII.
760 802 1041 874 Expositio
1075 799 1238 874 super
1266 801 1595 874 evangelium
1629 818 1648 856 :
1691 819 1710 852 ‹
1744 799 1877 874 Cum
1908 802 2136 874 intraret

624 870 778 926 Iesus
800 870 856 926 in
879 870 1148 927 domumd
1179 872 1335 932 Item.
1355 870 1524 927 sermo
1539 872 1604 925 de
1624 873 1874 926 avaritia.
1898 871 2056 940 Item,
2073 870 2139 920 de

621 942 824 996 duobus
850 943 1122 1012 generibus
1141 943 1490 1007 humilitatis,
1511 952 1560 997 et
1583 942 1646 996 de
1665 942 1970 997 humilitate
1992 940 2139 1012 Scri-

618 1022 806 1083 pturas
830 1009 1136 1080 legentium.
1176 1013 1309 1068 Item
1341 1015 1406 1067 de
1427 1013 1882 1066 commendatione
1913 1009 2137 1066 humili-

623 1085 770 1147 tatis,
802 1094 851 1138 et
880 1084 942 1138 de
977 1086 1266 1138 inuectione
1295 1085 1351 1138 in
1378 1083 1700 1153 superbiam,
1738 1098 1800 1136 ac
1828 1084 1893 1137 de
1933 1083 2137 1136 duobus

622 1155 895 1221 generibus
926 1155 1196 1209 elationis.

548 1220 735 1280 XVIII.
763 1225 1042 1295 Expositio
1065 1242 1227 1295 supra
1252 1225 1613 1295 evangelium:
1637 1243 1656 1277 ‹
1692 1224 2036 1295 Accesserant
2060 1222 2138 1295 ad

618 1295 803 1349 Iesum
835 1293 1141 1351 Sadducazi.
1165 1315 1183 1347 ι
1210 1294 1369 1363 Item,
1386 1293 1556 1349 sermo
1580 1297 1644 1349 de
1668 1295 1931 1350 charitate
1955 1294 2009 1349 in
2031 1294 2138 1347 duo

619 1366 842 1420 diuisus.
876 1365 1033 1432 Item,
1062 1369 1127 1421 de
1170 1368 1373 1434 anima,
1397 1383 1560 1437 quare
1592 1367 1808 1420 dicatur
1852 1366 2056 1437 animo,
2087 1372 2138 1418 et

615 1437 681 1489 de
730 1436 1090 1505 appellatione
1137 1437 1341 1502 animi,
1409 1435 1477 1491 de
1527 1438 1715 1490 mentis
1757 1435 2135 1506 appellatione,

594 1507 682 1560 «de
735 1508 958 1577 spiritus
1006 1507 1396 1579 appellatione,
1438 1515 1489 1562 et
1536 1506 1601 1561 de
1655 1505 1967 1578 di/fmitione
2018 1505 2140 1559 ani-

620 1592 739 1632 ηιαε.

554 1646 695 1703 XIX.
723 1646 1003 1717 Expositio
1025 1664 1183 1719 super
1209 1647 1578 1719 evangelium;
1611 1665 1630 1698 σ
1659 1647 1961 1719 Ascendens
1977 1645 2134 1719 Iesus

620 1720 674 1771 in
702 1720 1008 1772 nariculam
1031 1717 1415 1789 transfretatit.
1459 1738 1478 1770 ι
1527 1717 1685 1782 Item,
1715 1734 1886 1773 sernto
1910 1718 1975 1771 de
2001 1717 2131 1787 ﬁde,

615 1791 745 1858 quid
764 1789 835 1841 sit
858 1789 1012 1856 ﬁdes,
1037 1790 1164 1860 quid
1193 1790 1424 1860 cognitio
1447 1789 1606 1858 ﬁdei;
1643 1789 1786 1842 etude
1816 1789 1984 1842 tribus
2009 1805 2134 1858 gna-

616 1859 769 1912 dibus
790 1859 1080 1930 utriusque.
1106 1859 1270 1924 Item,
1288 1861 1352 1913 de
1378 1860 1683 1913 remissione
1699 1868 2059 1929 peccatorum,
2081 1866 2133 1912 et

614 1930 663 1982 si
707 1930 1027 1995 sacerdotes,
1071 1932 1160 2001 qni
1188 1930 1423 1984 homines
1451 1939 1597 1995 sunt,
1629 1939 1844 1999 peccata
1869 1929 2136 1984 dimittere

607 2002 843 2070 possint,
879 2016 1050 2053 sermo
1081 2000 1134 2054 in
1160 2011 1263 2055 tres
1290 2010 1468 2070 partes
1497 2000 1720 2055 divisus.

545 2068 667 2124 XX.
704 2070 984 2143 Expositio
1014 2071 1209 2143 duplex
1258 2068 1415 2141 super
1440 2071 1767 2142 evangelium
1798 2086 1816 2125 :
1866 2086 1886 2121 ‹
1928 2068 2135 2143 Loque-

620 2139 978 2211 batur’Jesus
1022 2139 1142 2195 cum
1185 2139 1466 2206 discipulis
1519 2139 1631 2196 suis
1683 2143 1739 2195 in
1791 2140 2127 2211 parabalis.s

616 2209 780 2275 Item,
809 2228 980 2265 sermo
1012 2212 1077 2265 de
1099 2222 1434 2266 sacramento
1461 2213 1713 2282 conjugii,
1747 2209 1801 2265 et
1836 2212 1902 2265 de
1926 2213 2131 2281 origine

612 2281 844 2352 cenjngii
864 2291 914 2335 et
934 2298 1103 2337 causa
1126 2283 1498 2350 institutionis,
1528 2281 1575 2338 et
1603 2281 1668 2337 de
1688 2282 1890 2353 duplici
1917 2282 2135 2336 institu-

616 2353 761 2423 tione
788 2353 1045 2423 conjugii.

539 2421 684 2476 XXI.
722 2421 998 2495 Expositio
1033 2440 1193 2495 super
1240 2421 1571 2495 evangelium
1612 2441 1630 2479 :

616 2492 849 2575 regulus.
891 2512 909 2544 ι
961 2492 1119 2575 Item,
1159 2511 1333 2575 se_rmo
1352 2492 1695 2575 tle/lagellis
1734 2495 1833 2549 Dei
1861 2492 2011 2575 et'de
2044 2511 2133 2575 ge-_

615 2565 1145 2635 minapercussione.
1200 2565 1360 2631 Item,
1397 2565 1461 2619 de
1494 2565 1810 2635 inﬁrmitate
1851 2566 2053 2631 carnis,
2080 2573 2131 2618 et

609 2633 685 2705 de
702 2633 992 2705 tolerantia
1016 2636 1196 2690 divina
1222 2633 1590 2705 correptionis.

539 2701 707 2757 XXII.
738 2703 1017 2774 Expositio
1053 2701 1832 2779 duplexsuperevangelium;
1884 2724 1903 2757 ε
1939 2704 2129 2779 Simile

612 2783 688 2828 est
717 2790 933 2846 regnum
974 2774 1224 2831 calorum
1248 2775 1449 2830 homini
1473 2778 1582 2850 regi
1594 2774 1698 2849 ξιμιὶ
1724 2778 1870 2847 fecit.
1913 2794 1931 2828 ι
1964 2774 2125 2842 Item,

1688 2442 1708 2476 ι
1746 2422 1877 2479 Erat
1909 2423 2131 2495 quidam

1695 402 2016 461 WERNEBI
2054 404 2349 463 ABBATIS
2389 406 2447 463 S.
2489 405 2709 462 BLASII

2311 535 2483 603 sermo
2503 520 2569 575 de
2595 518 2903 574 remissione
2928 528 3267 590 peccatorum
3294 518 3357 573 in
3379 518 3521 575 duas
3542 523 3800 589 partesdi-

2312 606 2478 646 I318!“-

2240 659 2432 716 XXIII.
2491 660 2771 732 Expositio
2812 675 2967 732 super
3001 660 3379 732 evangelium;
3435 658 3625 732 s_Cum
3657 661 3796 719 suble-

2318 741 2489 786 vasset
2538 727 2901 785 {reservatur
2939 731 2997 783 in
3043 727 3277 784 mediam
3314 727 3793 800 Quadragesiman.

2313 800 2472 868 Item,
2497 818 2758 857 sermones
2781 802 2884 855 duo
2916 800 2981 854 ad
3004 801 3243 854 eamdem
3291 799 3635 854 Dominicam
3661 803 3796 869 perti-

2312 882 2510 926 nentes.
2534 870 2693 936 Item,
2714 887 2976 926 sermones
3001 871 3067 924 de
3086 872 3321 941 quinque
3346 870 3607 941 gradibus
3627 875 3797 928 exerci-

2314 943 2533 996 tationis
2567 943 2756 1013 quibus
2778 942 2917 1011 justi
2948 942 3003 994 in
3032 942 3129 1013 hac
3160 943 3270 1013 vita
3304 950 3648 1013 exercentur,
3682 951 3727 995 et
3747 945 3796 999 de

2313 1014 2545 1083 quinque
2578 1011 2810 1065 statibus
2868 1012 3246 1065 mutabilitatis
3290 1011 3453 1082 hujus
3491 1012 3638 1077 vita,
3665 1020 3715 1066 et
3746 1014 3792 1068 de

2312 1085 2539 1154 quinque
2574 1084 2857 1136 uirtutibus
2888 1083 3100 1136 animae.

2237 1152 2761 1224 ΧΧινζΕπρυδὶζίο
2806 1169 2964 1222 super
3001 1152 3337 1224 evangelium
3380 1155 3438 1208 in
3485 1152 3791 1212 Dedication:

2316 1224 2549 1279 ecclesia:
2576 1240 2594 1276 :
2628 1242 2648 1275 ι
2681 1222 2959 1293 Ingressus
2984 1221 3596 1292 lesus'perambulabut.
3622 1244 3641 1276 υ
3668 1224 3790 1294 Item,

2313 1310 2578 1348 sermones
2605 1296 2659 1347 in
2685 1294 3029 1347 Dedicatione
3052 1293 3307 1349 Ecclesia:
3341 1313 3355 1349 :
3398 1294 3640 1358 Primus,
3660 1298 3717 1350 de
3730 1293 3790 1353 his

2308 1380 2426 1436 qua:
2466 1364 2754 1437 uisibiliter
2788 1375 3023 1437 aguntur
3047 1365 3104 1437 in
3124 1381 3219 1428 ea;
3263 1365 3456 1420 deinde
3477 1365 3544 1419 de
3575 1369 3788 1437 mysterio

2309 1452 2511 1500 eorum,
2536 1439 2624 1505 qui
2646 1435 2909 1489 diuiditur
2940 1435 3158 1490 induas
3200 1446 3416 1505 partes;
3453 1435 3788 1499 secundus,de

2310 1506 2489 1560 eodem
2508 1516 2558 1559 et
2578 1507 2643 1559 de
2666 1506 2836 1559 tribus
2857 1505 3086 1560 silentiis
3104 1547 3120 1571 ,
3149 1516 3306 1576 atque
3331 1507 3460 1560 aliis
3500 1507 3787 1562 ecclesiasti-

2307 1578 2385 1630 cis
2436 1577 2737 1646 mysteriis;
2798 1578 3026 1641 tertius,
3063 1577 3127 1631 de
3177 1577 3379 1641 eodem,
3431 1586 3484 1631 et
3523 1578 3588 1631 de
3630 1588 3787 1646 septem

2311 1644 2571 1718 columnis
2597 1644 2906 1718 Sapientiae,
2934 1658 3092 1717 atque
3122 1647 3248 1700 aliis
3283 1647 3527 1716 pluribus
3560 1644 3787 1718 mysteriis

2312 1716 2567 1772 Ecclesia:
2584 1717 2786 1771 divisus
2812 1718 3020 1771 induas
3039 1728 3216 1786 partes
3235 1734 3255 1782 ;
3278 1728 3527 1787 quartus,
3551 1716 3786 1783 deeodem,

2312 1797 2363 1842 et
2392 1787 2457 1841 de
2486 1790 2737 1858 mysterio
2761 1788 3100 1842 dormitionis
3120 1787 3276 1854 Adae,
3312 1798 3363 1842 et
3386 1789 3453 1842 de
3471 1789 3786 1857 foraminibus

2311 1869 2495 1928 petrw,
2524 1875 2588 1912 ac
2612 1860 2676 1913 de
2699 1876 2879 1913 mensa
2901 1858 3304 1929 propositionis,
3351 1869 3514 1929 atque
3542 1860 3664 1913 aliis
3693 1859 3787 1929 plu-

2316 1931 2461 1983 ribus
2489 1928 3011 2000 signiﬁcationibus.‘
3050 1930 3299 2000 quintus,
3345 1928 3431 1983 de'
3454 1930 3631 1983 eodem
3668 1939 3711 1984 et
3738 1928 3787 1983 de

2314 2001 2514 2054 visione
2537 2000 2853 2063 Ezechielis,
2891 2000 2981 2053 ubi
3002 2010 3307 2069 assumptus
3332 2000 3509 2070 fuerat
3539 2018 3569 2053 a
3601 2000 3784 2070 spirits,

2314 2081 2361 2124 et
2390 2071 2582 2124 ductus
2605 2073 2658 2124 in
2682 2081 2931 2135 montem,
2954 2079 3005 2124 et
3033 2070 3097 2123 de
3111 2069 3395 2125 duodecim
3405 2072 3643 2139 gemmis,
3671 2087 3726 2124 ac
3738 2073 3788 2123 de

2316 2142 2710 2212 signiﬁcatione
2752 2141 3236 2212 ecclesiasticarum
3273 2157 3476 2207 rerum,
3522 2141 3710 2212 divisus
3743 2141 3787 2192 in

2314 2211 2449 2266 duas
2484 2222 2692 2282 partes;
2728 2222 2906 2267 sextus
2924 2212 2992 2282 de
3025 2211 3228 2274 eodem,
3253 2221 3304 2265 et
3325 2211 3393 2264 de
3423 2213 3589 2282 tribus
3612 2211 3788 2282 dedica-

2311 2280 2544 2337 tionibus
2569 2281 2870 2337 Salomonis
2906 2281 3036 2335 Iesu
3074 2282 3391 2345 sacerdotis,
3424 2293 3475 2336 et
3507 2280 3665 2336 Iuda:
3689 2280 3785 2335 Ila-

2301 2353 2532 2418 chabtci,
2581 2363 2630 2408 et
2660 2354 2726 2407 de
2773 2353 3040 2423 mysteriis
3063 2369 3296 2419 earum,
3339 2353 3544 2407 diuisus
3584 2354 3640 2405 in
3677 2353 3784 2423 duas

2305 2432 2519 2495 partes;
2568 2421 3026 2493 septimusisermo
3067 2432 3144 2477 est
3171 2424 3388 2494 proprie
3433 2424 3692 2495 pertinens
3727 2421 3783 2475 ad

2307 2493 2499 2548 altaris
2525 2495 2932 2558 dedicationem,
2963 2495 3020 2547 in
3042 2510 3145 2564 quo
3170 2493 3441 2548 notantur
3470 2495 3659 2548 diversi
3682 2510 3775 2564 grs-

2304 2563 2407 2618 dus
2451 2581 2656 2629 eorum,
2680 2566 2771 2635 qui
2801 2574 2924 2635 sunt
2949 2564 3005 2618 in
3028 2563 3205 2619 activa
3241 2575 3293 2618 θλ
3328 2566 3386 2618 in
3417 2563 3783 2635 contemplativa

2308 2637 2441 2701 vita,
2463 2645 2513 2688 et
2537 2636 2603 2689 de
2622 2634 2827 2689 duobus
2851 2634 3067 2688 altariis
3090 2636 3392 2690 holocausti
3419 2646 3471 2691 et
3506 2636 3711 2700 incensi,
3729 2649 3785 2687 es

2306 2721 2488 2759 eorum
2524 2706 2793 2768 unctione,
2816 2714 2975 2776 atque
3020 2704 3134 2759 alia
3156 2705 3557 2776 quamplurima
3586 2707 3783 2760 multum

2303 2777 2493 2841 utilia;
2522 2788 2573 2831 et
2601 2777 2687 2831 hic
2715 2776 2976 2830 dividitur
2999 2776 3056 2830 in
3091 2776 3230 2831 duas
3260 2786 3465 2833 partes.

1669 2928 1980 3002 Expliciunt
2010 2929 2251 3001 capitula
2277 2929 2403 2985 libri
2436 2929 2670 2985 secundi.

540 3097 1293 3129 ὂψ

1282 3092 3782 3132 W

1972 3265 2384 3329 INCIPIUNT

1424 3392 2094 3522 ABBBEVtiT/E
2159 3439 2904 3523 exvosmoues

664 3639 2069 3803 DOMINICALIUM
2151 3528 3725 3805 EVANGELIORUM

1227 3939 1607 4055 LIBRI
1671 3937 1772 4053 II
1835 3938 2124 4054 DEFI

2242 3930 3107 4057 )RATIONUM.

991 4327 1502 4410 DOMINICA
1577 4326 1615 4409 Ι
1694 4327 1960 4409 POST
2034 4330 2124 4407 Ο(

2242 4328 2515 4409 AVAM
2602 4329 3359 4414 PENTECOSTES.

1839 4508 2204 4570 Secundum
2229 4509 2490 4572 Lucam.

601 4695 619 4726 ε
657 4674 833 4737 Homo
861 4672 1082 4744 quidam
1119 4683 1236 4727 erat
1285 4671 1458 4739 dives,
1510 4680 1565 4728 et
1614 4670 1941 4727 induebatur
1984 4687 2114 4742 pur-
2150 4676 2189 4733 Α
2216 4681 2299 4728 est
2332 4671 2545 4728 insania
2574 4672 2858 4744 acquirere
2883 4689 3080 4731 aurum
3110 4682 3163 4731 et
3187 4675 3420 4745 perdere
3440 4678 3639 4735 celum
3660 4678 3686 4734 ἒ
3707 4676 3797 4734 Hie

522 4786 657 4840 pura
717 4779 773 4826 et
825 4770 1012 4842 bysso.
1069 4777 1125 4824 et
1185 4768 1507 4839 epulabatur
1562 4767 1806 4840 quotidie
1868 4766 2108 4838 splendi-

522 4865 613 4928 de,
651 4883 669 4913 ι
705 4870 809 4917 etc.
845 4860 999 4933 (Luc.
1033 4860 1172 4931 xw.)
1227 4859 1287 4915 In
1337 4861 1540 4916 divitiis
1592 4867 1815 4915 notatur
1850 4857 2108 4929 concupi-

519 4954 727 5011 scentia
776 4953 1097 5019 oculorum;
1156 4951 1210 5006 in
1266 4950 1520 5022 pretiosis
1558 4949 1821 5015 veStibus,
1854 4950 2106 5020 superbia

518 5045 675 5109 vita};
700 5043 758 5098 in
794 5044 1074 5114 splendida
1088 5044 1417 5114 epulatione,
1440 5042 1880 5112 concupiscentia
1902 5043 2102 5098 carnis.

516 5133 729 5190 Idcirco
753 5133 906 5191 dives
940 5136 1061 5202 iste,
1092 5136 1248 5206 quasi
1275 5135 1493 5206 ignotus
1511 5135 1653 5205 apud
1672 5134 1861 5201 Deum,
1886 5135 2106 5190 nomine

519 5243 627 5282 non
679 5228 1017 5298 designatur.
1060 5226 1192 5293 Quae
1220 5237 1304 5282 est
1347 5228 1451 5283 ista
1489 5227 1743 5293 aviditas,
1800 5242 1924 5284 cum
1974 5227 2105 5298 ipsae

517 5318 711 5372 bellum
733 5316 957 5371 modum
984 5316 1236 5371 habeant.
1267 5315 1422 5371 Tunc
1442 5316 1588 5372 enim
1615 5317 1853 5387 rapiunt,
1885 5317 2105 5389 quando

517 5409 804 5476 esuriant;
836 5414 1070 5479 parcunt
1098 5422 1229 5462 vero
1249 5407 1464 5477 praedae,
1491 5423 1616 5461 cum
1646 5409 1889 5463 seminat
1912 5409 2106 5464 saturi-

515 5511 702 5556 tatem.
732 5499 1078 5570 lnexplebilis
1108 5507 1191 5555 est
1227 5498 1452 5553 avaritia
1481 5498 1731 5567 divitum,
1775 5515 1992 5570 semper
2017 5516 2105 5555 ra-

516 5592 615 5661 pit,
645 5600 699 5647 et
739 5607 1020 5662 nunquam
1058 5591 1310 5657 satiatur,
1338 5605 1437 5645 nec
1466 5588 1637 5645 Deum
1671 5591 1846 5657 timet,
1878 5606 1978 5646 nec
2004 5591 2104 5646 bo-

515 5685 720 5739 miuem
767 5690 1064 5740 reveretur.
1110 5682 1231 5738 Non
1288 5682 1427 5752 patri
1479 5683 1673 5753 parcit,
1726 5697 1837 5738 non
1872 5692 2101 5739 matrem

516 5777 784 5846 agnoscit,
816 5792 925 5831 non
961 5775 1114 5833 fratri
1149 5777 1508 5846 obtemperat,
1558 5792 1668 5831 non
1721 5776 1900 5832 amico
1940 5777 2100 5833 ﬁdem

519 5878 717 5927 servat.
760 5866 991 5925 Viduam
1027 5869 1309 5957 opprimit,
1346 5869 1536 5943 pupilli
1563 5885 1678 5943 rem
1710 5869 1935 5927 invadit.
1970 5869 2102 5939 Quae

2216 4773 2397 4819 tamen
2428 4780 2535 4820 non
2560 4764 2854 4821 abstulisse
2882 4765 3060 4822 aliena
3084 4767 3529 4837 reprehenditur,
3560 4770 3661 4825 sed
3683 4786 3799 4840 pro-

2211 4854 2330 4925 pria
2355 4870 2462 4910 non
2494 4854 2730 4923 dedisse,
2772 4857 3026 4927 quamvis
3052 4857 3108 4913 in
3146 4858 3265 4929 lege
3300 4875 3415 4914 non
3447 4862 3685 4927 tenacia,
3714 4860 3798 4916 sed

2213 4948 2403 5017 rapina
2414 4947 2720 5003 damnetur.
2736 4948 3031 5004 Concbula:
3055 4950 3446 5010 marinalerro
3465 4951 3805 5008 circumcisa:

2210 5040 2481 5113 Iacrymas
2501 5056 2804 5111 purpureas
2828 5042 3107 5106 emittunt,
3140 5044 3346 5113 quibus
3369 5045 3491 5100 lana
3513 5044 3804 5116 tinguitur,

2211 5130 2353 5185 unde
2378 5145 2620 5201 purpura
2651 5130 2872 5186 texitur.
2914 5128 3146 5203 Byssum
3183 5148 3316 5188 vero
3357 5150 3529 5206 genus
3581 5143 3675 5191 est
3717 5133 3812 5190 lini

2209 5218 2585 5277 candidissimi
2613 5227 2665 5275 et
2689 5220 3016 5288 mollissimi,
3058 5221 3206 5293 quod
3246 5221 3693 5295 Grzecipapaten
3718 5218 3811 5276 Gb—

2206 5322 2353 5368 cant.

2285 5441 2303 5473 ι
2338 5419 2404 5475 Ει
2425 5428 2544 5476 erat
2577 5419 2797 5490 quidam
2834 5420 3138 5487 mendicus,
3166 5420 3391 5476 nomine
3415 5418 3698 5488 Lazarus,
3722 5417 3812 5491 qui

2201 5511 2418 5582 iacebat
2438 5511 2506 5566 ad
2520 5513 2745 5582 ianuam
2767 5512 2906 5582 ejus,
2930 5512 3203 5568 ulceribus
3218 5512 3437 5583 plenus,
3456 5514 3706 5582 cupiens
3729 5528 3815 5568 sa-

2207 5602 2381 5657 turari
2433 5602 2501 5658 de
2555 5602 2715 5659 micis
2757 5619 2879 5674 quae
2909 5604 3173 5660 cadebant
3198 5604 3266 5660 de
3294 5620 3491 5660 mensa
3511 5604 3745 5668 divitis,
3765 5610 3815 5657 et

2206 5706 2369 5746 nemo
2391 5691 2468 5746 illi
2489 5691 2672 5747 dabat.
2704 5690 2809 5748 Sed
2829 5703 2883 5747 et
2902 5708 3065 5751 canes
3094 5694 3409 5760 veniebant,
3436 5702 3489 5748 et
3516 5693 3819 5766 ﬁngebant

2205 5783 2388 5838 ulcera
2408 5783 2547 5855 ejus.
2574 5803 2607 5851 ι,
2635 5781 2747 5840 Nec
2775 5799 2806 5839 a
2833 5798 2894 5840 se
2915 5798 3081 5840 canes
3110 5799 3394 5841 removere
3432 5791 3696 5856 poterat,
3724 5797 3821 5838 nec

2202 5874 2451 5934 visitator
2495 5883 2614 5933 erat
2645 5873 2743 5948 qui
2798 5884 3117 5934 removeret.
3162 5866 3307 5933 Nota
3330 5889 3463 5935 cum
3518 5875 3828 5948 pas-abab
