3950 6380
204 374 364 430 1003

1143 373 1716 432 DEFLOBATIONES
1751 375 1850 432 SS.
1893 375 2206 431 PATRUM.
2247 403 2315 416 -—
2355 373 2483 429 LIB.
2525 373 2587 430 ll.

3345 380 3482 442 Ιοοσ

199 487 443 558 propria
474 502 582 543 non
614 496 821 559 ponant
852 487 1094 556 nomina,
1121 497 1174 544 et
1201 487 1465 544 Dominus
1494 504 1592 559 per
1621 489 1803 544 humi-
1831 495 1876 551 Α
1904 489 2045 546 liciis
2085 503 2244 560 paena
2275 498 2378 544 est.
2418 486 2690 542 Abraham
2721 487 3007 558 caeterique
3055 498 3234 559 patres
3276 489 3480 560 fideles,

201 579 394 634 litatis
428 580 871 650 approbationem
919 580 1172 650 pauperis
1203 581 1367 650 hujus
1411 595 1608 634 nomen
1636 581 1800 648 dicat,

203 684 333 722 non
374 670 652 738 parabola,
677 669 771 725 sed
803 670 878 724 rei
907 678 1072 740 geste
1102 671 1342 724 narratio
1366 670 1480 724 haec
1514 679 1616 725 cst.
1647 670 1802 726 Men-

203 759 330 815 dici
363 762 526 831 hujus
554 762 735 818 ulcera
763 762 914 816 dives
934 761 1250 816 fastidiosus
1271 762 1544 829 exhorret,
1576 778 1642 816 ne
1662 764 1804 818 inter

206 853 494 920 pretiosas
537 855 727 923 epulas
762 861 1232 924 unguentatosque
1268 854 1526 909 convivas
1575 853 1800 910 fetorem

207 943 469 1000 ulcerum
513 947 877 1003 lambentibus
923 946 1150 1001 canibus
1180 949 1464 1001 sustineat.
1503 947 1640 1000 Cum
1671 963 1802 1018 ergo

205 1045 350 1090 ante
379 1037 603 1106 januam
637 1039 864 1108 jaceret,
893 1055 958 1094 ex
995 1037 1204 1092 visione
1234 1037 1488 1107 pauperis
1511 1037 1661 1092 diviti
1691 1054 1800 1092 non

207 1127 504 1182 miseranti
528 1130 781 1185 cumulus
807 1130 1172 1188 damnationis
1211 1127 1460 1194 infertur,
1489 1139 1543 1183 et
1578 1143 1798 1184 rursum

204 1231 282 1271 ex
308 1216 521 1272 visione
547 1217 730 1274 divitis
755 1226 990 1273 tentatus
1011 1217 1252 1288 quotidie
1275 1232 1480 1286 pauper
1515 1217 1795 1286 probatur.

203 1307 392 1376 Quem
423 1309 488 1364 ad
521 1309 780 1379 majorem
811 1310 982 1380 ipsius
1009 1308 1384 1378 probationem
1407 1317 1697 1378 paupertas
1725 1309 1802 1365 si-

204 1399 332 1453 mul
362 1408 415 1454 et
442 1399 725 1470 :egritudo,
758 1409 812 1454 et
833 1400 948 1454 visa
976 1399 1158 1454 divitis
1185 1398 1362 1468 copia,
1397 1407 1454 1453 et
1491 1399 1639 1453 nulla
1694 1399 1798 1453 sibi

201 1491 460 1546 adhibita
513 1491 815 1546 consolatio
861 1491 1122 1546 alliciunt.
1181 1489 1496 1546 Cavendum
1552 1505 1681 1562 ergo
1731 1505 1799 1545 ne

202 1602 481 1659 pauperes
501 1587 888 1659 deSpiciamus,
923 1587 1025 1643 etsi
1063 1602 1184 1658 qua:
1212 1587 1265 1642 in
1289 1586 1372 1642 eis
1391 1586 1795 1656 reprehensibi-

202 1681 281 1736 lia
308 1681 576 1746 videmus,
622 1681 751 1751 quia
780 1679 1013 1736 fortasse
1059 1696 1202 1750 quos
1238 1695 1454 1734 morum
1507 1679 1796 1736 infirmitas

200 1772 482 1838 vulnerat,
503 1772 773 1827 medicina
805 1772 1136 1841 paupertatis
1160 1779 1340 1826 curat.

1905 595 2250 650 nequaquam
2281 579 2580 635 secundum
2612 595 2829 634 carnem
2870 579 3008 635 filios
3031 597 3060 635 a
3091 583 3377 637 tormentis
3423 583 3484 637 li-

1903 670 2098 725 berare
2137 670 2357 726 student
2397 685 2538 740 quos
2595 686 2626 725 a
2683 671 2786 726 fide
2823 671 3071 726 deviasse
3111 672 3478 730 considerant.

1902 760 2065 816 Forte
2091 761 2244 816 dives
2284 762 2384 815 iste
2411 761 2613 830 aliquid
2657 761 2784 816 boni
2814 761 3005 816 habuit
3053 765 3196 832 quod
3255 765 3484 824 felicitas

1902 855 2236 909 transeuntis
2269 855 2391 908 vitae
2435 855 2819 918 remuneravit,
2876 865 2928 910 et
2979 854 3218 912 Lazarus
3271 855 3478 928 aliquid

1901 945 2029 998 mali
2055 946 2198 1015 quod
2224 946 2363 1016 ignis
2397 945 2590 1014 inopia:
2619 947 2884 1014 purgavit.
2927 944 3022 1001 Vel
3052 948 3104 1000 in
3139 948 3243 1002 hoc
3281 951 3481 1019 νυουρὶι

1899 1035 2065 1098 dona,
2093 1037 2221 1107 quia
2267 1053 2426 1091 suum
2456 1037 2713 1108 gaudium
2762 1035 3070 1091 felicitatem
3109 1041 3300 1094 transit
3325 1041 3478 1096 :riam

1898 1127 2125 1196 putavit.
2163 1126 2301 1182 Justi
2359 1141 2506 1190 vero,
2540 1127 2641 1180 etsi
2687 1126 2738 1178 in
2776 1127 2980 1180 mundo
3029 1126 3168 1182 bona
3220 1129 3477 1197 baleaut,

1898 1219 2029 1288 quia
2071 1219 2136 1272 ad
2164 1229 2364 1273 aeterna
2400 1218 2604 1274 sanctis
2626 1216 2912 1272 desideriis
2941 1228 3197 1286 aestuant,
3228 1237 3351 1290 qua:
3384 1222 3480 1276 ad-

1899 1319 2027 1364 sunt
2056 1309 2279 1364 minime
2323 1310 2463 1364 bona
2499 1309 2768 1363 videntur.

1974 1419 1992 1450 ‹
2027 1399 2092 1454 Et
2114 1401 2166 1454 in
2191 1400 2276 1454 his
2317 1401 2573 1455 omnibus
2605 1401 2747 1454 inter
2774 1415 2875 1455 nos
2911 1410 2964 1456 et
3004 1417 3104 1458 vos
3149 1403 3317 1461 chaos
3362 1421 3482 1461 ma-

1895 1505 2061 1561 gnum
2101 1491 2372 1544 lirmatum
2409 1499 2512 1556 est,
2551 1500 2610 1544 ut
2665 1492 2719 1545 hi
2769 1491 2863 1561 qui
2908 1494 3098 1548 volunt
3129 1495 3215 1549 hic
3245 1496 3480 1551 transire

1895 1581 1962 1634 ad
1993 1597 2089 1636 vos
2135 1596 2240 1635 non
2275 1581 2503 1650 possint,
2539 1597 2716 1651 neque
2748 1583 2872 1639 inde
2905 1584 3011 1639 huc
3053 1594 3411 1642 transmeare.
3451 1605 3471 1638 ι

1894 1669 2074 1725 Chaos
2099 1671 2212 1726 sive
2252 1673 2442 1738 chaus,
2472 1682 2530 1728 ut
2559 1684 2767 1730 veteres
2795 1678 3258 1746 cudiccsﬂhabcnt,
3307 1681 3479 1752 signi-

1896 1763 2020 1816 ficat
2045 1777 2356 1832 perpetuam
2385 1764 2906 1835 dissimilitudinem,
2933 1777 2991 1822 ut
3020 1769 3160 1824 inter
3205 1771 3474 1828 bonorum

285 1881 305 1916 σ
335 1863 564 1918 Factum
607 1871 694 1917 εει
734 1871 916 1917 autem
949 1871 1007 1916 ιιι
1041 1871 1347 1917 moreretur
1401 1861 1685 1918 mendicus
1738 1871 1793 1917 ει
1823 1853 1864 1906 Β
1895 1855 2271 1924 malorumque
2301 1855 2628 1922 voluntates,
2661 1860 2788 1929 quia
2820 1870 2942 1930 post
2982 1872 3208 1917 mortem
3235 1880 3342 1918 non
3379 1880 3477 1934 po-

201 1964 518 2026 portaretur
545 1955 614 2010 ab
640 1954 846 2026 angelis
894 1953 948 2008 in
1007 1954 1188 2008 sinum
1254 1953 1504 2008 Abrahae.
1545 1953 1792 2009 Mortuus

201 2053 393 2101 autem
439 2054 494 2101 et
533 2046 683 2101 dives
719 2053 773 2100 et
821 2045 1064 2115 sepultus
1096 2053 1180 2100 est
1210 2044 1264 2098 in
1295 2043 1530 2099 inferno.
1562 2063 1582 2096 ι
1627 2043 1791 2100 Sinus

201 2137 441 2192 Abrahze
468 2139 682 2209 requies
709 2146 794 2193 est
819 2138 1100 2193 beatorum
1135 2152 1470 2207 pauperum;
1513 2138 1790 2208 sepultura

203 2228 407 2285 inferni
431 2230 681 2300 superbis
703 2239 758 2284 et
783 2229 1309 2284 immisericordibus
1335 2238 1419 2284 est
1451 2228 1791 2298 profunditas

201 2334 512 2390 poenarum.
572 2317 727 2374 Unde
782 2319 1078 2392 Gregorius
1121 2319 1176 2373 in
1227 2319 1320 2373 lib.
1373 2335 1449 2373 χιι
1493 2317 1595 2374 Job
1627 2337 1641 2373 :
1670 2317 1789 2374 Non

197 2411 474 2481 justorum
497 2412 709 2468 animas
739 2412 806 2468 ad
832 2411 1104 2468 infernum
1143 2412 1380 2467 dicimus
1421 2413 1786 2479 descendisse,

203 2511 267 2558 ut
297 2503 355 2557 in
402 2504 536 2559 locis
587 2505 888 2574 poenalibus
921 2513 1254 2568 tenerentur,
1305 2505 1398 2560 sed
1430 2513 1490 2558 ut
1536 2505 1588 2558 in
1628 2519 1792 2574 supc-

203 2594 442 2650 rioribus
480 2597 900 2665 requiescerent.
955 2594 1120 2661 Idem,
1171 2611 1268 2649 xm
1309 2614 1325 2650 :
1377 2595 1640 2660 Tac-dium,
1679 2609 1790 2664 quo

200 2685 338 2755 justi
362 2685 740 2740 desiderabant
785 2684 970 2741 videre
1011 2683 1369 2752 Salvatorem,
1407 2683 1686 2740 vocatJob
1713 2693 1790 2739 te-

204 2778 424 2844 nebras,
451 2777 540 2833 ubi
567 2778 681 2832 ait:
715 2797 732 2828 ‹
768 2776 823 2832 ln
853 2777 1094 2833 tenebris
1129 2779 1297 2832 stravi
1321 2778 1578 2832 lectulum
1607 2792 1787 2832 meum

207 2871 529 2942 (Jobxvn).r
559 2870 726 2937 Idem,
752 2871 804 2924 in
819 2880 944 2926 octo
973 2890 985 2925 :
1016 2891 1034 2922 ‹
1065 2870 1218 2928 Sicut
1247 2871 1420 2925 nubes
1444 2871 1788 2926 consumitur

205 2971 260 3016 et
281 2963 594 3032 pertransit,
615 2966 694 3018 sic
718 2964 810 3033 qui
841 2963 1122 3018 descendit
1145 2963 1211 3017 ad
1233 2961 1442 3018 inferos
1469 2979 1576 3017 non
1596 2978 1788 3018 ascirn-

203 3049 296 3105 det
320 3049 440 3120 (Job
468 3052 617 3120 vu).n
637 3051 716 3107 Ac
739 3051 786 3106 si
815 3061 997 3121 aperte
1019 3053 1333 3122 loqueretur
1357 3049 1481 3118 Job,
1500 3050 1786 3107 dicens:ln

205 3142 372 3197 altum
405 3145 675 3199 currendo
691 3143 872 3199 deficit
900 3145 993 3214 qui
1018 3144 1380 3214 superbiendo
1407 3145 1475 3199 ad
1506 3145 1782 3200 interitum

204 3234 392 3288 tendit.
448 3233 616 3302 Quem
647 3235 692 3290 si
743 3236 911 3291 semel
957 3236 1114 3306 culpa
1136 3237 1204 3291 ad
1233 3252 1448 3307 poenam
1492 3237 1781 3306 pertrahit,

203 3327 573 3382 misericordia
600 3328 828 3384 ulterius
855 3329 922 3383 ad
954 3329 1164 3383 veniam
1198 3344 1304 3382 non
1335 3328 1564 3385 reducit.

275 3437 295 3470 ‹
332 3417 560 3474 Elevans
594 3428 775 3476 autem
805 3420 996 3475 oculos
1037 3433 1190 3486 suos,
1222 3435 1348 3474 cum
1382 3433 1529 3476 esset
1575 3421 1630 3476 in
1674 3429 1783 3476 tor-

202 3511 417 3573 mentis,
451 3511 588 3565 vidit
626 3510 903 3564 Abraham
931 3525 964 3564 a
991 3511 1170 3579 longe,
1195 3520 1248 3564 et
1275 3510 1541 3566 Lazarum
1571 3512 1624 3566 in
1653 3513 1778 3568 sinu

200 3601 336 3671 ejus.
359 3621 379 3654 ι
413 3601 550 3656 Cum
576 3602 810 3656 dicimus
836 3602 1132 3667 Abraham,
1155 3603 1455 3658 secundum
1488 3601 1645 3657 ﬁdem
1678 3619 1778 3673 pa-

201 3701 336 3748 trem
384 3701 656 3759 nostrum,
701 3701 876 3748 caelus
905 3691 1264 3758 credentium,
1290 3692 1550 3747 liberator
1587 3708 1779 3762 exspe-

202 3786 482 3851 ctantium,
513 3785 671 3840 sinus
700 3795 817 3840 erat
855 3785 1106 3850 Abrahae,
1154 3785 1222 3838 ad
1251 3800 1414 3854 quem
1471 3784 1776 3839 ministerio

201 3877 512 3947 angelorum
551 3877 789 3933 directus
815 3875 917 3931 fuit
944 3875 1204 3941 Lazarus,
1244 3875 1312 3930 de
1351 3875 1600 3931 mendico
1624 3875 1776 3931 dives

202 3968 393 4024 factus.
431 3967 677 4023 lnlideles
698 3976 879 4023 autem
919 3982 1020 4038 pro
1060 3968 1320 4024 varietate
1358 3967 1642 4036 culparum
1681 3981 1776 4037 per

199 4061 438 4117 diversas
459 4059 772 4116 mansiones
799 4060 851 4114 in
880 4060 991 4114 imo
1028 4075 1316 4128 pinnarum
1370 4059 1531 4129 positi
1587 4059 1773 4114 fideles

199 4168 358 4224 super
383 4167 441 4208 se
462 4153 515 4206 in
545 4151 730 4222 requie
750 4151 960 4222 alonge
983 4150 1348 4221 conspiciunt,
1372 4149 1498 4219 quia
1523 4149 1651 4204 illuc
1675 4164 1774 4219 per

201 4247 445 4301 meritum
481 4259 590 4299 non
628 4243 920 4313 attingunt.

273 4353 290 4388 ι
323 4334 387 4390 Et
412 4335 527 4406 ipse
567 4333 811 4389 clamans
841 4331 1016 4387 dixit:
1052 4329 1212 4388 Pater
1253 4331 1551 4397 Abraham,
1603 4330 1772 4387 mise-

199 4442 312 4484 rere
339 4427 440 4480 mei
471 4433 525 4481 et
559 4425 711 4480 mitte
744 4422 1036 4488 Lazarum,
1088 4431 1150 4479 ut
1187 4423 1416 4494 intingat
1460 4430 1767 4478 extremum

1893 1954 2073 2000 terunt
2121 1948 2311 2002 merita
2363 1950 2584 2004 mutari.
2637 1949 2755 2006 Non
2805 1962 2889 2007 est
2944 1954 3167 2009 dubium
3211 1957 3342 2026 quin
3383 1973 3474 2013 re-

1891 2039 2045 2108 probi
2069 2054 2098 2092 a
2122 2040 2299 2110 pmnis
2330 2042 2562 2096 transire
2585 2053 2863 2113 cuperent,
2894 2047 3036 2102 sicut
3060 2049 3238 2103 adhuc
3268 2051 3476 2107 faciunt

1892 2128 1958 2182 ad
1989 2139 2188 2184 sortem
2219 2130 2523 2186 beatorum.
2556 2131 2815 2190 Transire
2860 2146 3039 2192 autem
3084 2139 3358 2208 justorum
3388 2149 3475 2198 est

1892 2227 2072 2274 mente
2098 2219 2178 2275 ire
2207 2237 2305 2291 per
2335 2222 2764 2279 misericordiam
2799 2227 2866 2281 ad
2917 2230 3122 2297 positos
3149 2231 3202 2284 in
3233 2240 3474 2288 tormen-

1891 2312 1984 2379 tis,
2039 2327 2244 2383 eosque
2283 2317 2418 2372 velle
2452 2318 2702 2373 liberare.
2747 2317 2851 2374 Sed
2898 2337 3004 2376 non
3048 2335 3294 2393 possunt,
3341 2327 3472 2396 quia

1885 2403 2163 2473 justorum
2191 2407 2406 2474 animre,
2445 2409 2697 2479 quamvis
2730 2409 2782 2463 in
2824 2427 2937 2466 sua:
2990 2424 3198 2470 natura:
3231 2417 3474 2475 bonitate

1890 2495 2322 2552 misericordiam
2347 2498 2599 2566 habeant,
2627 2509 2775 2556 tanta
2799 2511 2979 2557 tamen
3008 2507 3329 2562 rectitudine
3359 2509 3472 2563 Au-

1889 2587 2056 2642 ctoris
2086 2588 2171 2642 sui
2214 2591 2684 2660 constringuntur,
2725 2601 2784 2646 ut
2827 2594 2970 2646 nulla
2998 2599 3379 2666 compassione
3399 2601 3469 2654 ad

1889 2680 2152 2748 reprobos
2180 2691 2520 2738 moveantur.
2559 2684 2730 2738 Aliter
2764 2702 2776 2738 :
2811 2682 2950 2739 Justi
2993 2689 3228 2744 transire
3258 2691 3466 2760 volunt,

1889 2770 1942 2826 id
1971 2781 2055 2826 est
2095 2773 2531 2829 existimantura
2555 2777 2741 2830 multis
2781 2778 3014 2834 transire
3056 2781 3192 2837 velle
3245 2784 3312 2838 ad
3348 2785 3468 2842 illos

1888 2871 2189 2935 priesert'm
2242 2869 2551 2938 eripiendos
2581 2886 2612 2925 a
2645 2871 2820 2941 poenis
2868 2873 2964 2942 qui
3013 2874 3092 2930 eis
3129 2875 3184 2930 iu
3221 2877 3326 2934 hac
3356 2879 3470 2936 vita

1887 2955 2084 3026 majori
2115 2957 2310 3013 atleetu
2335 2959 2722 3030 jungebantur.

1964 3064 1983 3098 ι
2019 3045 2087 3102 Et
2112 3048 2187 3103 ait
2218 3067 2230 3102 :
2264 3047 2416 3120 ltogo
2453 3065 2582 3121 ergo
2617 3060 2686 3118 te,
2715 3062 2890 3124 pater,
2925 3064 2984 3110 nt
3009 3055 3196 3114 mittas
3239 3073 3364 3114 eum
3409 3062 3468 3116 in

1887 3132 2109 3193 domum
2141 3139 2308 3208 patris
2345 3139 2470 3194 mei.
2495 3138 2679 3196 Habeo
2706 3144 2851 3199 enim
2879 3145 2953 3200 ibi
2985 3147 3224 3217 quinque
3249 3148 3465 3218 fratres,

1888 3238 1946 3284 ut
1974 3238 2200 3284 testetur
2235 3231 2343 3286 illis
2372 3247 2440 3287 ne
2473 3241 2527 3287 et
2567 3233 2666 3303 ipsi
2723 3237 2942 3292 veniant
2995 3237 3050 3292 in
3090 3239 3269 3294 locum
3321 3241 3468 3298 hunc

1883 3330 2297 3377 tormentorum.
2339 3343 2357 3376 ι
2419 3322 2715 3396 Postquam
2740 3327 2950 3384 ardenti
2974 3329 3040 3386 de
3067 3347 3126 3387 se
3166 3347 3291 3402 spes
3321 3335 3466 3389 tolli-

1881 3423 1990 3479 tur,
2016 3415 2233 3470 animus
2262 3415 2331 3470 ad
2361 3417 2696 3488 propinquos
2746 3421 3001 3488 recurrit,
3040 3423 3167 3492 quia
3201 3426 3463 3498 reprobo-

1881 3519 2004 3558 rum
2060 3514 2297 3560 mentem
2337 3521 2495 3575 paena
2543 3523 2640 3562 sua
2677 3509 3004 3581 quandoque
3039 3511 3302 3570 inutiliter
3339 3531 3466 3571 eru-

1879 3595 1958 3650 dit
1979 3596 2048 3650 ad
2075 3597 2419 3664 charitatem,
2451 3597 2637 3668 utjam
2665 3609 2792 3655 tunc
2817 3616 2947 3656 suos
2975 3602 3138 3657 etiam
3163 3599 3460 3675 spirituali-

1880 3695 1962 3742 ter
2003 3687 2250 3758 diligant,
2305 3689 2424 3758 qui.
2476 3691 2607 3745 dum
2662 3701 2880 3761 peccata
2930 3693 3234 3766 diligerent,
3272 3713 3372 3753 nec
3404 3713 3464 3753 se

1877 3779 2152 3834 amabant.
2169 3778 2468 3836 Servantur
2487 3797 2618 3853 ergo
2642 3783 2792 3838 diviti
2808 3785 2875 3840 ad
2905 3801 3120 3856 poenam
3145 3798 3198 3844 ct
3225 3789 3464 3860 cognitio

1875 3873 2131 3941 pauperis
2158 3887 2318 3942 quem
2350 3873 2614 3944 despexit,
2642 3884 2696 3930 ct
2735 3879 3000 3933 memoria
3041 3878 3270 3936 fratrum
3321 3897 3462 3952 quos

1877 3963 2118 4033 reliquit.
2153 3962 2218 4018 Et
2247 3963 2375 4018 boni
2405 3965 2672 4035 siquidem
2715 3966 2908 4033 bonos,
2939 3978 2994 4022 et
3027 3971 3153 4024 mali
3184 3972 3376 4037 malos,
3407 3984 3462 4029 et

1873 4055 2002 4111 boni
2029 4057 2224 4123 malos,
2249 4065 2302 4112 et
2332 4056 2462 4111 mali
2496 4067 2835 4128 cognoscunt
2862 4059 3057 4114 bonos.
3091 4059 3147 4115 In
3175 4077 3283 4132 qua
3310 4063 3461 4119 vide-

1872 4145 1998 4202 licet
2017 4147 2326 4218 cognitione
2348 4146 2630 4218 utriusque
2659 4149 2826 4220 partis
2853 4149 3106 4205 cumulus
3141 4152 3454 4207 retributio-

1873 4239 1959 4295 nis
1989 4239 2275 4305 excrescit,
2306 4246 2367 4294 ut
2405 4247 2459 4294 et
2484 4238 2611 4294 boni
2636 4237 2872 4308 amplius
2900 4239 3192 4308 gaudeant,
3219 4241 3345 4310 quia
3374 4256 3462 4298 se-

1871 4346 1996 4387 cum
2051 4329 2221 4386 laatari
2270 4329 2618 4400 conspiciunt.
2661 4343 2802 4401 quos
2840 4337 3181 4394 amaverunt,
3209 4339 3264 4385 et
3306 4331 3455 4398 mali,

1871 4422 2002 4478 dum
2041 4438 2165 4479 cum
2197 4422 2278 4478 eis
2300 4431 2622 4494 torquentur
2664 4437 2806 4495 quos
2851 4422 2907 4478 in
2950 4422 3056 4478 hoc
3088 4422 3296 4479 mundo
3322 4423 3458 4478 dile-

198 4517 343 4590 digiti
371 4518 458 4574 sui
489 4517 542 4573 in
581 4531 803 4589 aquam,
853 4524 913 4570 ut
961 4513 1240 4586 refrigeret
1282 4515 1520 4585 linguam
1565 4527 1767 4579 meam,
1801 4535 1845 4593 ι)
1875 4523 2092 4582 xerunt,
2121 4530 2216 4571 eos
2243 4529 2353 4571 non
2383 4515 2559 4571 solum
2599 4531 2720 4582 sua,
2749 4515 2843 4572 sed
2883 4516 3046 4572 etiam
3076 4530 3268 4572 eorum
3297 4531 3457 4588 poma

197 4612 316 4682 quia
341 4612 555 4667 crucior
578 4611 632 4664 in
649 4611 752 4666 hac
777 4607 1048 4664 flamma.»
1079 4606 1234 4664 Sicut
1248 4605 1512 4662 Divinitas
1539 4605 1768 4678 ﬁgurate

199 4717 286 4774 per
311 4701 720 4758 translationem
753 4701 964 4764 oculos,
990 4701 1256 4772 linguam,
1289 4699 1510 4771 digitos,
1539 4707 1769 4754 caetera-

203 4809 296 4868 que
322 4790 560 4850 humana
594 4791 838 4848 membra
883 4791 1086 4847 dicitur
1130 4789 1350 4856 habere,
1380 4789 1454 4845 ita
1503 4789 1700 4843 anima:
1735 4801 1769 4841 a

203 4886 511 4957 :orporibus
535 4892 816 4956 separatae.
853 4881 991 4940 Petit
1011 4897 1141 4953 ergo
1159 4881 1311 4938 dives
1339 4881 1580 4952 linguam
1611 4892 1768 4935 suam

196 4977 520 5053 refrigerari,
561 4978 614 5033 id
645 4985 731 5033 est
767 4991 984 5048 pmnam
1029 4991 1193 5048 quam
1255 4989 1382 5030 cum
1435 4974 1618 5045 lingua
1667 4986 1767 5028 sua

196 5071 407 5136 meruit,
445 5067 640 5124 laxari.
680 5065 739 5122 In
779 5065 1047 5123 conviviis
1099 5065 1244 5120 enim
1287 5063 1414 5134 quia
1462 5062 1769 5134 loquacitas

195 5159 326 5216 solet
353 5159 650 5226 abundare,
675 5158 991 5230 perhibetur
1017 5155 1169 5212 dives
1209 5171 1276 5211 ex
1311 5155 1494 5226 lingua
1530 5153 1768 5226 graviter

193 5251 392 5306 ardere.
418 5247 579 5320 Optat
602 5251 768 5322 igitur
791 5249 861 5304 ab
883 5257 1130 5304 extremo
1151 5246 1300 5318 digiti
1323 5261 1383 5302 se
1411 5246 1576 5316 tangi,
1609 5245 1660 5299 id
1682 5253 1769 5300 est

192 5343 498 5412 operatione
523 5343 797 5412 justorum
827 5339 908 5396 vel
940 5339 1128 5394 ultima
1157 5337 1413 5404 recreari,
1437 5347 1490 5393 et
1542 5337 1622 5392 sic
1669 5352 1766 5408 per

195 5449 379 5506 aquam
409 5435 594 5507 gratiae
627 5433 717 5488 Dei
741 5433 1162 5489 misericorditer
1193 5432 1294 5486 sibi
1317 5431 1618 5486 subveniri.

261 5545 282 5582 ‹
315 5526 378 5584 Et
411 5527 548 5583 dixit
576 5527 652 5583 illi
685 5526 958 5582 Abraham
991 5544 1006 5581 :
1038 5523 1160 5590 Fili,
1209 5522 1497 5579 recordare
1519 5521 1648 5593 quia
1677 5535 1766 5576 re-

196 5619 372 5691 cepisti
403 5621 543 5675 bona
573 5620 628 5674 in
659 5620 765 5674 vita
796 5626 909 5682 tua,
940 5626 994 5672 et
1023 5615 1266 5671 Lazarus
1303 5614 1554 5668 similiter
1596 5612 1758 5667 mala.

197 5709 338 5766 Nunc
386 5722 564 5767 autem
606 5711 694 5765 hic
741 5710 1089 5774 consolatur;
1141 5717 1198 5762 tu
1243 5724 1374 5762 vero
1419 5707 1703 5761 cruciaris.
1738 5725 1755 5756 ι

196 5802 490 5874 Torquetur
526 5801 953 5874 autejudicium,
983 5801 1110 5871 quia
1143 5801 1421 5856 luxurioso
1449 5814 1636 5855 carere
1666 5798 1760 5854 de-

1877 4615 2185 4664 consumat.
2217 4606 2306 4662 Fit
2322 4617 2504 4664 autem
2544 4609 2600 4664 in
2627 4609 2814 4664 electis
2833 4607 3090 4680 quiddam
3129 4608 3454 4672 mirabilius.

1873 4699 2003 4771 quia
2035 4713 2143 4755 non
2174 4699 2352 4756 solum
2381 4715 2479 4756 eos
2507 4706 2813 4771 agnoscunt
2848 4713 2988 4770 quos
3025 4699 3114 4755 hic
3168 4711 3452 4764 noverant,

1873 4791 1967 4846 sed
2017 4791 2166 4847 velut
2214 4791 2361 4847 visos
2401 4806 2466 4846 ac
2519 4790 2766 4860 cognitos
2822 4799 3222 4860 tecognoscunt
3280 4791 3456 4847 honos

1872 4904 2016 4961 quos
2057 4904 2336 4960 nunquam
2373 4887 2640 4944 viderant.

1949 4998 1967 5030 ι
2002 4977 2070 5034 Et
2093 4979 2169 5034 ait
2189 4979 2266 5034 illi
2293 4976 2566 5033 Abraham
2595 4995 2609 5032 :
2642 4974 2856 5034 Habent
2889 4975 3107 5052 Moysen
3131 4986 3187 5035 et
3221 4978 3454 5052 prophe-

1872 5077 2000 5125 tas:
2031 5070 2256 5126 audiant
2291 5069 2432 5125 illos.
2477 5068 2543 5124 At
2570 5067 2660 5126 ille
2699 5069 2837 5125 dixit
2863 5088 2876 5123 :
2900 5068 3042 5136 Non,
3090 5079 3246 5141 pater
3273 5072 3451 5127 Abra-

1870 5158 2019 5225 ham,
2051 5158 2144 5214 sed
2168 5159 2215 5213 si
2258 5159 2384 5229 quis
2412 5173 2479 5214 ex
2526 5158 2756 5214 mortuis
2791 5158 2913 5214 ierit
2943 5159 3009 5214 ad
3039 5174 3154 5226 eos,
3183 5161 3453 5230 poeniten-

1870 5250 2014 5305 tiam'
2035 5259 2213 5321 agent.
2241 5269 2259 5302 ι
2294 5249 2453 5305 Dives
2481 5250 2582 5305 iste
2612 5265 2767 5306 serus
2798 5252 3056 5322 magister
3091 5252 3278 5320 incith
3304 5264 3448 5314 esse,

1869 5356 1995 5397 cum
2015 5341 2128 5410 jam
2162 5356 2263 5395 nec
2287 5339 2528 5395 discendi
2557 5335 2771 5410 tempus
2803 5340 2967 5394 habet
2987 5355 3086 5396 nec
3109 5337 3356 5393 docendi.
3384 5336 3452 5392 Et

1865 5432 1994 5510 quia
2022 5431 2184 5487 verba
2216 5430 2309 5487 Dei
2341 5432 2679 5502 despexerat,
2709 5431 2826 5488 haec
2866 5431 3054 5486 audire
3084 5445 3215 5487 suos
3253 5443 3452 5500 sequa-

1866 5537 1959 5578 ces
1988 5538 2093 5577 non
2120 5537 2278 5592 posse
2306 5523 2602 5577 existimat.

1943 5633 1963 5664 ι
1993 5613 2082 5667 Ait
2114 5623 2295 5667 autem
2326 5615 2399 5667 illi
2426 5633 2438 5668 :
2470 5613 2526 5668 Si
2560 5614 2775 5686 Moysen
2807 5609 2865 5670 et'
2884 5614 3176 5685 prophetas
3206 5629 3312 5668 non
3345 5627 3448 5670 au-

1865 5704 2041 5771 diunt,
2076 5720 2250 5774 neque
2291 5705 2335 5759 si
2367 5707 2490 5775 quis
2531 5722 2594 5760 ex
2638 5708 2864 5761 mortuis
2914 5706 3290 5770 resnirexerit,
3330 5718 3446 5759 cro-

1863 5798 2012 5854 dent.
2049 5817 2068 5849 ι
2113 5797 2215 5864 Qui
2245 5799 2410 5854 verba
2445 5799 2579 5870 legis
2617 5797 2944 5868 despiciunt,
2977 5797 3303 5853 resuscitato
3328 5811 3447 5852 cre-

3939 3483 3941 3568 i

3939 3603 3941 3692 ἰ

3939 3713 3941 3792 i
