3948 6462
239 403 359 464 1009

1130 387 1707 450 DEFLORATIONES
1744 394 1844 451 ss.
1885 372 2197 454 annua.
2234 425 2309 439 -
2344 396 2474 453 LIB.
2516 390 2579 451 tt.

3335 400 3493 459 τοιοε

231 518 354 576 Cum
382 523 505 567 vero
532 507 687 566 dives
718 523 816 581 pro
859 506 1120 565 fratribus
1150 508 1292 563 male
1322 508 1633 565 viventibus
1662 525 1785 580 pre-
1816 517 1863 575 Α
1891 511 2015 567 dam
2062 527 2193 568 vero
2241 511 2456 578 divites,
2480 519 2542 567 ut
2591 509 2889 579 Cenchrcs,
2921 512 3174 571 Pharaon
3208 522 3263 571 et
3297 511 3481 571 Nabu-

230 623 313 667 ces
339 601 536 666 fundat,
568 607 717 669 patet
742 598 887 670 quod
913 599 1155 654 damnati
1176 599 1426 670 quaedam
1465 614 1575 654 non
1600 608 1785 656 tamen

226 681 403 758 omnia
427 693 491 748 de
525 690 664 747 vivis
695 691 893 747 sciant.
924 690 1065 747 Ante
1086 693 1353 763 judicium
1385 702 1568 749 autem
1600 709 1787 764 repro-
1819 703 1836 720 '

227 788 488 848 bielectos
532 782 586 836 in
636 782 836 853 gaudio
865 783 1215 854 conspiciunt
1259 792 1319 840 ut
1365 784 1540 856 magis
1569 785 1788 841 doleant

223 878 356 954 quod
386 876 484 930 hoc
509 876 725 943 assequi
773 874 1159 945 neglexerunt,
1212 876 1484 945 aspiciunt
1530 875 1685 933 electi
1733 885 1788 933 et

224 970 464 1042 reprobos
490 966 542 1020 in
567 967 855 1037 supplicio,
875 977 932 1023 ut
951 969 1187 1038 amplius
1213 969 1484 1039 gaudeant
1512 971 1659 1042 quod
1684 970 1789 1027 hoc

223 1063 307 1117 Dei
335 1059 501 1132 gratia
537 1059 827 1129 adjuvante
855 1071 1167 1116 evaserunt.
1202 1058 1334 1116 Post
1358 1061 1625 1132 judicium
1657 1078 1787 1118 vero

224 1153 337 1209 boni
356 1150 792 1219 semperquidem
809 1151 983 1207 malos
1004 1152 1284 1220 videbunt;
1301 1153 1428 1208 mali
1445 1162 1625 1209 autem
1646 1171 1788 1210 nuu-

218 1258 367 1317 quam
390 1243 557 1298 bonos
569 1241 846 1298 videbunt.
861 1242 1170 1301 Notandum
1193 1261 1323 1302 vero
1352 1248 1500 1318 quod
1518 1249 1567 1304 is
1587 1249 1788 1321 linguae

218 1333 505 1407 specialiter
548 1334 684 1404 petit
726 1334 1068 1406 refrigerium
1120 1337 1274 1410 (Luc.
1322 1340 1468 1411 xvr),
1519 1356 1681 1413 quem
1731 1342 1786 1397 in

215 1427 454 1483 omnibus
498 1426 759 1482 membris
804 1429 1072 1498 coquebat
1128 1431 1464 1488 incendium.
1536 1432 1641 1489 Per
1683 1434 1789 1490 hoc

216 1520 362 1575 datur
410 1518 638 1590 intelligi
687 1520 985 1589 quemlibet
1033 1521 1088 1576 in
1137 1537 1204 1579 eo
1253 1524 1502 1580 membro
1550 1526 1787 1596 amplius

213 1617 467 1667 tormenta
497 1624 811 1680 passurum,
852 1612 905 1665 in
938 1627 1050 1683 quo
1084 1615 1352 1685 majorem
1383 1618 1631 1672 exercuit
1657 1632 1786 1688 pec-

211 1702 356 1759 candi
388 1716 569 1757 usum.
611 1700 679 1756 Et
708 1703 837 1773 quia
886 1704 975 1760 hic
1007 1705 1225 1761 deditur
1275 1708 1552 1776 edacitati,
1582 1709 1787 1779 jugiter

1892 603 2257 671 chodonosor,
2289 604 2639 671 damnantur;
2660 605 2882 675 quidam
2912 614 3276 676 pauperes,ut
3300 603 3477 663 Laza-

1890 696 2056 765 rusfet
2077 697 2355 765 monachi,
2379 697 2728 765 ditahuntur;
2744 698 2965 769 quidam
2989 707 3193 765 autem,
3223 708 3285 755 ut
3305 696 3479 755 Judas

1890 788 2093 858 aliique
2114 787 2473 855 fraudulenti,
2522 788 2761 844 miseriis
2788 788 3008 845 mternis
3045 789 3357 845 traduntur.
3390 786 3481 844 Di-

1890 897 1982 937 ves
2009 883 2199 949 etiam,
2226 881 2321 953 qui
2343 897 2586 953 purpura
2614 891 2667 937 et
2689 882 2854 954 bysso
2879 881 3229 949 induebatur,
3253 889 3338 937 est
3379 878 3480 936 Ju-

1893 974 2088 1029 daicus
2113 974 2370 1045 populus,
2404 973 2499 1044 qui
2530 988 2697 1044 regno
2726 984 2781 1028 et
2825 974 3135 1030 sacerdotio
3186 974 3324 1046 legis
3355 973 3475 1045 glo-

1888 1067 2154 1123 riabatur.
2172 1065 2276 1121 Per
2298 1081 2597 1137 purpuram
2629 1066 2829 1137 quippe
2851 1082 3100 1137 regnum,
3129 1082 3227 1136 per
3249 1067 3477 1138 byssum

1888 1158 2206 1228 designatur
2229 1158 2620 1214 sacerdotium.
2649 1157 2747 1213 llic
2766 1159 3011 1228 quotidie
3040 1158 3321 1230 splendide
3341 1174 3478 1229 epu-

1890 1249 2124 1317 labatur,
2156 1249 2287 1304 dum
2316 1250 2370 1304 in
2395 1249 2657 1305 exteriori
2689 1250 2839 1304 cultu
2878 1251 2947 1305 de
2976 1249 3199 1305 ferculis
3239 1248 3375 1320 legis
3423 1258 3480 1303 et

1887 1340 2283 1411 prophetarum
2307 1340 2683 1411 saginabatur.
2716 1338 2820 1395 Per
2853 1355 3152 1410 pauperem
3181 1354 3312 1394 vero
3345 1353 3478 1410 gen-

1889 1434 2000 1488 tilis
2032 1434 2268 1504 populus
2322 1434 2728 1503 prazliguratur,
2762 1433 2853 1502 qui
2896 1432 3174 1487 ulceribus
3226 1438 3479 1501 peccato-

1890 1541 2012 1580 rum
2043 1524 2415 1581 sauciabatur.
2448 1522 2549 1578 llic
2576 1524 2749 1580 micas
2774 1524 2840 1578 de
2870 1537 3056 1577 mensa
3080 1522 3338 1578 cadentes
3366 1536 3479 1579 non

1888 1616 2209 1687 accipiebat,
2249 1616 2377 1688 quia
2407 1632 2507 1672 nec
2533 1615 2818 1671 minimam
2856 1613 3183 1670 sententiam
3211 1612 3280 1669 de
3319 1626 3479 1669 sacra

1891 1706 2174 1779 Scriptura
2203 1707 2477 1764 audiebat.
2511 1707 2694 1764 Canes
2740 1691 2921 1762 autem
2982 1706 3261 1761 venientes
3294 1705 3479 1761 ulcera

209 1793 528 1851 inserviebat
570 1794 911 1865 loquacitati,
938 1797 1086 1868 juste
1119 1798 1321 1855 dicitur
1351 1802 1405 1855 in
1440 1802 1624 1872 lingua
1662 1803 1785 1874 plus
1821 1864 1855 1874 ﬁ
1889 1800 2008 1871 ejus
2032 1801 2327 1873 lingebant,
2354 1801 2482 1873 quia
2504 1800 2737 1873 apostoli
2775 1816 2939 1856 canes
2964 1799 3082 1867 Dei,
3104 1816 3228 1856 eum
3257 1801 3480 1871 cepiose

209 1888 428 1946 cruciari
460 1904 628 1960 quam
662 1905 878 1962 semper
906 1891 1124 1949 laxabat
1152 1893 1335 1949 inania
1365 1894 1490 1951 fari.

270 1981 332 2036 Et
355 1981 655 2038 notandum
683 1984 829 2054 quod
858 1985 991 2040 nulli
1023 1986 1219 2058 legitur
1246 1988 1543 2059 quidquam
1569 1988 1777 2059 rapuis-

205 2092 277 2143 se,
310 2075 402 2133 sed
424 2076 807 2132 tantummodo
828 2079 1046 2149 propria
1078 2095 1189 2135 non
1219 2080 1497 2136 tribuisse.
1545 2080 1613 2138 Et
1643 2083 1689 2138 si
1715 2083 1783 2146 is,

203 2169 408 2232 fratres,
434 2176 595 2224 tanto
623 2170 894 2240 supplicio
927 2170 1181 2241 plectitur
1200 2173 1296 2243 qui
1348 2173 1571 2244 propria
1623 2174 1787 2229 mini-

201 2277 281 2317 me
300 2260 556 2330 largitur,
585 2260 715 2331 quid
752 2261 819 2317 de
846 2260 935 2317 his
963 2271 1048 2318 est
1070 2263 1416 2319 sentiendum
1444 2265 1538 2335 qui
1572 2281 1787 2336 semper

199 2351 361 2422 parati
391 2359 524 2406 sunt
547 2351 615 2406 ad
646 2353 1008 2423 rapiendum?
1032 2352 1173 2410 Dicit
1204 2355 1485 2426 Scriptura
1512 2358 1579 2413 de
1604 2359 1787 2414 otiose

199 2445 609 2503 comedentibus
665 2465 679 2500 :
738 2464 758 2499 ι
824 2446 974 2502 Sulci
1019 2448 1336 2504 clamabunt
1379 2450 1641 2507 adversus
1689 2466 1786 2508 eos

199 2533 314 2606 {Job
362 2536 551 2605 xxxi),
608 2536 724 2591 ide
785 2535 1001 2594 furibus
1062 2547 1244 2595 autem
1309 2551 1365 2596 et
1424 2542 1714 2611 rapacibus
1769 2562 1783 2598 :

200 2645 222 2680 ι
239 2624 400 2681 Terra
425 2637 787 2682 convertetur
807 2627 953 2684 eisin
976 2627 1151 2700 picem
1174 2630 1453 2687 ardentem
1481 2640 1537 2687 et
1554 2632 1786 2704 sulphur

198 2716 325 2791 (Ira.
347 2719 568 2790 xxxiv).
602 2738 621 2771 ι
672 2718 771 2775 Hic
796 2719 949 2776 dives
992 2721 1177 2792 aliqua
1219 2722 1362 2778 bona
1405 2740 1505 2795 pro
1544 2725 1785 2782 humana

193 2810 342 2866 laude
361 2810 514 2877 fecit,
551 2820 607 2867 et
647 2810 846 2866 bonam
882 2814 1186 2881 mercedem
1234 2814 1432 2871 horum
1484 2832 1585 2887 pro
1641 2819 1785 2874 bona

194 2902 505 2973 temporalia
543 2904 791 2974 recepit;
821 2904 1064 2962 Lazarus
1110 2922 1242 2963 vero
1269 2907 1450 2979 aliqua
1494 2911 1637 2965 mala
1664 2926 1786 2982 ges-

191 3003 345 3061 serat,
371 3010 498 3065 qua:
523 2995 623 3051 hic
667 2996 856 3052 dolore
890 2998 1139 3068 corporis
1163 2998 1358 3055 luerat.
1406 3000 1783 3071 (Caesonius)

188 3082 434 3154 Pensate,
464 3103 686 3159 quaeso,
709 3088 1044 3157 charissimi,
1079 3106 1244 3161 quam
1267 3092 1511 3148 districta
1536 3102 1665 3150 sunt
1694 3094 1787 3164 ju-

186 3178 321 3234 dicia
354 3178 475 3236 Dei.
511 3179 667 3236 Ecce
699 3190 908 3253 guttam
939 3198 1097 3253 aqua:
1121 3185 1277 3255 petit,
1300 3186 1395 3255 qui
1429 3187 1600 3242 micas
1627 3187 1785 3257 panis

186 3284 293 3325 non
315 3271 488 3327 dedit.
518 3271 597 3327 Et
626 3274 752 3343 quia
784 3274 958 3331 micas
988 3276 1225 3348 negavit,
1252 3286 1462 3348 guttam
1512 3295 1623 3334 non
1678 3279 1783 3334 im-

184 3362 430 3431 petravit.
464 3361 633 3419 Unde
653 3379 771 3431 vos,
803 3364 1016 3421 domini
1054 3366 1180 3432 mei,
1209 3368 1412 3438 quibus
1453 3367 1598 3426 Deus
1653 3386 1786 3427 con-

183 3454 345 3509 cessit
367 3453 607 3510 divitias
637 3455 803 3526 hujus
826 3457 1035 3524 saeculi,
1066 3442 1254 3514 cavete
1283 3475 1350 3515 ne
1373 3474 1471 3516 vos
1501 3461 1704 3518 divitia:
1727 3470 1787 3518 ut

179 3560 365 3603 servos
390 3546 749 3617 possideant,
781 3556 836 3604 ct
858 3564 889 3604 a
912 3550 1057 3607 veris
1078 3550 1285 3607 divitiis
1310 3567 1517 3609 vacuos
1548 3554 1616 3607 ad
1668 3562 1784 3609 tar-

180 3646 291 3694 tara
318 3641 680 3710 pertrabant.
707 3640 993 3698 Possidete
1023 3658 1119 3699 vos
1147 3644 1371 3700 divitias
1387 3644 1574 3716 egenis
1598 3645 1785 3701 distri-

176 3731 417 3802 buendo,
452 3745 513 3791 et
573 3752 735 3793 veras
784 3737 1004 3794 divitias
1044 3754 1143 3809 per
1172 3739 1275 3796 has
1323 3740 1545 3797 fallaces
1597 3741 1786 3812 acqui-

178 3824 365 3881 rendo.
399 3823 530 3883 Non
584 3836 667 3884 est
700 3826 907 3883 malum
958 3828 1180 3885 divitias
1218 3829 1439 3897 habere,
1488 3831 1585 3887 sed
1629 3830 1786 3886 valde

171 3932 333 3986 grave
354 3928 445 3975 est
474 3935 588 3976 eas
637 3920 693 3974 in
724 3936 951 3991 pravum
991 3936 1154 3978 usum
1186 3933 1575 3994 contorquere.
1614 3923 1784 3980 David

174 4011 318 4066 enim
350 4022 411 4068 et
440 4012 722 4071 Ezechias
748 4024 912 4086 atque
935 4014 1141 4084 Josias,
1180 4026 1239 4073 ut
1282 4027 1413 4088 puta
1440 4033 1623 4089 reges,
1664 4018 1787 4073 alii-

168 4118 275 4174 que
303 4119 515 4160 eorum
537 4104 775 4173 similes,
801 4107 1005 4164 multas
1030 4107 1250 4164 divitias
1275 4109 1657 4179 possederunt,
1689 4109 1787 4165 sed

168 4207 263 4263 per
306 4210 410 4252 eas
442 4194 835 4254 indellcientes
858 4197 963 4253 sibi
993 4207 1467 4269 comparaverunt.
1500 4197 1680 4271 Cyrus
1731 4208 1786 4255 et

162 4282 485 4345 Antiochus
530 4287 755 4358 illisque
786 4290 1099 4346 consimiles
1120 4290 1225 4345 viri
1246 4290 1561 4347 divitiarum
1593 4298 1785 4357 erant,

162 4378 293 4449 quia
320 4395 425 4436 eas
452 4380 533 4437 ad
569 4382 884 4452 superbiam
915 4390 973 4438 et
996 4382 1269 4438 luxuriam
1290 4391 1695 4440 converterunt.
1720 4383 1789 4441 Et

160 4471 291 4543 quia
316 4472 416 4530 hic
440 4489 625 4530 suum
660 4490 892 4546 regnum
914 4475 1183 4532 caelorum
1219 4475 1551 4544 habuerunt,
1577 4477 1788 4533 obeun-

1818 1864 1860 1925 Β
1891 1864 2064 1965 legem
2095 1864 2191 1950 Dei
2213 1864 2590 1962 instrdebani,
2621 1894 2805 1949 ulcera
2850 1864 3199 1964 peccatorum
3232 1864 3477 1948 medica-

1888 1987 2034 2042 mine
2064 1987 2397 2058 pmnitentiae
2421 1987 2763 2043 claudebant.
2799 1984 2899 2042 llic
2938 1995 3189 2041 mortuus
3211 1986 3265 2040 in
3292 1985 3477 2041 sinum

1886 2077 2120 2134 Abrahae
2149 2087 2418 2148 portatur,
2446 2077 2599 2133 dives
2630 2078 2685 2132 in
2712 2076 2930 2133 inferno
2969 2077 3293 2147 tumulatur,
3342 2078 3476 2148 quia

1894 2188 1913 2221 ι
1938 2169 2095 2224 multi
2118 2170 2302 2225 ﬁdeles
2326 2170 2394 2225 ab
2416 2169 2627 2224 oriente
2648 2170 2869 2225 venient
2888 2178 2942 2226 et
2959 2170 3261 2238 occidente,
3278 2179 3333 2226 et
3348 2187 3487 2227 cum.

1886 2260 2161 2316 Abraham
2190 2270 2243 2315 et
2264 2259 2416 2316 Isaac
2435 2268 2489 2315 et
2507 2259 2676 2316 Jacob
2696 2259 2751 2314 in
2776 2274 2945 2331 regno
2970 2261 3234 2316 caelorum
3257 2277 3475 2317 recum-

1886 2352 2047 2421 bent;
2076 2352 2171 2409 ﬁlii
2196 2361 2378 2408 autem
2407 2352 2616 2425 regni,»
2655 2352 2864 2408 scilicet
2883 2353 3074 2423 perfidi
3102 2352 3300 2421 Judaei,
3334 2354 3474 2424 reji-

1886 2447 2100 2502 cientur
2122 2446 2177 2500 in
2192 2445 2445 2502 tenebras
2466 2445 2770 2503 exteriores
2784 2444 3006 2519 (Matth.
3024 2447 3145 2518 vin)
3158 2467 3177 2499 ι
3190 2488 3206 2515 ,
3223 2448 3350 2518 quia
3365 2462 3477 2503 non

1887 2538 2237 2595 crediderunt
2257 2536 2430 2610 Moysi
2456 2554 2558 2594 nec
2579 2539 2883 2609 prophetis,
2912 2554 3013 2595 nec
3040 2538 3262 2596 Christo
3283 2555 3475 2596 resur-

1892 2631 2077 2702 gentia
2096 2631 2349 2688 mortuis.
2376 2629 2761 2701 Nunc’quoque
2782 2631 2923 2687 bella
2943 2631 3396 2703 legunturregum
3421 2641 3493 2688 et.

1885 2721 2128 2777 victoriae
2148 2720 2389 2787 illorum,
2435 2728 2494 2775 ut
2510 2736 2606 2791 per
2628 2719 2745 2776 hinc
2768 2721 3108 2776 instruamur
3134 2730 3359 2792 peccata
3378 2724 3479 2779 de-

1889 2811 2112 2879 bellare,
2136 2821 2191 2868 et
2216 2812 2452 2868 victores
2478 2813 2712 2869 existere
2735 2814 3017 2871 vitiorum.
3039 2813 3260 2885 Legitur
3290 2825 3474 2872 autem

1886 2903 2037 2975 quod
2065 2904 2288 2975 quidam
2320 2905 2404 2959 vir
2430 2905 2568 2961 duas
2592 2905 3082 2977 uxoresltabuerit,
3105 2923 3341 2978 quarum
3366 2924 3474 2964 una

1889 2996 2144 3065 fecunda,
2168 2997 2335 3052 altera
2355 2998 2560 3054 sterilis
2585 2996 2769 3065 fuerit,
2806 3006 2862 3053 et
2884 2999 3101 3055 tandem
3128 3002 3330 3058 sterilis
3370 3000 3476 3057 Sac

1890 3088 2123 3143 muelem
2146 3089 2393 3159 genuerit
2411 3088 2463 3160 (I
2486 3088 2824 3160 Reg.v).TQui
2847 3088 2963 3145 Heli
2980 3090 3307 3160 sacerdotio,
3335 3088 3477 3147 Sau-

1889 3184 1993 3238 lem
2017 3182 2290 3238 abdicavit
2309 3197 2340 3237 a
2377 3198 2566 3252 regno,
2585 3182 2754 3238 David
2777 3198 2988 3254 ungens
3005 3183 3147 3251 oleo,
3161 3184 3477 3241 sublimavit

1888 3281 2123 3343 sceptro.
2158 3270 2262 3339 Qui
2294 3270 2462 3326 David
2491 3271 2710 3327 Goliath
2744 3270 2938 3329 fortem
2972 3271 3138 3328 funda
3186 3281 3241 3328 et
3296 3273 3475 3344 lapide

1888 3364 2101 3433 stravit,
2138 3364 2364 3435 pr0prio
2396 3379 2528 3420 ense
2552 3372 2717 3434 caput
2747 3365 3065 3434 amputavit,
3085 3365 3354 3440 ’-plurintis
3378 3365 3476 3422 dc-

1887 3454 2124 3522 sudavit,
2145 3455 2373 3511 devictis
2403 3455 2657 3511 hostibus
2684 3456 2963 3527 egregium
3010 3455 3244 3513 Domino
3290 3458 3474 3513 taber-

1887 3544 2144 3598 naculum
2169 3543 2528 3614 przeparavit;
2557 3543 2718 3614 cujus
2748 3544 2893 3600 lilius
2921 3542 3180 3600 Salomon
3208 3546 3483 3618 templum.

1887 3644 2005 3693 toto
2031 3638 2163 3691 orbe
2200 3636 2470 3692 famosum
2505 3638 2808 3704 constituit,
2836 3652 3025 3707 pacem
3062 3637 3320 3695 omnibus
3338 3655 3473 3709 gen-

1886 3728 2055 3784 tibus.
2082 3725 2179 3783 Vir
2213 3730 2305 3799 qui
2332 3730 2435 3786 sibi
2463 3730 2602 3785 duas
2627 3745 2825 3785 uxores
2861 3731 3157 3802 copulavit,
3179 3740 3265 3789 est
3304 3731 3471 3800 Deus,

1887 3821 1980 3890 qui
2014 3820 2353 3892 Synagogam
2394 3830 2449 3877 et
2479 3821 2776 3879 Ecclesium
2821 3823 2929 3879 sibi
2978 3825 3352 3895 desponsavit.
3392 3822 3475 3883 Ex

1888 3912 2088 3981 quibus
2123 3910 2408 3985 Synagoga
2438 3911 2669 3968 fecunda
2701 3912 2822 3979 fuit,
2853 3915 2983 3985 quia
3028 3914 3318 3972 Iudaicum
3374 3933 3474 3988 po-

1888 4004 2098 4075 pulum,
2129 4002 2198 4058 ad
2230 4004 2478 4059 carnales
2510 4006 2866 4061 caeremonias
2891 4008 3205 4077 generavit;
3230 4006 3475 4065 Ecclesia

1889 4104 2070 4153 autem
2119 4096 2214 4150 diu
2283 4096 2485 4153 sterilis
2548 4096 2764 4164 ﬁlium,
2832 4099 3044 4167 scilicet
3097 4098 3471 4160 Christianum

1887 4189 2149 4261 populum
2179 4191 2246 4246 ad
2295 4190 2608 4260 spiritualcs
2635 4189 3015 4247 observantias
3036 4193 3334 4262 generavit,
3376 4192 3474 4264 qui

1890 4280 2008 4336 lleli
2037 4297 2067 4337 a
2098 4282 2423 4350 sacerdotio,
2454 4291 2508 4337 ct
2543 4280 2676 4337 Saul
2725 4298 2757 4337 a
2810 4297 2978 4354 regno
3027 4283 3472 4355 repudiaverunt,

1889 4375 2017 4446 quia
2045 4373 2698 4431 Judaicumincredulum
2747 4375 3010 4446 populum
3045 4390 3077 4430 a
3125 4374 3332 4431 Christi
3381 4392 3472 4433 sa-

1891 4466 2134 4523 cerdotio
2162 4475 2215 4523 et
2235 4468 2489 4539 gentilem
2525 4467 2786 4538 populum
2817 4468 3003 4523 ﬁdeles
3052 4477 3469 4539 persequentem

157 4568 245 4619 tes
279 4564 431 4621 nihil
465 4565 532 4621 in
565 4566 822 4622 manibus
862 4565 978 4622 suis
1008 4566 1359 4635 invenerunt,
1393 4567 1488 4623 sed
1525 4583 1651 4623 cum
1694 4568 1786 4623 illo

1892 4574 1923 4614 a
1953 4575 2123 4632 regno
2160 4557 2256 4614 Dei
2278 4560 2521 4626 alienat;
2569 4557 2760 4625 David,
2795 4568 2977 4614 autem
3023 4574 3213 4615 verum
3268 4559 3477 4617 scilicet

156 4657 331 4719 divite
357 4661 423 4718 in
451 4671 674 4719 aaterna
705 4671 946 4733 egestate
980 4663 1264 4720 dolebant.
1294 4662 1370 4718 De
1405 4662 1604 4719 talibus
1651 4661 1788 4718 dici-

152 4761 286 4810 tur:
321 4773 342 4809 ‹
382 4754 652 4811 Facilius
680 4755 1039 4811 estcamelum
1070 4755 1423 4827 perforamen
1450 4769 1583 4810 acus
1606 4762 1788 4810 trans-

150 4844 253 4914 ire,
268 4862 456 4918 quam
474 4846 711 4902 divitem
735 4846 942 4902 intrare
962 4847 1015 4902 in
1029 4863 1256 4919 regnum
1280 4848 1544 4904 cmlorum
1560 4845 1781 4917 (Matth.

148 4939 293 5008 xix).
339 4958 360 4992 ι
407 4937 637 4995 Narrat
685 4938 951 4996 Dominus
991 4939 1209 4995 cuidam
1256 4939 1522 5009 plurimas
1569 4937 1788 4994 divitias

146 5029 480 5100 diluxisse,
516 5031 785 5102 huncque
812 5030 1105 5088 destructis
1150 5029 1364 5086 horreis
1413 5028 1625 5099 majora
1653 5044 1786 5084 con-

143 5125 470 5190 struxisse,
519 5130 692 5194 atque
721 5124 833 5181 illic
855 5125 1112 5180 omnibus
1133 5122 1295 5179 bonis
1318 5122 1562 5178 collectis
1589 5121 1785 5176 animae

140 5231 265 5273 sua:
296 5217 545 5274 dixisse
578 5225 638 5273 ut
653 5216 988 5289 epularetur,
1014 5217 1310 5283 laetaretur,
1323 5215 1451 5286 quia
1466 5215 1668 5271 multos
1689 5228 1787 5269 an-

136 5324 248 5365 nos
273 5311 576 5366 victurus
600 5317 766 5377 esset,
789 5318 845 5365 et
865 5310 919 5364 in
951 5309 1038 5365 bis
1058 5308 1220 5365 bonis
1239 5307 1393 5363 laetos
1424 5306 1542 5364 dies
1572 5303 1784 5361 deliciis

134 5402 468 5460 ducturus.
489 5400 709 5457 Eadem
727 5411 885 5458 nocte
897 5400 1085 5459 infelix
1101 5409 1351 5456 mortuus
1363 5399 1558 5455 alienis
1569 5397 1786 5455 divitias

130 5514 277 5557 snas
333 5497 639 5568 reliquit;
693 5498 809 5568 ipse
863 5497 981 5554 sola
1028 5504 1251 5568 peccata
1296 5510 1483 5552 secum
1533 5504 1783 5566 portans,

128 5594 367 5646 tartara
391 5587 637 5646 subivit
660 5586 812 5656 (Luc.
841 5586 963 5658 xu).
984 5585 1127 5654 Quid
1147 5585 1277 5643 huic
1299 5585 1621 5657 profuerunt
1642 5586 1783 5644 divi-

122 5683 223 5739 tia:
259 5683 374 5754 qui
401 5682 516 5737 his
544 5680 849 5752 neglexerit
867 5688 1100 5736 internas
1125 5679 1448 5750 acquirere?

198 5774 269 5832 in
297 5782 600 5848 quatuor
649 5781 831 5829 autem
882 5772 1093 5845 species
1140 5772 1459 5829 dividuntur
1490 5772 1781 5829 homines:

118 5866 399 5938 Quidam
430 5863 685 5934 divites,
715 5872 773 5922 ut
793 5864 1069 5922 Abraham
1095 5872 1150 5923 et
1168 5861 1299 5935 Job,
1316 5863 1632 5933 salvantur;
1663 5863 1785 5939 qui-

1890 4652 2306 4709 desiderabilem
2335 4651 2642 4718 Christum,
2686 4667 2715 4706 a
2766 4650 2927 4708 Patre
2970 4653 3092 4708 oleo
3134 4652 3333 4708 laetitiae
3362 4668 3495 4725 prte-

1889 4749 2146 4804 omnibus
2183 4748 2532 4804 consortibus
2558 4757 2785 4804 unctum
2836 4764 3019 4820 regem
3074 4749 3204 4804 olim
3255 4750 3485 4811 adorat.

1889 4840 1988 4898 llic
2019 4840 2214 4897 fortem
2248 4839 2465 4896 Goliath
2493 4840 2662 4896 funda
2682 4842 2880 4913 dejecit
2908 4840 2962 4913 (Ι
2994 4840 3122 4913 Reg.
3164 4842 3288 4915 vn),
3338 4842 3472 4899 dum

1887 4933 2087 4990 fortem
2118 4935 2396 4990 diabolum
2442 4950 2542 4991 sua
2588 4935 2929 4991 humanitate
2955 4935 3246 5010 confregit.
3280 4936 3474 4995 Funda

1888 5027 2089 5099 quippe
2130 5037 2250 5083 erat
2277 5027 2611 5084 circumdata
2655 5028 2861 5085 Christi
2890 5029 3227 5099 humanitas,
3262 5033 3501 5103 passior

1888 5120 2050 5174 nibus
2075 5118 2481 5175 circumrotata.
2504 5118 2666 5190 Lapis
2687 5119 3029 5191 quifrontem
3068 5121 3281 5179 Goliath
3311 5139 3478 5194 pcne—

1886 5208 2072 5276 travit,
2092 5219 2209 5265 erat
2245 5208 2524 5277 divinitas,
2548 5225 2671 5281 quae
2711 5211 2990 5267 maxillam
3020 5209 3324 5268 Leviathan
3347 5227 3473 5283 per.

1889 5302 2101 5358 foravit.
2146 5301 2319 5357 Porro
2360 5318 2625 5360 mucrone
2672 5314 2837 5375 caput
2893 5305 3013 5377 ejus
3040 5305 3306 5371 desecuit,
3336 5304 3499 5359 dum-

1886 5411 1983 5467 per
2003 5411 2159 5468 reges
2177 5405 2230 5454 et
2245 5395 2621 5467 philosophos,
2652 5399 2840 5469 utique
2870 5413 3024 5455 arma
3050 5399 3189 5468 ejus,
3216 5398 3282 5453 ad
3307 5396 3469 5454 fidem

1888 5504 2182 5545 conversos
2207 5488 2406 5544 diaboli
2434 5488 2578 5544 vires
2604 5504 2875 5547 enervans
2923 5490 2993 5545 ab
3034 5489 3344 5545 idololatria
3372 5489 3469 5545 dcc

1886 5583 2044 5654 pulit.
2078 5581 2179 5638 Hic
2204 5580 2372 5637 David
2401 5582 2573 5637 multa
2600 5582 2741 5638 bella
2763 5582 3070 5648 constituit,
3097 5583 3229 5638 dum
3266 5583 3468 5639 milites

1888 5690 2019 5731 suos
2039 5674 2316 5745 apostolos
2342 5682 2395 5727 et
2428 5682 2695 5746 martyres
2722 5674 2993 5730 debellare
3026 5673 3265 5741 Judaeos,
3300 5688 3471 5746 paga.

1888 5784 1988 5825 nos
2040 5777 2095 5824 et
2132 5765 2417 5823 haereticos
2444 5765 2702 5823 instituit.
2730 5765 3023 5822 Prostratis
3046 5765 3318 5833 hostibus,
3345 5763 3476 5820 fecit

1888 5861 2122 5919 Domino
2146 5860 2581 5919 tabernaculum.
2611 5859 2669 5917 ln
2715 5859 2872 5931 cuius
2904 5857 3045 5933 regis
3072 5857 3288 5931 militia,
3338 5857 3500 5917 cher
