3948 6444
467 403 602 475 ίοη

1595 389 1928 467 'wsnuem
1967 411 2260 469 ABBATIS
2301 412 2358 469 s.
2401 412 2618 470 ausu

3599 382 3730 472 tori

465 534 722 602 tissimi,
778 540 968 588 contra
1012 529 1137 584 vitia
1176 527 1347 584 armis
1403 527 1664 581 virtutum
1719 543 2044 598 pugnemus,
2075 531 2123 592 Α
2151 526 2258 591 det,
2311 526 2395 581 vel
2447 525 2492 582 si
2531 541 2639 581 non
2671 540 2852 593 omne,
2890 526 2994 583 hoc
3032 534 3179 584 certe
3220 526 3370 598 quod
3414 526 3481 582 ad
3524 541 3726 598 penam

465 631 529 680 ut
556 623 681 679 vitro
717 622 941 693 prmmio
970 620 1198 674 laureati
1257 619 1311 674 in
1361 633 1600 689 superno
1650 635 1820 691 regno
1854 621 2050 674 trium-

465 713 717 784 phemus.
747 711 934 765 Militia
961 718 1045 765 est
1064 711 1206 764 enim
1229 710 1336 763 vita
1364 710 1604 766 hominis
1634 726 1798 781 super
1827 719 2050 778 terram,

464 815 518 862 et
546 807 686 861 sicut
717 804 1036 859 mercenarii
1089 803 1204 858 dies
1253 803 1392 873 ejus.
1427 803 1578 859 Miles
1608 804 1804 858 militat
1832 819 1928 874 pro
1958 804 2053 858 be-

465 893 692 958 nelicio;
746 891 1118 946 mercenarius
1179 890 1390 946 laborat
1443 907 1542 962 pro
1591 907 1776 946 atumo
1807 891 2049 960 praemio.

462 983 538 1037 lta
557 999 676 1048 nos,
703 982 1066 1048 dilectissimi,
1099 983 1394 1038 militemus
1426 999 1523 1053 pro
1547 983 1733 1037 teierni
1764 981 1926 1053 [legis
1949 983 2048 1037 be-

463 1074 678 1138 nclicio,
707 1074 1040 1128 desudemus
1066 1091 1166 1144 pro
1198 1075 1452 1144 perennis
1481 1075 1608 1129 vit-.e
1652 1076 1894 1146 praemio.
1941 1073 2053 1129 Da~

461 1163 550 1216 vid
580 1165 745 1233 gessit
776 1175 962 1236 typum
992 1164 1222 1230 Christi,
1253 1165 1340 1220 hic
1378 1181 1502 1219 cum
1551 1165 1868 1220 hominibus
1914 1180 2050 1220 con-

459 1257 750 1320 versantis,
775 1265 828 1312 ct
862 1273 958 1326 pro
985 1273 1186 1326 sponsa
1220 1273 1343 1322 sua,
1381 1258 1594 1312 scilicet
1617 1256 1883 1322 Ecclesia,
1912 1272 2050 1312 eon-

463 1353 546 1400 tra
579 1348 764 1402 hostes
785 1349 1119 1403 dimicantis.
1157 1348 1414 1404 Salomon
1460 1350 1729 1420 expressit
1765 1351 1884 1420 ejus
1917 1354 2054 1421 ligu-

462 1435 725 1504 ram,jam
753 1437 805 1490 in
830 1438 998 1508 gloria
1027 1437 1204 1494 Patris
1235 1441 1510 1511 regnantis
1535 1450 1588 1495 et
1619 1441 1671 1495 in
1701 1457 1832 1512 pace
1857 1457 2049 1512 perpe-

461 1534 554 1581 tua
593 1544 716 1581 cum
769 1529 974 1584 sanctis
1014 1531 1424 1601 triumphantis.
1468 1531 1704 1588 Devictis
1753 1533 1936 1602 itaque
1993 1540 2051 1587 ut

463 1616 632 1672 David
667 1620 936 1685 hostibus,
974 1621 1116 1676 sicut
1147 1621 1405 1678 Salomon
1439 1626 1697 1694 templum
1737 1624 2046 1690 aediﬁcavit,

462 1713 684 1782 quando
714 1714 906 1768 ultimo
928 1715 1138 1785 judicio
1165 1717 1438 1772 damnatis
1475 1718 1728 1773 hostibus
1753 1732 2046 1788 supernam

461 1801 803 1859 ﬂerusalem
857 1821 922 1860 rx
970 1807 1177 1878 angelis
1210 1817 1264 1862 et
1293 1809 1606 1865 hominibus
1658 1819 1718 1864 ut
1773 1810 2046 1865 civitatem

2159 619 2344 674 videt?
2384 619 2468 672 An
2498 619 2628 689 quia
2676 635 2872 674 sensus
2917 621 3114 674 anima:
3156 619 3381 690 quando
3419 633 3519 690 per
3546 634 3728 692 corpus

2152 711 2448 783 egreditur,
2481 711 2602 766 ideo
2641 710 2873 766 diversis
2897 711 3074 765 modis
3099 710 3351 780 percipit,
3382 710 3513 780 quia
3539 726 3629 781 per
3653 714 3727 768 dl-

2153 821 2310 860 vcrsa
2334 805 2697 859 instrumenta
2728 801 3073 874 percipit?Et
3101 802 3173 857 ob
3199 802 3306 858 hoc
3333 803 3586 872 quaedam
3610 805 3729 858 emi-

2153 911 2260 950 nus
2306 894 2602 949 constituta
2651 893 2923 964 corporali
2964 908 3129 948 sensu
3170 908 3279 945 non
3323 891 3577 961 percipit,
3617 895 3726 961 quia

2154 986 2221 1040 ad
2258 984 2606 1055 percipienda
2635 983 2723 1037 illa
2757 983 3182 1038 instrumentum
3205 980 3514 1050 corporalis
3552 996 3728 1037 sensus

2154 1091 2262 1130 non
2293 1074 2510 1130 sullicit.
2551 1073 2629 1128 lbi
2660 1073 2806 1128 enim
2861 1087 3058 1127 sensus
3110 1071 3315 1136 delicit,
3363 1070 3457 1124 ubi
3511 1071 3726 1140 amplius

2153 1167 2576 1223 instrumentum
2611 1181 2717 1221 non
2749 1163 2967 1220 sullicit.
3001 1162 3296 1234 Propterea
3323 1161 3399 1216 illi
3429 1177 3625 1216 sensus
3648 1163 3724 1232 qui

2153 1256 2474 1313 sullicientia
2507 1255 2868 1311 instrumenta
2901 1270 3098 1324 magna
3137 1253 3364 1317 habent,
3399 1251 3657 1320 majorem
3679 1252 3725 1306 in

2152 1349 2504 1422 percipiendo
2533 1349 2638 1403 vim
2667 1349 2889 1404 habent.
2918 1345 3126 1403 Oculus
3159 1346 3320 1416 longe
3351 1344 3533 1414 posita
3582 1343 3723 1410 videt,

2152 1451 2331 1498 tactus
2356 1457 2484 1496 vero
2508 1442 2710 1498 sentire
2735 1457 2842 1496 non
2881 1447 3079 1511 potest,
3116 1440 3221 1494 nisi
3257 1438 3575 1492 immediate
3610 1453 3724 1492 con-

2145 1535 2356 1606 juncta.
2389 1533 2446 1591 Si
2473 1535 2898 1590 instrumentum
2938 1531 3233 1603 tangendi?
3260 1546 3417 1601 teque
3445 1539 3505 1584 ut
3529 1530 3724 1586 videndi

2150 1627 2436 1698 perspicax
2467 1635 2633 1692 esset,
2661 1641 2819 1694 teque
2847 1634 3025 1680 tactus
3050 1635 3109 1678 ut
3145 1624 3300 1678 visus
3328 1623 3551 1677 eminus
3607 1636 3723 1676 con-

2144 1719 2333 1789 juncta
2365 1721 2684 1790 perciperet.
2712 1718 2853 1786 Quid
2882 1718 3044 1787 igitur
3071 1735 3084 1772 :
3119 1714 3221 1771 Ubi
3254 1716 3722 1770 instrumentorum

2149 1811 2439 1867 diversitas
2469 1812 2617 1866 nulla
2648 1812 2772 1877 erit,
2803 1827 2972 1881 quare
2995 1826 3102 1865 non
3131 1810 3312 1864 omnis
3341 1823 3542 1864 sensus
3563 1824 3725 1878 arquao

460 1897 736 1952 :edilicans
766 1899 1136 1968 congregabit.
1189 1899 1284 1954 Est
1329 1903 1446 1956 avis
1477 1901 1660 1970 perdix
1714 1912 2047 1973 nuncupata,
2085 1888 2125 1943 Β
2154 1904 2221 1958 lis
2251 1904 2379 1969 erit,
2421 1913 2480 1958 ut
2508 1903 2751 1959 vicissim
2783 1903 2852 1958 sit
2890 1903 2999 1957 illic
3028 1903 3212 1957 videre
3233 1902 3459 1972 quando
3503 1911 3722 1972 tangere,

463 2004 587 2060 qua:
625 1987 773 2043 fovet
818 2005 919 2044 ova
969 1990 1038 2044 ab
1085 1991 1190 2044 alia
1222 2007 1319 2046 ave
1348 1991 1548 2047 furata.
1579 1993 1874 2064 Postquam
1914 1995 2048 2064 pulli

460 2088 680 2145 exeunt,
733 2081 916 2136 audita
967 2096 1100 2137 voce
1141 2083 1332 2140 matris
1369 2086 1436 2138 ad
1473 2100 1596 2140 eam
1626 2087 1874 2142 redeunt.
1907 2086 2048 2141 Deus

458 2168 621 2226 Pater
650 2172 791 2227 duos
841 2173 1050 2243 primos
1103 2173 1353 2230 homines
1381 2176 1538 2245 quasi
1575 2177 1683 2230 duo
1715 2192 1816 2230 ova
1839 2177 1891 2231 in
1921 2177 2052 2232 nido

459 2264 700 2334 paradisi
733 2266 935 2335 posuit,
963 2282 1106 2337 quos
1133 2267 1323 2337 perdix
1362 2267 1632 2334 diabolus,
1663 2271 1904 2339 perditor
1931 2271 2051 2324 ani-

459 2372 701 2423 marum,
738 2357 949 2415 furatos
979 2359 1134 2425 fovit,
1174 2359 1302 2413 dum
1337 2361 1593 2417 seductos
1622 2378 1652 2415 a
1692 2361 1803 2416 Deo
1830 2378 2049 2416 omnem

457 2447 724 2502 malitiam
749 2448 954 2504 docuit.
999 2449 1101 2516 Qui
1132 2449 1199 2504 de
1231 2458 1365 2504 testa
1397 2461 1659 2506 exeuntes
1704 2452 1771 2506 ad
1818 2462 2048 2507 matrem

457 2539 666 2594 reversi
711 2549 859 2607 sunt,
906 2543 1126 2611 quando
1160 2542 1402 2597 tunicam
1445 2543 1652 2612 peccati
1688 2553 1950 2598 exeuntes
1980 2546 2048 2600 ad

458 2642 712 2699 matrem,
751 2632 958 2693 scilicet
1012 2632 1108 2689 Dei
1159 2634 1480 2706 sapientiam
1509 2634 1812 2701 Christum,
1869 2636 2048 2692 redie-

458 2734 610 2780 τυιιι.

715 2817 960 2883 ,SERMU
998 2818 1086 2873 DE
1117 2819 1356 2878 POENIS
1386 2820 1776 2878 ANIMARUM.

528 2906 762 2976 Quidam
800 2919 994 2981 putant
1022 2912 1238 2969 animas
1279 2915 1659 2985 corporalibus
1691 2913 1870 2986 plenis
1918 2930 2049 2969 cru-

457 2999 591 3056 ciari
622 3018 731 3056 nan
781 3019 942 3073 posse
998 3005 1103 3061 nisi
1147 3022 1243 3077 per
1273 3023 1499 3076 corpora
1530 3017 1584 3062 et
1618 3009 1671 3062 in
1727 3007 2050 3079 corporibus

457 3103 765 3150 manentes.
797 3094 1196 3169 Quapropter-a
1222 3099 1549 3170 corporibus
1587 3109 1786 3156 exutas
1811 3101 2052 3165 animas,

458 3183 639 3240 nullas
663 3185 801 3242 alias
826 3202 1017 3256 pwuas
1038 3189 1310 3244 sustinere
1338 3191 1586 3254 credunt,
1615 3191 1719 3246 nisi
1750 3206 1845 3246 eas
1871 3191 2048 3246 solum

457 3291 598 3347 quas
623 3279 962 3333 conscientia
990 3279 1137 3334 intus
1175 3282 1483 3336 accusatrix
1525 3283 1752 3353 irrogat.
1805 3282 1911 3338 Sed
1958 3299 2050 3338 ve-

460 3369 679 3424 rissima
706 3371 1032 3426 auctoritate
1060 3372 1201 3427 sacri
1231 3373 1435 3443 eloquii
1467 3382 1522 3429 ct
1543 3377 1826 3430 catholiete
1849 3376 2053 3431 verita-

457 3461 530 3516 tis
557 3461 873 3518 testitnonio
897 3464 1163 3534 probatur
1191 3466 1463 3535 corporali
1505 3475 1560 3520 et
1613 3467 1875 3522 materiali
1929 3468 2052 3539 igne

458 3555 675 3610 animas
723 3555 887 3610 etiam
937 3571 1084 3611 nunc
1143 3565 1269 3610 ante
1311 3557 1714 3628 susceptionem
1757 3576 2049 3630 corporum

460 3644 718 3699 crucia-ri.
785 3643 842 3698 Si
897 3645 1043 3699 enim
1089 3645 1451 3710 daemonibus,
1503 3647 1596 3718 qui
1652 3658 1780 3704 sunt
1825 3651 2052 3720 spiritus

458 3737 798 3806 corporales,
848 3737 992 3808 ignis
1026 3747 1363 3808 praeparatus
1419 3739 1640 3807 dicitur,
1666 3742 1804 3812 quid
1848 3741 2049 3797 mirum

457 3837 542 3885 est
565 3829 612 3882 si
643 3829 841 3884 anima:
867 3845 897 3885 a
929 3830 1254 3899 corporibus
1274 3841 1452 3886 exuta:
1472 3834 1744 3902 corporali
1774 3834 1896 3904 igne
1925 3850 2052 3888 cru-

457 3919 679 3977 cientur
701 3919 730 3974 ι
752 3917 857 3976 Sed
892 3921 1188 3991 quomodo,
1223 3921 1496 3993 inquiunt,
1527 3925 1724 3980 aninue
1775 3925 1894 3980 sine
1923 3942 2048 3981 cor-

457 4017 687 4088 poribus
711 4033 743 4072 a
773 4018 937 4074 rebus
965 4019 1341 4089 corporalibus
1369 4022 1478 4091 pati
1521 4022 1787 4092 possunt?
1807 4021 1940 4078 Ecce
1966 4023 2050 4077 di--

459 4125 652 4166 camus
685 4129 704 4165 τ
732 4109 1020 4168 Nescimus
1043 4113 1322 4183 quomodo
1346 4113 1397 4168 id
1429 4113 1543 4168 lieri
1569 4115 1760 4184 possit.
1790 4112 2048 4184 Nunquid

460 4202 585 4258 ideo
607 4219 795 4259 verum
845 4221 954 4261 non
1007 4216 1111 4273 est,
1137 4207 1265 4278 quia
1306 4223 1408 4264 nos
1443 4209 1722 4264 nescimus
1769 4209 2050 4280 quomodo

457 4294 584 4350 est?
611 4293 814 4350 Tamen
839 4296 969 4366 quid
1001 4297 1224 4364 mirum,
1273 4299 1318 4353 si
1379 4301 1576 4354 anima:
1621 4309 1772 4354 extra
1817 4315 2047 4370 corpora

460 4387 784 4456 pati-untur?-
818 4389 862 4442 si
893 4388 1163 4444 laeduntur
1197 4390 1326 4444 dum
1381 4392 1664 4445 czednntur
1696 4391 1918 4457 induttc,
1949 4409 2056 4448 cur»

461 4491 571 4531 non
596 4477 860 4533 laedantur
891 4479 934 4533 si
968 4479 1246 4534 cmdantur
1276 4489 1453 4536 exuta:
1476 4481 1506 4535 ?-
1541 4481 1596 4536 Si
1629 4482 1764 4537 allici
1795 4491 2045 4554 possunt,

2153 2008 2375 2067 tangere
2390 1997 2610 2067 quando
2629 1997 2845 2051 dolere?
2864 1995 2972 2051 lloc
2998 2005 3176 2050 tamen
3197 1995 3422 2049 nonnisi
3445 1994 3513 2048 de
3540 1995 3636 2048 illis
3651 1995 3722 2048 in-

2153 2087 2498 2158 telligendum
2513 2096 2731 2158 estquae
2750 2088 2949 2143 idcirco
2974 2103 3002 2142 a
3031 2090 3321 2142 tormentis
3334 2087 3472 2141 allici
3497 2099 3720 2157 possunt,

2152 2179 2280 2248 quia
2313 2178 2438 2232 hinc
2465 2187 2728 2232 exeuntes
2755 2179 2807 2232 in
2853 2179 3207 2249 corruptione
3239 2179 3502 2233 vitiorum
3561 2195 3722 2235 secum

2151 2268 2566 2338 possibilitatem
2592 2268 2790 2322 lerunt.
2813 2267 2937 2324 Βίης
2956 2279 3134 2323 tamen
3151 2269 3282 2339 quia
3304 2285 3530 2324 sensum
3556 2272 3724 2325 anima:

2151 2360 2368 2414 eminus
2400 2360 2535 2414 allici
2561 2359 2825 2426 diximus,
2862 2360 3065 2415 idcirco
3096 2361 3238 2414 inter
3266 2375 3462 2430 pmnas
3497 2377 3723 2431 corpora-

2151 2445 2231 2502 les
2261 2455 2315 2500 et
2364 2448 2536 2516 ipsam
2565 2447 2829 2512 animam,
2862 2447 3021 2517 quasi
3053 2446 3237 2516 aliqua
3268 2446 3521 2502 locorum
3573 2449 3720 2518 spatia

2152 2537 2508 2600 collocamus.
2537 2539 2666 2608 quia
2697 2540 2814 2610 ipsa
2845 2555 2971 2608 qua:
2997 2539 3049 2592 in
3077 2539 3163 2593 sui
3189 2549 3450 2593 naturam
3489 2541 3629 2593 nulla
3650 2541 3718 2594 di-

2151 2629 2436 2685 mensione
2471 2630 2732 2695 tenditur,
2783 2631 3098 2701 ubicunque
3131 2648 3378 2703 praesens
3427 2640 3511 2686 est
3559 2647 3718 2696 sensu,

2150 2737 2248 2793 per
2279 2722 2629 2792 semetipsam
2665 2723 2830 2776 etiam
2857 2739 3097 2793 przesens
3139 2740 3264 2780 esse
3293 2725 3574 2795 probatur.
3601 2723 3720 2790 Quia

2150 2831 2260 2870 non
2293 2816 2345 2869 in
2380 2816 2496 2885 ipsa
2534 2815 2687 2870 locus
2713 2825 2945 2882 nonest,
2977 2817 3121 2871 inter
3140 2816 3315 2887 ipsam
3339 2828 3391 2871 et
3419 2817 3589 2870 locum
3615 2816 3719 2869 uul-

2151 2908 2237 2965 lus
2262 2917 2344 2964 est
2372 2908 2546 2964 locus.
2596 2907 2723 2964 llaec
2780 2917 2960 2963 tamen
3022 2909 3231 2975 omnia,
3257 2909 3417 2979 quia,
3449 2919 3508 2962 ut
3535 2909 3716 2962 dictum

2149 3011 2255 3069 est,
2286 3002 2496 3056 ratione
2531 3003 2769 3056 humana
2803 3002 3120 3073 investigari
3155 3017 3265 3056 non
3291 3010 3542 3072 possunt.
3569 3001 3618 3054 in
3645 2999 3724 3054 his

2157 3103 2396 3149 mentem
2465 3093 2765 3149 solidemus
2803 3110 2926 3164 qua:
2979 3093 3114 3148 ﬁdes
3165 3108 3277 3148 non
3320 3093 3478 3147 dubia
3519 3093 3720 3162 probat,

2153 3185 2282 3256 quia
2311 3184 2520 3240 scilicet
2566 3184 2895 3254 peccatriees
2945 3184 3163 3249 animae,
3195 3199 3320 3253 quae
3370 3181 3574 3250 culpam
3621 3196 3726 3235 non

2153 3284 2510 3331 correxerunt
2537 3275 2590 3328 in
2624 3275 2726 3330 hac
2755 3276 2887 3338 vita,
2921 3289 3138 3344 paruam
3187 3274 3394 3328 habent
3435 3282 3553 3342 post
3596 3271 3724 3326 hanc

2151 3371 2343 3431 vitam,
2369 3387 2494 3440 qua:
2521 3370 2646 3424 licet
2669 3369 2907 3439 qualiter
2933 3369 3002 3422 ab
3027 3368 3135 3422 illis
3183 3369 3472 3429 sentiatur.
3519 3384 3548 3422 a
3582 3367 3724 3422 nobis

2152 3463 2508 3534 intelligatur,
2552 3462 2698 3534 quod
2741 3462 2952 3532 justum
2982 3470 3087 3528 est,
3111 3477 3211 3516 cur
3241 3477 3350 3516 non
3408 3462 3530 3516 ideo
3560 3459 3723 3515 minus

2152 3555 2221 3609 ab
2251 3554 2356 3609 illis
2380 3553 2674 3620 sentiatur,
2707 3553 2961 3624 quamvis
2987 3567 3017 3606 a
3047 3550 3208 3606 nobis
3243 3565 3352 3604 non
3390 3551 3721 3618 intelligatur.

2151 3646 2298 3702 Nihil
2340 3648 2510 3703 etnim
2559 3646 2726 3702 refert
2773 3662 2804 3700 a
2846 3645 3050 3716 quibus
3106 3644 3273 3698 rebus
3325 3641 3722 3713 patiantur,sed

2151 3749 2418 3810 quantum
2450 3740 2747 3809 patiantur,
2785 3739 2913 3809 quia
2969 3737 3052 3791 vis
3088 3735 3299 3790 doloris
3355 3752 3466 3790 non
3526 3737 3578 3790 in
3627 3745 3726 3789 tor-

2151 3841 2355 3896 mento,
2395 3831 2489 3886 sed
2518 3831 2570 3884 in
2600 3847 2763 3886 sensu
2803 3830 3063 3900 patientis
3087 3830 3366 3887 consistit.
3397 3828 3538 3895 Quid
3594 3829 3721 3882 enim

2149 3923 2454 3994 prodesset,
2486 3922 2532 3978 si
2581 3921 2716 3977 loris
2749 3923 3099 3978 cruciatnum
3130 3923 3363 3978 materia
3411 3923 3640 3985 abesset,
3679 3927 3727 3972 et

2151 4013 2472 4084 patientium
2499 4021 2678 4068 tamen
2703 4013 2860 4068 dolor
2883 4023 3172 4084 propterea
3201 4013 3385 4068 minor
3411 4029 3518 4066 non
3561 4009 3727 4066 esset?

2154 4104 2359 4176 thuid
2417 4106 2596 4177 ignem
2632 4120 2696 4161 ac
2727 4105 3001 4160 ﬂammam
3047 4111 3227 4170 times,
3248 4106 3352 4160 nisi
3391 4107 3520 4177 quia
3559 4103 3640 4158 uri
3663 4102 3726 4156 ti-

2151 4199 2306 4254 mes"
2335 4197 2391 4252 Si
2422 4199 2644 4253 vulnera
2678 4208 2732 4254 et
2757 4200 2926 4270 plaga:
2959 4213 3067 4253 neu
3099 4200 3371 4263 dolerent,
3399 4198 3526 4269 quis
3565 4210 3723 4259 arma,

2150 4301 2244 4346 aut
2277 4291 2378 4345 tela
2409 4291 2656 4346 timeret?
2677 4289 2811 4345 Vide
2841 4307 2992 4362 ergo,
3031 4291 3158 4362 quia
3191 4292 3376 4345 omnia
3418 4291 3534 4344 haec
3561 4305 3590 4343 a
3615 4287 3726 4359 qni-

2150 4384 2253 4439 bus
2269 4384 2424 4438 dolor
2443 4399 2564 4440 esse
2593 4393 2894 4454 potestnon
2930 4385 3210 4450 timentur,
3245 4384 3351 4438 nisi
3390 4393 3611 4454 propter
3642 4382 3727 4434 do-

2150 4477 2343 4532 lorem.
2370 4476 2522 4532 Tolle
2541 4493 2762 4533 sensum
2800 4478 3028 4543 doloris,
3079 4494 3186 4532 non
3235 4488 3319 4533 est
3349 4477 3500 4548 quod
3531 4479 3725 4531 timeas.

461 4567 684 4638 quando
706 4567 848 4624 inter
876 4569 1023 4639 ipsas
1054 4578 1108 4624 et
1135 4570 1268 4624 illud
1317 4587 1348 4626 a
1395 4587 1507 4642 quo
1553 4573 1883 4640 allieiuntur,
1932 4589 2047 4628 me-
2077 4594 2124 4651 υ
2149 4569 2371 4625 Poterat
2397 4585 2527 4642 ergo
2558 4569 2702 4626 Deus
2727 4572 2890 4626 etiam
2917 4572 3036 4625 sine
3058 4571 3344 4625 elementis
3372 4570 3731 4624 materialibus

461 4660 612 4715 dium
641 4671 724 4716 est
769 4661 899 4716 illud
953 4677 1048 4732 per
1091 4663 1236 4732 quod
1283 4664 1610 4731 alliciuntur,
1649 4681 1826 4720 nonne
1854 4666 2049 4735 proba-

460 4750 569 4806 bile
617 4752 854 4806 omnino.
895 4761 996 4818 est,
1047 4754 1218 4808 multo
1273 4755 1446 4824 magis
1494 4771 1589 4812 eas
1628 4756 1767 4811 allici
1816 4756 2046 4824 debere,

461 4843 682 4913 quando
697 4844 771 4898 illi
790 4860 818 4898 a
833 4860 943 4916 quo
958 4845 1594 4904 adiciuntur-immediate
1607 4850 2009 4923 conjungantur
2025 4853 2050 4906 ’ἓ

463 4931 670 4989 Tamen
703 4938 806 4992 hoc
835 4937 1037 5007 ubique
1079 4940 1438 5009 quaerendum
1486 4957 1592 4996 non
1645 4951 1749 5009 est,
1796 4954 1852 4998 ut
1901 4944 2047 5014 quod

464 5026 688 5081 credere
717 5027 997 5096 jubemur,
1033 5041 1218 5086 nostra
1257 5048 1471 5103 semper
1520 5035 1741 5090 ratione
1804 5037 2048 5091 discute-

463 5133 526 5176 re
567 5133 849 5174 conemur.
902 5119 1180 5192 Scriptura
1237 5135 1425 5181 saneta
1473 5129 1732 5198 magistra
1779 5129 1902 5185 ﬁdei
1949 5147 2049 5186 no-

465 5209 594 5266 stra:
624 5211 729 5266 hoc
759 5211 920 5267 nobis
959 5213 1089 5270 dicit
1125 5233 1136 5268 :
1167 5215 1323 5283 Quod
1356 5228 1538 5274 autem
1583 5220 1706 5290 plus
1725 5221 2046 5292 quaerimus,

466 5306 854 5377 suscipiamus,
879 5323 993 5364 non
1017 5312 1478 5367 contradieamus.

458 5475 470 5486 .
536 5397 737 5456 Beatus
782 5399 1082 5472 Gregorius
1133 5403 1266 5459 dicit
1292 5405 1420 5475 quia
1471 5405 1526 5460 in
1575 5421 1640 5460 eo
1683 5407 1868 5462 ardent
1899 5406 2046 5478 quod

462 5503 526 5547 se
553 5493 811 5549 ardentes
833 5494 1038 5551 vident.
1073 5494 1216 5563 Quid
1246 5496 1349 5551 sibi
1387 5497 1502 5551 vult
1532 5498 1732 5568 putatis
1765 5499 1868 5556 hoc
1901 5500 2047 5570 quod

465 5582 619 5650 dicit,
654 5586 783 5656 quia
811 5587 1010 5644 animo:
1035 5588 1088 5643 in
1121 5603 1188 5644 eo
1219 5588 1339 5660 ipso
1367 5589 1559 5644 ardent
1583 5591 1730 5661 quod
1767 5607 1927 5646 suum
1959 5607 2050 5646 ar-

464 5675 654 5733 dorem
684 5678 908 5734 vident?
935 5680 994 5736 In
1025 5681 1190 5738 rebus
1221 5683 1600 5753 corporalibus
1631 5683 1704 5738 ita
1726 5701 1833 5740 non
1860 5695 1964 5750 est,
1991 5693 2050 5741 ut

465 5769 716 5825 ardorem
750 5772 951 5828 sentiat
985 5774 1301 5845 quicunque
1337 5775 1514 5846 ignem
1531 5776 1895 5846 conspicatur.
1919 5777 2052 5846 Quas

468 5866 554 5914 est
577 5873 708 5933 ergo
730 5860 872 5918 visio
894 5863 988 5920 illa
1011 5863 1210 5922 aliimte
1237 5880 1361 5938 quae
1391 5863 1555 5925 sentit
1590 5880 1755 5923 omne
1782 5869 1929 5938 quod
1970 5869 2049 5926 vi-

2153 4664 2442 4719 animabus
2477 4663 2792 4720 eruciandis
2824 4679 3045 4720 sensum
3090 4664 3299 4718 doloris
3340 4665 3494 4728 dare,
3533 4663 3628 4718 sed
3654 4662 3728 4715 di-

2153 4773 2320 4830 gnum
2351 4765 2434 4812 est
2458 4756 2589 4810 utin
2620 4756 2701 4810 cis
2731 4757 3032 4826 puniantur
3062 4756 3113 4809 in
3142 4756 3345 4825 quibus
3359 4761 3728 4826 peccaverunt,

2152 4850 2305 4921 prius
2341 4849 2561 4918 quidem
2595 4848 2714 4904 sine
2744 4849 3090 4919 corporibus,
3133 4848 3276 4903 sicut
3331 4848 3384 4901 in
3440 4848 3575 4916 ipsis
3617 4860 3730 4916 per.

2151 4956 2306 4997 verse
2335 4949 2464 4996 sunt
2492 4940 2791 5006 delectatae,
2821 4952 3012 5010 postea
3041 4956 3170 4996 vero
3191 4941 3244 4994 in
3270 4941 3620 5010 corporibus,
3638 4938 3740 4992 sies

2151 5042 2212 5088 ut
2257 5033 2312 5087 in
2360 5033 2496 5103 ipsis
2544 5049 2666 5102 qua:
2699 5049 2793 5102 per
2823 5048 3054 5103 corpora
3091 5033 3276 5103 inique
3302 5039 3433 5088 sum
3481 5039 3731 5102 Operatze.

2443 5122 2676 5179 SERMO
2705 5123 2792 5177 DE
2824 5122 3021 5178 LOCIS
3044 5121 3434 5179 PtENARUM.

2223 5215 2379 5271 Sicut
2401 5214 2782 5285 peccatoribus
2805 5215 3116 5269 cruciandis
3141 5213 3289 5269 Deus
3325 5228 3516 5283 prunas
3549 5223 3738 5277 corpo-

2150 5311 2294 5366 rales
2322 5309 2664 5380 przeparavit,
2690 5308 2762 5362 ita
2799 5309 2962 5362 etiam
2996 5307 3060 5361 ad
3086 5308 3232 5377 ipsas
3259 5322 3451 5376 paruas
3481 5318 3742 5373 corpora.

2152 5402 2252 5468 les,
2280 5403 2397 5456 loca
2425 5401 2736 5471 corporalia
2764 5399 3032 5454 distinxit.
3075 5399 3218 5465 Quia
3249 5400 3397 5453 enim
3441 5413 3574 5469 quae
3609 5395 3739 5449 loris

2153 5500 2279 5547 sunt
2307 5507 2468 5562 epera
2506 5492 2646 5561 ejus,
2675 5506 2782 5546 non
2811 5491 2988 5546 solum
3021 5491 3410 5556 instrumenta,
3435 5490 3528 5546 sed
3578 5489 3741 5544 etiam

2151 5585 2479 5641 documenta
2530 5599 2722 5642 eorum
2781 5601 2901 5641 esse
2954 5585 3153 5640 debent
3210 5599 3334 5654 quae
3395 5582 3744 5638 invisibiliter

2153 5685 2431 5748 operatur,
2458 5675 2661 5732 idcirco
2701 5677 3080 5742 corporalibus
3125 5675 3287 5729 etiam
3339 5675 3496 5738 locis,
3531 5683 3591 5726 et
3633 5683 3745 5726 tor-

2154 5778 2335 5826 menta
2359 5767 2652 5839 impiorum
2704 5777 2760 5824 et
2803 5767 2998 5841 gaudia
3045 5767 3322 5839 justorum
3347 5764 3627 5822 distinxit.
3663 5762 3745 5816 ln—

2160 5864 2350 5924 l‘ernus
2375 5862 2558 5936 itaque
2605 5862 2904 5936 appellatur
2949 5879 3014 5921 eo
3069 5861 3215 5930 quod
3255 5859 3405 5948 inira
3431 5861 3517 5919 sit.
3590 5858 3755 5917 Sicut.
