3948 6448
241 390 361 448 1013

1115 376 1687 441 DEFLORATIONES
1726 381 1828 439 SS.
1869 380 2176 438 PATBUM.
2219 411 2286 422 -—-
2327 379 2458 436 LIB.
2503 378 2567 435 ll.

3326 364 3460 440 icit

232 507 357 565 enim
391 498 683 558 secundum
711 511 927 568 corpus,
950 496 996 553 si
1038 496 1292 568 ponderis
1312 498 1399 553 sui
1422 499 1671 555 ordinem
1703 509 1781 555 te-
1810 502 1855 558 Α
1881 499 2078 555 futui-te
2128 499 2499 555 damnationis
2534 499 3010 572 constringuntur,
3047 509 3118 557 ειη
3158 502 3458 559 secundum

233 603 391 661 aeaut,
413 590 666 648 inferiora
694 600 817 647 sunt
843 590 1027 645 omnia
1067 590 1337 661 graviora,
1372 590 1445 646 ita
1468 590 1771 647 secundum

227 685 452 757 spiritum
495 679 753 735 inferiora
811 687 937 734 sunt
982 679 1165 734 omnia
1209 681 1472 736 tristiora.
1525 680 1675 738 Unde
1719 690 1773 737 et

227 777 396 837 Greca
419 773 598 843 lingua
627 770 780 841 origo
806 771 1045 826 nominis
1072 773 1372 843 appellatur
1394 772 1663 840 infernus,
1703 789 1770 829 ex

220 879 280 924 eo
317 862 453 936 quod
478 859 633 914 'nihil
664 874 828 915 suave
867 860 1084 928 habeat,
1118 878 1378 918 resonare
1425 864 1764 934 perhibetur.

223 956 359 1012 Sicut
383 961 553 1008 autem
582 966 680 1007 cor
714 951 967 1007 animalis
1007 953 1061 1008 in
1107 955 1287 1010 medio
1318 954 1438 1025 ejus
1481 965 1585 1022 est,
1616 957 1688 1011 ita
1714 966 1769 1011 et

213 1046 441 1103 infernus
480 1044 531 1098 in
559 1043 738 1100 medio
788 1052 948 1100 terrae
977 1060 1099 1102 esse
1149 1046 1482 1116 perhibetur.
1513 1045 1764 1104 lufernus

214 1136 456 1209 siquidem
485 1135 635 1191 locus
656 1145 741 1191 est
766 1145 1188 1204 tormentorum,
1227 1139 1426 1195 coelum
1487 1148 1571 1197 est
1609 1140 1765 1197 locus

209 1229 530 1302 gaudiorum.
560 1224 703 1281 Bene
736 1228 937 1282 etenim
980 1227 1137 1285 locus
1164 1237 1564 1286 tormentorum
1603 1232 1766 1288 deor-

208 1337 316 1379 sum
343 1327 441 1386 est,
462 1327 516 1373 et
538 1318 690 1373 locus
714 1318 1038 1390 gaudiorum
1082 1337 1325 1390 sursum,
1357 1323 1485 1394 quia
1510 1333 1564 1379 et
1604 1324 1763 1394 culpa

204 1415 438 1470 deorsum
486 1411 701 1481 premit,
751 1420 805 1467 ct
829 1412 1044 1484 justitia
1092 1431 1312 1471 sursum
1360 1418 1619 1472 sustollit.
1649 1417 1763 1473 Ma-

203 1505 615 1560 ximatormenta
638 1502 817 1558 locum
842 1504 897 1559 in
930 1506 1041 1561 imo
1081 1506 1305 1575 habent,
1341 1510 1581 1564 maxima
1622 1525 1760 1581 gau-

200 1595 278 1651 dia
299 1595 349 1649 iu
378 1608 609 1650 summo.
632 1592 806 1650 Media
839 1605 1020 1652 autem
1053 1597 1196 1654 bona
1234 1607 1290 1654 et
1311 1600 1450 1655 mala
1480 1601 1533 1655 in
1557 1601 1757 1671 medio,

200 1686 293 1742 hoc
316 1694 393 1741 est
432 1685 487 1739 in
510 1684 614 1740 hoc
643 1687 855 1741 mundo
879 1688 1050 1744 mixta
1089 1700 1237 1746 sunt.
1265 1690 1473 1747 Dicitur
1508 1691 1759 1749 inlernus

198 1777 403 1834 inferior
450 1792 570 1834 esse
619 1778 773 1834 locus
811 1780 865 1834 in
908 1780 1020 1837 imo
1057 1790 1215 1841 terra:
1245 1826 1260 1853 ,
1319 1786 1755 1842 damnandorum

201 1870 363 1940 pcenis
412 1882 766 1939 praeparatus.
819 1869 895 1927 De
923 1888 1033 1943 quo
1065 1882 1244 1930 tamen
1277 1877 1502 1933 omnino
1547 1886 1756 1933 certum

1791 1840 1832 1899 Β

1876 590 2084 660 aliquid
2142 589 2305 646 soluti
2344 600 2496 657 sunt,
2554 588 2902 660 inquantmn,
2959 590 3166 647 scilicet
3210 592 3488 656 heruiuea.

1872 681 1939 735 ad
1965 679 2253 736 teutandos
2276 681 2578 738 secundum
2602 682 2950 738 moderamen
3000 682 3197 739 divirne
3240 685 3462 755 dispen-

1872 771 2105 828 sationis
2134 772 2205 827 ab
2248 772 2358 828 illis
2394 773 2614 827 interim
2647 774 2902 829 maximis
2931 774 3192 845 gehenna:
3216 783 3461 830 tormen-

1871 862 1944 918 tis
1997 863 2186 930 laxati,
2218 879 2414 919 vacare
2468 863 2875 934 permittuntur.
2911 860 2987 919 De
3015 864 3228 919 inferno
3274 874 3458 921 autem

1869 957 1962 1012 ubi
2011 958 2154 1029 ignis
2212 958 2301 1013 ille
2335 966 2570 1014 aeternus
2617 967 2951 1028 praeparatus
3005 967 3089 1013 est
3122 957 3455 1026 cruciandis,

1872 1049 2066 1104 beatus
2087 1047 2383 1121 Gregorius
2411 1048 2465 1103 iu
2520 1048 2617 1104 lib.
2653 1046 3001 1119 Dialogorum
3052 1057 3280 1106 testatur
3309 1068 3321 1105 :
3350 1049 3459 1105 hoc

1867 1137 2219 1195 verisimilius
2266 1138 2526 1208 judicari,
2577 1146 2638 1193 ut
2673 1138 2814 1194 sicut
2841 1139 3103 1209 diximus,
3154 1141 3260 1198 sub
3312 1150 3454 1197 terra

1864 1245 1986 1285 esse
2032 1231 2307 1298 credatur,
2337 1239 2557 1302 propter
2580 1229 2917 1300 Scripturam
2946 1246 3071 1303 qua:
3106 1228 3238 1288 dicit
3268 1248 3367 1287 nec
3397 1232 3454 1289 in

1864 1323 2026 1389 cmlo,
2048 1338 2151 1378 nec
2177 1323 2232 1377 in
2262 1333 2426 1387 terra,
2473 1337 2575 1378 nec
2621 1321 2726 1377 sub
2751 1330 2895 1376 terra
2927 1322 3207 1377 inventum
3253 1323 3348 1392 qui
3389 1322 3455 1376 li-

1863 1414 2024 1470 brum
2056 1413 2332 1484 signatum
2356 1414 2570 1484 aperire
2608 1412 2898 1483 potuisset.
2919 1410 3098 1479 Quaeri
3126 1422 3307 1468 autem
3341 1428 3455 1470 non

1864 1504 2309 1560 inconvenienter
2330 1511 2527 1573 potest,
2552 1512 2735 1559 utrum
2767 1504 2965 1557 animze
2992 1503 3451 1574 damnaudorum,

1861 1611 2052 1653 eorum
2076 1596 2285 1652 scilicet
2309 1596 2403 1668 qui
2445 1595 2515 1651 ab
2541 1596 2724 1666 impiis
2752 1604 2808 1650 et
2841 1596 3279 1653 sceleratissimis
3309 1611 3453 1668 qua-

1860 1687 1984 1744 dam
2022 1688 2236 1743 vivendi
2265 1703 2525 1744 mensura
2574 1687 2629 1742 in
2659 1687 2861 1742 malitia
2892 1686 3180 1743 inferiores
3205 1687 3450 1758 fuerunt,

1860 1796 2094 1852 egressa:
2142 1795 2173 1834 a
2232 1778 2560 1850 corporibus
2598 1780 2781 1834 statim
2821 1780 2887 1834 ad
2939 1779 3138 1835 inferni
3195 1780 3311 1837 loca
3360 1798 3454 1851 ra-

1860 1873 2096 1943 piuntur,
2139 1872 2253 1929 sive
2303 1872 2359 1925 in
2397 1871 2521 1926 aliis
2568 1871 2896 1942 quibusdam
2939 1872 3074 1928 locis
3115 1873 3447 1942 poenalibus,

196 1975 293 2016 non
318 1968 416 2025 est,
440 1960 495 2014 in
523 1975 630 2029 qua
680 1971 835 2032 parte
881 1963 1023 2035 ejus,
1056 1965 1108 2020 id
1135 1975 1218 2022 est
1243 1976 1425 2024 utrum
1454 1970 1594 2025 intra
1624 1986 1757 2026 con-
1860 1965 2162 2019 secundum
2187 1963 2456 2019 occultam
2486 1963 2951 2033 dispensationem
3002 1963 3070 2017 ab
3095 1964 3201 2018 illis
3232 1966 3464 2035 gravio—.

194 2053 464 2108 caritatem
519 2053 669 2111 illius
702 2097 718 2122 ,
770 2056 886 2112 sive
946 2058 1289 2117 extrinsecus
1330 2062 1385 2116 in
1432 2062 1614 2132 aliqua
1665 2079 1753 2119 re-

193 2141 339 2214 g'one
361 2143 597 2199 ambitus
640 2144 816 2215 ipsius
845 2147 1145 2218 dispositus
1171 2149 1262 2215 sit,
1293 2152 1543 2221 quamvis
1574 2160 1752 2208 tamen

190 2234 522 2291 verisimilius
549 2236 796 2293 videatur
831 2257 845 2295 :
880 2239 1020 2295 infra
1050 2251 1251 2298 terram
1277 2243 1436 2314 quasi
1477 2259 1751 2300 carcerem

189 2330 479 2400 quemdam,
509 2337 565 2385 et
588 2331 671 2387 vel
696 2341 754 2387 ut
780 2335 1114 2403 ergastulum
1145 2337 1491 2392 tenebrarum
1521 2338 1754 2395 colloca-

195 2429 293 2475 tur.
318 2421 371 2475 ln
398 2421 500 2477 hoc
530 2420 750 2479 inferno
801 2425 998 2481 debent
1024 2426 1522 2500 inexstinguihilem
1546 2428 1750 2501 ignem,

188 2523 238 2570 et
260 2513 345 2583 qui
369 2520 426 2568 ut
455 2528 676 2584 semper
717 2515 923 2584 ardeat,
960 2517 1299 2573 nutrimento
1348 2535 1457 2576 non
1497 2529 1637 2591 eget,
1682 2521 1752 2577 ab

188 2600 329 2659 initio
348 2605 536 2661 mundi
565 2606 909 2665 dremonibus
924 2609 1256 2665 teterualiter
1275 2611 1590 2667 cruciaudis
1613 2628 1751 2682 prte-

192 2703 449 2764 paratum.
480 2695 541 2752 ln
585 2714 701 2770 quo
723 2700 932 2757 scilicet
953 2701 1098 2775 igne,
1126 2703 1288 2759 etiam
1314 2704 1567 2760 homines
1591 2706 1745 2760 mali-

187 2786 268 2857 gni
289 2802 406 2844 cum
430 2789 780 2850 dmmouibus
816 2802 1075 2851 aeternam
1114 2810 1331 2867 poenam
1359 2799 1575 2867 passuri
1599 2806 1746 2867 sunt,

182 2878 295 2948 quia
320 2879 476 2937 eisin
505 2882 614 2939 hac
638 2884 745 2940 vita
770 2887 985 2957 positis,
1005 2887 1071 2943 ad
1098 2888 1312 2960 culpam
1328 2900 1746 2949 consenserunt.

178 2970 249 3026 Ad
264 2972 403 3030 hunc
425 2974 710 3032 infernum
752 2979 950 3036 animae
990 2982 1405 3051 sceleratorum,
1431 2999 1463 3039 a
1492 2985 1748 3055 corpori-

173 3061 264 3120 bus
288 3079 538 3137 egressae,
582 3070 765 3125 statim
814 3071 1019 3127 retrudi
1074 3073 1435 3130 aestimantur.
1469 3073 1561 3131 Sic
1584 3090 1749 3132 econ-

170 3167 312 3213 verso
344 3157 727 3258 perfectorum
778 3171 833 3218 et
870 3163 1146 3234 justorum
1185 3175 1239 3221 et
1262 3166 1358 3237 qui
1382 3167 1451 3222 ab
1502 3167 1606 3224 hac
1637 3169 1746 3224 vita
1774 3200 1816 3258 ο

168 3231 364 3316 purgati
389 3258 628 3315 exeunt,
651 3250 770 3307 sine
803 3231 954 3308 mora
979 3254 1045 3309 ad
1068 3231 1296 3321 coelum,
1327 3256 1420 3313 ubi
1444 3258 1745 3316 secundum

168 3333 553 3397 humanitatem
584 3357 742 3401 suam
768 3343 929 3400 Iesus
954 3346 1210 3403 Christus
1251 3348 1305 3402 in
1331 3349 1520 3406 dextra
1544 3349 1742 3419 Patris,

167 3429 301 3485 sedet
326 3431 384 3485 in
406 3433 623 3505 gloria,
646 3436 912 3492 continuo
935 3438 1130 3493 deduci
1159 3440 1475 3510 creduntur,
1508 3443 1588 3499 sic
1610 3446 1745 3499 scri-

160 3529 296 3590 ptum
320 3532 403 3581 est
430 3543 445 3581 :
484 3544 504 3580 ι
538 3524 879 3601 Ubicunque
909 3530 1076 3586 fuerit
1106 3547 1332 3604 corpus,
1363 3534 1495 3591 illuc
1516 3551 1746 3610 congre-

159 3612 414 3682 gabantur
443 3633 554 3689 aqu
578 3619 661 3674 ila:
692 3619 912 3691 (Matth.
938 3623 1111 3693 XXIV).
1139 3643 1157 3675 ι

216 3701 307 3761 Est
326 3716 512 3764 autem
543 3711 666 3766 alia
693 3726 853 3781 pmua
878 3724 1001 3784 post
1023 3726 1255 3771 mortem
1280 3734 1403 3788 quae
1428 3722 1745 3792 purgatoria

155 3792 359 3879 dicitur,
387 3798 446 3855 in
487 3815 618 3871 qua
658 3801 715 3856 hi
743 3802 837 3872 qui
883 3804 953 3858 ab
980 3804 1083 3860 hac
1113 3807 1223 3861 vita
1249 3823 1374 3863 cum
1414 3810 1743 3881 quibusdam

150 3884 329 3957 culpis,
352 3889 499 3961 justi
560 3900 777 3961 tamen,
821 3902 873 3948 et
920 3895 988 3951 ad
1017 3896 1183 3952 vitam
1233 3899 1603 3968 praedestinati
1630 3902 1746 3957 exi-

148 3991 353 4049 verunt,
387 3985 458 4039 ad
491 3993 726 4055 tempus
759 3986 1077 4045 cruciantur
1107 3999 1166 4046 ut
1194 4002 1515 4064 purgentur.
1535 3993 1745 4061 Quibus

144 4069 288 4130 locus
311 4078 550 4132 omnino
607 4094 718 4134 non
744 4088 830 4136 est
852 4080 1267 4151 determinatus,
1305 4086 1411 4141 nisi
1443 4088 1572 4157 quia
1598 4088 1743 4147 mul-

145 4166 209 4223 tis
230 4170 499 4240 exemplis
551 4178 619 4227 et
648 4173 1074 4230 revelationibus
1127 4177 1435 4233 animarum
1485 4179 1540 4233 in
1597 4180 1745 4250 ejus-

142 4257 280 4313 modi
306 4274 478 4330 paena
517 4260 839 4331 positarum
873 4281 886 4317 :
918 4278 1063 4334 εωρο
1085 4265 1347 4321 nimirum
1374 4276 1741 4324 monstratum

140 4356 218 4400 est
243 4348 296 4401 in
322 4349 431 4406 hoc
460 4350 688 4405 mundo
714 4365 821 4405 non
840 4352 1082 4407 exerceri
1111 4354 1221 4408 illa.
1252 4352 1318 4409 Et
1339 4353 1592 4412 fortassis
1614 4372 1743 4427 pro-

143 4434 373 4496 babilius
427 4442 543 4497 erit
599 4451 663 4498 ut
709 4442 766 4497 iu
815 4441 904 4498 his
955 4442 1305 4513 potissimum
1349 4445 1487 4502 locis
1526 4462 1744 4517 pcenam

1856 2054 2011 2109 ribus
2039 2054 2297 2126 gehennae
2321 2053 2605 2109 tormentis
2637 2053 2816 2113 adhuc
2861 2053 3077 2111 interim
3104 2053 3476 2129 differantur“

1856 2154 1917 2201 ut
1940 2145 2189 2201 videlicet
2217 2144 2853 2217 quemadmodumboui,
2876 2145 2970 2216 qui
3000 2160 3125 2200 cum
3145 2183 3149 2187 -
3171 2147 3347 2219 culpis
3383 2147 3470 2202 int

1855 2236 2183 2303 quibusdam
2232 2236 2611 2292 mansionibus
2659 2235 2990 2304 detinentur,
3024 2245 3205 2291 utrum
3259 2239 3475 2294 statim-

1854 2327 1920 2383 ad
1957 2328 2152 2399 gaudia
2197 2329 2464 2385 cmlorum
2508 2327 2827 2394 ascendant,
2878 2327 2952 2383 ita
2989 2343 3209 2399 quoque
3258 2330 3479 2395 minus:

1855 2419 1982 2474 mali
2016 2419 2144 2474 hinc
2178 2421 2532 2491 egrediuntur
2571 2420 2827 2490 quamvis
2859 2418 3179 2487 damnandi,
3213 2418 3476 2490 quibus-i.

1857 2510 1985 2565 dam
2043 2520 2224 2567 tamen
2278 2511 2575 2567 levioribus
2622 2511 2804 2582 pinnis
2857 2509 3157 2572 secundum
3216 2511 3470 2576 modum.

1851 2603 2135 2674 culparum
2162 2604 2463 2674 dispositis,
2501 2618 2610 2659 non
2638 2604 2818 2659 statim
2851 2603 2918 2658 ad
2948 2609 3217 2659 tormenta
3242 2601 3459 2659 inferni"

1851 2693 2210 2761 descendant.
2272 2694 2349 2752 De
2406 2694 2664 2767 perfectis
2712 2695 2873 2750 lsonis
2918 2695 3144 2751 dubium
3196 2709 3305 2751 non
3337 2705 3441 2764 est,
3516 2696 3521 2701 ⁷

1850 2786 1984 2857 quin
2009 2786 2373 2858 egredientes,
2406 2786 2590 2843 statim
2620 2786 2689 2841 ad
2725 2786 2922 2858 gaudia
2952 2794 3253 2843 transeant.
3282 2785 3446 2841 Simi-

1848 2877 1974 2933 liter
1998 2878 2140 2935 etde
2166 2877 2324 2935 valde
2363 2878 2524 2936 malis
2544 2878 2769 2935 dubium
2798 2894 2904 2934 non
2936 2887 3039 2945 est,
3070 2880 3201 2949 quin
3230 2892 3440 2935 exeun-

1852 2976 1933 3025 tes
1956 2969 2104 3039 hinc,
2123 2970 2242 3026 siue
2264 2985 2421 3025 mora
2451 2970 2520 3025 ad
2550 2968 2750 3025 inferni
2775 2976 3046 3025 tormenta
3076 2967 3436 3024 descendant.
3494 3036 3495 3039 η

1848 3060 1925 3117 De
1955 3078 2063 3118 non
2112 3060 2369 3132 perfectis
2410 3077 2630 3133 quoque
2677 3061 2836 3117 bonis
2876 3072 3086 3117 certum
3136 3068 3241 3129 est,
3287 3059 3437 3132 quod

1850 3171 1998 3211 nunc
2048 3156 2265 3211 interim
2318 3155 2655 3228 quibusdam
2696 3154 2873 3226 poenis
2915 3168 3090 3224 usque
3123 3153 3189 3208 ad
3222 3154 3437 3223 plenam

1848 3247 2098 3303 videlicet
2120 3247 2555 3319 purgationem)
2576 3245 2821 3300 venturis
2863 3244 3073 3316 gaudiis
3095 3243 3434 3299 differantur.

1850 3338 1927 3396 De
1979 3338 2314 3410 imperfectis
2343 3339 2461 3395 sive
2506 3338 2691 3393 minus
2739 3336 2899 3392 malis
2945 3345 3152 3391 certum
3203 3350 3311 3390 non
3355 3344 3483 3390 cst-

1849 3431 1942 3487 ubi
1973 3447 2121 3487 nunc
2159 3431 2290 3498 sint,
2315 3431 2491 3485 donec
2542 3429 2597 3483 in
2621 3438 2862 3499 tempore
2897 3426 3221 3482 universalis
3252 3441 3440 3481 resur-

1847 3523 2108 3579 rectionis
2142 3522 2375 3592 receptis
2402 3520 2727 3592 corporibus
2779 3519 2848 3575 ad
2876 3518 2968 3573 illa
3013 3526 3287 3573 tormenta
3340 3516 3438 3573 de-

1847 3617 2130 3683 scendant,
2170 3616 2265 3671 ubi
2311 3630 2525 3686 semper
2552 3613 2681 3669 siut.
2714 3610 2872 3679 Nam,
2912 3612 2959 3667 si
2996 3610 3200 3693 idcirco
3223 3607 3293 3665 ab
3326 3608 3438 3667 illis

1845 3705 2053 3761 differri
2098 3706 2375 3773 dicuntur,
2405 3704 2534 3775 quia
2585 3702 2771 3759 minus
2819 3702 2948 3758 mali
2994 3709 3143 3768 sunt,
3180 3710 3438 3772 poterunt

1848 3798 2013 3853 simili
2036 3797 2250 3852 ratione
2274 3811 2383 3851 non
2425 3794 2737 3850 differenter
2760 3792 2910 3848 credi
2957 3792 3087 3863 quia
3135 3790 3435 3847 damnandi

1848 3902 1997 3945 sunt.
2043 3887 2188 3954 Quid
2218 3887 2364 3941 enim
2413 3884 2580 3940 faciat
2619 3883 2831 3950 dilatio,
2877 3883 2970 3937 uhi
3026 3882 3337 3938 emendatio
3378 3891 3491 3960 et“

1846 3981 2098 4052 purgatio
2147 3993 2271 4033 esse
2322 3993 2432 4031 nou
2505 3977 2751 4048 potest?
2825 3974 2983 4040 Quod
3028 3982 3246 4039 tamen,
3301 3974 3434 4044 quia

1846 4071 2121 4128 occultum
2148 4069 2373 4125 omnino
2409 4075 2512 4133 est,
2553 4080 2896 4136 nequaquam
2921 4072 3125 4119 temere
3166 4063 3435 4118 dilIluien-

1846 4166 1976 4221 dum
2002 4171 2108 4219 est.
2144 4160 2213 4215 Et
2261 4163 2378 4218 haec
2416 4160 2687 4218 suliiciant
2715 4161 2782 4216 de
2808 4159 2944 4214 locis
2974 4172 3258 4229 poenarum
3285 4165 3340 4214 et
3365 4160 3435 4215 de

1844 4259 2022 4329 poenis
2041 4258 2349 4312 animarum
2386 4255 2550 4309 dicta.
3472 4262 3477 4267 '

2075 4345 2308 4403 SERMO
2344 4344 2432 4400 DE
2467 4343 2699 4400 DIVITE
2734 4342 2824 4398 ET
2864 4341 3205 4398 PAUPERE.

1918 4441 2212 4499 Sciendum
2238 4448 2325 4497 est
2375 4439 2521 4511 quod
2548 4438 2715 4493 homo
2748 4436 3095 4493 Christianus
3118 4450 3227 4491 non
3272 4435 3433 4492 debet
3472 4450 3485 4461 '

140 4530 364 4603 singula:
430 4536 727 4591 sustinere
780 4537 1113 4606 credantur,
1165 4537 1219 4594 in
1275 4540 1476 4609 quibus
1523 4543 1738 4614 culpam
1771 4556 1816 4611 Ι)
1844 4534 2050 4590 divitiis
2073 4533 2372 4599 abundare,
2405 4530 2501 4587 sed
2539 4545 2755 4601 semper
2791 4544 2852 4584 se
2891 4543 3182 4600 pauperem
3231 4540 3433 4599 cogno-

136 4627 573 4698 commiserunt,
622 4629 767 4685 sicut
795 4631 983 4687 multis
1007 4647 1151 4703 smpe
1176 4633 1521 4691 documentis
1547 4616 1745 4705 proba-

133 4726 241 4771 tum
270 4728 383 4777 est.
447 4721 588 4775 Alia
644 4736 775 4777 vero
808 4722 1011 4793 siquae
1060 4723 1169 4780 sint
1220 4724 1417 4781 harum
1452 4742 1744 4798 poenarum

131 4808 267 4877 loca,
294 4828 412 4868 non
452 4813 633 4868 facile
654 4813 1028 4885 assignantur.
1057 4814 1260 4874 Beatus
1306 4818 1647 4889 Augustinus
1687 4819 1741 4876 in

1850 4644 2024 4686 scere.
2082 4627 2151 4683 Et
2206 4628 2253 4684 si
2300 4627 2464 4683 habet
2510 4624 2751 4692 divitias,
2794 4624 2935 4681 scire
2980 4624 3138 4679 debet
3157 4624 3284 4695 quia
3319 4638 3431 4678 non

1848 4730 1979 4776 sunt
2029 4735 2173 4777 verae
2221 4719 2446 4784 divitiae,
2500 4725 2561 4772 ut
2605 4716 2742 4772 alias
2791 4716 3078 4772 desideret.
3130 4714 3235 4783 Qui
3279 4716 3429 4770 enim

1847 4813 2015 4870 falsas
2039 4812 2256 4868 divitias
2280 4810 2574 4876 desiderat,
2596 4823 2755 4865 veras
2802 4823 2910 4863 non
2946 4809 3157 4878 quaerit.
3188 4805 3429 4863 Fallaa‘s

1847 4905 2047 4962 etenim
2109 4912 2257 4971 sunt,
2308 4918 2431 4973 quae
2474 4900 2763 4956 uobiscum
2815 4900 2905 4954 diu
2958 4914 3278 4970 permanere
3316 4914 3427 4954 non

1846 5006 2098 5071 possunt.
2145 4995 2389 5051 Fallaces
2428 5001 2576 5061 sunt,
2624 5009 2748 5065 quae
2795 4994 2995 5049 mentis
3037 4993 3276 5065 inopiam
3315 5009 3425 5049 non

1844 5090 2140 5162 expellunt.
2194 5086 2336 5143 Sola:
2365 5096 2544 5142 autem
2569 5086 2766 5142 divinae
2803 5102 2945 5141 verte
2972 5095 3119 5153 sunt,
3150 5101 3273 5157 qua:
3325 5102 3427 5143 uos

1845 5182 2043 5239 divites
2071 5179 2368 5235 virtutibus
2395 5177 2620 5234 faciunt.
2651 5177 2756 5244 Qui
2805 5186 2986 5232 autem
3019 5192 3177 5233 veras
3207 5178 3423 5248 quaerit,

1845 5275 2025 5331 adhuc
2059 5288 2265 5343 pauper
2299 5279 2403 5337 est,
2454 5280 2508 5326 et
2536 5280 2681 5327 recte
2701 5270 2835 5326 dicit
2867 5288 2881 5325 :
2916 5287 2936 5322 ‹
2972 5267 3186 5340 Pauper
3237 5279 3292 5324 et
3325 5269 3423 5323 (ιο-
3474 5338 3477 5341 Ἴ

1844 5366 1962 5423 lens
1984 5381 2083 5437 ego
2112 5380 2234 5422 sum
2261 5363 2435 5434 (Psal.
2469 5365 2684 5433 vam).
2712 5381 2730 5413 ι
2769 5360 2981 5418 Rursus
3030 5362 3139 5427 ille,
3167 5361 3259 5431 qui
3290 5375 3426 5430 pau—
3478 5368 3481 5371 '

1844 5476 1942 5532 per
1975 5466 2078 5525 est,
2108 5466 2163 5513 et
2199 5456 2438 5527 nequitia
2478 5456 2693 5527 plenus,
2724 5457 2868 5510 unde
2899 5455 2989 5509 ille
3017 5454 3216 5510 dicitur
3242 5452 3442 5525 abun-g

1843 5552 1996 5618 dare,
2027 5551 2157 5621 quia
2218 5548 2268 5604 ei
2320 5547 2570 5617 displicet
2597 5545 2744 5617 quod
2793 5561 3001 5616 pauper
3042 5553 3146 5611 est,
3180 5551 3234 5599 et
3257 5543 3423 5613 justl-

1846 5644 1920 5700 tia
1969 5642 2086 5713 ipsa
2138 5640 2354 5695 videtur
2385 5635 2663 5693 abundare
2685 5637 2739 5690 in
2796 5634 2958 5691 corde
3011 5650 3112 5689 suo
3158 5633 3421 5688 adversus

1841 5734 2110 5806 justitiam
2142 5730 2258 5788 Dei.
2307 5729 2425 5784 Non
2482 5735 2611 5783 sunt
2659 5736 2839 5782 autem
2870 5739 3011 5779 verae
3057 5724 3261 5780 divitia:
3312 5720 3420 5779 illa

1845 5842 2093 5899 terrenae,
2152 5826 2246 5886 sed
2280 5824 2621 5891 mendicitas,
2653 5821 2777 5895 quia
2803 5825 3007 5892 quanto
3040 5817 3211 5889 magis
3244 5817 3418 5892 abono
3440 5820 3479 5911 ς

122 4906 354 4974 cpistola
377 4905 547 4962 Petri
578 4907 823 4962 ostendit
868 4908 1015 4979 quod
1040 4918 1306 4980 apostatae
1347 4912 1524 4983 angeli
1554 4912 1747 4970 laben-

125 5002 203 5050 tes
226 4996 282 5051 in
309 4996 665 5068 huiusmodi
687 4997 795 5052 ima
817 4997 1024 5055 detrusi
1042 5010 1193 5066 sunt,
1208 5016 1382 5071 usque
1401 5001 1468 5056 ad
1497 5000 1743 5060 futuram

116 5088 171 5142 in
212 5091 304 5146 die
355 5090 583 5163 judicii
636 5090 887 5147 ultimam
935 5092 1365 5149 damnationem.
1411 5092 1546 5150 Nam
1595 5094 1743 5161 quod

114 5178 315 5239 Petrus
370 5198 682 5240 carcerem
724 5192 886 5240 vocat
937 5185 1188 5257 caliginis
1218 5185 1419 5242 inferni
1456 5185 1546 5258 (II
1587 5186 1737 5242 Petr.

110 5275 195 5345 tt},
222 5277 280 5332 id
318 5276 557 5333 Paulus
599 5276 855 5333 tenebras
889 5278 1191 5348 appellasse
1217 5278 1481 5345 creditur,
1506 5277 1694 5334 dicens
1723 5296 1736 5332 :

116 5384 134 5417 ι
179 5377 451 5424 rectores
507 5365 874 5422 tenebrarum
931 5367 1127 5422 harum
1175 5367 1439 5438 spiritalia
1486 5368 1742 5438 nequitia:

105 5457 157 5511 in
186 5458 551 5517 coelestibus
603 5456 818 5529 (Ephes.
852 5458 951 5532 vi).
976 5478 996 5511 ι
1025 5458 1182 5515 Hunc
1205 5468 1388 5515 autem
1439 5475 1738 5530 carcerem,

104 5549 220 5606 sive
250 5552 543 5608 tenebras
579 5548 738 5619 istas,
772 5551 1127 5623 intelligimus
1159 5566 1343 5608 aerem
1376 5550 1542 5609 istum
1590 5568 1735 5610 esse.

98 5641 264 5700 Unde
278 5652 342 5701 et
368 5642 566 5701 aeriae
596 5651 892 5713 potestates
916 5645 1195 5711 dicuntur,
1218 5644 1275 5699 in
1297 5659 1407 5716 quo
1436 5645 1600 5701 modo
1625 5661 1740 5701 ma-

97 5735 238 5807 ligni
270 5735 539 5808 spiritus
577 5741 709 5790 ante
732 5735 910 5791 ultimi
936 5734 1125 5806 iudicii
1159 5735 1327 5805 diem,
1354 5744 1409 5793 et
1435 5737 1734 5793 secundum

96 5828 315 5901 aliquid
369 5824 559 5905 ligati
619 5833 779 5895 sunt,
813 5825 1137 5904 inquantum
1168 5829 1370 5889 scilicet
1402 5830 1732 5890 conscientia
