3950 6380
503 323 642 386 ωδ

495 533 850 604 cupiditatem
872 531 921 586 ei
943 529 1037 600 qui
1061 529 1181 584 illas
1204 527 1466 598 possidet.

494 621 698 678 Crescit
727 636 879 674 amor
933 620 1134 672 nummi
1163 626 1420 690 quantum
1455 617 1571 688 ipsa
1599 618 1822 687 pecunia
1869 619 2076 672 crescit.

1064 709 1368 781 (Juvenum
1389 718 1492 765 sat.
1523 710 1611 777 14,
1643 726 1786 766 vers.
1812 710 1959 779 159.)

491 803 568 859 De
597 804 685 859 his
729 803 934 860 divitiis
977 804 1241 875 scriptum
1296 812 1418 858 est:
1465 821 1482 854 ι
1520 801 1636 858 Νοη
1687 803 1982 872 proderunt
2021 803 2076 858 in

487 896 634 951 diem
687 896 951 964 ultionis,
1005 895 1220 967 iustitia
1274 905 1454 951 autem
1511 895 1767 950 liberabit
1813 910 1844 950 a
1901 904 2077 951 morte

490 988 674 1060 (Prov.
724 989 825 1060 xl).
857 1008 876 1043 ι
929 988 996 1044 Et
1045 991 1216 1046 alibi:
1261 1009 1281 1042 ‹
1327 989 1432 1057 Qui
1483 988 1707 1045 festinat
1737 990 1920 1056 ditari,
1961 1005 2073 1045 non

487 1083 595 1139 erit
641 1083 904 1138 innocens
933 1081 1116 1152 (Prov.
1163 1084 1378 1153 xxviii).
1417 1104 1436 1135 ι
1481 1083 1709 1138 Multum
1758 1091 1940 1138 autem
1985 1082 2072 1136 di-

485 1191 581 1232 ves
609 1185 694 1232 est
741 1176 830 1232 cui
863 1175 1001 1230 nihil
1042 1177 1214 1231 deest.
1255 1175 1358 1243 Qui
1397 1187 1578 1232 autem
1625 1177 1774 1247 cupit
1815 1175 1969 1243 nihil,
1995 1175 2072 1230 illi

485 1265 625 1320 nihil
651 1266 823 1321 deest.
850 1265 974 1322 ldeo
1006 1266 1228 1336 quidam
1265 1267 1482 1336 sapiens
1509 1265 1646 1321 dixit
1681 1285 1694 1320 :

486 1355 619 1423 Quis
667 1358 861 1414 dives?
905 1357 1010 1425 Qui
1053 1357 1202 1412 nulla
1241 1358 1404 1428 cupit.
1446 1356 1578 1422 Quis
1629 1357 1877 1428 pauper?
1928 1356 2071 1412 Ava-

1859 1445 1995 1518 [νας.

487 1557 512 1594 ς
553 1540 733 1608 Quare
753 1549 935 1597 autem
968 1549 1289 1612 quaaruntur
1327 1542 1445 1597 istae
1473 1540 1718 1596 divitiae?
1757 1537 1929 1595 Nemo
1955 1539 2071 1594 vult

481 1632 636 1688 dives
661 1648 804 1700 esse,
851 1633 954 1688 nisi
983 1645 1045 1688 ut
1067 1633 1286 1688 inﬂetur
1328 1634 1471 1688 inter
1515 1649 1613 1688 eos
1647 1633 1790 1687 inter
1820 1647 1962 1702 quos
1988 1631 2070 1686 vi-

478 1723 578 1790 vit,
603 1731 662 1779 ut
691 1725 942 1794 superior
993 1724 1100 1778 illis
1145 1724 1410 1779 videatur.
1447 1723 1649 1779 Divites
1689 1737 1818 1778 vero
1857 1732 2068 1792 etpan-

1645 317 1972 374 WERNERI
2008 317 2301 373 ABBATIS
2340 317 2397 374 S.
2437 317 2659 375 BLASII

495 441 653 507 dant,
697 447 850 496 tanto
900 437 1090 494 crescit
1141 435 1348 506 inopia,
1392 443 1448 492 ct
1493 434 1720 490 avaritia
1771 435 1892 506 plus
1923 445 2080 507 auget
2111 457 2152 514 Α
2182 447 2286 490 etc.
2315 433 2366 499 (ι
2401 434 2659 506 Tim.vi.)
2683 455 2701 488 ι
2725 435 2897 492 Radix
2929 436 3075 492 enim
3107 437 3380 492 malorum
3405 437 3674 517 omnium
3708 451 3790 495 ea

2183 531 2453 600 cupiditas
2485 530 2684 601 (ibid),
2722 551 2740 582 ι
2773 533 2904 601 ηοηξ
2931 548 3124 586 aurum
3170 534 3255 587 vel
3287 541 3613 604 argentum.
3645 532 3790 589 Eine

2183 621 2442 676 Salomon
2486 623 2664 678 dixit:
2702 642 2720 674 ι
2759 623 2863 690 Qui
2921 633 3068 680 amat
3111 625 3352 690 divitias,
3399 625 3624 682 fructus
3679 644 3786 682 non

2178 715 2355 784 capiet
2405 731 2472 770 ex
2529 715 2608 770 cis
2651 715 2853 786 (Eccle.
2903 717 2979 786 v).
3020 736 3040 768 ›
3088 715 3215 772 Ideo
3262 719 3453 774 statim
3508 719 3787 774 subinfert

2177 805 2469 874 Apostolus
2492 806 2546 876 (Ι
2573 806 2708 863 Tim.
2748 808 2824 879 vi)
2848 828 2861 863 :
2885 827 2904 860 ι
2941 808 3021 864 'l'u
3056 819 3263 877 autem,
3296 811 3469 866 homo
3489 810 3627 876 ‘Dei,
3669 814 3784 868 hac

2177 895 2322 968 fuge,
2351 909 2560 954 sectare.
2581 900 2908 970 justitiam,»
2945 901 3192 958 faciendo
3214 903 3420 972 cuique
3433 905 3596 974 quod
3619 922 3780 959 suum

2175 997 2290 1056 est;
2332 1009 2349 1042 ‹
2384 991 2692 1060 pietatem,»
2717 994 3096 1064 compatiendo
3131 1012 3145 1061 ;
3181 1012 3199 1045 ι
3247 995 3472 1062 tidem,»
3509 997 3778 1051 mundum

2173 1081 2296 1150 plus
2318 1097 2605 1152 essequam
2634 1081 2804 1138 Deum
2841 1099 2947 1138 non
2975 1083 3286 1149 credendo;
3327 1103 3347 1136 ι
3382 1085 3774 1152 charitatem,»

2172 1172 2445 1244 diligendo
2474 1174 2686 1242 Deum;
2738 1177 3113 1246 «patientiam,
3151 1197 3169 1226 ›
3209 1175 3444 1231 ferendo
3499 1178 3777 1244 adversa;

2180 1283 2198 1316 ι
2227 1268 2754 1334 mansuetudinem,»
2784 1269 2915 1323 nulli
2947 1268 3430 1339 asperexistendo,
3460 1270 3564 1324 sed
3583 1270 3774 1326 dulcis.

2171 1357 2298 1414 Ilaec
2319 1360 2457 1414 habe
2478 1361 2531 1416 in
2557 1369 2652 1427 te;
2709 1377 2809 1431 pro
2848 1361 2972 1416 aliis
3009 1381 3028 1412 ι
3059 1371 3205 1416 certa
3232 1361 3450 1416 bonum
3501 1372 3776 1417 certamen

2170 1450 2317 1518 ﬁdei,
2375 1470 2396 1503 ›
2455 1451 2547 1507 sed
2600 1452 2821 1508 assidue
2865 1461 2921 1508 et
2971 1469 3093 1507 cum
3145 1454 3520 1520 discretione,
3584 1464 3641 1510 et
3687 1471 3776 1525 pro

2171 1540 2256 1595 his
2305 1560 2322 1590 ι
2354 1541 2698 1611 apprehende
2743 1541 2908 1596 vitam
2959 1550 3254 1607 aeternam,
3302 1561 3324 1595 ι
3387 1542 3450 1596 id
3503 1552 3622 1611 est,
3665 1560 3778 1599 eam

2170 1632 2342 1686 solam
2367 1633 2674 1688 mercedem
2719 1648 2922 1703 quaere.
2956 1631 3081 1688 Haec
3127 1633 3317 1687 omnia
3366 1634 3594 1688 amittit
3636 1636 3780 1705 cupi-

2168 1723 2294 1790 dus,
2321 1732 2375 1779 et
2402 1739 2594 1778 eorum
2642 1725 2809 1779 habet
2829 1725 3106 1779 contraria
3125 1725 3218 1794 qui
3241 1733 3397 1778 amat
3429 1725 3567 1796 plus
3587 1726 3778 1780 habere

478 1831 640 1887 peros
677 1816 731 1870 in
763 1817 928 1871 corde
958 1817 1260 1886 interrogat
1312 1815 1597 1879 Dominus,
1624 1830 1735 1870 non
1771 1815 1825 1870 in
1862 1829 1987 1869 arca
2012 1823 2066 1868 et
2096 1817 2138 1876 Β
2167 1831 2332 1886 quam
2360 1824 2594 1886 oportet.
2630 1815 2801 1871 Fideli
2833 1816 3043 1870 homini
3093 1824 3240 1872 totus
3273 1817 3539 1872 mundus
3571 1817 3778 1871 divitia-

477 1905 666 1961 domo.
693 1904 898 1961 Habeat
951 1906 1152 1961 multas
1183 1905 1466 1960 facultates
1506 1903 1857 1974 pecuniarum
1885 1921 1901 1957 :
1934 1903 1980 1958 si
2011 1903 2074 1958 in

479 1997 562 2053 eis
587 2013 696 2052 non
726 1998 1026 2064 extollitur,
1058 2013 1266 2068 pauper
1311 2005 1413 2052 est.
1445 1995 1565 2050 Non
1595 1996 1792 2051 habeat
1838 1995 2061 2064 aliquid.

475 2099 532 2146 et
560 2091 762 2161 cupiat,
794 2099 848 2147 et
877 2090 1093 2146 inﬂetur
1127 2109 1140 2145 :
1179 2091 1320 2145 inter
1339 2089 1532 2144 divites
1560 2099 1612 2144 et
1650 2087 1907 2158 reprobos
1937 2102 2060 2143 eum

476 2181 703 2252 deputat
743 2181 909 2237 Deus.
937 2179 1093 2237 Unde
1117 2179 1383 2236 Dominus
1413 2181 1490 2235 ait
1524 2198 1537 2234 :
1565 2179 1804 2235 Facilius
1850 2187 1934 2234 cst
1978 2193 2067 2233 ca-

473 2276 678 2331 melum
705 2291 800 2346 per
823 2275 1068 2330 foramen
1095 2289 1226 2332 acus
1251 2274 1507 2340 transire,
1539 2289 1704 2344 quam
1729 2272 1974 2339 divitem,
2005 2271 2060 2326 id

475 2375 559 2422 est
579 2377 852 2423 amantem
899 2368 1138 2434 divitias,
1183 2368 1287 2423 etsi
1321 2381 1430 2422 non
1485 2364 1702 2430 habeat,
1738 2363 1943 2418 intrare
2002 2362 2058 2416 in

475 2475 705 2531 regnum
728 2459 824 2516 Dei
849 2458 1066 2530 (Matth.
1084 2458 1368 2530 xu).i-—i
1387 2457 1521 2514 Nam
1539 2457 1633 2528 qui
1657 2454 2058 2511 voluntdivites

472 2550 613 2620 ﬁeri,
639 2551 888 2608 incidunt
921 2552 976 2606 in
1020 2552 1374 2608 tentationem
1401 2558 1455 2605 et
1483 2551 1739 2619 laqueum
1776 2547 1998 2612 diaboli,
2031 2564 2050 2597 ι

2169 1922 2288 1962 rum
2316 1918 2418 1964 cst.
2448 1909 2588 1963 Audi
2615 1907 2844 1964 Paulum
2883 1927 2897 1963 :
2937 1929 2954 1960 ι
2986 1907 3132 1963 Nihil
3185 1909 3490 1976 habentes,
3523 1919 3584 1966 et
3605 1911 3779 1965 omnia

2171 1998 2506 2068 possidentes
2530 1997 2618 2068 (11
2640 1997 2765 2054 Cor.
2785 1999 2882 2071 vi).
2913 2019 2934 2052 ›
2972 1999 3038 2053 Et
3065 1999 3157 2070 qui
3187 2009 3428 2069 praestat
3455 2001 3652 2065 nobis,
3679 2017 3778 2056 non

2166 2088 2426 2144 divitibus
2450 2090 2616 2160 hujus
2644 2093 2830 2146 saeculi
2860 2092 3043 2147 omnia
3082 2091 3446 2147 abundanter
3488 2095 3567 2146 ad
3599 2092 3776 2149 fruen-

2165 2179 2318 2234 dum.
2353 2179 2456 2246 Qui
2511 2182 2628 2236 vult
2655 2197 2785 2254 ergo
2829 2198 2950 2238 esse
2990 2183 3166 2251 dives,
3217 2198 3336 2237 non
3370 2183 3603 2239 haereat
3631 2187 3778 2255 parti,

2165 2279 2219 2326 et
2243 2280 2417 2326 totum
2473 2273 2794 2343 possidebit.
2849 2274 2928 2329 illi
2961 2276 3164 2330 haereat
3200 2277 3298 2346 qui
3333 2284 3528 2330 totum
3565 2279 3778 2340 creavit.

2164 2371 2218 2418 et
2245 2364 2401 2419 habet
2446 2380 2542 2421 eas
2580 2367 2648 2422 de
2669 2367 2869 2437 quibus
2890 2367 3090 2423 dicitur
3123 2386 3135 2422 :
3164 2387 3183 2420 ι
3214 2366 3568 2439 Redemptio
3596 2370 3781 2425 anima

2163 2453 2268 2508 viri
2298 2454 2502 2510 divitia:
2519 2455 2638 2526 ejus
2666 2456 2848 2528 (Prov.
2879 2457 3023 2529 xm).
3051 2477 3070 2512 >
3099 2456 3250 2525 Quas
3276 2459 3379 2531 qui
3417 2475 3540 2516 non
3603 2459 3777 2524 habet,

2163 2562 2369 2618 pauper
2389 2557 2494 2617 est,
2515 2558 2571 2606 et
2596 2565 2705 2604 non
2731 2551 2923 2607 suii'ert
2949 2551 3149 2607 minas.

1187 2844 1698 2926 DOMINICA
1776 2844 1855 2926 ΙΙ
1917 2779 2184 2926 POS’i‘
2259 2845 3027 2928 PENTECOSTEN.

1773 3024 2143 3087 Secundum
2171 3022 2431 3086 Lucam.

547 3207 567 3240 ς
596 3185 774 3242 Homo
810 3186 1034 3257 quidam
1079 3185 1208 3242 fecit
1242 3201 1456 3244 coenam
1484 3201 1737 3257 magnam
1767 3197 1822 3242 et
1851 3186 2066 3242 vocavit
2093 3193 2134 3249 C
2166 3195 2220 3241 et
2249 3186 2368 3256 ejus
2428 3186 2695 3242 inhaerere
2739 3186 3011 3243 mandatis
3055 3189 3501 3258 compunctione
3532 3191 3774 3248 salubu-

471 3281 696 3348 multos,
735 3297 755 3332 θ
818 3289 925 3334 etc.
975 3278 1140 3350 (Luc.
1192 3280 1349 3348 xiv.)
1400 3278 1760 3350 Omnipotens
1803 3279 1948 3334 Deus
2002 3279 2059 3333 in

472 3373 701 3430 exordio
735 3371 1025 3428 mundana:
1050 3371 1458 3426 reformationis
1504 3371 1572 3426 ad
1621 3387 1679 3426 se
1718 3385 2060 3440 cognoscen-

470 3465 630 3532 dum,
653 3477 820 3534 seque
834 3462 1223 3534 perpetualiter
1248 3463 1585 3518 laudandum
1607 3462 2063 3518 duasrationales

469 3563 798 3622 creaturas,
851 3555 1156 3624 angelicam
1220 3554 1429 3610 scilicet
1479 3563 1534 3609 et
1579 3555 1900 3620 humanam,
1930 3572 2064 3612 con-

470 3646 630 3702 didit.
668 3645 774 3701 Sed
799 3646 928 3716 quia
952 3645 1199 3717 angelica
1229 3661 1428 3716 magna
1449 3661 1514 3702 ex
1546 3657 1700 3718 parte
1725 3663 1818 3718 per
1843 3648 2059 3717 culpam

469 3738 746 3810 superbia:
773 3737 923 3807 lapsa
947 3745 1050 3803 est,
1094 3738 1348 3794 humana:
1390 3747 1599 3795 natura:
1628 3741 1810 3796 statim
1844 3740 2058 3807 invidit,

467 3844 705 3900 eamque.
727 3828 795 3884 ad
817 3828 1029 3898 lapsum
1059 3830 1316 3898 peccandi
1349 3832 1630 3899 conduxit,
1656 3841 1820 3902 atque
1849 3848 1878 3886 a
1901 3847 2062 3902 para-

470 3922 577 3978 disi
614 3921 827 3977 deliciis
857 3921 1110 3991 privavit.
1153 3921 1230 3980 De
1275 3938 1387 3994 qua
1433 3923 1739 3994 privatione
1772 3923 2061 3981 Dominica

470 4013 733 4084 parabola
765 4013 898 4068 dicit
923 4031 940 4067 :

545 4123 564 4157 c
593 4103 770 4162 Homo
798 4105 1018 4174 quidam
1046 4104 1175 4160 fecit
1218 4120 1431 4162 coenam
1463 4122 1718 4178 magnam
1764 4115 1818 4163 et
1845 4108 2062 4164 vocavit

466 4197 694 4253 multos.
726 4215 746 4249 ι
777 4195 1145 4266 Spiritualiter
1192 4197 1357 4252 homo
1403 4197 1507 4253 iste
1547 4197 1691 4254 Deus
1735 4207 1821 4254 est
1861 4199 2060 4254 intelli-

471 4288 720 4360 gendus,
773 4289 842 4344 de
891 4303 1002 4358 quo
1028 4287 1293 4359 scriptum
1322 4297 1405 4345 est
1433 4307 1452 4345 :
1505 4290 1673 4346 homo
1701 4300 1808 4358 est,
1837 4299 1894 4346 et
1933 4290 2060 4362 quis

469 4381 757 4454 cognoscit
798 4381 972 4436 eum?
1027 4380 1096 4434 Et
1141 4383 1339 4436 iterum
1383 4401 1400 4437 :
1456 4403 1475 4437 ι
1528 4382 1704 4439 Homo
1757 4393 1922 4440 natus
1971 4394 2058 4441 est

470 4473 529 4529 in
579 4489 686 4542 ea,
751 4482 807 4529 et
851 4473 968 4543 ipse
1015 4471 1263 4528 fundavit
1319 4489 1440 4528 eam
1481 4476 1798 4533 Altissimus
1856 4476 2052 4546 (Psal.

2164 3275 2306 3331 rima
2337 3277 2679 3341 cohortatur,
2733 3286 2794 3331 ut
2815 3277 3093 3333 Abraham
3139 3293 3274 3334 voce
3305 3279 3619 3338 Dominica
3645 3284 3774 3354 legi-

2162 3384 2288 3424 mus
2340 3377 2619 3426 vocatum.
2655 3368 2748 3424 Sic
2799 3370 2945 3426 enim
2999 3370 3138 3426 dixit
3181 3374 3234 3428 ei
3267 3389 3282 3426 :
3327 3390 3348 3424 ι
3379 3371 3492 3428 Exi
3532 3375 3608 3430 de
3638 3386 3770 3431 terra

2164 3465 2278 3523 tua,
2307 3468 2362 3515 et
2392 3459 2459 3514 de
2509 3461 2836 3530 cognatione
2889 3468 2982 3515 tua
3028 3459 3183 3534 (Gen.
3233 3463 3404 3533 xu)»
3453 3463 3587 3530 Quo
3614 3466 3768 3522 etiam

2161 3550 2327 3606 modo
2372 3549 2642 3606 Antonius
2711 3559 2796 3606 est
2847 3551 3080 3609 accitus.
3133 3551 3385 3610 Audiens
3449 3557 3668 3627 quippe
3717 3558 3766 3611 in

2163 3641 2404 3699 Ecclesia
2434 3642 2568 3697 illud
2610 3644 2982 3715 evangelicum
3013 3663 3027 3700 :
3065 3665 3084 3696 ι
3114 3643 3218 3712 Qui
3260 3662 3374 3702 non
3405 3649 3534 3703 odit
3563 3661 3765 3720 patrem

2161 3745 2216 3788 et
2251 3743 2479 3788 matrem
2509 3732 2661 3803 (Luc.
2689 3737 2824 3804 xiv),
2859 3753 2878 3785 ι
2908 3743 3051 3802 ctc.;
3081 3744 3134 3790 et
3172 3735 3306 3792 illud
3338 3755 3354 3791 :
3390 3758 3410 3788 ι
3449 3736 3512 3792 Si
3537 3739 3630 3794 vis
3649 3756 3766 3810 per-

2164 3824 2345 3881 fectus
2393 3841 2538 3893 esse,
2567 3826 2706 3882 vade
2742 3835 2795 3882 et
2828 3827 3003 3882 vende
3059 3829 3268 3895 omnia,
3315 3837 3374 3883 et
3399 3829 3478 3884 da
3509 3831 3764 3902 pauperi-

2160 3919 2284 3984 bus,
2313 3927 2366 3974 et
2395 3918 2621 3974 habebis
2651 3920 2970 3976 thesaurum
2990 3920 3044 3974 in
3075 3920 3239 3986 cmlo,
3271 3928 3327 3976 et
3359 3923 3518 3990 veni,
3539 3939 3768 3994 sequere

2161 4025 2250 4065 me
2273 4009 2491 4082 (Matth.
2514 4012 2658 4080 XIX);
2693 4029 2712 4062 ι
2733 4019 2787 4066 ct
2821 4010 3138 4079 confestim,
3163 4009 3501 4070 renontians
3530 4018 3766 4082 cunctis,

2162 4110 2389 4158 secutus
2439 4111 2524 4157 est
2572 4102 2887 4169 Christum,
2950 4103 3102 4157 nulla
3157 4105 3552 4162 exhortatione
3593 4124 3766 4180 neque

2161 4195 2412 4252 doctrina
2461 4205 2813 4266 provocatus.
2865 4196 3152 4252 Secundus
3201 4198 3519 4254 vocationis
3572 4201 3766 4256 modus

2160 4298 2245 4346 est
2277 4305 2403 4345 cum
2449 4289 2535 4344 vel
2577 4290 2844 4360 exemplis
2903 4297 3242 4357 sanctorum,
3293 4290 3381 4346 vel
3421 4292 3663 4349 monitis
3703 4293 3765 4348 ad

2162 4383 2499 4440 desiderium
2564 4383 2757 4439 salutis
2811 4382 3184 4439 accendimur.
3243 4380 3366 4449 Quo
3423 4385 3632 4441 ordine
3679 4400 3764 4456 per

2161 4475 2386 4549 Moysen
2427 4476 2524 4532 ﬁlii
2551 4475 2719 4532 Israel
2766 4477 2835 4532 de
2861 4477 3156 4533 aiilietione
3185 4475 3405 4548 [Egypti
3465 4487 3607 4534 sunt
3643 4479 3769 4534 iibe-

469 4568 716 4636 Lxxxvi).
745 4584 765 4618 ι
816 4563 921 4631 Qui
952 4565 1120 4620 homo
1149 4573 1378 4621 vocatur
1407 4567 1476 4622 ab
1524 4568 1892 4636 humanitate,
1923 4569 2053 4640 quia
2088 4560 2136 4621 D
2162 4571 2292 4627 rati.
2324 4569 2544 4626 Tertius
2573 4577 2676 4636 est,
2709 4585 2834 4625 cum
2865 4579 3090 4640 repente
3145 4570 3537 4641 ingruentibus
3591 4582 3768 4628 tenta-

467 4657 864 4728 benignissima
938 4655 1190 4727 largitate
1253 4643 1498 4726 quotidie
1567 4660 1752 4730 generi
1805 4661 2048 4716 humano

467 4764 624 4804 suam
650 4749 871 4805 exhibet
918 4747 1178 4819 gratiam.
1221 4747 1330 4817 Qui
1353 4748 1483 4806 fecit
1526 4765 1736 4807 cumam
1769 4768 2046 4825 magnam,

467 4841 600 4913 quia
635 4841 1038 4900 indeﬁcientem
1080 4842 1387 4899 satietatem
1433 4843 1488 4898 in
1537 4852 1738 4900 aeterna
1765 4845 2053 4902 dulcedine

466 4934 656 4990 electis
681 4935 969 4992 animabus
995 4937 1338 5008 praeparavit.
1371 4935 1594 4994 Vocavit
1621 4949 1802 4995 autem
1827 4939 2051 5006 multos,

465 5028 710 5100 primum
739 5044 833 5098 per
855 5031 1094 5100 seipsum
1143 5027 1367 5086 Iudaeos
1395 5031 1759 5100 praedicando,
1811 5041 2057 5102 postmo-

470 5118 601 5174 dum
651 5133 747 5189 per
794 5120 1233 5189 praedicationem
1287 5122 1660 5191 apostolorum
1707 5137 1779 5178 ex
1823 5132 2062 5194 quatuor

469 5209 660 5265 mundi
683 5208 928 5278 partibus
960 5209 1219 5278 populum
1247 5211 1485 5280 gentium
1516 5211 1588 5266 ad
1609 5212 1768 5269 tidem
1792 5213 2066 5274 vocando.

468 5301 582 5360 Sed
617 5300 919 5357 notandum
943 5299 1092 5370 quod
1119 5301 1334 5356 vocatio
1387 5302 1449 5358 ﬁt
1484 5302 1660 5358 tribus
1709 5306 1908 5366 modis.
1942 5305 2062 5360 Pri-

471 5409 598 5450 mus
623 5409 754 5466 ergo
779 5393 977 5450 modus
1012 5393 1318 5451 vocationis
1343 5410 1410 5450 ex
1455 5394 1568 5451 Deo
1609 5405 1732 5464 est;
1762 5398 2069 5467 secundus,

471 5500 572 5559 per
595 5486 876 5542 hominem
906 5502 922 5552 ;
972 5485 1187 5552 tertius,
1217 5502 1284 5544 ex
1323 5489 1666 5546 necessitate.
1705 5489 1784 5546 Ex
1819 5490 1930 5547 Deo
1951 5499 2068 5558 est,

472 5577 728 5649 quotiens
777 5576 1062 5646 inspiratio
1081 5576 1262 5634 divina
1293 5577 1348 5634 in
1371 5594 1467 5636 cor
1489 5587 1736 5636 nostrum
1760 5579 2004 5638 immissa
2037 5621 2067 5649 μ

475 5685 879 5743 nonnunquam
907 5670 1072 5728 etiam
1103 5671 1437 5730 dormientes
1467 5688 1569 5731 nos
1611 5673 1678 5730 ad
1723 5673 2054 5731 desiderium

470 5772 688 5820 acterna
712 5764 840 5819 vita:
863 5778 926 5819 ac
951 5763 1146 5822 salutis
1204 5765 1530 5833 exsuscitat,
1573 5763 1852 5834 Deumque
1901 5766 2055 5836 sequi

2156 4661 2417 4728 tionibus,
2451 4677 2574 4733 quin
2593 4661 2678 4716 vel
2713 4662 2907 4716 mortis
2936 4660 3174 4731 pericula
3205 4662 3658 4730 comminantur,
3686 4663 3760 4718 vel

2160 4753 2458 4810 amissione
2504 4753 2784 4808 bonorum
2844 4767 2908 4806 ac
2965 4751 3368 4822 proscriptione
3420 4755 3762 4821 percutiunt,

2159 4843 2247 4900 vel
2287 4844 2580 4899 charorum
2631 4851 2808 4897 morte
2861 4848 3256 4912 compungunt,
3301 4841 3371 4896 ad
3405 4839 3588 4898 Deum
3607 4861 3764 4917 quem

2164 4935 2316 5006 sequi
2334 4935 2387 4990 in
2406 4950 2588 4990 rerum
2605 4934 2965 5004 prosperitate
2984 4933 3436 5003 contempsimus,
3457 4936 3663 4991 saltem
3687 4937 3762 4991 in~

2165 5028 2260 5083 viti
2291 5043 2586 5098 properare
2645 5026 3048 5096 compellimur.
3105 5025 3278 5096 Cujus
3317 5042 3416 5096 per
3469 5043 3536 5083 se
3581 5037 3764 5098 patent

2165 5121 2335 5178 multa
2372 5120 2638 5190 exempla.
2676 5118 2988 5175 Secundum
3028 5119 3169 5175 hanc
3199 5119 3549 5174 vocationem
3611 5121 3766 5175 multi

2164 5220 2450 5278 vocantur,
2482 5212 2576 5267 sed
2606 5212 2765 5281 pauci
2796 5210 3044 5276 veniunt,
3099 5211 3228 5280 quia
3269 5210 3426 5266 multi
3475 5211 3694 5267 intrant
3715 5213 3766 5266 in

2165 5301 2465 5358 Ecclesiam
2494 5317 2591 5373 per
2624 5301 2809 5368 ﬁdem,
2855 5303 2951 5358 sed
2997 5303 3156 5373 pauci
3201 5303 3488 5359 salvantur
3513 5321 3618 5376 per
3642 5321 3764 5376 epe-

2165 5394 2458 5450 rationem.
2489 5393 2555 5450 Et
2606 5409 2677 5450 ne
2703 5394 2771 5450 de
2825 5393 3134 5465 ignorantia
3175 5395 3426 5451 homines
3446 5399 3763 5453 excusatio-

2165 5502 2290 5543 nem
2317 5486 2602 5552 baberent,
2619 5487 2771 5542 misit
2792 5501 3009 5543 servum
3034 5503 3194 5542 suum
3221 5487 3358 5542 hora
3382 5503 3563 5545 omna:
3586 5489 3766 5546 dicere

2163 5579 2406 5637 invitatis
2430 5589 2488 5635 ut
2515 5580 2781 5635 venirent.
2831 5579 3036 5636 Servus
3078 5581 3203 5648 iste,
3230 5581 3324 5651 qui
3349 5579 3421 5635 ad
3450 5580 3764 5638 invitandos

2166 5676 2304 5731 alios
2349 5674 2626 5742 mittitur,
2677 5675 2923 5732 ordinem
2981 5675 3403 5746 praedicatorum
3459 5677 3758 5750 signiﬁcat.

2165 5767 2289 5833 Qui,
2315 5767 2444 5824 dum
2472 5768 2703 5824 verbum
2755 5767 2998 5824 divinum
3031 5767 3176 5823 intra
3221 5753 3761 5838 Ecclesiam‘annun-

3915 817 3921 872 Ι
