3950 6380
209 343 351 398 1017

1139 338 1718 395 DEFLORATIONES
1757 339 1858 395 SS.
1897 337 2209 396 PATRUM.
2255 371 2322 384 --
2359 341 2489 398 LIB.
2527 341 2590 399 Π.

3321 345 3473 412 4018

205 455 369 520 tiant,
399 452 558 524 quasi
581 452 849 524 plurimos
891 453 959 510 ad
981 467 1196 510 coenam
1227 462 1444 508 vocant.
1474 451 1591 508 Non
1615 452 1790 508 solum
1821 461 1870 516 Α
1893 454 2111 526 jugium
2162 472 2292 529 ergo
2340 473 2448 513 non
2501 458 2940 528 reprehenditur,
2990 458 3036 516 si
3066 458 3351 529 integritas
3401 465 3468 520 ad

199 546 352 602 enim
381 545 578 630 divinae
607 546 908 602 clementiae
939 546 1074 602 satis
1121 545 1244 610 fuit,
1268 546 1412 617 quod
1445 555 1679 600 aeternas
1705 545 1795 600 de-

203 637 364 694 licias
421 637 580 692 nobis
627 637 973 708 praeparavit,
1023 638 1118 693 sed
1170 636 1334 692 etiam
1383 635 1556 692 servis
1608 635 1792 691 missis

201 745 396 786 earum
445 729 794 785 dulcedinem
842 731 1002 786 nobis
1059 729 1383 784 enuntiavit.
1429 726 1574 782 Hora
1623 742 1793 782 cmnzc

204 821 334 876 finis
380 830 466 876 est
516 821 724 888 szeculi,
777 821 867 876 ille
910 819 1118 876 scilicet
1162 820 1228 875 de
1279 835 1390 890 quo
1435 817 1638 872 Paulus
1667 817 1787 871 ait:

210 930 229 963 ι
262 910 377 967 Nos
405 928 600 971 sumus
651 913 705 967 in
739 927 878 983 quos
923 912 1060 967 lines
1089 911 1414 966 smcniorum
1458 910 1792 964 devenerunt

201 1001 259 1074 (1
281 1002 409 1059 Cor.
433 1007 512 1074 x).
539 1025 558 1058 ι
588 1004 850 1073 Quamvis
899 1005 1044 1060 cnim
1084 1004 1225 1074 apud
1268 1003 1524 1073 antiquos
1564 1018 1793 1057 consue-

199 1095 335 1150 tudo
366 1095 548 1164 fuerit,
582 1106 642 1152 ut
669 1099 837 1153 semel
861 1099 914 1152 in
939 1097 1026 1152 die
1048 1096 1398 1167 prandcrcnt,
1430 1103 1485 1149 et
1525 1095 1628 1148 hoc
1659 1109 1790 1147 con-

200 1188 409 1243 vivium
467 1198 523 1244 et
573 1190 863 1259 prandium
916 1198 970 1244 et
1026 1204 1182 1243 cwna
1237 1196 1545 1253 vocaretur,
1606 1194 1787 1240 tamen

199 1279 345 1349 apud
375 1295 536 1334 usum
583 1290 783 1334 nostra:
814 1279 1105 1334 locutionis
1140 1287 1263 1348 post
1293 1277 1580 1347 prandium
1630 1290 1788 1332 coma

199 1379 390 1438 restat,
422 1380 545 1441 post
596 1387 808 1426 ccenam
863 1379 1042 1425 autem
1092 1369 1300 1424 nullum
1359 1369 1665 1423 convivium
1703 1382 1789 1421 rc-

199 1471 405 1518 manet.
438 1462 593 1518 Unde
632 1480 740 1518 non
767 1464 1070 1533 incongrue
1120 1477 1216 1532 per
1261 1462 1402 1515 hanc
1425 1476 1638 1516 cumam
1672 1459 1788 1514 dies

192 1557 386 1627 judicii
428 1557 544 1612 sive
569 1557 703 1614 illud
747 1566 1012 1613 tetcrnum
1057 1555 1369 1612 convivium
1403 1555 1686 1625 figuratur,
1717 1552 1786 1607 ad

197 1649 347 1722 quod
375 1650 470 1720 qui
504 1650 787 1720 pervenire
823 1647 1164 1714 meruerint,
1196 1663 1304 1701 non
1337 1645 1583 1701 esurient
1609 1658 1787 1713 neque

198 1742 386 1798 sitient
433 1742 691 1814 amplius.
739 1740 916 1796 Tanto
965 1755 1096 1812 ergo
1143 1738 1493 1794 festinantius
1527 1737 1594 1792 ad
1644 1737 1787 1790 hanc

197 1851 414 1893 cmnam
468 1851 691 1893 currere
723 1834 1005 1900 debemus,
1055 1840 1262 1902 quanto
1291 1839 1412 1900 post
1439 1830 1582 1884 hanc
1621 1828 1782 1882 aliam
1818 1829 1860 1888 Β

195 1929 446 1984 invenire
482 1943 591 1982 non
639 1927 914 1981 novimus.
947 1923 1084 1980 Nam
1127 1932 1189 1978 ut
1217 1921 1496 1978 fastidium
1547 1918 1786 1974 auferret

191 2019 481 2089 subjunxit
509 2019 696 2074 dicens
725 2035 739 2072 :

269 2107 438 2175 «Quia
457 2116 644 2178 parata
664 2115 792 2164 sunt
807 2107 1009 2162 omnia.
1025 2127 1043 2161 ι
1060 2106 1256 2162 Omnia
1273 2105 1416 2162 enim
1436 2113 1623 2177 parata
1642 2103 1786 2160 sicut

188 2200 320 2269 quia
350 2199 439 2253 ille
463 2199 759 2270 singularis
785 2198 974 2268 Agnus
1005 2198 1224 2253 occisus
1250 2205 1354 2261 est,
1385 2197 1438 2250 in
1463 2196 1622 2266 cujus
1653 2211 1786 2265 prae.

189 2291 479 2363 paratione
509 2292 696 2345 omnia
744 2299 1156 2361 prmeesserant.
1216 2288 1342 2344 Sive
1371 2288 1554 2342 omnia
1594 2295 1782 2356 parata

191 2391 342 2450 sunt,
372 2383 503 2454 quia
543 2383 755 2438 nullum
803 2383 1113 2452 exemplum
1141 2381 1383 2447 virtutis,
1409 2381 1552 2450 quod
1579 2380 1646 2434 ad
1679 2395 1782 2434 no-

190 2483 364 2532 stram
406 2474 768 2530 imitationem
826 2475 880 2528 in
918 2474 1177 2544 operibus
1229 2481 1542 2528 sanctorum
1575 2485 1683 2524 non
1712 2470 1783 2525 sit

185 2567 546 2625 declaratum.
571 2565 692 2622 Jam
721 2566 867 2622 enim
891 2566 1258 2622 innocentiam
1284 2565 1418 2619 Abel
1449 2563 1778 2630 audivimus,

186 2659 558 2718 obedientiam
603 2657 860 2726 Abrahze,
905 2657 1272 2713 constantiam
1318 2655 1491 2723 lsaac,
1538 2656 1780 2712 toleran-

187 2753 320 2810 tiam
351 2740 547 2818 Jacob,
584 2751 972 2806 castimoniam
1019 2749 1244 2819 Joseph,
1297 2748 1551 2802 mititiam
1583 2747 1776 2819 Moysi,

187 2846 630 2902 misericordiam
655 2843 848 2911 David,
880 2843 1200 2915 patientiam
1225 2841 1325 2897 Job
1347 2841 1683 2907 audivimus,
1727 2849 1780 2895 et

186 2941 350 2996 finem
375 2938 592 2995 Domini
621 2938 876 2992 vidimus.

261 3053 280 3086 ι
323 3031 390 3087 Et
411 3038 699 3102 cmperunt
721 3045 912 3086 omnes
959 3027 1124 3085 simul
1158 3041 1441 3083 excusare.
1481 3046 1500 3079 ›
1536 3024 1642 3094 Qui
1680 3039 1778 3079 ve.-

188 3124 307 3181 nire
349 3126 647 3181 noluerunt
694 3130 991 3189 excusant,
1041 3130 1096 3177 et
1143 3120 1224 3176 sic
1267 3119 1640 3176 intercludunt
1671 3117 1774 3172 sibi

184 3224 446 3271 aeternum
482 3213 816 3280 convivium,
841 3212 985 3284 quod
1015 3211 1158 3266 Deus
1205 3226 1312 3265 non
1353 3219 1576 3281 rogatus
1605 3208 1775 3280 gratis

186 3309 347 3365 offert
367 3308 697 3364 volentibus.
730 3306 1009 3362 Excusant
1049 3320 1240 3359 omnes
1275 3305 1368 3374 qui
1402 3305 1527 3374 plus
1558 3312 1774 3358 terrena

184 3416 346 3472 quam
393 3401 634 3458 ctelestia
665 3401 916 3471 diligunt,
947 3400 1050 3456 etsi
1087 3414 1147 3454 se
1174 3399 1242 3453 ad
1276 3399 1520 3455 coelestia
1554 3398 1774 3454 tendere

183 3491 392 3548 dicunt.

261 3604 279 3638 ι
313 3585 534 3640 Primus
563 3583 701 3639 dixit
734 3581 786 3638 ei
816 3599 830 3636 :
857 3580 1056 3635 Villam
1084 3579 1214 3647 emi,
1238 3589 1292 3636 et
1320 3595 1545 3635 necesse
1596 3579 1772 3636 habeo

181 3675 354 3741 exire,
390 3683 444 3729 et
483 3673 669 3728 videre
710 3671 883 3726 illam.
920 3669 1073 3740 Rogo
1118 3678 1198 3737 te,
1252 3669 1390 3724 habe
1426 3684 1513 3724 me
1540 3685 1773 3726 excusa-

184 3777 324 3824 tum.
357 3784 378 3818 ι
427 3763 568 3820 Villa
611 3764 864 3834 designat
889 3771 1160 3817 terrenam
1193 3761 1576 3826 substantiam,
1603 3777 1770 3832 quam

181 3857 404 3930 quidam
434 3871 635 3929 magno
680 3855 868 3910 labore
913 3855 998 3910 vel
1029 3853 1194 3910 etiam
1248 3853 1370 3910 fidei
1412 3853 1618 3908 damno
1663 3853 1770 3909 sibi

181 3958 390 4018 emunt,
424 3959 520 4006 aut
571 3965 668 4021 per
718 3947 1052 4019 superbiam,
1107 3956 1204 4002 aut
1247 3955 1470 4017 propter
1523 3947 1770 4016 corporis

183 4045 565 4100 substantiam.
627 4042 772 4097 Exiit
795 4057 927 4113 ergo
974 4040 1157 4096 videre
1189 4040 1359 4105 illam,
1391 4039 1544 4110 quia,
1581 4039 1768 4094 relicta

182 4137 642 4208 contemplatione
669 4135 906 4200 interna,
940 4133 1057 4189 sola
1087 4133 1356 4187 exteriora
1385 4132 1608 4202 cogitat.

258 4248 278 4282 ι
314 4228 381 4284 Ει
427 4230 563 4285 alter
605 4227 744 4284 dixit
773 4246 786 4282 :
815 4226 953 4298 Juga
988 4227 1154 4280 boum
1177 4225 1285 4280 emi
1314 4225 1590 4295 quinque,
1618 4232 1672 4279 et
1701 4239 1769 4279 eo

181 4319 415 4393 probare
452 4320 574 4387 illa;
604 4319 744 4374 habe
779 4332 867 4372 me
892 4327 1237 4372 excusatum.
1280 4334 1298 4367 ι
1335 4314 1499 4370 Recte
1523 4315 1769 4386 quinque

180 4425 377 4467 sensus
417 4409 665 4480 corporis
698 4407 828 4478 juga
865 4406 1042 4479 vocati
1095 4414 1244 4471 sunt,
1274 4405 1402 4476 quia
1450 4405 1507 4460 in
1534 4414 1768 4476 utroque

1897 549 2158 616 majorem
2195 549 2461 603 honorem
2489 559 2735 606 vocatur.
2769 549 2900 606 Item
2924 553 2979 608 in
3015 551 3140 606 villa
3165 561 3346 622 empta
3367 553 3470 608 do-

1895 637 2123 692 minatio
2181 648 2426 707 notatur,
2467 650 2518 696 et
2575 642 2831 711 superbia
2883 644 3201 712 castigatur.
3255 645 3473 702 Primus

1895 728 2059 782 homo
2103 729 2376 784 dominari
2414 732 2606 798 voluit,
2633 733 2761 802 quia
2796 732 3081 788 dominum
3126 736 3326 790 habere
3369 752 3471 790 no-

1894 819 2014 874 luit.
2059 818 2200 886 Quid
2236 830 2320 875 est
2343 822 2636 887 dominari,
2670 823 2774 878 nisi
2800 825 3015 893 propria
3042 834 3303 894 potestate
3335 843 3469 896 gau-

1891 914 2054 968 dere?
2076 914 2329 985 Quinque
2359 915 2488 985 juga
2526 925 2654 971 sunt
2687 917 2741 970 in
2773 919 3048 980 sensibus,
3091 919 3191 973 tria
3223 919 3471 974 videlicet

1891 1007 2206 1075 apparentia
2240 1025 2251 1060 :
2305 1023 2429 1060 nam
2463 1008 2572 1062 duo
2603 1017 2730 1062 sunt
2777 1009 2940 1073 oculi,
2995 1009 3115 1062 dna:
3141 1026 3323 1072 aures,
3353 1013 3473 1062 duzr

1891 1115 2072 1153 nares.
2111 1097 2166 1152 In
2199 1107 2358 1170 gustu
2390 1099 2551 1154 etiam
2582 1100 2692 1154 duo
2717 1111 2843 1155 sunt
2870 1102 3254 1160 instrumenta,
3288 1103 3470 1170 lingua

1889 1199 1944 1244 ct
1985 1190 2218 1260 palatus.
2264 1190 2526 1262 Voluptas
2553 1193 2758 1258 carnis,
2789 1209 2911 1262 quae
2951 1193 3018 1247 ad
3071 1203 3272 1247 laetum
3309 1195 3472 1262 perti-

1890 1293 2002 1350 nct,
2056 1285 2326 1340 occultius
2372 1286 2701 1356 geminatur.
2758 1285 2852 1341 Est
2895 1288 3038 1340 enim
3093 1286 3396 1342 forinsecus
3420 1296 3474 1340 et

1890 1377 2239 1432 intrinsecus.
2286 1376 2423 1448 Juga
2471 1379 2635 1432 boum
2664 1379 2939 1442 dicuntur,
2974 1380 3100 1448 quia
3153 1395 3245 1448 per
3276 1393 3472 1434 sensus

1890 1471 2023 1526 istos
2062 1481 2273 1526 terrena
2302 1470 2680 1541 acquiruntur,
2720 1480 2773 1526 et
2800 1472 2966 1526 boves
2998 1480 3198 1526 terram
3232 1478 3470 1525 versant.

1889 1561 1953 1616 Et
1976 1563 2138 1618 etiam
2161 1573 2289 1618 sunt
2319 1563 2567 1619 homines
2591 1562 2684 1633 qui
2709 1563 2846 1616 nihil
2876 1563 3068 1618 volunt
3091 1561 3332 1626 credere,
3365 1559 3473 1614 nisi

1888 1653 2034 1721 quod
2066 1653 2319 1707 sensibus
2371 1654 2695 1722 percipiunt.
2728 1651 2881 1708 Uxor
2921 1653 3152 1723 pertinet
3193 1651 3262 1706 ad
3307 1650 3467 1705 volu-

1888 1751 2091 1810 ptatem
2117 1743 2320 1807 carnis,
2351 1759 2474 1813 quae
2505 1745 2706 1799 multos
2739 1745 2984 1813 impedit.

1963 1851 1980 1883 ί
2028 1832 2184 1890 Tunc
2225 1835 2400 1890 iratus
2429 1834 2841 1904 paterfamilias,
2893 1833 3028 1888 dixit
3065 1846 3224 1888 servo
3275 1844 3398 1886 suo.
3444 1847 3465 1884 ι

1889 1921 2042 1980 Sicut
2071 1926 2216 1981 enim
2243 1935 2373 1981 tunc
2401 1927 2572 1981 iratus
2597 1943 2688 1982 rex
2718 1927 2939 1991 dicitur,
2964 1925 3182 1994 quando
3205 1925 3258 1978 in
3283 1939 3476 1992 pecca-

1885 2024 2034 2071 tores
2061 2016 2357 2071 vindictam
2403 2025 2640 2082 exercet,
2691 2017 2764 2070 ita
2792 2016 2936 2071 Deus
2965 2017 3311 2085 omnipotens
3357 2014 3468 2070 illis

1885 2107 2058 2162 iratus
2087 2108 2368 2177 apparebit
2393 2123 2534 2177 quos
2575 2123 2674 2177 pro
2712 2107 2950 2177 peccatis
2977 2107 3184 2176 puniet.

1961 2219 1979 2251 c
2013 2199 2078 2255 Et
2107 2201 2245 2255 dixit
2279 2215 2440 2254 servo
2477 2215 2579 2255 suo
2605 2217 2631 2253 :.
2652 2199 2748 2253 Exi
2785 2199 2894 2254 cito
2923 2199 2978 2252 in
3006 2199 3211 2269 plateas
3241 2206 3295 2254 et
3321 2198 3472 2254 vicos

1883 2292 2141 2358 civitatis,
2182 2301 2238 2346 et
2285 2306 2552 2361 pauperes
2589 2306 2654 2346 ac
2701 2290 2928 2357 debiles,
2961 2305 3134 2345 czecos
3168 2298 3222 2343 et
3248 2289 3472 2344 claudos

1882 2386 2145 2456 compelle
2194 2385 2419 2440 intrare.
2454 2383 2683 2451 Quanta:
2729 2393 2857 2439 sunt
2897 2382 3242 2436 diversitates
3273 2381 3330 2434 in
3367 2381 3474 2435 hoc

1882 2479 2108 2543 mundo,
2158 2487 2381 2532 actuum
2447 2485 2611 2532 tanta:
2657 2483 2790 2532 sunt
2837 2474 2937 2530 via:
2992 2489 3113 2545 quae
3149 2472 3360 2528 ducunt
3401 2472 3470 2526 ad

1882 2569 2192 2635 diabolum,
2222 2568 2530 2639 generalem
2564 2567 2773 2622 scilicet
2801 2566 2944 2620 viam
2972 2564 3315 2636 perditionis.
3345 2561 3473 2618 ideo

1880 2676 2014 2732 ergo
2044 2661 2177 2715 dicit
2207 2679 2219 2714 :
2249 2661 2320 2714 ite
2367 2660 2435 2713 ad
2462 2659 2642 2714 exitus
2688 2658 2922 2722 viarum,
2966 2657 3107 2711 sicut
3151 2657 3228 2710 ait
3274 2655 3326 2708 in
3359 2654 3468 2710 alio

1878 2754 2159 2825 evangelio
2205 2751 2424 2823 (Matth.
2464 2753 2625 2819 xxn),
2681 2758 2743 2804 ut
2797 2748 3090 2818 cujuslibet
3139 2747 3472 2802 conditionis

1879 2846 2133 2902 homines
2181 2853 2448 2899 vocentur
2490 2844 2558 2896 ad
2589 2841 2772 2897 tidem.
2825 2839 3028 2895 Potens
3071 2847 3156 2893 est
3189 2839 3335 2894 enim
3369 2837 3465 2892 Dei

1878 2937 2051 3009 gratia
2085 2936 2358 3007 quoslibet
2403 2935 2667 2989 barbaros
2697 2940 2879 2987 mente
2908 2931 3182 3002 corrigere
3201 2971 3216 2996 ,
3249 2932 3342 3000 qui
3372 2946 3470 2986 cor

1876 3026 2382 3083 Nabuchodonosor
2435 3025 2505 3080 ad
2553 3023 2777 3079 feralem
2828 3038 3054 3079 sensum
3097 3024 3347 3087 mutavit,
3402 3031 3461 3076 ct

1879 3119 2075 3173 iterum
2105 3118 2172 3173 ad
2201 3118 2502 3172 humanum
2541 3130 2765 3170 sensum
2795 3113 3030 3168 reduxit.
3055 3111 3218 3167 Mittit
3247 3126 3378 3183 ergo
3406 3111 3460 3166 in

1803 3180 1844 3237 Ο
1879 3211 2106 3282 plateas,
2130 3219 2183 3265 et
2206 3210 2356 3265 vicos
2376 3217 2432 3264 et
2458 3208 2708 3263 civitates
2734 3249 2750 3271 ,
2767 3207 3005 3261 invitans
3039 3180 3332 3275 pauperes,
3371 3203 3463 3260 del

1876 3304 2033 3370 biles,
2082 3313 2137 3358 et
2180 3316 2357 3358 caecos
2388 3300 2754 3370 claudosque,
2789 3309 2848 3354 ut
2885 3299 3031 3352 nulla
3068 3298 3164 3353 fiat
3205 3297 3466 3354 discretio

1874 3398 2124 3453 locorum
2171 3411 2268 3452 seu
2344 3409 2707 3466 personarum
2766 3392 3110 3448 venientibus
3165 3393 3232 3448 ad
3297 3393 3460 3447 fidem

1873 3493 2100 3549 Christi.
2117 3487 2369 3546 Ostendit
2395 3488 2684 3558 enimquia
2712 3485 2966 3542 debilitas
2988 3485 3237 3555 corporis
3250 3484 3460 3540 nullum

1873 3581 2117 3638 excludit
2143 3597 2174 3636 a
2199 3595 2368 3652 regno
2397 3579 2515 3645 Dei,
2557 3579 2848 3648 rariusque
2879 3577 3166 3648 delinquit,
3195 3577 3284 3631 cui
3307 3577 3460 3632 deest

1874 3678 2127 3734 illecebra
2185 3674 2466 3744 peccandi,
2491 3684 2548 3730 et
2585 3674 2750 3730 citius
2779 3673 2848 3730 ad
2897 3673 3068 3728 Deum
3121 3673 3460 3728 convertitur

1872 3771 1966 3842 qui
2011 3785 2120 3824 non
2171 3769 2334 3824 habet
2368 3768 2424 3822 in
2474 3767 2682 3823 mundo
2713 3767 2808 3822 ubi
2849 3767 3170 3824 delectetur.
3221 3767 3394 3822 Aliter
3439 3785 3456 3823 :

1871 3860 2146 3930 Paupcres
2172 3859 2400 3922 debiles,
2425 3857 2558 3913 caeci
2623 3865 2682 3913 et
2728 3857 2912 3912 claudi
2941 3858 3199 3913 dicuntur
3227 3858 3460 3929 gentiles

1872 3951 2284 4022 comparatione
2320 3948 2658 4016 Iudaeorum,
2690 3949 2787 4018 qui
2815 3964 2912 4019 per
2939 3949 3112 4020 legem
3143 3957 3198 4004 et
3221 3950 3460 4019 prophe-

1872 4046 1978 4101 tias
1999 4043 2220 4107 divites,
2251 4041 2444 4107 fortes,
2473 4041 2767 4096 illuminati
2804 4051 2858 4096 et
2883 4042 3051 4097 erecti
3076 4057 3197 4096 esse
3218 4041 3454 4108 debent;

1871 4135 1966 4192 sed
2012 4135 2119 4190 hoc
2163 4149 2287 4189 esse
2331 4133 2470 4188 falso
2521 4141 2885 4202 praesumunt.
2939 4131 3105 4187 Mittit
3133 4132 3202 4186 ad
3226 4133 3454 4202 plateas,

1871 4245 1997 4285 cum
2029 4236 2344 4299 peccatores
2375 4225 2722 4281 dilatioribus
2743 4224 2849 4280 viis
2885 4233 3046 4280 vocat
3065 4224 3133 4280 ad
3157 4235 3448 4296 angustam

1871 4320 2013 4375 viam
2059 4319 2203 4373 vitae.
2250 4317 2414 4372 Mittit
2441 4318 2508 4372 ad
2536 4317 2708 4384 vicos,
2759 4332 2885 4372 cum
2914 4316 3038 4372 illos
3084 4317 3276 4373 invitat
3314 4333 3457 4387 quos

1871 4412 2255 4484 temporalium
2291 4421 2449 4466 vocat
2481 4411 2686 4481 inOpia.
2719 4409 2882 4464 Mittit
2916 4410 2984 4465 ad
3015 4410 3286 4479 civitates,
3325 4425 3456 4466 cum

177 4517 317 4562 sexu
353 4502 723 4573 geminantur.
773 4498 879 4567 Qui
915 4514 1134 4568 sensus,
1172 4500 1302 4570 quia
1347 4499 1463 4553 sola
1497 4498 1765 4553 exteriora
1798 4525 1844 4580 ι)
1874 4521 1970 4563 eos
2022 4513 2181 4561 vocat
2219 4503 2315 4575 qui
2355 4503 2499 4558 culta
2533 4503 2604 4557 ah
2631 4503 2854 4557 incultis
2901 4510 3214 4568 secernunt,
3251 4501 3344 4572 qui
3376 4511 3457 4558 te-

176 4603 539 4668 cognoscunt,
569 4603 625 4650 et
657 4609 767 4649 non
798 4593 1019 4660 intima,
1050 4601 1196 4648 recte
1226 4609 1323 4664 per
1349 4609 1445 4650 eos
1471 4593 1768 4650 curiositas

177 4687 516 4761 designatur.
551 4686 770 4744 Grande
797 4688 990 4744 vitium
1025 4695 1110 4744 est
1143 4687 1456 4755 curiositas,
1483 4703 1607 4758 qua:
1633 4687 1766 4743 dum

181 4782 476 4854 investigat
524 4782 694 4836 vitam
739 4780 998 4852 proximi,
1033 4793 1268 4836 mentem
1318 4781 1562 4836 exterius
1592 4781 1765 4846 ducit,

177 4889 278 4931 sua
298 4875 490 4930 intima
521 4881 876 4944 postponens.
907 4871 1216 4928 Notandum
1238 4871 1389 4943 quia,
1410 4872 1542 4926 dum
1555 4873 1764 4940 dicunt,

183 4983 204 5017 ι
243 4979 377 5037 rogo
410 4973 481 5032 te,
509 4963 647 5019 habe
670 4977 758 5019 mc
785 4973 1132 5030 excusatum,
1164 4982 1182 5015 ι
1212 4963 1492 5019 humilitas
1522 4973 1682 5020 sonat
1711 4964 1768 5018 in

177 5071 341 5124 voce;
371 5057 502 5112 dum
527 5057 713 5112 venire
752 5064 1131 5124 contemnunt,
1155 5055 1410 5126 superbia
1437 5056 1494 5110 in
1528 5055 1763 5110 actione.

180 5149 274 5204 Sic
314 5157 570 5218 peccator
595 5149 690 5220 qui
721 5147 854 5204 dicit
887 5167 899 5203 :
932 5147 1040 5204 Ora
1069 5165 1170 5220 pro
1215 5163 1304 5203 me
1354 5156 1674 5219 peccatore,
1712 5156 1769 5202 et

175 5255 460 5320 peccatum
497 5263 607 5303 non
639 5249 754 5304 vult
777 5249 1052 5317 deserere,
1096 5249 1340 5305 insinuat
1379 5248 1764 5312 humilitatem,

173 5341 271 5396 sed
303 5341 356 5395 in
393 5342 648 5412 superbia
687 5352 911 5412 perstat.

254 5451 276 5485 ι
298 5431 365 5488 Et
391 5434 534 5489 alius
551 5432 974 5489 dixitzUxorem
1003 5433 1132 5489 duxi
1157 5443 1212 5488 et
1243 5434 1364 5488 ideo
1392 5447 1500 5488 non
1538 5447 1764 5503 possum

175 5527 382 5581 venire.
434 5545 454 5578 ›
489 5525 548 5582 In
595 5541 768 5582 uxore
795 5527 1049 5598 voluptas
1097 5526 1283 5582 carnis
1325 5526 1614 5596 accipitur,
1654 5540 1764 5581 non

172 5619 322 5693 quod
352 5619 672 5692 coniugium
703 5635 812 5676 non
838 5620 913 5676 sit
940 5619 1145 5676 bonum
1177 5619 1245 5675 ad
1275 5619 1515 5674 sobolem
1561 5633 1764 5689 propa-

177 5711 436 5786 gandam,
462 5711 557 5770 sed
601 5713 749 5784 quod
779 5713 1026 5770 nonnulli
1051 5720 1312 5784 expetunt
1334 5712 1387 5768 in
1429 5727 1601 5769 uxore
1653 5726 1762 5767 non

177 5805 568 5864 fecunditatem
599 5805 769 5881 prolis
788 5847 804 5874 ,
835 5805 929 5864 sed
964 5804 1235 5862 desideria
1265 5803 1580 5875 voluptatis.
1611 5802 1762 5860 Con--

1870 4614 2001 4656 nere
2039 4599 2211 4669 legem
2247 4604 2458 4652 naturae
2483 4595 2800 4652 suburbana
2839 4593 3256 4650 conversatione
3287 4609 3460 4650 nove-

1869 4701 2013 4748 rant.

1945 4805 1965 4837 ι
2005 4783 2072 4839 Et
2124 4783 2201 4838 ait
2247 4797 2485 4838 servus:
2533 4780 2785 4847 Domine,
2815 4779 3020 4835 factum
3061 4789 3146 4836 est
3194 4780 3454 4850 ntimpco

1869 4877 2032 4941 rasti,
2075 4883 2131 4931 et
2175 4873 2355 4928 adhuc
2392 4874 2550 4927 locus
2598 4882 2700 4926 est.
2733 4871 2800 4925 Et
2832 4872 2909 4925 ait
2941 4870 3199 4926 dominus
3239 4885 3400 4926 servo
3435 4889 3452 4927 :

1868 4967 1966 5022 Exi
2005 4967 2058 5020 in
2082 4967 2200 5020 vias
2219 4973 2274 5020 et
2301 4979 2478 5033 sepes,
2503 4970 2558 5016 et
2583 4962 2846 5032 compelle
2877 4961 3104 5027 intrare,
3136 4970 3197 5016 ut
3225 4961 3456 5031 implea-

1868 5071 1959 5117 tur
1987 5061 2186 5116 domus
2213 5075 2354 5114 mea.
2388 5057 2522 5113 Dico
2545 5070 2726 5112 autem
2752 5057 2908 5114 vobis
2933 5057 3078 5128 quod
3119 5073 3283 5112 nemo
3307 5059 3458 5113 viro-

1866 5171 1989 5210 rum
2002 5155 2218 5208 illorum
2236 5151 2518 5224 quivocati
2533 5159 2662 5206 sunt
2674 5151 2966 5221 gustabunt
2981 5166 3193 5208 ctenam
3215 5165 3412 5206 meam.
3424 5167 3450 5202 ι

1867 5247 2141 5318 lmplenda
2175 5255 2262 5302 est
2292 5246 2490 5302 domus
2520 5245 2614 5300 Dei
2645 5261 2875 5300 numero
2898 5243 3408 5315 prtedestinatornm
3432 5262 3460 5311 -,.

1868 5343 1961 5399 sed
2003 5343 2225 5413 superbi
2267 5349 2604 5412 peccatores,
2655 5339 2785 5410 quia
2815 5340 2992 5395 vocati
3043 5341 3229 5395 venire
3259 5341 3452 5394 nolue-

1869 5444 2018 5502 runt,
2044 5450 2103 5491 se
2149 5435 2301 5506 ipsos
2345 5432 2838 5502 irrecuperabilitcr
2867 5433 3240 5487 excluserunt.
3276 5431 3452 5488 Vocat

1867 5525 2132 5582 Dominus
2161 5541 2259 5595 per
2280 5539 2359 5588 se,
2392 5532 2552 5580 vocat
2571 5539 2668 5593 per
2700 5523 2940 5594 angelos,
2967 5538 3062 5592 per
3083 5523 3454 5592 patriarchas,

1865 5635 1962 5691 per
2015 5618 2325 5688 apostolos,
2369 5632 2468 5686 per
2523 5615 2812 5680 miracula,
2866 5630 2962 5684 per
3011 5615 3242 5686 flagella.
3275 5617 3452 5671 Nemo

1865 5718 2181 5767 contemnat
2213 5708 2420 5776 venire,
2469 5723 2538 5764 ne
2574 5709 2703 5764 dum
2736 5715 2963 5762 vocatus
3012 5717 3276 5771 excusat,
3310 5707 3448 5762 dum

1865 5801 2100 5857 voluerit
2129 5801 2354 5866 intrare,
2389 5814 2498 5856 non
2531 5795 3024 5871 valeat.IVenerunt
3054 5797 3122 5855 de
3155 5796 3348 5869 plateis
3389 5803 3450 5852 et
