3948 6468
471 391 615 450 1019

1627 392 1956 450 WERNERI
1996 393 2287 450 ABBATIS
2327 393 2384 450 S.
2421 393 2642 450 BLASII

3611 394 3748 449 ιοιο

469 507 612 564 vicis
644 505 916 564 humiliati
951 515 1265 578 peccatores
1312 518 1378 559 ex
1410 505 1701 577 gentibus:
1746 505 1968 562 veniant
1995 514 2051 560 et
2079 510 2120 564 Α
2154 504 2490 562 Hierusalem
2541 517 2777 573 notatur,
2804 525 2856 562 .n
2886 524 2993 578 qua
3025 523 3153 564 arca
3181 507 3499 564 testamenti
3525 523 3749 566 venera-

472 600 543 653 de
594 600 820 669 sepibus
874 597 1134 652 haeretici.
1197 594 1334 650 Nam
1387 597 1666 666 quisepes
1703 606 2051 664 construunt,

472 691 774 745 divisiones
796 696 1069 757 quaerunt.
1098 686 1410 742 Trabantur
1429 704 1459 742 a
1486 689 1728 757 sepibus,
1755 690 2058 745 evellantnr

477 799 507 836 a
547 783 740 851 spinis.
771 780 902 850 Cogi
946 780 1157 834 nolunt.
1189 778 1501 847 Voluntate,
1536 781 1811 850 inquiunt,
1866 794 2055 838 nostra

473 876 762 929 intremus.
819 869 937 924 Non
991 872 1098 926 boc
1142 871 1409 926 Dominus
1458 873 1746 942 imperavit
1787 874 1882 944 qui
1931 874 2053 929 ait:

470 966 749 1036 Compelle
780 965 1002 1019 intrare.
1050 963 1206 1019 Foris
1241 963 1552 1018 inveniatur
1590 965 1916 1031 necessitas;
1975 966 2059 1020 iu-

473 1067 561 1112 tus
601 1065 859 1112 nascatur
909 1056 1180 1110 voluntas.
1237 1054 1424 1125 Itaque
1459 1055 1558 1110 via:
1586 1065 1640 1111 et
1665 1072 1820 1126 sepes
1853 1057 2055 1112 intelli-

470 1157 677 1220 guntur
701 1163 943 1204 erronem
965 1156 1126 1202 sectae
1146 1156 1200 1202 ct
1223 1147 1476 1202 haereses.
1511 1145 1706 1218 Liquet
1721 1147 1884 1218 igitur
1911 1149 2056 1219 quod

471 1242 563 1296 alii
596 1249 878 1306 vocantur,
910 1249 965 1295 et
1014 1239 1198 1294 venire
1228 1247 1615 1305 contenmunt;
1644 1240 1736 1294 alii
1769 1250 2054 1306 vocantur,

471 1345 525 1389 et
552 1335 812 1400 veniunt;
843 1333 935 1388 alii
976 1333 1181 1388 intrare
1234 1333 1656 1403 compelluntur.
1691 1331 1970 1388 Vocantur
2005 1341 2059 1387 et

471 1425 659 1480 venire
684 1433 1045 1480 contemnunt
1073 1425 1166 1495 qui
1192 1424 1396 1479 donum
1424 1424 1730 1478 intellectus
1753 1424 2056 1493 accipiunt;

474 1516 568 1571 sed
610 1518 862 1572 eumdem
914 1517 1249 1572 intellectum
1300 1516 1558 1586 operibus
1594 1530 1703 1569 non
1756 1523 2054 1570 sectantur.

480 1607 764 1665 Vocantur
786 1619 840 1665 et
863 1610 1108 1675 veniunt,
1140 1609 1232 1679 qui
1286 1617 1564 1678 acceptam
1600 1606 1906 1661 intellectus
1935 1621 2060 1676 gra-

475 1705 604 1759 tiam
624 1705 899 1774 operando
916 1704 1220 1774 perficiunt.
1239 1702 1657 1772 Compelluntur
1674 1701 1901 1766 intrare,
1920 1715 2059 1770 quos

475 1795 718 1852 Ecclesia
749 1796 1116 1866 temporaliter
1145 1794 1332 1864 punit,
1370 1793 1497 1862 quia
1535 1792 1784 1846 conversi
1812 1800 1941 1846 sunt
1971 1805 2057 1845 re-

2156 597 2335 664 batur,
2365 607 2420 652 et
2449 598 2503 652 in
2535 614 2642 668 qua
2678 600 2934 668 templum
2963 609 3102 666 erat,
3154 600 3206 654 in
3237 615 3350 670 quo
3386 600 3457 654 ab
3481 600 3741 656 omnibus

2159 689 2564 744 immolabatur.
2590 689 2765 760 ilujus
2791 691 2980 761 platea
2999 690 3258 746 Israelita:
3285 701 3469 756 erant,
3487 693 3584 762 qui
3609 709 3670 748 se
3693 694 3747 751 in

2158 783 2498 837 latitudinem
2543 783 2830 838 duodecim
2857 785 3094 838 tribuum
3129 783 3485 839 difl'uderant.
3508 781 3626 838 Vici
3652 800 3750 842 au-

2159 884 2266 930 tem
2299 873 2470 930 Judmi
2516 876 2856 941 exstiterant,
2887 877 2980 946 qui
3021 891 3081 930 se
3118 876 3170 929 in
3205 875 3482 946 angustiis
3512 875 3744 934 duarum

2159 967 2399 1022 tribuum
2451 967 2914 1022 constrinxerant.
2964 966 3038 1022 De
3066 967 3260 1038 plateis
3302 968 3490 1038 itaque
3525 977 3582 1022 et
3616 969 3744 1025 vicis

2159 1059 2437 1128 propheta:
2477 1058 2929 1123 introduxerunt,
2958 1057 3088 1111 dum
3136 1056 3415 1112 lsraelitas
3440 1065 3497 1112 et
3532 1055 3743 1115 Judaeos

2157 1151 2226 1204 de
2255 1165 2440 1204 errore
2470 1150 2690 1220 scriptis
2718 1156 2772 1204 et
2817 1148 2981 1204 dictis
3009 1160 3391 1204 correxerunt.
3447 1148 3510 1203 lli
3544 1166 3742 1221 panpe-

2159 1256 2246 1296 res
2273 1249 2446 1306 erant,
2480 1242 2606 1311 quia
2639 1240 2936 1295 virtutibus
2961 1241 3242 1295 carebant.
3279 1239 3498 1296 Debiles
3527 1242 3744 1297 exstite-

2160 1340 2304 1397 rant,
2349 1333 2475 1402 quia
2504 1333 2652 1387 vitiis
2700 1333 3048 1403 languerant.
3083 1331 3223 1386 Cmci
3252 1342 3434 1397 erant,
3464 1333 3595 1402 quia
3622 1349 3742 1387 sen-

2160 1441 2280 1480 sum
2304 1425 2438 1495 legis
2465 1441 2573 1479 non
2600 1425 2874 1480 videbant.
2903 1422 3096 1478 Claudi
3121 1423 3360 1489 fuerant,
3387 1424 3518 1494 quia
3542 1425 3740 1479 cultum

2160 1519 2254 1574 Dei
2298 1520 2668 1590 relinquentes
2709 1527 2832 1590 post
2877 1518 3021 1572 idola
3062 1518 3494 1573 declinaverant.
3529 1515 3628 1572 His
3666 1517 3741 1570 in-

2160 1613 2426 1668 troductis
2454 1611 2635 1667 adimc
2665 1613 3019 1680 locusvacat,
3049 1621 3103 1665 et
3128 1610 3397 1666 Dominus
3420 1624 3580 1664 servo
3597 1608 3740 1679 jubet

2160 1714 2221 1760 ut
2273 1704 2327 1758 in
2371 1704 2490 1759 vias
2530 1714 2584 1758 ct
2633 1718 2791 1773 sepes
2824 1712 3016 1768 exeat,
3078 1714 3132 1757 et
3181 1702 3389 1755 intrare
3434 1700 3737 1770 compellat.

2164 1795 2368 1851 Servus
2397 1796 2490 1866 qui
2519 1795 2586 1850 de
2609 1795 2712 1850 viis
2737 1803 2791 1850 et
2817 1794 3039 1864 sepibus
3067 1793 3275 1848 intrare
3295 1793 3643 1863 compellitur
3663 1801 3738 1847 est

476 1897 752 1953 tt'orsum,
805 1864 1096 1957 poStquam
1152 1893 1455 1956 posuerunt
1509 1899 1735 1939 manum
1805 1883 1875 1938 ad
1932 1899 2057 1938 ³ιά-
2090 1864 2133 1917 B
2163 1889 2298 1943 ordo
2343 1864 2715 1958 apostolorum
2760 1887 2856 1957 qui
2883 1888 2950 1940 de
2997 1885 3162 1940 sectis
3198 1893 3254 1939 et
3283 1885 3480 1939 ritibus
3533 1884 3738 1954 gentili-

475 1985 641 2030 trum.

594 2067 760 2121 ITEM
804 2067 1170 2124 EXPOSITIO
1211 2067 1521 2124 EJUSDEM
1562 2063 1950 2122 EVANGELII.

471 2147 477 2154 ’
553 2179 571 2212 ι
601 2161 748 2216 Beati
775 2162 866 2232 qui
891 2162 956 2216 ad
978 2177 1190 2217 ccenam
1222 2162 1517 2232 nuptialem
1543 2161 1680 2231 Agni
1704 2160 1876 2216 vocati
1901 2159 2057 2213 sunt!

481 2253 665 2323 (Apoc.
702 2253 842 2323 xxx.)
893 2251 1078 2308 Refert
1115 2253 1487 2323 Evangelium,
1540 2252 1873 2318 charissimi,
1913 2251 2062 2321 quod

476 2345 699 2414 quidam
749 2360 999 2415 magnam
1031 2361 1242 2401 cwnam
1273 2345 1463 2401 fecerit
1491 2345 1798 2416 multosque
1827 2345 2058 2399 vocavit.

477 2433 692 2490 Paratis
731 2435 985 2491 omnibus
1033 2436 1184 2491 misit
1221 2452 1438 2492 servum
1494 2452 1654 2492 suum
1686 2436 1943 2491 invitatos
1966 2451 2064 2490 vo-

477 2543 625 2582 care.
656 2526 722 2581 Et
762 2536 1046 2598 cmperunt
1073 2543 1264 2583 omnes
1303 2545 1587 2585 excusare.
1626 2527 1691 2582 Et
1720 2529 1860 2583 alius
1889 2543 1949 2583 se
1986 2528 2066 2583 di-

479 2621 560 2676 xit
603 2620 787 2675 villam
812 2623 1032 2689 emisse,
1061 2623 1203 2679 alius
1219 2624 1460 2695 quinque
1480 2624 1608 2695 juga
1644 2623 1809 2678 boum
1845 2636 2065 2691 compa-

479 2711 708 2778 ravisse,
743 2712 884 2768 alius
932 2728 1154 2768 uxorem
1193 2715 1439 2783 duxisse,
1485 2725 1536 2771 et
1576 2716 1698 2770 ideo
1736 2715 1922 2768 venire
1953 2729 2062 2768 non

480 2814 662 2869 posse.
699 2799 794 2856 llis
824 2803 1025 2858 auditis
1052 2804 1220 2873 jussit
1239 2805 1494 2861 dominus
1519 2821 1735 2861 servum
1777 2805 1831 2858 in
1860 2805 2066 2874 plateas

479 2903 536 2948 et
582 2893 734 2949 vicos
781 2895 953 2962 exire,
1011 2913 1297 2968 pauperes,
1341 2900 1566 2967 debiles,
1607 2915 1802 2967 caecos,
1841 2899 2065 2954 claudos

481 2982 844 3040 introducere.
876 2985 1095 3043 Etcum
1127 2989 1308 3045 adhuc
1348 2991 1502 3047 locus
1541 3003 1775 3058 vacaret,
1810 2991 2066 3062 praecepit

481 3090 640 3129 servo
663 3084 722 3131 nt
768 3079 835 3133 de
871 3079 974 3136 viis
1005 3092 1060 3136 et
1099 3083 1321 3153 sepibus
1356 3085 1626 3155 compulsi
1662 3085 1948 3149 intrarent,
1973 3084 2065 3154 ju-

481 3182 612 3222 rans
658 3168 805 3238 quod
858 3186 1018 3227 nemo
1071 3174 1139 3228 de
1185 3177 1393 3230 vocatis
1424 3191 1636 3231 cannam
1681 3191 1834 3232 suam
1879 3185 2064 3246 gusta—
2092 3211 2133 3268 Ο

480 3266 564 3312 ret
586 3257 737 3329 (Luc.
761 3262 894 3329 xiv).
931 3261 1106 3317 Homo
1139 3265 1232 3334 qui
1261 3281 1472 3321 coenam
1505 3281 1756 3337 magnam
1791 3266 2066 3321 instruens

482 3351 687 3408 multos
717 3355 951 3422 vocavit,
975 3365 1060 3411 est
1088 3355 1232 3411 Deus
1261 3373 1360 3427 pro
1383 3359 1539 3414 nobis
1555 3358 1732 3414 factus
1761 3359 1947 3423 homo,
1970 3359 2065 3428 qui

482 3457 678 3501 omnes
706 3455 895 3516 gentes
925 3449 991 3503 ad
1034 3451 1224 3520 epulas
1259 3452 1470 3506 aeterni
1526 3451 1764 3506 convivii
1796 3451 2065 3506 invitavit.

485 3534 585 3592 llic
639 3539 789 3594 misit
841 3556 1062 3596 servum
1120 3557 1281 3597 suum
1349 3543 1414 3597 ad
1469 3543 1780 3598 convivium
1847 3559 2063 3610 vocare,

483 3628 707 3698 quando
744 3630 966 3703 Moysen
1000 3633 1149 3689 misit
1175 3650 1270 3704 per
1314 3635 1486 3706 legem
1521 3635 1779 3706 populum
1805 3635 1870 3690 ad
1901 3636 2064 3690 vitam

487 3729 721 3775 mutare.
758 3723 863 3776 Sed
893 3739 1085 3779 omnes
1107 3741 1164 3780 se
1192 3740 1222 3780 a
1254 3741 1408 3781 coena
1447 3735 1731 3791 excusant,
1758 3728 1886 3798 quia
1941 3743 2069 3798 pro-

488 3810 632 3866 fecto
654 3812 828 3867 videri
855 3815 1166 3870 convivium
1198 3815 1293 3871 Dei
1329 3817 1480 3873 adire
1531 3827 1808 3874 recusant.
1847 3818 2068 3876 Primus

489 3917 728 3973 namque
755 3904 892 3960 dixit
916 3921 975 3962 se
996 3908 1196 3963 emisse
1231 3909 1436 3975 villam,
1461 3918 1517 3965 et
1565 3925 1625 3966 se
1656 3911 1860 3966 iturum
1883 3912 2069 3967 videre

488 3992 658 4049 illam.
681 3992 942 4052 Judaicus
971 3999 1204 4069 populus
1231 4001 1387 4072 quasi
1409 4002 1592 4056 villam
1619 4003 1772 4070 emit,
1796 4003 1927 4058 dum
1961 4011 2069 4058 ter-

487 4099 604 4139 ram
657 4088 1098 4156 repromissionis
1150 4106 1246 4161 per
1295 4093 1542 4148 carnales
1569 4093 1946 4148 observantias
1971 4093 2070 4148 ob-

488 4176 672 4231 tinuit.
693 4177 837 4234 Exiit
863 4180 1010 4234 illam
1039 4182 1240 4250 videre,
1268 4183 1398 4238 dum
1429 4184 1496 4238 de
1515 4182 1752 4254 Egypto
1784 4183 1918 4238 exiit
1945 4198 2066 4238 eam

486 4271 788 4338 possidere.
823 4270 874 4327 Is
921 4289 1140 4344 quoque
1189 4280 1431 4346 quinque
1470 4276 1602 4347 juga
1641 4277 1794 4341 emit,
1823 4277 1952 4331 dum
1984 4276 2067 4332 bis

488 4361 734 4432 quinque
751 4366 964 4435 gemina
987 4367 1476 4438 dilectionejugata
1499 4369 1758 4440 percepit,
1784 4369 1985 4440 quibus
2011 4383 2069 4424 se

488 4469 680 4525 agrum
699 4455 916 4512 Domini
937 4459 1083 4513 velut
1105 4459 1278 4514 bobus
1299 4461 1478 4516 colere
1498 4461 1705 4517 debuit.
1729 4460 1832 4519 Sed
1855 4465 1952 4521 ivit
1977 4466 2066 4522 illa

2162 1981 2266 2037 bus
2291 1983 2492 2036 multos
2516 1981 2570 2035 in
2602 1979 2828 2034 donmm
2862 1977 2956 2034 Dei
2981 1979 3343 2049 collegerunt.
3375 1975 3488 2030 Via:
3517 1991 3741 2046 namque

2162 2071 2566 2126 suntvdiversze
2597 2079 2758 2126 sectae
2798 2069 3289 2140 philosophorum,
3338 2082 3518 2136 sepes,
3550 2066 3737 2122 diversi

2163 2162 2302 2216 ritus
2327 2175 2685 2230 paganorum.
2715 2159 2789 2214 De
2819 2159 2904 2214 his
2928 2157 3194 2228 compulsi
3234 2155 3596 2222 intraverunt,
3620 2157 3737 2211 dum

2164 2263 2371 2326 gentes,
2405 2269 2501 2323 per
2537 2253 2692 2324 signa
2731 2262 2784 2306 et
2818 2251 3063 2322 prodigia
3111 2250 3493 2320 apostolorum
3526 2249 3740 2304 idolola-

2165 2349 2324 2403 triam
2351 2357 2693 2418 respuentes.
2711 2347 2882 2402 Deum
2908 2363 3100 2402 verum
3123 2347 3482 2402 crediderunt
3512 2365 3526 2400 :
3554 2345 3739 2402 Paulus

2162 2442 2362 2496 ctenim
2391 2440 2686 2511 proconsul
2716 2440 3036 2509 compulsus
3080 2440 3345 2505 intravit,
3380 2439 3513 2494 dum
3555 2437 3738 2492 Paulus

2163 2530 2443 2601 apostolus
2459 2545 2644 2584 coram
2663 2543 2730 2585 eo
2760 2544 2978 2599 magum
3010 2528 3329 2583 cxczecavit.
3359 2526 3738 2582 Constantinus

2165 2622 2483 2692 compulsus
2509 2621 2754 2687 intravit,
2777 2621 2907 2675 dum
2937 2618 3213 2692 Sylvester
3244 2635 3275 2674 a
3308 2619 3461 2689 lepra
3491 2618 3542 2672 in
3579 2616 3738 2688 bapti-

2165 2724 2341 2772 smate
2358 2715 2589 2770 curavit.
2609 2714 2781 2770 Gente
2805 2715 3001 2786 sigitur
3028 2715 3353 2768 introducta:
3376 2729 3504 2768 cum
3527 2711 3740 2766 Domino

2166 2808 2481 2873 cmuabunt,
2531 2805 2705 2862 Judaei
2749 2821 2881 2861 vero
2930 2806 3182 2861 nolentes
3241 2807 3454 2860 intrare
3496 2805 3561 2860 de
3595 2817 3737 2860 eam

2167 2900 2384 2956 Domini
2434 2914 2542 2954 non
2590 2898 2910 2971 gustabunt.
2971 2897 3039 2953 Et
3087 2913 3222 2964 vos,
3276 2894 3739 2962 dilectissimi,ad

2167 3009 2380 3050 Cinnam
2410 2992 2504 3049 Dei
2535 2993 2668 3048 estis
2707 2993 2908 3048 vocati.
2937 2992 3124 3047 Videte
3158 3006 3228 3046 ne
3257 2992 3509 3063 quolibet
3535 2986 3740 3060 negotio

2167 3086 2438 3158 impliciti,
2465 3101 2532 3141 ne
2564 3085 2860 3155 cujuslibet
2886 3084 3128 3140 amicitia
3161 3085 3428 3155 impediti,
3455 3084 3525 3138 ab
3549 3099 3606 3138 ea
3627 3081 3742 3138 sitis

2167 3178 2415 3234 excusati
2471 3197 2484 3232 :
2548 3193 2650 3232 nos
2685 3177 2888 3232 etenim
2933 3177 3075 3232 servi
3135 3178 3338 3232 summi
3387 3177 3558 3248 patris
3588 3173 3740 3230 fami-

2170 3267 2272 3323 lias
2307 3283 2501 3323 sumus
2532 3268 2602 3322 ab
2644 3275 2710 3322 e‘o
2752 3266 2931 3330 missi,
2953 3281 3054 3321 vos
3098 3266 3166 3321 ad
3197 3267 3392 3336 epulas
3417 3275 3628 3320 aeternae
3656 3279 3743 3318 δερ

2168 3359 2372 3415 tietatis
2397 3359 2714 3413 invitemus.
2757 3357 2930 3428 Igitur
2985 3357 3052 3412 ad
3088 3358 3309 3427 nuptias
3329 3357 3464 3426 Agui
3495 3355 3745 3409 festinate

2169 3466 2363 3506 omnes
2407 3449 2619 3521 ingredi
2658 3459 2955 3519 antequam
2989 3449 3162 3519 janua
3206 3449 3511 3514 claudatur,
3535 3456 3584 3501 et
3609 3457 3744 3500 tunc

2169 3541 2515 3612 pulsantibus
2536 3549 2591 3596 et
2615 3540 2821 3594 intrare
2843 3539 3296 3596 desiderantibus
3319 3555 3590 3609 nunquam
3619 3552 3749 3607 ape-

2169 3634 2361 3688 riatur.
2381 3631 2800 3687 DicitDominus
2823 3629 2937 3686 :«Si
2955 3631 3150 3686 oculus
3174 3639 3306 3685 tuus
3321 3630 3510 3685 dexter
3532 3627 3747 3684 scanda-

2169 3727 2303 3782 lizat
2326 3737 2376 3781 te
2405 3741 2537 3781 erue
2578 3740 2728 3790 eum,
2751 3732 2806 3779 et
2854 3723 3063 3794 projice
3097 3723 3198 3779 abs
3219 3731 3294 3778 te.
3323 3721 3393 3776 Et
3427 3723 3474 3777 si
3500 3737 3592 3792 pes
3628 3729 3744 3775 tuus

2169 3818 2503 3874 scandalizat
2534 3826 2604 3883 te,
2627 3817 2849 3872 abscide
2870 3831 2998 3871 eum
3023 3825 3079 3871 et
3113 3815 3324 3886 projice
3348 3815 3448 3870 abs
3474 3823 3542 3868 te.
3563 3812 3742 3868 Melius

2169 3919 2253 3966 est
2279 3910 2374 3965 tibi
2417 3909 2630 3963 luscum
2658 3907 2744 3962 vel
2767 3907 3022 3974 debilem,
3048 3907 3130 3962 vel
3172 3907 3432 3962 claudum
3483 3904 3550 3959 ad
3585 3904 3745 3958 vitam

2170 4003 2416 4074 ingredi,
2470 4017 2636 4074 quam
2705 4000 2847 4055 duos
2909 3999 3141 4066 oculos,
3196 3999 3282 4054 vel
3347 3999 3487 4053 duas
3529 4010 3740 4059 manus,

2171 4104 2266 4150 aut
2322 4095 2462 4149 duos
2529 4093 2694 4164 pedes
2748 4091 3040 4146 habentem
3097 4092 3151 4145 in
3206 4091 3514 4162 gehennam
3583 4087 3741 4152 mitti,

2176 4203 2195 4236 ι
2232 4185 2323 4238 ubi
2368 4183 2507 4255 ignis
2543 4198 2653 4238 non
2675 4182 3065 4251 exstinguitur,
3097 4188 3151 4236 et
3184 4181 3388 4235 vermis
3420 4195 3611 4235 eorum
3644 4192 3741 4232 non

2171 4277 2406 4333 moritur
2429 4276 2622 4348 (Marc.
2660 4276 2761 4344 tx).
2795 4295 2812 4327 ι
2840 4273 3151 4329 Notandum
3185 4282 3373 4328 autem
3418 4271 3564 4342 quod
3598 4269 3742 4324 trina

2174 4369 2456 4424 Salvatore
2484 4375 2783 4438 ponuntur,
2828 4367 3039 4422 scilicet
3063 4366 3280 4429 oculus,
3312 4381 3530 4428 manus,
3559 4373 3616 4418 et
3652 4376 3738 4432 pe-

2173 4461 2270 4515 des
2303 4479 2316 4514 :
2351 4476 2448 4530 per
2477 4475 2599 4529 quae
2629 4458 2877 4514 infelices
2905 4474 2934 4512 a
2958 4458 3212 4513 convivio
3250 4456 3347 4512 Dei
3385 4457 3743 4522 retrahuntur,

487 4545 740 4614 probare,
771 4547 900 4601 dum
937 4563 1001 4602 ca
1034 4549 1242 4603 studuit
1262 4565 1360 4618 pro
1386 4553 1612 4607 terrenis
1636 4561 1847 4608 tantum
1875 4555 2068 4612 obser-
2100 4547 2148 4606 D
2173 4551 2302 4622 quia
2331 4559 2427 4605 aut
2461 4550 2667 4620 prmlati
2693 4591 2708 4616 ,
2749 4559 2845 4605 aut
2878 4551 3095 4621 cognati
3127 4589 3143 4615 ,
3182 4559 3279 4604 aut
3318 4550 3548 4618 subjecti
3579 4564 3611 4603 a
3647 4561 3748 4602 co:-

485 4653 638 4696 vare.
658 4637 756 4694 Hic
771 4641 934 4696 etiam
963 4656 1190 4696 uxorem
1215 4642 1390 4710 duxit,
1409 4645 1536 4714 quia
1561 4644 1731 4714 legem
1762 4647 1969 4700 carnali
1991 4648 2071 4702 in-

489 4730 702 4786 tellectu
720 4733 1026 4803 conjunxit,
1044 4743 1096 4790 et
1113 4734 1234 4790 ideo
1256 4751 1314 4790 se
1336 4752 1365 4790 a
1389 4737 1639 4791 convivio
1659 4735 1748 4792 Dei
1773 4738 2064 4794 subtraxit.

485 4820 591 4878 Per
620 4823 772 4879 illum
810 4840 1028 4896 quoque
1071 4826 1168 4897 qui
1209 4826 1396 4882 villam
1426 4828 1560 4883 emit
1587 4828 1908 4900 intelligitur
1933 4831 2070 4888 ordo

486 4915 795 4986 principum
818 4916 1152 4986 Judaeorum,
1191 4920 1284 4991 qui
1317 4935 1522 4976 terram
1550 4921 1752 4991 populo
1782 4922 1987 4990 divisit,
2017 4933 2070 4979 et

486 5006 581 5076 qui
612 5010 956 5076 postmodum
984 5012 1318 5070 munitiones
1345 5014 1602 5070 obtinuit.
1627 5013 1730 5070 Per
1761 5015 1914 5070 illum
1939 5031 2070 5070 vero

487 5097 582 5166 qui
621 5099 862 5169 quinque
884 5102 1015 5173 juga
1045 5105 1212 5160 boum
1229 5106 1384 5173 emit,
1410 5106 1691 5170 subjectus
1715 5107 1949 5177 populus
1971 5109 2070 5162 de-

488 5188 760 5260 signatur,
805 5195 898 5263 qui
934 5195 1068 5267 jugo
1104 5197 1240 5269 legis
1281 5199 1352 5253 ad
1399 5197 1798 5268 subjectionem
1836 5201 2071 5271 stringe-

487 5283 670 5339 batur.
703 5283 809 5340 Per
855 5287 1008 5342 illum
1061 5305 1192 5345 vero
1241 5289 1338 5361 qui
1367 5305 1594 5345 uxorem
1637 5289 1795 5346 duxit
1819 5291 2071 5347 leviticus

486 5377 625 5432 ordo
649 5376 979 5447 declaratur,
1027 5383 1116 5437 cui
1150 5383 1236 5437 lex
1287 5383 1598 5454 specialiter
1637 5391 1698 5439 ut
1721 5397 1861 5438 uxor
1902 5399 2072 5454 copu-

488 5465 653 5524 latur.
705 5467 773 5524 lli
827 5471 1026 5543 singuli
1058 5475 1186 5545 quia
1223 5477 1454 5532 terrenis
1493 5478 1730 5549 negotiis
1784 5476 2067 5544 insudant,

490 5574 550 5614 se
572 5575 606 5616 a
627 5563 879 5619 convivio
911 5564 1005 5620 Dei
1034 5575 1318 5623 excusant.
1351 5566 1506 5624 Unde
1528 5567 1922 5640 paterfamilias
1947 5584 2069 5625 ser-

490 5666 564 5709 vo
598 5653 828 5725 imperat
868 5667 928 5714 ut
970 5659 1026 5714 in
1081 5660 1287 5731 plateas
1321 5669 1375 5716 et
1424 5661 1576 5717 vicos
1606 5661 1844 5716 civitatis
1889 5672 2067 5728 exeat,

493 5760 757 5816 pauperes
788 5763 852 5805 ac
899 5750 1106 5808 debiles
1163 5753 1494 5808 introducat.
1544 5750 1768 5818 Servus,
1792 5753 1886 5824 qui
1925 5768 2071 5808 nunc

495 5838 749 5908 mittitur,
777 5842 910 5898 ordo
934 5845 1320 5915 prophetarum
1348 5845 1632 5917 accipitur.
1659 5843 1862 5900 Civitas
1887 5855 2068 5902 autem

2173 4660 2244 4699 na
2275 4642 2493 4697 Domini
2523 4657 2630 4696 nos
2667 4643 2948 4696 retardant
3000 4657 3142 4711 quos
3173 4642 3279 4697 ista
3319 4640 3566 4696 membra
3612 4636 3745 4692 desi-

2173 4746 2362 4809 gnant.
2397 4733 2602 4790 Oculus
2625 4735 2718 4804 qui
2763 4749 2866 4789 nos
2897 4733 3050 4789 ducit
3087 4742 3175 4788 est
3220 4734 3480 4788 sacerdos
3510 4733 3607 4802 qui
3654 4743 3746 4784 nos

2171 4829 2240 4883 de
2297 4826 2535 4882 tenebris
2579 4825 2767 4879 mundi
2796 4825 2863 4880 ad
2901 4825 3078 4880 lucem
3102 4825 3228 4879 vita:
3249 4824 3456 4895 dirigit.
3495 4822 3603 4889 Qui
3637 4820 3748 4873 ideo

2172 4919 2362 4974 dexter
2391 4918 2585 4972 oculus
2611 4916 2936 4987 appellatur,
2995 4915 3127 4986 quia
3168 4930 3272 4970 nos
3307 4915 3378 4970 de
3425 4914 3665 4978 sinistris
3687 4911 3747 4965 ad

2171 5012 2427 5068 dexteras
2449 5011 2649 5066 ducere
2699 5018 2952 5066 conatur.
2991 5007 3115 5076 Hic,
3162 5008 3208 5063 si
3239 5023 3343 5064 nos
3383 5007 3642 5062 haeretica
3668 5005 3752 5058 do-

2173 5108 2349 5164 ctrina
2401 5108 2470 5163 de
2504 5107 2594 5162 via
2645 5105 2738 5161 Dei
2780 5105 3052 5161 abducere
3081 5114 3136 5160 et
3172 5105 3228 5160 in
3260 5120 3503 5160 errorem
3553 5104 3752 5158 nitatur

2173 5201 2395 5266 ducere,
2425 5207 2520 5254 aut
2557 5214 2726 5269 pravo
2765 5198 3015 5268 exemplo
3045 5213 3075 5252 a
3103 5212 3260 5252 caena
3313 5195 3411 5253 Dei
3459 5195 3749 5257 retrahere,

2172 5295 2242 5349 ab
2264 5294 2513 5364 injuncto
2539 5292 2737 5359 oilicio,
2769 5300 2831 5347 ut
2851 5291 3044 5346 inutile
3071 5291 3407 5358 membrum,
3435 5297 3517 5346 est
3532 5287 3754 5359 ejicien-

2173 5386 2296 5442 dus.
2326 5384 2520 5441 Manus
2549 5385 2796 5451 dextera,
2827 5399 2925 5453 per
2946 5399 3112 5454 quam
3132 5398 3450 5454 operamur,
3469 5391 3551 5437 est
3583 5389 3749 5451 pater,

2170 5478 2256 5532 vel
2284 5485 2458 5532 mater
2504 5485 2599 5531 aut
2629 5491 2790 5540 uxor,
2819 5475 2905 5529 vel
2937 5475 3165 5545 quilibet
3202 5475 3579 5531 amicissimus
3608 5514 3626 5540 ,
3665 5485 3752 5542 per

2173 5585 2314 5642 quos
2354 5571 2409 5624 in
2447 5567 3002 5638 omnibusjuvamur.
3029 5565 3120 5633 Hi,
3156 5567 3333 5622 sinos
3360 5567 3549 5637 aliquo
3593 5563 3751 5619 modo

2175 5679 2205 5720 a
2235 5663 2486 5718 convivio
2508 5673 2792 5725 revocant,
2822 5660 2969 5715 zelus
3000 5658 3094 5714 Dei
3113 5675 3212 5715 eos
3236 5676 3270 5714 a
3295 5660 3460 5716 nobis
3487 5654 3750 5721 abécidat,

2176 5768 2226 5813 et.
2252 5755 2439 5828 procul
2473 5771 2502 5810 a
2537 5754 2826 5810 sedulitate
2859 5762 3043 5809 nostra
3065 5752 3308 5823 abjiciat.
3341 5749 3448 5807 Pes
3473 5765 3568 5821 per
3591 5760 3750 5819 quem

2175 5859 2458 5920 portamur
2487 5857 2565 5902 est
2595 5844 2821 5917 quilibet
2853 5843 3130 5914 subjectus
3157 5883 3169 5908 ,
3214 5859 3312 5915 per
3343 5855 3504 5913 quem
3549 5841 3608 5894 in
3649 5851 3754 5897 ac!
