3950 6380
533 354 678 411 1025

1675 347 2004 405 WERNERI
2041 346 2335 403 ABBATIS
2377 349 2434 405 S.
2475 345 2698 403 BLASII

3721 347 3838 400 {Cit

530 467 866 543 postulabat,
892 467 1212 539 priusquam
1243 482 1364 523 eam
1395 481 1492 536 per
1513 473 1742 521 mortem
1769 474 1936 521 totam
1960 480 2125 520 exue—
2154 469 2199 525 A
2227 465 2354 522 talis
2383 465 2614 532 dicitur,
2655 473 2707 519 et
2757 463 2812 518 in
2864 477 2929 518 eo
2953 461 3098 533 quod
3123 459 3366 515 dabatur
3413 455 3776 513 immortalis
3797 475 3838 516 ει

526 572 633 628 ret,
671 561 854 630 aliqua
894 574 961 613 ex
1014 566 1186 628 parte,
1235 557 1456 628 quando
1500 555 1694 622 voluit,
1739 556 2014 625 deposuit,
2063 563 2118 610 et

527 667 772 718 rursum,
801 649 1022 721 quando
1053 649 1245 715 voluit,
1276 648 1500 718 recepit,
1535 656 1594 702 ut
1626 649 1679 701 in
1706 648 1811 702 hoc
1846 649 1965 718 ipso
1992 662 2118 718 pro-

526 741 680 797 baret
709 741 836 811 quia
867 740 921 794 in
953 749 1218 810 quantum
1247 754 1368 793 eam
1419 738 1701 804 sustinuit,
1749 754 1817 792 ex
1875 739 2116 793 necessi-

530 842 641 888 tate
665 847 776 887 non
834 839 998 894 esset,
1046 830 1140 900 qui
1199 829 1280 884 sic
1328 844 1426 899 pro
1456 837 1726 898 potestate
1769 829 1822 883 in
1851 837 2116 900 quantum

530 927 699 981 voluit
724 941 843 981 eam
883 939 992 980 non
1017 923 1238 990 habere,
1265 923 1538 978 sustinere
1563 922 1788 977 omnino
1844 937 1953 976 non
1992 937 2120 992 pos-

527 1029 630 1076 set.

597 1110 820 1184 Legitur
842 1112 894 1166 in
923 1109 1218 1180 Evangelio
1245 1109 1397 1178 (Luc.
1422 1108 1638 1178 tv)quia
1667 1107 1933 1163 Dominus
1958 1105 2119 1164 Iesus

523 1200 778 1258 Christus
800 1218 924 1256 cum
961 1202 1189 1255 verbum
1219 1201 1343 1255 vita:
1374 1189 1715 1270 praedicaret,
1749 1212 1802 1254 et
1854 1200 1921 1253 ad
1951 1199 2117 1254 vitam

525 1293 786 1348 mortales
832 1301 887 1347 et
948 1294 1246 1346 morituros
1302 1292 1580 1356 invitaret,
1637 1291 1874 1346 zelantes
1934 1291 2120 1347 hostes

527 1400 690 1454 quem
745 1385 956 1439 ratione
1003 1386 1221 1439 vincere
1268 1400 1376 1439 non
1429 1392 1702 1454 poterant,
1754 1383 1939 1440 furore
2021 1401 2119 1438 ex—

531 1477 811 1548 stinguere
838 1477 1110 1530 volcbant.
1166 1476 1352 1547 Itaque
1387 1478 1544 1547 quasi
1589 1478 1643 1530 in
1687 1491 1812 1531 eum
1859 1477 1952 1547 qui
1985 1476 2122 1531 nihil

529 1569 766 1638 ampiius
795 1571 1023 1624 mortale
1063 1569 1306 1635 haberet,
1359 1585 1555 1624 manus
1586 1569 1892 1639 injecerunt
1933 1569 1987 1623 in
2033 1567 2123 1624 Je-

531 1677 674 1727 sum,
701 1670 756 1716 ct
791 1662 1066 1716 duxerunt
1097 1662 1150 1716 in
1219 1662 1571 1732 supercilium
1623 1661 1847 1728 montis,
1894 1670 1953 1716 ut
2012 1661 2121 1717 illic

527 1772 652 1811 eum
710 1757 1130 1827 praecipitarent.
1172 1753 1312 1810 Cum
1365 1770 1474 1810 non
1528 1764 1673 1810 esset
1715 1755 2018 1821 ducendus,
2072 1763 2122 1808 te

2221 556 2578 627 impassibilis
2647 554 2816 609 fuisse
2861 551 3226 623 praedicatur?
3277 548 3410 604 Haec
3473 557 3712 603 tantum
3771 555 3834 606 si:

2219 649 2364 704 dicta
2395 649 2524 715 sint,
2568 656 2627 702 ut
2651 646 2856 703 nemini
2892 646 2945 699 in
2971 659 3037 700 eo
3061 643 3208 714 quod
3235 643 3410 697 latent
3443 639 3832 713 praeiudicia:

2219 741 2330 797 ﬁat.

2757 844 2959 883 DIVISIO
2993 842 3277 882 SERIIONIS.

2291 925 2491 981 Verum
2524 938 2725 994 corpus
2753 921 2956 976 Christi
2993 921 3125 975 illud
3167 920 3345 974 fuisse
3388 919 3746 974 credendum
3775 923 3829 975 εξ

2221 1020 2364 1090 quod
2386 1019 2503 1088 ipse
2534 1015 2782 1071 traditori
2811 1030 2912 1070 suo
2935 1029 3030 1083 per
3053 1013 3344 1068 intinctam
3372 1011 3701 1066 buccellam
3727 1030 3828 1080 mr-

2222 1113 2379 1165 rexit.
2414 1109 2551 1164 Cum
2593 1107 2862 1170 tinxisset,
2896 1105 3090 1176 lnqnit,
3112 1103 3278 1159 Iesus
3303 1119 3545 1172 panem,
3575 1104 3734 1158 dedit
3751 1104 3828 1158 Is-

2221 1199 2303 1254 daa
2324 1197 2532 1254 Simoni
2550 1197 2844 1253 lscariotze.
2863 1194 3070 1266 Sedhut
3090 1195 3223 1250 dicit
3241 1195 3444 1249 beatus
3463 1193 3822 1266 Augustines,

2223 1307 2357 1358 non,
2388 1291 2531 1345 sicut
2559 1298 2754 1360 putant
2783 1287 3004 1358 quidam
3029 1287 3374 1358 negligenter
3393 1287 3686 1357 legentes,
3719 1297 3822 1341 tua:

2221 1381 2392 1438 Judas
2448 1381 2655 1436 Christi
2687 1389 2922 1449 :corpus
2982 1379 3212 1448 accepit.
3262 1376 3715 1449 Intelligendum
3759 1390 3824 1433 es:

2223 1475 2368 1546 quod
2397 1474 2511 1544 jam
2542 1472 2801 1527 omnibus
2825 1471 3181 1526 distribuerat
3231 1483 3675 1525 sacramentum
3723 1489 3824 1525 eor-

2224 1568 2372 1639 poris
2397 1574 2451 1620 et
2476 1564 2761 1636 sanguinis
2793 1563 2898 1629 sui,
2930 1563 3022 1617 ubi
3054 1571 3108 1617 et
3132 1562 3250 1632 ipse
3280 1560 3468 1617 Iudas
3511 1571 3662 1629 erat,
3707 1565 3824 1618 sire:

2225 1667 2448 1716 sanctus
2468 1656 2645 1712 Lucas
2673 1655 3082 1711 evidentissime
3128 1662 3338 1708 narrat.
3397 1656 3484 1709 Ac
3546 1655 3748 1710 deinde
3773 1662 3826 1709 at

2227 1753 2331 1807 hoc
2353 1760 2575 1806 ventum
2603 1757 2707 1814 est,
2743 1747 2833 1802 ubi
2883 1746 3183 1802 secundum
3221 1746 3630 1801 narrationem
3679 1746 3828 1802 Joano

528 1849 644 1903 neri
706 1864 765 1904 se
833 1850 1100 1919 patienter
1163 1848 1462 1915 tolerabat;
1541 1863 1668 1902 cum
1723 1856 1903 1901 autem
1976 1858 2124 1902 esset
2155 1817 2197 1871 Β
2227 1843 2315 1898 nis
2345 1841 2690 1912 apertissime
2721 1854 2818 1910 per
2872 1839 3174 1893 buccellam
3203 1838 3444 1893 tinctam
3492 1849 3673 1910 atque
3721 1856 3830 1909 par-

528 1941 970 2012 praecipitandus,
996 1948 1246 2011 potenter
1288 1956 1384 2011 per
1413 1939 1652 1995 medium
1711 1941 1928 1996 illorum
1972 1939 2118 1994 ibat:

529 2043 797 2104 quantum
828 2035 1000 2089 voluit
1037 2035 1343 2100 tenebatur,
1401 2043 1456 2089 et
1495 2043 1761 2104 quantum
1798 2033 1970 2088 voluit
2012 2049 2120 2088 non

531 2126 836 2188 tenebatur.
863 2125 1144 2192 Quantum
1172 2125 1365 2192 voluit,
1399 2134 1453 2179 et
1483 2125 1704 2196 quando
1739 2125 1930 2192 voluit,
1963 2133 2124 2178 natu-

531 2233 648 2271 ram
706 2217 1057 2274 mortalitatis
1106 2217 1344 2272 admisit.
1397 2216 1674 2283 Quantum
1721 2225 1902 2272 autem
1956 2219 2124 2272 susti-

531 2323 660 2362 nere
687 2309 861 2363 voluit
890 2325 1032 2374 eam,
1065 2317 1118 2364 et
1143 2309 1362 2379 quando
1391 2309 1560 2363 voluit
1586 2308 1835 2364 eamdem
1864 2324 1893 2364 a
1936 2325 1994 2366 se
2026 2325 2126 2382 po-

532 2401 781 2454 testative
806 2403 1056 2456 removit.
1091 2421 1109 2453 ‹
1163 2400 1482 2468 Transiens,
1511 2400 1708 2472 inquit,
1757 2418 1854 2472 per
1881 2403 2120 2457 medium

535 2488 751 2545 illorum
781 2491 892 2546 ibat
915 2491 1115 2562 (ibid.).
1143 2512 1160 2545 ι
1193 2490 1449 2563 Nunquid
1486 2501 1666 2562 putas,
1699 2493 1846 2563 quod
1867 2491 2123 2550 Christus

530 2581 790 2638 luctando
825 2599 884 2638 se
940 2583 1008 2638 de
1061 2585 1316 2638 manibus
1367 2583 1716 2639 inimicorum
1767 2586 2122 2653 subtraxerit,

531 2689 659 2730 cum
703 2675 772 2730 ab
813 2675 894 2731 eis
936 2684 1236 2743 teneretur,
1285 2683 1346 2729 ut
1392 2677 1666 2732 transiens
1710 2678 1848 2733 liber
1887 2695 1984 2750 per
2010 2696 2124 2736 me—

530 2763 683 2824 dium
715 2781 906 2821 eorum
939 2767 1079 2822 iret?
1111 2767 1252 2838 Ergo
1295 2767 1580 2822 fortitudo-
1603 2771 1852 2840 corporis
1903 2772 2020 2826 sola
2068 2773 2122 2826 in

531 2871 597 2913 ea
635 2857 906 2913 laudanda
933 2867 1038 2924 est,
1064 2873 1174 2913 non
1197 2859 1373 2915 virtus
1405 2859 1641 2916 deitatis.
1694 2859 1814 2916 Non
1866 2863 1939 2917 ita
1990 2878 2127 2918 con-

531 2951 703 3017 venit,
733 2953 826 3008 sed
862 2952 1110 3008 exhibuit
1141 2969 1198 3008 se
1237 2953 1454 3024 qualem
1502 2953 1692 3020 voluit,
1739 2954 2031 3010 admittens
2057 2955 2125 3011 ad

533 3057 595 3100 se
635 3059 702 3100 ex
751 3059 817 3100 eo
862 3044 1006 3116 quod
1043 3054 1236 3115 sponte
1291 3045 1544 3116 portabat
1609 3056 1874 3116 quantum
1928 3047 2119 3102 voluit.

535 3134 595 3190 Si
635 3152 765 3208 ergo
817 3137 1072 3192 Christus
1111 3139 1461 3194 mortalitatis
1516 3147 1769 3193 naturam
1818 3139 2120 3194 secundum
2151 3175 2192 3232 ρ

535 3226 804 3282 rationem
853 3227 1282 3298 dispensationis
1315 3228 1534 3294 divinae,
1590 3229 1911 3300 priusquam
1975 3245 2120 3298 eam,

534 3321 846 3392 perenniter
888 3321 1133 3376 victurus
1162 3329 1405 3389 exueret,
1436 3321 1736 3378 secundum
1784 3331 1998 3392 tempus
2026 3323 2125 3378 ali—

534 3411 757 3482 quando
785 3420 1025 3482 exparte
1064 3412 1336 3482 deposuit,
1378 3421 1433 3467 et
1483 3413 1682 3467 iterum
1738 3429 1862 3468 cum
1912 3423 2125 3484 tempus

534 3503 866 3573 postulabat,
889 3504 1209 3573 assumpsit,
1234 3504 1434 3559 mirum
1456 3511 1539 3559 est
1557 3504 2125 3578 sidicituraliquaudo

535 3611 636 3666 pro
663 3611 829 3650 causa
873 3604 926 3650 et
973 3596 1185 3650 ratione
1212 3595 1494 3666 temporis,
1547 3597 1846 3653 secundum
1880 3600 2123 3670 aliquod,

535 3693 592 3740 et
631 3693 799 3740 totam
851 3685 1192 3755 deposuisse,
1225 3685 1281 3740 in
1327 3703 1434 3756 qua
1484 3694 1668 3743 tamen
1725 3689 1924 3756 adhuc,
1997 3707 2124 3746 cum

536 3784 752 3846 tempus
805 3777 1135 3848 postulabat,
1161 3793 1425 3848 passurus
1448 3779 1570 3835 fuit.
1599 3778 1653 3835 Si
1681 3796 1810 3852 ergo
1872 3782 1977 3838 hoc
2003 3798 2125 3841 esse

536 3870 715 3939 potuit
741 3878 798 3926 ut
835 3870 950 3941 ipse
975 3869 1214 3941 seipsnm
1245 3871 1501 3929 manibus
1545 3882 1803 3945 gestaret,
1857 3883 1912 3930 et
1957 3876 2126 3933 disci-

535 3962 680 4033 pulis
710 3963 828 4019 sine
849 3967 1200 4035 corruptione
1233 3964 1316 4020 sui
1336 3965 1604 4022 edendum
1639 3967 1940 4037 distribuit,
1965 3977 2018 4024 et
2042 3978 2126 4025 ta-

535 4069 660 4109 men
710 4053 940 4126 ipsequi
970 4057 1187 4112 deditet
1226 4057 1322 4128 qui
1370 4057 1622 4126 dabatur,
1653 4060 1748 4130 qui
1798 4061 2034 4132 portavit
2072 4070 2127 4116 et

535 4144 630 4214 qui
663 4146 1006 4215 portabatur,
1038 4147 1180 4203 idem
1205 4163 1349 4214 esse,
1382 4150 1514 4220 quid
1536 4151 1736 4206 mirum
1773 4161 1858 4208 est
1907 4154 1951 4210 si
1983 4155 2124 4211 dici-

538 4245 628 4290 tur
651 4237 779 4308 quia
811 4237 929 4308 ipse
959 4239 1014 4293 in
1046 4255 1112 4295 eo
1141 4241 1288 4311 quod
1315 4241 1482 4296 dabat
1509 4244 1760 4301 mortalis
1796 4244 1918 4313 fuit,
1985 4255 2039 4302 et
2070 4247 2123 4302 in

537 4343 606 4382 eo
627 4329 772 4398 quod
798 4330 1031 4385 dabatur
1062 4332 1390 4390 immortalis
1412 4334 1534 4402 fu-it,
1559 4348 1614 4393 et
1652 4346 1833 4393 tamen
1885 4338 2001 4410 ipse
2031 4341 2123 4411 qui

537 4420 786 4476 mortalis
832 4420 1017 4488 dabat,
1070 4431 1125 4478 et
1168 4425 1263 4494 qui
1313 4427 1640 4484 immortalis
1707 4429 1963 4499 dabatur,
2013 4447 2122 4488 non

2225 1944 2432 1993 rectam
2489 1950 2652 1990 suum
2705 1932 2964 2002 exprimit
3015 1931 3362 1996 traditorem,
3423 1931 3828 2000 fortassisﬁpzr
3916 1931 3917 1966 ῖ

2225 2030 2384 2102 panis
2420 2027 2736 2083 tinctionem
2784 2026 2932 2082 illius
2987 2025 3308 2096 signiﬁcans
3364 2026 3696 2081 ﬁctionem.
3731 2024 3828 2080 Neu

2225 2123 2371 2178 enim
2411 2120 2594 2175 omnia
2625 2133 2746 2189 qua:
2782 2121 3066 2189 tinguntur
3096 2118 3436 2183 abluuntur,
3475 2119 3586 2173 sed
3633 2129 3695 2173 ut
3730 2117 3830 2171 inﬁ-

2226 2213 2443 2269 ciantur
2486 2211 2749 2266 nonnulla
2800 2209 3103 2280 tinguntur.
3138 2207 3197 2262 Si
3251 2218 3454 2263 autem
3507 2208 3723 2263 bonum
3751 2209 3829 2262 ali-

2226 2307 2372 2380 quod
2405 2305 2676 2376 signiﬁcat
2714 2305 2831 2358 haec
2859 2302 3069 2368 tinetio,
3109 2302 3286 2356 eidem
3336 2301 3504 2358 bono
3551 2306 3825 2374 ingratum,

2227 2414 2338 2452 non
2372 2397 2646 2450 immerito
2677 2404 2760 2450 est
2785 2401 2970 2449 secuta
2994 2393 3307 2460 damnatio;
3341 2403 3408 2448 et.
3453 2395 3588 2450 haec
3634 2395 3822 2464 quidem

2231 2490 2392 2544 verba
2418 2497 2545 2544 sunt
2567 2486 2711 2542 beati
2762 2483 3078 2556 Augustini,
3111 2500 3280 2554 super
3319 2500 3394 2539 eo
3435 2485 3604 2555 quod
3651 2488 3822 2555 quasi.

2228 2591 2345 2637 tum
2376 2589 2460 2636 est
2481 2580 2527 2635 si
2559 2578 2728 2634 Iudas
2759 2579 2817 2633 in
2852 2577 3099 2632 buccella
3129 2575 3337 2631 Christi
3367 2579 3608 2648 accepit
3631 2594 3817 2648 corpus

2227 2673 2306 2729 Ex
2330 2689 2394 2729 eo
2429 2682 2608 2728 tamen
2641 2670 2788 2740 quod
2833 2667 3084 2724 traditori
3132 2683 3233 2724 suo
3275 2667 3574 2725 Dominus
3623 2670 3692 2724 ad
3716 2679 3819 2732 3m-

2228 2767 2454 2822 tandum
2491 2780 2616 2820 eum
2661 2762 2960 2817 buccellam
3009 2761 3299 2816 intinctam
3353 2760 3558 2821 dedit.
3616 2778 3815 2818 consue-

2229 2864 2362 2919 tudo
2388 2864 2549 2918 habet
2575 2870 2634 2917 ut
2661 2876 2863 2931 corpus
2889 2858 3095 2915 Christi
3143 2859 3332 2915 ﬁdeles
3371 2860 3691 2916 intinctum
3733 2876 3821 2914 uas

2230 2956 2520 3026 accipiant.
2554 2953 2694 3008 Sunt
2717 2968 2938 3024 quoque
2981 2961 3035 3007 et
3065 2951 3234 3022 aliqui
3262 2953 3362 3022 qui
3397 2969 3476 3007 ex
3512 2953 3820 3025 quibusdam

2231 3049 2636 3119 Scripturarum
2670 3047 2804 3103 locis
2844 3046 2897 3100 in
2922 3046 3324 3101 munimentum
3359 3048 3458 3101 sui
3491 3049 3708 3102 erroris
3737 3051 3821 3102 da-

2228 3157 2351 3197 cere
2382 3149 2731 3211 putaverunt,
2763 3139 3005 3194 dicentes
3025 3139 3078 3193 in
3096 3149 3459 3194 sacramento
3484 3140 3686 3196 altaris
3706 3140 3824 3195 veri-

2230 3241 2392 3288 tatem
2421 3213 2757 3302 corporiset
2785 3229 3072 3301 sanguinis
3118 3229 3325 3284 Christi
3362 3245 3490 3284 non
3553 3247 3704 3296 esse,
3747 3231 3820 3284 sed

2227 3322 2520 3394 imaginem
2549 3323 2696 3378 illius
2733 3329 2971 3389 tantum,
3025 3330 3080 3377 et
3141 3322 3419 3393 speciem,
3480 3332 3541 3379 et
3591 3325 3818 3394 ﬁguram.

2224 3414 2541 3486 Propterea,
2573 3415 2703 3486 quia
2733 3413 3015 3486 Scriptura
3049 3415 3343 3486 aliquoties
3377 3414 3546 3470 dicat
3606 3417 3661 3471 id
3699 3417 3818 3487 quod

2226 3509 2280 3564 in
2320 3507 2654 3564 eucharistia
2689 3508 2878 3565 altaris
2927 3509 3118 3576 sumit,
3177 3507 3489 3578 imaginem
3538 3511 3694 3565 illius
3721 3526 3818 3564 esse

2225 3601 2311 3657 vel
2341 3600 2598 3671 speciem,
2655 3600 2801 3671 quod
2851 3601 2906 3655 in
2959 3598 3383 3671 participatione
3441 3600 3668 3656 Christi
3713 3601 3814 3656 Iesu

2226 3691 2574 3764 percipiatur.
2619 3689 2724 3758 Qui
2782 3691 3025 3762 perfecto
3079 3691 3134 3746 in
3180 3692 3286 3746 hoc
3307 3689 3533 3746 erroris
3585 3693 3814 3763 laqueum

2227 3800 2336 3839 non
2367 3784 2687 3850 inciderent,
2714 3783 2760 3838 si
2803 3783 2886 3838 vel
2914 3791 3256 3838 sacramenta
3288 3780 3385 3836 Dei
3444 3793 3606 3837 recta
3657 3793 3707 3837 et
3731 3784 3814 3835 hu-

2227 3875 2345 3930 mili
2375 3875 2479 3930 ﬁde
2510 3875 2872 3944 susciperent,
2904 3883 3000 3929 aut
3023 3873 3337 3944 Scripturas
3369 3875 3814 3930 convenientiin-

2227 3965 2522 4037 telligenlia
2571 3974 2891 4022 tractarent.
2939 3963 3097 4021 Nunc
3136 3975 3317 4020 autem
3353 3965 3494 4036 quia
3549 3969 3608 4022 in
3652 3983 3812 4022 saera-

2228 4058 2427 4120 mentis
2483 4057 2578 4114 Dei
2655 4073 2881 4114 sensum
2953 4073 3115 4114 suum
3176 4058 3297 4113 ﬁdei
3377 4059 3711 4129 praeferunt,
3768 4061 3810 4113 is

2229 4147 2529 4220 Scripturis
2549 4148 2722 4204 sacris
2752 4163 2941 4204 sanam
2977 4147 3446 4219 interpretationis
3481 4148 3721 4206 formam
3745 4162 3809 4206 te-

2229 4255 2359 4296 nere
2413 4249 2776 4296 contemnunt
2817 4259 2829 4295 :
2874 4251 2928 4297 et
2959 4240 3019 4296 ﬁt
3074 4248 3136 4296 ut
3193 4256 3379 4296 sermo
3406 4243 3669 4298 veritatis
3714 4261 3808 4298 am-

2229 4333 2373 4404 plius
2402 4347 2498 4389 eos
2520 4333 2758 4405 caligare
2795 4331 2980 4399 faciat,
3011 4333 3140 4388 dum
3178 4348 3288 4388 non
3325 4342 3479 4388 recte
3519 4334 3806 4390 intellectas

2229 4437 2473 4479 errorem
2508 4439 2603 4494 per
2623 4423 2907 4479 veritatem
2933 4423 3227 4479 ministrat.
3261 4422 3418 4490 Quod
3449 4433 3644 4480 tamen
3685 4426 3808 4480 Seri-

535 4507 669 4578 duo,
697 4511 790 4566 sed
815 4527 959 4568 unus
984 4511 1088 4569 fuit
1114 4513 1249 4584 ipse.
1281 4514 1564 4583 Quomodo
1603 4519 1749 4574 enim
1796 4521 2123 4580 immortalis

2231 4525 2405 4587 pturae
2435 4517 2594 4588 culpa
2621 4533 2729 4572 non
2757 4525 2860 4583 est,
2891 4516 2986 4572 sed
3039 4517 3334 4588 legentium
3367 4525 3422 4572 et
3452 4533 3572 4572 non
3628 4521 3805 4575 intelli-

536 4615 650 4657 non
697 4602 862 4658 dabat
914 4604 1009 4674 qui
1074 4604 1423 4664 invisibiliter
1471 4609 1812 4679 sumebatur,
1852 4620 1906 4668 et
1941 4613 2126 4668 incor-

538 4696 871 4767 ruptibiliter
899 4697 1368 4755 manducabatur?
1401 4699 1750 4757 Invisibiliter
1782 4704 2124 4772 sumebatur,

537 4799 807 4857 quantum
835 4790 900 4846 ad
933 4789 1168 4848 formam
1219 4791 1344 4848 dico
1382 4793 1661 4864 propriam
1713 4797 1961 4866 corporis
2018 4797 2124 4864 sui,

537 4893 649 4935 non
672 4891 938 4950 quantum
965 4882 1034 4938 ad
1063 4883 1302 4954 speciem
1343 4883 1671 4940 sacramenti
1714 4885 1822 4941 sui.
1876 4885 2130 4943 Invisibi-

538 4971 660 5024 liter
691 4972 836 5026 enim
873 4976 1192 5031 sumebatur
1227 4977 1356 5047 quia
1413 4977 1467 5032 in
1502 4991 1569 5032 eo
1609 4978 1755 5048 quod
1807 4979 2128 5035 sumebatur

539 5060 687 5130 quod
731 5060 846 5129 ipse
890 5071 1027 5132 erat,
1069 5081 1176 5121 non
1197 5065 1797 5122 videbatur:Christus
1838 5069 1984 5124 enim
2035 5086 2130 5126 suo

542 5151 814 5219 mebatur,
852 5161 906 5208 et
928 5155 1137 5224 species
1172 5158 1331 5226 panis
1377 5165 1432 5212 et
1484 5155 1599 5211 vini
1648 5165 1860 5214 tantum
1906 5160 2129 5217 videba-

541 5252 652 5297 tur.
681 5241 806 5297 Ideo
831 5243 956 5299 dico
991 5245 1340 5302 invisibiliter
1363 5248 1706 5317 sumebatur,
1745 5260 1802 5306 et
1834 5252 1981 5324 quod
2013 5262 2129 5309 erat

541 5351 654 5391 non
687 5335 995 5392 videbatur.
1029 5337 1090 5393 Si
1125 5353 1257 5408 ergo
1281 5339 1336 5394 in
1360 5355 1426 5396 eo
1455 5341 1600 5412 quod
1625 5343 1812 5411 dabat,
1843 5345 1989 5414 quod
2015 5345 2130 5417 ipse

542 5434 666 5482 erat
712 5427 1020 5497 videbatur,
1063 5438 1118 5486 ct
1169 5429 1222 5484 in
1267 5445 1332 5486 eo
1355 5432 1498 5503 quod
1550 5433 1781 5488 dabatur
1835 5436 1982 5506 quod
2014 5444 2131 5491 erat

546 5519 668 5592 ipse
719 5537 828 5578 non
865 5523 1178 5592 videbatur;
1217 5533 1270 5580 et
1295 5524 1340 5580 si
1373 5525 1428 5580 in
1475 5540 1541 5580 eo
1568 5527 1712 5597 quod
1753 5525 1920 5582 dabat
1984 5536 2132 5584 tene-

549 5613 711 5670 batur
732 5621 786 5669 et
807 5617 1260 5690 cruciﬁgebatur;
1292 5625 1344 5673 et
1374 5618 1430 5673 in
1453 5633 1520 5674 eo
1548 5619 1696 5690 quod
1719 5620 1951 5676 dabatur
1983 5619 2132 5676 fran-

549 5705 780 5775 gebatur
801 5715 854 5762 et
875 5722 984 5763 non
1040 5708 1405 5774 dividebatur,
1443 5709 1707 5766 edebatur
1741 5720 1795 5766 et
1843 5725 1952 5767 non
2012 5728 2133 5768 cor-

551 5799 929 5869 rumpebatur,
963 5801 1092 5875 quid
1116 5803 1335 5860 miraris
1368 5802 1410 5860 si
1443 5802 1496 5860 in
1536 5820 1602 5861 eo
1625 5805 1770 5876 quod
1795 5805 1957 5861 dabat
1987 5819 2133 5861 mor-

2231 4609 2472 4681 gentium
2517 4609 2754 4676 caecitas,
2812 4625 2990 4679 neque
3047 4623 3329 4664 sacrorum
3387 4607 3486 4662 Dei
3551 4611 3802 4674 confusio,

2231 4702 2326 4759 sed
2349 4701 2796 4774 pratsumentium
2829 4701 3090 4772 pravitas.
3119 4699 3221 4756 llic
3270 4708 3451 4755 autem
3515 4705 3804 4771 perniciose

2231 4801 2552 4848 erraverunt
2601 4799 2681 4846 tot
2737 4790 3044 4846 manifestis
3081 4790 3366 4846 sententiis
3395 4802 3450 4845 et
3505 4794 3805 4848 assertioni-

2231 4886 2335 4942 bus
2370 4902 2478 4940 non
2503 4883 2685 4941 dubiis
2714 4883 2938 4955 quidam
2971 4885 3230 4956 ambigua
3259 4883 3642 4957 praeferentes,
3687 4899 3734 4940 et
3761 4891 3802 4940 iu

2231 4977 2366 5047 ipsis
2408 4976 2584 5048 magis
2643 4975 2990 5030 mendacium
3061 4991 3226 5046 quam
3281 4975 3570 5032 veritatem
3622 4979 3802 5049 eligen-

2231 5081 2333 5136 tes,
2357 5085 2467 5124 non
2503 5069 2631 5139 quia
2661 5069 2767 5125 hoc
2793 5068 2866 5124 ibi
2903 5083 3164 5138 magnum
3203 5068 3513 5136 dicebatur,
3567 5071 3662 5124 sed
3693 5072 3800 5140 quia

2232 5161 2337 5216 hoc
2371 5162 2439 5216 ab
2467 5161 2574 5216 illis
2609 5177 2867 5233 magnum
2896 5160 3238 5215 credebatur.
3271 5159 3413 5226 Quid
3439 5162 3626 5215 enim?
3667 5161 3802 5216 Nun-

2231 5254 2362 5324 quid
2394 5262 2798 5310 sacramentum
2848 5253 3037 5308 altaris
3066 5252 3312 5308 veritatis
3365 5269 3474 5308 non
3525 5263 3634 5317 est,
3689 5257 3798 5326 quia

2233 5347 2438 5418 ﬁgura?
2489 5346 2632 5419 Ergo
2683 5361 2787 5403 nec
2830 5361 2982 5402 mors
3031 5345 3237 5402 Christi
3279 5346 3479 5402 veritas
3521 5356 3645 5414 est,
3689 5349 3798 5420 quia

2233 5440 2406 5511 figura
2435 5448 2549 5507 est;
2597 5449 2650 5496 et
2696 5439 3028 5495 resurrectio
3083 5437 3288 5494 Christi
3329 5439 3535 5496 veritas
3576 5455 3685 5496 non
3710 5453 3795 5506 est,

2234 5531 2361 5600 quia
2400 5531 2572 5602 ﬁgura
2603 5540 2705 5587 est.
2736 5528 2874 5586 Nam
2915 5537 2970 5586 et
2989 5537 3218 5586 mortem
3243 5529 3448 5586 Christi
3487 5540 3544 5586 et
3573 5548 3796 5588 resurre-

2235 5625 2470 5680 ctionem
2500 5625 2728 5696 ﬁguram
2767 5639 2908 5688 esse.
2932 5633 2984 5679 et
3015 5623 3305 5695 imaginem
3331 5632 3384 5680 et
3403 5624 3792 5681 similitudinem

2235 5727 2287 5772 et
2317 5727 2718 5774 sacramentum
2755 5727 2809 5773 et
2861 5717 3167 5789 exemplum
3211 5718 3504 5788 Apostolus
3531 5719 3792 5775 manifeste

2237 5809 2501 5880 declarat,
2527 5811 2746 5868 dicens:
2773 5809 3027 5868 Christus
3042 5825 3238 5883 passus
3267 5820 3347 5868 est
3378 5825 3478 5885 pro
3508 5811 3684 5880 nobis,
3713 5829 3790 5868 τοο
