3950 6380
123 347 148 399 1
161 344 283 399 025

1066 337 1644 396 DEFLORATIONES
1683 338 1783 395 SS.
1826 337 2137 396 PATRUM.
2178 369 2248 382 —-
2283 342 2413 400 LIB.
2456 342 2520 399 ll.

3287 345 3423 402 [026

123 463 220 518 bis
245 460 567 529 relinquens
590 456 918 527 exemplum,
947 463 1007 510 ut
1029 454 1336 526 sequamini
1355 453 1582 524 vestigia
1607 453 1728 524 ejus
1759 462 1802 518 Α
1834 471 1955 528 qua:
1973 459 2119 514 intus
2141 458 2196 513 in
2219 458 2384 514 corde
2399 472 2496 530 per
2511 456 2669 511 fidem
2693 463 2746 511 et
2763 453 3108 512 dilectionem
3120 453 3418 527 perﬁcitur.

124 552 184 625 (ι
241 552 404 607 Petr.
439 550 521 620 ιι).
554 568 574 602 ι
611 547 752 618 Ergo
795 563 946 603 mors
992 546 1199 602 Christi
1250 547 1580 616 exemplum-
1610 545 1733 614 fuit,

125 653 195 700 ut
229 653 466 714 peccato
493 641 826 705 moriamur;
849 649 903 694 et
925 639 1251 694 resurrectio
1276 638 1585 708 exemplum
1611 636 1734 704 fuit,

122 743 196 791 ut
219 735 454 806 justitize
480 733 749 787 vivamus.
787 730 1043 803 Nunquid
1068 730 1194 788 ideo
1233 732 1436 787 veritas
1457 747 1565 786 non
1596 729 1737 786 fuit?

125 825 288 896 Ergo
311 825 567 880 Christus
595 839 720 878 vere
756 832 1006 879 mortuus
1059 838 1169 878 non
1199 831 1302 890 est,
1345 832 1401 878 et
1453 838 1580 878 vere
1623 838 1734 878 non

129 915 406 978 surrexit,
472 914 519 970 si
565 929 714 969 mors
759 914 880 983 ejus
928 913 1011 969 vel
1060 915 1391 970 resurrectio
1439 930 1568 970 vera
1623 930 1734 969 non

131 1004 268 1060 fuit.
313 1003 503 1060 Absit!
525 1020 650 1059 nam
675 1003 741 1058 de
775 1005 893 1074 ipso
939 1005 1204 1076 scriptum
1236 1013 1352 1062 est:
1391 1023 1410 1057 ‹
1445 1003 1585 1061 Vere
1617 1005 1736 1060 Ian-

131 1110 352 1167 guores
387 1105 604 1151 nostros
648 1095 762 1165 ipse
809 1095 951 1163 tulit,
988 1105 1042 1151 et
1081 1096 1298 1152 dolores
1349 1105 1567 1152 nostros
1617 1097 1736 1167 ipse

133 1189 388 1259 portavit
411 1186 571 1259 (Isai.
602 1189 742 1255 un).
777 1207 796 1241 ι
827 1187 969 1258 Ergo
1005 1203 1158 1243 mors
1195 1189 1400 1244 Christi
1453 1203 1579 1243 vera
1610 1188 1731 1256 fuit,

134 1289 196 1335 et
248 1289 435 1335 tamen
488 1279 796 1348 exemplum
829 1277 959 1346 fuit;
1013 1287 1069 1334 et
1112 1279 1472 1335 resurrrectio
1525 1278 1734 1336 Christi

134 1395 277 1434 vera
328 1378 450 1442 fuit,
481 1387 535 1433 et
563 1377 872 1447 exemplum
897 1377 1020 1432 fuit.
1052 1375 1234 1443 Quare
1261 1391 1391 1447 ergo
1419 1391 1734 1432 sacramen-

139 1481 265 1527 tum
335 1470 522 1525 altaris
551 1469 852 1524 similitudo
905 1483 1028 1523 esse
1057 1483 1168 1523 non
1199 1476 1379 1538 potest
1412 1476 1466 1522 et
1491 1467 1734 1523 veritas?

136 1563 203 1619 ln
244 1563 356 1618 alio
408 1562 627 1634 quidem
675 1561 996 1628 similitudo,
1048 1560 1104 1615 in
1157 1561 1267 1616 alio
1318 1561 1543 1617 veritas.
1592 1559 1732 1616 Nam

137 1669 272 1710 cum
305 1655 374 1709 sit
401 1669 571 1709 unum
600 1661 1027 1718 sacramentum,
1070 1651 1173 1706 tria
1205 1651 1279 1706 ibi
1307 1651 1543 1707 discreta
1592 1667 1734 1722 pra:-

137 1756 428 1818 ponuntur
457 1787 472 1810 ,
526 1745 737 1816 species
784 1743 1037 1798 videlicet
1085 1743 1354 1809 visibilis,
1411 1741 1474 1797 et
1528 1743 1730 1798 veritas

2517 564 2736 604 DIVISIO.

1909 637 2094 695 Voluit
2123 635 2403 710 Sapientia
2430 637 2547 705 Dei,
2593 653 2716 709 qua:
2750 654 2810 694 se
2852 653 2949 710 per
2973 636 3211 693 visibilia
3246 637 3412 693 mani.

1838 727 2017 796 festat,
2049 731 2338 786 ostendere
2379 731 2640 801 quoniam
2677 731 2986 786 animarum
3019 730 3178 786 cibus
3229 738 3284 786 et
3333 746 3420 786 re-

1837 819 2001 877 fectio
2029 831 2112 876 est
2159 836 2362 892 corpus
2407 830 2463 877 et
2511 821 2735 892 sanguis
2782 821 2988 891 ipsius;
3041 829 3096 876 et
3134 831 3422 892 propterea

1837 928 2057 970 carnem
2105 923 2444 984 assumptam
2499 913 2554 967 in
2606 913 2850 968 edulium
2887 914 3192 984 proposuit,
3238 924 3298 970 ut
3327 930 3426 985 per

1838 1003 2022 1059 cibum
2063 1004 2247 1059 carnis
2278 1003 2347 1058 ad
2382 1012 2601 1075 gustum
2651 1003 2906 1060 invitaret
2952 1005 3276 1062 divinitatis.
3315 1005 3423 1061 Sed

1837 1112 1908 1152 ne
1933 1112 2155 1152 rursum
2185 1097 2426 1152 humana
2473 1097 2766 1152 infirmitas
2800 1107 3110 1153 contactum
3141 1099 3325 1154 carnis
3367 1099 3425 1152 in

1837 1186 2214 1256 assumptione
2253 1185 2528 1252 horreret,
2548 1187 2794 1242 consueti
2821 1195 2876 1242 et
2901 1188 3232 1259 jprincipalis
3255 1187 3424 1243 edulii

1838 1277 2075 1347 speciem
2105 1277 2255 1332 illam
2288 1277 2504 1344 velavit,
2537 1287 2588 1333 et
2635 1277 2715 1332 sic
2759 1277 3082 1332 sumendam
3115 1277 3424 1348 proposuit,

1837 1377 1898 1423 ut
1927 1383 2122 1424 sensus
2158 1367 2212 1422 in
2246 1383 2359 1423 uno
2389 1367 2689 1434 f'overetur,
2720 1377 2773 1423 et
2804 1369 2940 1423 fides
2971 1368 3025 1422 in
3056 1368 3228 1423 altero
3250 1367 3425 1423 :cdifi-

1835 1470 2073 1517 caretur.
2113 1459 2352 1516 Fovetur
2383 1476 2582 1516 sensus
2615 1460 2668 1514 in
2703 1475 2834 1527 uno,
2863 1461 2995 1516 dum
3027 1461 3186 1516 solita
3211 1469 3424 1516 tantum

1835 1565 1889 1610 et
1936 1563 2202 1610 consueta
2250 1555 2500 1625 percipit.
2564 1553 2890 1610 Edificatur
2941 1555 3079 1611 fides
3133 1565 3316 1612 autem
3370 1556 3426 1610 in

1835 1646 2030 1710 altero,
2079 1645 2208 1700 dum
2239 1646 2294 1700 in
2339 1661 2405 1700 eo
2440 1646 2588 1717 quod
2619 1646 2785 1714 videt,
2820 1647 2983 1717 quale
3017 1647 3088 1702 sit
3114 1646 3247 1703 illud
3280 1647 3427 1718 quod

1836 1751 1944 1790 non
1973 1735 2118 1791 videt
2146 1737 2416 1807 agnoscit.
2460 1736 2794 1808 Proponitur
2822 1738 2987 1808 igitur
3021 1739 3232 1808 species
3266 1739 3428 1810 panis

136 1841 418 1911 corporis,
455 1847 509 1894 et
559 1839 735 1892 virtus
789 1836 977 1904 gratiae
1031 1835 1353 1905 spiritualis.
1418 1834 1580 1889 Aliud
1645 1846 1731 1891 es;
1762 1823 1803 1878 Β
1833 1837 1886 1882 et
1914 1826 2047 1895 vini,
2073 1836 2135 1884 ut
2181 1829 2446 1884 doceatur
2475 1829 2635 1900 plena
2681 1839 2736 1884 ct
2768 1830 3014 1900 perfecta
3055 1830 3279 1886 refectio
3307 1844 3428 1886 esse

133 1933 294 1990 enim
357 1931 590 1987 visibilis
645 1929 877 2000 species,
927 1943 1052 1998 quae
1101 1927 1393 1982 visibiliter
1449 1927 1727 1994 cernitur;

135 2025 296 2081 aliud
327 2032 412 2080 est
445 2023 650 2079 veritas
703 2020 952 2091 corporis
1003 2027 1059 2075 et
1113 2019 1420 2089 sanguinis,
1459 2035 1582 2091 qua:
1629 2019 1732 2075 sub

137 2117 350 2174 visibili
401 2117 582 2186 specie
631 2113 976 2170 invisibiliter
1019 2113 1286 2180 creditur;
1355 2122 1519 2184 atque
1582 2113 1732 2168 aliud

141 2213 322 2285 gratia
379 2208 681 2279 spiritualis
729 2221 853 2277 quae
904 2221 1029 2261 cum
1073 2219 1304 2276 corpore
1359 2215 1414 2261 ct
1464 2206 1733 2277 sanguine

142 2303 497 2360 invisibiliter
549 2310 603 2354 et
633 2299 952 2370 spiritaliter
985 2298 1319 2369 praecipitur.
1372 2297 1530 2365 Quod
1582 2299 1729 2354 enim

142 2401 418 2465 videmus,
463 2397 674 2468 species
725 2405 808 2451 cst
845 2396 1002 2466 panis
1051 2402 1106 2449 et
1150 2394 1284 2449 vini.
1337 2393 1493 2461 Quod
1548 2405 1729 2450 autem

145 2494 254 2550 sub
287 2491 470 2563 specie
498 2491 584 2546 illa
611 2489 908 2554 credimus,
936 2503 1123 2543 verum
1153 2502 1355 2558 corpus
1382 2496 1464 2543 est
1490 2496 1545 2543 et
1570 2503 1733 2543 verus

145 2587 374 2656 sanguis
390 2583 519 2639 Jesu
551 2583 778 2651 Christi,
807 2583 951 2654 quod
978 2583 1231 2653 pependit
1259 2582 1312 2636 in
1341 2596 1526 2648 cruce,
1563 2590 1618 2636 et
1637 2582 1733 2651 qui

143 2680 303 2735 ﬂuxit
327 2679 394 2733 de
424 2678 592 2732 latere
622 2675 804 2748 (Joan.
837 2675 975 2745 xix).
1008 2673 1133 2730 Haec
1164 2690 1260 2745 per
1307 2689 1503 2744 panem
1547 2685 1602 2730 et
1647 2675 1730 2728 vi-

145 2785 280 2824 num
307 2783 507 2838 corpus
531 2774 586 2821 et
635 2765 956 2836 sanguinem
1000 2773 1184 2821 tamen
1211 2763 1506 2835 significari
1554 2763 1733 2818 credi-

144 2878 291 2926 mus,
317 2861 410 2917 sed
438 2861 542 2915 sub
566 2858 747 2929 specie
775 2857 934 2928 panis
961 2866 1016 2912 et
1062 2857 1174 2911 vini
1200 2863 1390 2912 verum
1443 2871 1644 2926 corpus
1679 2865 1733 2910 et

144 2971 336 3010 verum
365 2954 688 3025 sanguinem
738 2949 1072 3016 consecrari,
1129 2958 1183 3005 et
1228 2949 1464 3020 speciem
1511 2948 1732 3020 quidem

145 3047 415 3103 visibilem
441 3051 841 3100 sacramentum
887 3057 1011 3097 esse
1063 3042 1178 3097 veri
1224 3041 1471 3111 corporis
1517 3050 1573 3096 et
1618 3041 1732 3096 veri

148 3138 449 3210 sanguinis,
482 3152 682 3207 corpus
707 3137 912 3205 fautem
955 3141 1002 3188 et
1047 3133 1369 3204 sanguinem
1418 3148 1733 3188 sacramen-

147 3242 264 3288 tum
291 3246 412 3287 esse
437 3229 622 3301 gloriae
663 3227 956 3298 spiritalis,
1006 3234 1061 3281 et
1109 3225 1569 3296 quemadmodum
1615 3240 1735 3296 sper

147 3325 259 3381 cies
289 3324 398 3379 illic
423 3322 682 3388 cernitur,
732 3319 891 3390 cujus
925 3333 1014 3373 res
1055 3318 1140 3374 vel
1165 3318 1470 3373 substantia
1505 3318 1579 3372 ibi
1609 3332 1733 3373 esse

148 3437 255 3477 non
287 3419 546 3486 creditur,
575 3417 654 3473 sic
691 3432 778 3472 res
825 3415 898 3471 ibi
939 3414 1203 3468 veraciter
1221 3422 1275 3468 et
1301 3413 1732 3469 substantialiter

145 3529 386 3586 praesens
443 3511 704 3578 creditur,
737 3510 898 3580 cnjus
943 3508 1156 3578 species
1177 3521 1286 3562 non
1323 3509 1584 3562 cernitur.
1637 3506 1734 3562 Vi-

145 3607 303 3663 detur
323 3605 466 3660 enim
493 3602 704 3672 species
732 3601 890 3672 panis
918 3611 972 3655 et
997 3601 1109 3654 vini
1131 3618 1146 3666 ;
1171 3609 1224 3655 et
1246 3601 1548 3654 substantia
1573 3601 1730 3670 panis

144 3710 202 3756 ct
223 3698 330 3753 vini
363 3712 470 3751 non
499 3696 760 3752 creditur.
774 3693 1026 3750 Creditur
1065 3700 1246 3746 autem
1275 3692 1581 3747 substantia
1609 3707 1722 3747 cor-

145 3791 296 3865 poris
323 3798 376 3845 et
406 3785 690 3860 sanguinis
743 3783 973 3848 Christi,
1026 3793 1078 3838 et
1124 3793 1304 3838 tamen
1360 3782 1571 3852 species
1619 3798 1728 3837 non

147 3883 406 3940 cernitur.
459 3879 615 3948 Quod
677 3893 806 3933 vero
865 3876 1082 3930 videtur
1141 3874 1442 3929 secundum
1493 3873 1728 3941 speciem

147 3979 546 4030 sacramentum
582 3977 666 4024 est
697 3975 751 4024 et
795 3968 977 4038 imago
1001 3967 1148 4021 illius
1170 3965 1315 4036 quod
1358 3963 1598 4019 creditur
1644 3979 1731 4019 se-

149 4063 382 4121 cundum
413 4061 661 4133 corporis
690 4064 1009 4126 veritatem;
1063 4067 1118 4113 et
1166 4057 1311 4127 quod
1363 4055 1600 4110 creditur
1644 4070 1731 4110 se-

149 4155 383 4212 cundum
413 4154 660 4224 corporis
689 4153 996 4215 veritatem,
1036 4155 1440 4204 sacramentum
1467 4155 1551 4202 est
1582 4146 1729 4202 illius

151 4248 290 4318 quod
313 4246 621 4318 prmcipitur
643 4244 944 4301 secundmn
970 4242 1198 4314 gratiam
1251 4240 1573 4310 spiritalem.
1629 4238 1731 4295 Sa-

151 4349 484 4395 cramentum
538 4353 668 4409 ergo
721 4337 910 4392 altaris
963 4343 1018 4390 et
1063 4334 1392 4390 eucharistia
1442 4334 1624 4389 divina
1675 4334 1730 4388 in

152 4432 313 4485 verbo
357 4445 587 4500 corpore.
655 4437 710 4484 et
759 4427 1028 4498 sanguine
1097 4427 1313 4482 Domini
1373 4426 1548 4482 nostri
1599 4425 1728 4480 Jesu

1835 1920 1890 1975 in
1947 1920 2257 1992 sumptione
2313 1922 2561 1992 corporis
2630 1931 2686 1978 et
2740 1923 3025 1994 sanguinis
3088 1922 3292 1979 Christi
3359 1939 3428 1980 ex

1832 2009 2121 2066 divinitate
2167 2011 2395 2068 Christi.
2443 2011 2611 2068 Plena
2659 2021 2842 2068 autem
2891 2012 3119 2069 refectio
3169 2015 3326 2072 cibus
3373 2026 3429 2071 et

1832 2113 1995 2174 potus
2017 2111 2133 2170 est;
2165 2103 2272 2159 cibi
2301 2115 2484 2160 autem
2523 2113 2578 2160 et
2601 2112 2760 2176 potus
2782 2105 2942 2175 panis
2964 2113 3020 2160 et
3054 2105 3241 2160 vinum
3275 2107 3426 2178 prin-

1832 2193 2022 2264 cipalis
2049 2193 2356 2248 substantia
2372 2202 2476 2262 est;
2501 2203 2554 2250 et
2581 2195 3127 2266 preponiturspeeies
3143 2210 3208 2250 ex
3225 2197 3431 2266 princi-

1833 2288 1941 2358 pali
1973 2287 2280 2343 substantia
2296 2287 2629 2353 refectionis,
2652 2287 2776 2342 utin
2792 2303 2858 2342 eo
2875 2296 3146 2354 sumatur,
3173 2297 3227 2343 et
3252 2297 3310 2343 ut
3333 2304 3431 2358 per

1834 2394 1957 2434 eam
1984 2379 2188 2436 veritas
2214 2379 2465 2449 corporis
2502 2386 2556 2433 et
2607 2379 2894 2448 sanguinis
2918 2379 3124 2434 Christi
3157 2378 3432 2449 significa-

1836 2479 2007 2538 retur,
2038 2472 2180 2528 sicut
2205 2471 2320 2543 ipse
2333 2479 2563 2528 testatur
2577 2471 2766 2528 dicens
2790 2490 2803 2525 :
2829 2490 2847 2522 ι
2883 2471 3026 2526 Caro
3047 2486 3166 2526 mea
3197 2487 3322 2526 vere
3348 2481 3432 2528 est

1836 2563 2015 2630 cibus,
2047 2571 2102 2618 et
2139 2565 2366 2635 sanguis
2393 2578 2550 2618 meus
2579 2578 2706 2619 vere
2730 2571 2814 2619 est
2838 2573 3000 2634 potus
3039 2562 3223 2632 (Joan.
3258 2563 3358 2634 vi).
3406 2583 3425 2616 ι

1837 2654 1971 2722 Quae
2022 2664 2202 2710 tamen
2253 2655 2504 2726 corporis
2552 2663 2608 2710 et
2654 2657 2941 2728 sanguinis
2993 2656 3256 2726 sumptio,
3301 2657 3430 2728 quia

1837 2748 1952 2804 sola
1981 2747 2100 2803 sine
2124 2747 2357 2818 spiritali
2381 2747 2577 2802 effectu
2609 2738 2839 2803 salutem
2872 2764 2980 2802 non
3008 2747 3279 2814 conferat,
3313 2749 3432 2819 ipse

1837 2839 1979 2895 idem
2038 2838 2289 2894 Salvator
2344 2838 2661 2894 manifestat
2723 2839 2956 2895 dicens:
3023 2857 3042 2891 ι
3099 2839 3243 2894 Caro
3296 2840 3432 2894 nihil

1835 2931 2098 3001 prodest;
2151 2929 2379 3000 spiritus
2405 2939 2490 2985 est
2537 2930 2632 3000 qui
2669 2929 2907 2985 vivificat
2935 2929 3136 3000 (ibid.).
3176 2949 3196 2984 ι
3243 2928 3432 2985 Virtus

1835 3036 1966 3092 ergo
1999 3031 2054 3076 et
2086 3020 2368 3091 plenitudo
2399 3021 2663 3090 spiritalis
2693 3021 3032 3090 refectionis,
3071 3037 3194 3092 quae
3225 3021 3279 3076 in
3304 3038 3430 3077 cor-

1837 3127 1967 3182 pore
1995 3111 2200 3167 Christi
2249 3120 2303 3167 et
2347 3113 2616 3182 sanguine
2657 3121 2764 3180 est,
2798 3128 2895 3184 per
2943 3114 3181 3184 speciem
3207 3114 3430 3186 quidem

1787 3207 1800 3226 ‘
1835 3204 1995 3275 panis
2043 3211 2099 3258 et
2145 3203 2260 3258 vini
2308 3203 2690 3275 significatur;
2742 3205 2796 3258 in
2847 3206 3196 3276 perceptione
3245 3217 3428 3261 autem

1836 3296 2026 3368 gratiae
2055 3293 2260 3352 infusio
2287 3297 2515 3352 interna:
2541 3307 2596 3352 et
2621 3307 2838 3354 acterna:
2867 3295 3180 3354 refectionis
3210 3299 3430 3370 perﬁci-

1835 3397 1946 3442 tur.
1991 3386 2058 3443 Et
2106 3388 2188 3444 sic
2235 3389 2458 3459 quidem
2509 3405 2634 3445 cum
2683 3390 2788 3444 tria
2819 3389 2873 3444 in
2912 3405 3021 3444 uno
3070 3389 3144 3444 ibi
3194 3400 3320 3459 sint,
3373 3391 3427 3446 in

1835 3483 2014 3554 primo
2043 3486 2193 3556 quod
2225 3486 2445 3557 signum
2481 3485 2760 3542 invenitur
2803 3487 3052 3555 secundi,
3086 3487 3140 3542 in
3185 3488 3430 3544 secundo

1833 3584 2016 3629 autem
2043 3590 2216 3631 causa
2247 3577 2428 3642 tertii;
2461 3577 2515 3632 in
2545 3577 2708 3634 tertio
2737 3592 2868 3633 vero
2893 3578 3068 3635 virtus
3096 3579 3344 3648 secundi,
3375 3589 3428 3636 et

1832 3665 2036 3720 veritas
2087 3667 2292 3736 primi:
2339 3675 2394 3722 et
2422 3667 2539 3724 haec
2587 3669 2689 3724 tria
2733 3667 2788 3724 in
2819 3683 2930 3724 uno
2972 3677 3123 3734 sunt,
3156 3677 3209 3723 et
3257 3686 3427 3726 unum

1835 3767 2264 3814 sacramentum.
2317 3759 2503 3816 Claret
2554 3761 2764 3831 itaque,
2816 3761 3040 3831 quando
3068 3759 3429 3818 divinissima

1832 3847 2181 3903 eucharistia:
2215 3850 2522 3920 assumptio
2571 3859 2977 3906 sacramentum
3013 3859 3118 3919 est,
3165 3862 3219 3908 et
3247 3853 3430 3925 imago

1832 3939 2272 4010 participationis
2302 3939 2452 4008 Jesu,
2493 3941 2623 4010 quia
2651 3942 2755 3998 hoc
2785 3944 2930 4012 quod
2961 3944 3082 4014 ejus
3115 3961 3430 4000 sacramen—

1831 4044 1946 4087 tum
1977 4032 2264 4090 visibilitcr
2298 4034 2634 4105 percipimus
2676 4036 2893 4106 signum
2925 4047 3029 4105 est,
3077 4039 3222 4108 quod
3246 4039 3294 4093 ei
3317 4039 3428 4109 spi-

1831 4125 2064 4181 ritaliter
2095 4127 2241 4181 uniri
2275 4127 2561 4182 debemus.
2605 4127 2726 4198 lpsa
2772 4137 2953 4183 autem
2991 4130 3343 4194 eucharistia,
3372 4132 3426 4188 id

1831 4227 1914 4273 est
1930 4218 2072 4273 bona
2098 4218 2293 4290 gratia,
2317 4220 2434 4290 ipsa
2461 4219 2671 4275 scilicet
2695 4220 2872 4276 hostia
2898 4235 3054 4276 sacra
3081 4221 3423 4278 divinissima

1832 4321 2080 4376 vocatur,
2109 4313 2373 4382 quoniam
2402 4313 2620 4370 divinos
2651 4311 2781 4368 facit
2817 4322 2870 4368 et
2899 4313 3196 4384 participes
3223 4314 3426 4369 divini-

1835 4405 1963 4460 tatis
2006 4420 2102 4460 eos
2153 4406 2248 4476 qui
2301 4421 2360 4461 se
2413 4406 2577 4477 digne
2634 4406 2983 4478 participant,
3035 4417 3090 4463 et
3133 4407 3262 4478 quia
3308 4408 3423 4478 ipsa

151 4523 545 4594 Christiimago
570 4531 674 4590 est,
698 4521 998 4578 secundum
1043 4521 1281 4591 speciem
1330 4523 1489 4590 panis
1529 4527 1584 4574 et
1617 4519 1727 4574 vini

1836 4495 2051 4566 signum
2107 4506 2192 4552 est
2239 4507 2295 4553 et
2342 4498 2567 4566 veritas,
2619 4499 2676 4554 in
2725 4515 2832 4571 qua
2885 4515 3015 4554 caro
3061 4497 3266 4556 Christi
3320 4501 3424 4558 sub

151 4633 252 4688 qua
283 4617 543 4682 cernitur,
579 4623 633 4670 et
669 4631 757 4670 res
781 4624 866 4670 est
903 4613 1201 4669 secundum
1237 4613 1558 4669 substantiae
1614 4627 1728 4668 sua:

153 4711 460 4775 veritatem;
500 4708 556 4760 in
588 4722 695 4778 qua
719 4708 959 4763 creditur
981 4707 1092 4762 illic
1120 4715 1286 4777 atque
1323 4706 1642 4777 percipitur,
1673 4717 1728 4761 et

151 4813 362 4855 rursum
399 4797 546 4868 quod
583 4812 731 4851 nunc
755 4796 1040 4852 visibiliter
1061 4797 1362 4852 secundum
1397 4798 1726 4854 sacramenti

153 4891 399 4960 speciem,
430 4898 484 4946 et
509 4889 862 4959 corporaliter
919 4889 1218 4944 secundum
1269 4890 1451 4945 carnis
1497 4899 1550 4946 et
1599 4906 1729 4946 san-

152 4983 323 5056 guinis
345 4981 550 5038 Christi
581 4979 884 5046 veritatem,
924 4977 1206 5035 Christum
1257 4982 1309 5034 in
1359 4983 1516 5036 altari
1556 4983 1730 5038 sumi-

153 5101 296 5140 mus:
333 5092 737 5142 sacramentum
760 5091 842 5137 est
871 5091 923 5137 et
951 5081 1154 5154 imago,
1185 5083 1331 5153 quod
1363 5084 1542 5154 ipsum
1574 5102 1730 5142 eum-

152 5189 268 5244 dem
291 5186 637 5243 invisibiliter
656 5193 710 5242 et
743 5184 1072 5248 Spiritalitcr
1103 5187 1404 5242 secundum
1433 5188 1621 5258 gratia:
1645 5189 1729 5244 in-

151 5285 436 5356 fusionem,
467 5295 522 5342 et
537 5286 710 5342 sancti
740 5285 965 5357 spiritus
989 5287 1457 5358 perticipationem
1482 5287 1536 5343 in
1565 5291 1729 5346 corde

154 5403 358 5444 sumere
377 5389 660 5444 debemus.
692 5385 834 5457 Ergo
855 5386 1200 5443 divinissima
1230 5389 1563 5447 eucharistia
1607 5408 1729 5462 qua:

151 5491 205 5545 in
232 5489 383 5545 altari
411 5487 712 5546 secundum
742 5487 902 5558 panis
923 5498 978 5545 et
1004 5490 1115 5545 vini
1149 5492 1406 5562 speciem,
1448 5503 1503 5548 et
1533 5509 1728 5548 secun-

153 5591 274 5647 dum
295 5593 542 5663 corporis
579 5593 782 5648 Christi
810 5592 1096 5648 veritatem
1123 5592 1408 5648 visibiliter
1437 5603 1492 5650 et
1534 5609 1729 5664 corpo-

151 5693 326 5750 raliter
361 5704 648 5765 tractatur,
705 5703 1108 5751 sacramentum
1166 5701 1250 5752 est
1286 5702 1340 5749 et
1383 5695 1622 5768 signum,
1674 5708 1729 5756 et

148 5797 322 5871 imago
358 5802 648 5858 invisibilis
700 5811 754 5857 et
786 5800 1046 5872 spiritalis
1096 5801 1528 5876 partieipationis
1574 5800 1723 5873 Jcsu,

1833 4591 2014 4660 specie
2030 4591 2188 4663 panis
2215 4593 2471 4661 sumitur,
2497 4602 2552 4650 et
2579 4593 2633 4648 in
2663 4609 2828 4650 carne
2853 4594 2972 4665 ejus
2996 4595 3157 4666 digne
3182 4605 3422 4666 sumpta,

1829 4694 1886 4740 et
1913 4685 2086 4756 ipsius
2115 4687 2281 4742 etiam
2331 4687 2634 4744 divinitatis
2677 4688 2954 4759 susceptio
2983 4695 3038 4743 et
3076 4687 3423 4758 participatio

1831 4787 1885 4834 ct
1912 4781 2252 4835 consortium
2281 4781 2645 4837 condonatur.
2683 4779 2975 4852 PrOpterea
2999 4781 3340 4838 divinissima
3369 4791 3424 4838 ct

1831 4870 2226 4940 sanctissima,
2277 4881 2332 4930 et
2387 4871 2737 4930 sanctificans
2787 4873 3184 4932 sanctificantia
3235 4874 3422 4930 omnia

1831 4960 1995 5016 etiam
2019 4970 2230 5017 sancta.

1903 5055 2006 5110 Per
2036 5056 2265 5110 verbum
2317 5057 2771 5114 sanctificationis
2813 5074 2940 5115 vera
2987 5059 3148 5132 panis
3188 5069 3244 5117 et
3287 5077 3417 5118 vera

1830 5150 1940 5204 vini
1958 5149 2264 5206 substantia
2281 5150 2337 5205 in
2355 5166 2546 5207 verum
2574 5167 2776 5223 corpus
2805 5161 2860 5210 et
2881 5155 3201 5226 sanguinem
3216 5155 3418 5212 Christi

1831 5244 2185 5312 convertitur,
2216 5244 2333 5301 sola
2365 5244 2546 5315 specie
2572 5246 2728 5316 panis
2760 5255 2816 5304 et
2843 5245 2958 5303 vini
3001 5257 3338 5317 remanente,
3365 5257 3421 5302 et

1831 5337 2137 5393 substantia
2189 5354 2243 5394 ιιι
2301 5339 2664 5394 substantiam
2717 5348 3058 5398 transeunte.
3119 5340 3418 5397 Conversio

1829 5440 2015 5485 autem
2045 5433 2160 5501 ipsa
2189 5447 2298 5488 non
2341 5433 2644 5490 secundum
2674 5433 2952 5500 unionem,
2986 5433 3084 5490 sed
3115 5434 3415 5489 secundum

1833 5524 2210 5581 transitionem
2233 5528 2628 5584 consideranda
2657 5535 2762 5594 est,
2785 5528 3048 5598 quoniam
3069 5541 3415 5597 nequaquam

1829 5617 2068 5672 essentia
2110 5617 2162 5672 in
2200 5619 2451 5675 essentia:
2497 5627 2848 5692 augmentum
2892 5618 3120 5686 accedit,
3150 5628 3205 5674 et
3239 5633 3335 5688 per
3362 5619 3415 5674 id

1831 5709 1976 5782 quod
2030 5710 2257 5778 accedit,
2305 5711 2358 5766 id
2393 5713 2459 5769 ad
2501 5713 2647 5784 quod
2699 5711 2910 5768 accedit
2943 5713 3124 5784 majus
3158 5711 3274 5778 fiat,
3319 5713 3414 5770 sed

1833 5806 2177 5877 transitione,
2207 5815 2262 5862 ut
2311 5806 2364 5862 id
2413 5807 2560 5878 quod
2592 5806 2823 5874 accedit,
2855 5822 2980 5862 cum
3031 5807 3125 5862 illo
3167 5805 3243 5864 ad
3265 5806 3412 5878 quod
