3950 6380
527 343 664 402 I027

1631 334 1961 393 WERNEIII
2000 335 2295 394 ABBA‘I'IS
2331 333 2389 393 S.
2432 333 2654 392 BLASII

523 460 756 528 accedit,
787 473 957 516 unum
989 458 1102 513 ﬁat.
1135 449 1246 510 Nec
1293 453 1374 510 sic
1401 453 1455 508 ln
1485 468 1627 525 pane
1655 467 1859 524 corpus
1897 453 2105 509 Christi
2136 457 2183 515 Α
2215 452 2330 508 cies
2385 452 2438 506 in
2466 467 2576 523 qua
2625 465 2823 507 sensus
2851 458 2985 508 tuus
3029 449 3336 517 erudiatur,
3367 457 3422 505 et
3452 456 3652 506 servat
3675 449 3818 506 intus

521 550 838 611 consecrari
871 549 1129 614 dicimus,
1166 555 1227 602 ut
1269 543 1338 600 de
1369 559 1510 615 pane
1532 558 1734 614 corpus
1761 543 1965 598 Christi
1991 559 2116 600 esse

524 643 778 714 accipiat,
812 658 914 697 nec
937 640 1097 712 quasi
1147 654 1348 695 novum
1379 653 1582 708 corpus
1610 638 1793 693 subito
1820 636 2023 694 factum
2048 639 2116 694 de

526 744 738 792 mutata
767 735 1027 800 essentia,
1055 732 1149 788 sed
1181 733 1234 786 in
1268 731 1446 802 ipsum
1487 745 1690 800 corpus
1717 745 1907 786 verum
1938 739 2118 785 muta-

524 835 632 882 tam
647 825 942 882 essentiam
961 842 974 892 ;
993 839 1094 879 nec
1118 824 1289 894 ipsam
1310 821 1670 877 substantiam
1690 820 1846 891 panis
1859 828 1911 874 et
1927 819 2040 873 vini
2059 819 2114 874 in

520 917 754 971 nihilum
780 916 1078 981 redactam,
1116 914 1244 985 quia
1289 913 1452 968 desiit
1481 928 1602 969 esse
1641 911 1790 984 quod
1826 911 1966 978 fuit;
2018 911 2113 967 sed

524 1014 734 1060 mutata
764 1007 966 1076 potius,
992 1006 1120 1076 quia
1151 1005 1317 1076 cmpit
1344 1019 1465 1060 esse
1494 1003 1642 1058 aliud
1671 1003 1818 1074 quod
1848 1020 1954 1059 non
1988 1002 2110 1070 fuit,

523 1105 579 1153 et
601 1099 778 1168 ipsum
804 1099 947 1168 quod
973 1098 1138 1168 coepit
1172 1113 1294 1152 esse
1317 1096 1485 1163 aliud,
1503 1112 1569 1152 (x
1595 1112 1659 1152 ea
1681 1111 1803 1152 esse
1824 1111 1930 1151 non
1957 1111 2115 1152 acce-

521 1189 622 1260 pit,
650 1189 776 1258 quia
805 1189 964 1258 panis
995 1187 1118 1243 fuit.
1147 1189 1251 1242 Sed
1281 1189 1398 1258 ipsa
1437 1188 1556 1258 ejus
1576 1203 1698 1244 esse
1722 1189 1950 1257 accepit,
1983 1187 2112 1258 quia

522 1279 677 1350 prius
707 1281 863 1350 panis
886 1278 1017 1347 fuit;
1071 1279 1166 1335 sed
1212 1279 1328 1348 ipsa
1353 1280 1474 1350 ejus
1505 1295 1626 1335 esse
1651 1279 1862 1350 accepit
1891 1280 2112 1349 quando

522 1370 685 1426 desiit
711 1386 832 1426 esse
862 1371 1009 1441 quod
1061 1369 1184 1425 fuit.
1238 1368 1354 1426 Iloc
1403 1371 1719 1440 expressius
1754 1371 2108 1427 distinximus

521 1471 744 1532 propter
791 1477 887 1518 eos
911 1462 1005 1532 qui
1035 1476 1102 1518 ex
1146 1477 1244 1518 sua
1295 1461 1508 1517 ratione
1552 1461 1678 1518 ﬁdei
1729 1463 2109 1532 pra-judicium

520 1554 749 1625 faciunt,
790 1566 846 1613 et
894 1573 1059 1613 sensu
1115 1573 1217 1614 suo
1249 1557 1563 1613 incedentes
1589 1571 1834 1612 asserere
1861 1558 2111 1612 nituntur

519 1648 604 1703 vel
632 1651 735 1705 hoc
765 1665 887 1706 esse
917 1651 1094 1706 solum
1123 1651 1269 1722 quod
1294 1651 1557 1718 cernitur,
1577 1651 1658 1706 vel
1682 1651 1786 1706 tale
1813 1667 1935 1708 esse
1961 1652 2109 1723 quod

519 1741 780 1808 creditur,
796 1742 900 1798 hoc
927 1751 1011 1798 est
1032 1743 1176 1814 quod
1201 1743 1317 1798 sola
1345 1742 1502 1812 panis
1531 1751 1585 1797 et
1612 1744 1822 1813 species
1852 1744 1964 1800 vini
1989 1761 2110 1800 cer-

2217 553 2399 600 tamen
2449 544 2696 614 corporis
2729 543 2813 598 sui
2857 542 3346 612 incorruptionem,
3399 542 3460 596 in
3489 555 3610 612 qua
3633 532 3817 598 unitas

2215 635 2336 704 ejus
2369 649 2478 688 non
2521 634 2804 690 dividitur.
2843 632 3074 690 Videtur
3098 649 3226 704 pars
3256 649 3390 700 una,
3413 643 3471 688 et
3498 634 3674 704 quasi
3701 649 3818 705 pars

2215 739 2339 780 esse
2358 723 2591 788 videtur,
2622 723 2669 778 si
2693 732 2866 778 totum
2891 723 2966 777 ibi
2993 731 3098 778 est.
3131 721 3199 777 Et
3228 737 3356 792 pars
3377 722 3558 776 altera
3587 722 3817 790 videtur,

2214 825 2270 870 et
2289 815 2447 885 quasi
2477 814 2647 869 altera
2691 815 2924 882 videtur,
2975 824 3031 870 et
3075 814 3218 869 idem
3269 823 3355 870 est
3385 822 3576 869 totum
3621 814 3814 885 ipsa:

2215 906 2282 963 Et
2315 907 2361 964 si
2396 907 2552 963 tertia
2601 923 2728 977 pars
2763 908 3001 974 videtur,
3044 907 3296 963 similiter
3327 908 3480 962 idem
3521 909 3714 978 ipsum
3743 921 3816 965 at

2214 1009 2270 1055 et
2311 1009 2508 1056 totum.
2561 999 2760 1056 Totum
2798 1001 2888 1056 hic
2928 1009 2983 1055 et
3025 1009 3199 1055 totum
3250 1001 3349 1067 ibi,
3384 1016 3495 1056 nec
3536 1003 3732 1058 minus
3767 1005 3814 1058 in

2213 1099 2370 1160 parte
2427 1105 2592 1160 quam
2642 1091 2698 1145 in
2752 1098 2884 1155 toto,
2936 1104 3039 1144 nec
3070 1089 3249 1158 majus
3291 1089 3347 1142 in
3393 1099 3520 1144 toto
3557 1107 3737 1161 quam
3765 1093 3814 1148 in

2213 1191 2386 1252 parte.
2419 1182 2780 1252 Quotcunque
2810 1191 2994 1252 partes
3029 1180 3246 1247 feceris,
3283 1181 3342 1235 in
3373 1182 3630 1252 singulis
3657 1192 3811 1239 totum

2211 1284 2315 1331 est.
2347 1274 2457 1330 Nec
2488 1275 2726 1331 mireris.
2761 1273 2912 1345 Opus
2956 1273 3050 1329 Dei
3093 1281 3180 1329 est
3221 1273 3330 1329 hic.
3369 1273 3429 1328 Si
3489 1274 3550 1328 in
3589 1275 3814 1332 divenis

2212 1366 2349 1424 locis
2381 1375 2562 1438 potest
2587 1381 2710 1422 esse
2739 1382 2904 1428 unus.
2933 1381 3107 1436 quare
3140 1365 3303 1420 etiam
3338 1381 3455 1420 non
3487 1365 3549 1419 in
3593 1367 3814 1436 singulis

2211 1460 2462 1530 partibus
2503 1466 2682 1529 potest
2723 1474 2845 1514 esse
2891 1458 3073 1513 totus?
3119 1455 3432 1527 Utrumque
3467 1457 3690 1511 mirum
3717 1467 3808 1513 est.

2215 1551 2320 1608 Sed
2353 1568 2462 1607 non
2499 1552 2620 1607 ideo
2661 1551 2860 1607 falsum
2891 1561 2995 1618 est,
3029 1550 3075 1606 si
3107 1549 3310 1604 mirum
3355 1559 3468 1604 est.
3518 1547 3596 1603 Et
3631 1565 3808 1604 verum

2211 1653 2295 1698 est
2313 1643 2443 1714 quia
2469 1643 2668 1698 mirum
2693 1652 2814 1710 est;
2831 1658 2934 1698 nec
2958 1653 3141 1698 tamen
3169 1641 3502 1709 siemirum,
3532 1642 3676 1713 quia
3691 1659 3813 1714 opus

2212 1729 2307 1787 Dei
2339 1741 2442 1787 est.
2474 1729 2592 1786 Non
2620 1741 2704 1787 est
2733 1733 2955 1798 mirum,
2989 1731 3036 1787 si
3073 1731 3343 1788 mirabilis
3369 1732 3670 1786 mirabilia
3697 1748 3814 1804 ope-

517 1833 696 1897 nitur,
731 1835 902 1890 solam
923 1834 996 1890 ibi
1010 1850 1132 1891 esse
1159 1835 1317 1906 panis
1345 1843 1400 1890 et
1423 1833 1536 1890 vini
1565 1836 1962 1904 substantiam;
1999 1838 2096 1905 vel,

2213 1833 2388 1878 ratur.
2423 1822 2732 1890 Quomodo,
2763 1823 2970 1894 inquis,
3009 1839 3209 1893 corpus
3239 1839 3408 1878 unum
3442 1825 3658 1879 eodem
3687 1835 3812 1880 telu-

516 1925 644 1996 quia
679 1925 752 1980 ibi
805 1926 1113 1982 substantia
1165 1927 1414 1998 corporis
1459 1938 1514 1982 ct
1561 1928 1844 1999 sanguinis
1899 1929 2104 1984 Christi

519 2017 762 2073 creditur
784 2018 1116 2088 possibilitcr
1141 2019 1189 2074 ei
1221 2019 1400 2076 inesse
1421 2019 1656 2090 speciem
1710 2029 1763 2075 et
1783 2021 2104 2091 qualitatem

516 2107 677 2178 panis
727 2116 780 2164 ct
830 2109 941 2164 vini
998 2125 1120 2181 quae
1147 2109 1410 2177 cernitur,
1449 2112 1608 2182 quasi
1631 2127 1740 2167 non
1781 2115 1956 2183 possit
1980 2129 2106 2185 spe-

514 2199 629 2254 cies
659 2215 920 2270 apparere
961 2201 1121 2272 cujus
1151 2216 1260 2256 non
1313 2202 1456 2259 adsit
1490 2202 1820 2274 substantia,
1851 2207 1933 2261 vel
1973 2207 2106 2264 sub-

513 2293 714 2351 stantia
741 2294 910 2351 latere
932 2295 1091 2367 cujus
1116 2311 1224 2351 non
1249 2305 1507 2367 appareat
1539 2296 1738 2354 forma.

1202 2402 1421 2443 DIVISIO.

582 2475 813 2544 Quando
825 2486 1005 2548 partes
1027 2478 1278 2535 videntur
1309 2479 1363 2535 in
1392 2495 1551 2537 sacro
1574 2481 1784 2551 altaris,
1815 2499 1925 2539 non
1948 2493 2106 2556 pute-

511 2569 604 2620 tur
630 2568 788 2637 quasi
814 2568 1050 2624 divisum
1076 2570 1148 2626 sit
1173 2571 1258 2626 vel
1302 2582 1613 2642 separatum
1641 2589 1672 2630 a
1709 2590 1787 2639 se,
1831 2586 1930 2633 aut
1956 2579 2105 2634 velut

513 2673 613 2728 per
640 2659 886 2714 membra
915 2659 1249 2732 discerptum
1279 2678 1476 2734 corpus
1495 2663 1722 2721 Christi.
1749 2665 1870 2738 Ipse
1898 2668 2105 2740 integer

511 2759 717 2818 manet,
746 2759 801 2806 et
845 2751 900 2806 in
931 2768 991 2808 se
1019 2769 1119 2809 nec
1139 2755 1397 2811 dividitur
1438 2772 1540 2813 nec
1581 2759 1831 2828 partitur.
1866 2759 1970 2816 Sed
2006 2763 2103 2819 tibi

514 2842 815 2897 secundum
848 2843 1084 2914 speciem
1112 2845 1359 2901 exhiberi
1391 2848 1676 2917 oportebat
1704 2851 1850 2920 quod
1883 2851 1950 2906 ad
1981 2868 2102 2925 my-

510 2931 707 2987 sticam
754 2932 1208 3005 signiﬁcationem
1262 2936 1547 3007 pertinuit.
1594 2937 1730 2995 Tres
1771 2941 1936 3012 igitur
1977 2957 2104 3012 por-

509 3022 687 3080 tiones
717 3041 839 3095 quae
869 3025 922 3080 in
951 3027 1108 3082 altari
1143 3026 1278 3084 ﬁunt
1303 3029 1370 3084 de
1399 3045 1631 3100 corpore
1665 3031 1868 3088 Christi
1911 3034 2103 3105 mysti-

508 3133 629 3172 cam
655 3119 1110 3189 signiiicationem
1137 3122 1358 3178 habent.
1383 3121 1480 3179 Est
1501 3125 1646 3179 enim
1673 3141 1873 3196 corpus
1895 3127 2100 3182 Christi

509 3207 767 3264 universa
817 3209 1082 3278 Ecclesia,
1123 3222 1284 3283 caput
1330 3215 1537 3270 scilicet
1566 3231 1690 3272 cum
1727 3218 2009 3285 membris,
2044 3229 2094 3274 et

511 3297 870 3354 inveniuntur
919 3300 972 3355 in
1017 3316 1245 3372 corpore
1290 3302 1397 3358 isto
1444 3306 1603 3374 quasi
1647 3314 1758 3362 tres
1796 3315 1997 3376 partes,
2027 3323 2097 3363 ex

505 3389 710 3460 quibus
742 3398 915 3446 totum
945 3407 1146 3463 corpus
1186 3402 1424 3449 constat.
1467 3393 1583 3449 Una
1629 3411 1756 3467 pars
1783 3403 1868 3452 est
1912 3397 2094 3467 ipsum

505 3488 692 3551 caput.
742 3482 918 3552 Caput
960 3499 1198 3554 namque
1245 3497 1408 3554 caput
1430 3493 1516 3540 est
1563 3495 1618 3541 et
1659 3501 1790 3556 pars
1843 3488 2095 3544 similiter

504 3572 775 3642 corporis.
809 3573 996 3644 Itaque
1023 3583 1189 3645 caput
1218 3574 1397 3644 ipsum
1424 3591 1552 3646 pars
1580 3579 1828 3648 corporis
1855 3595 1963 3635 una
1987 3590 2089 3637 est.

505 3662 625 3716 Alia
655 3678 783 3732 pars
834 3665 1080 3734 corporis
1109 3672 1194 3720 est
1242 3666 1300 3732 in
1349 3667 1611 3723 membris
1655 3668 1786 3736 illis,
1831 3685 1954 3740 qua:
1975 3672 2091 3742 jam

506 3765 695 3811 secuta
726 3765 872 3823 sunt,
908 3765 962 3812 et
995 3765 1126 3813 sunt
1168 3772 1294 3813 cum
1324 3758 1443 3829 ipso
1471 3761 1670 3832 capite,
1701 3770 1762 3817 ut
1790 3772 1875 3819 est
1910 3764 2088 3834 ipsum

502 3855 691 3918 caput,
717 3846 862 3904 sicut
881 3849 1141 3919 scriptum
1161 3858 1246 3907 est
1270 3869 1282 3905 :
1315 3870 1334 3904 ι
1356 3850 1678 3924 Ubicunque
1696 3854 2088 3928 fueritcorpus,

504 3941 582 3998 ibi
621 3944 1100 4016 congregabuntur
1131 3945 1327 4017 aquilae
1350 3945 1568 4018 (Matth.
1602 3950 1809 4020 χυτὴ.»
1845 3948 1926 4006 Illi
1958 3965 2090 4022 ergo

501 4034 596 4108 qui
621 4035 737 4106 jam
789 4037 857 4092 de
891 4037 994 4093 hac
1036 4037 1145 4092 vita
1189 4040 1462 4107 exierunt,
1491 4057 1726 4112 quorum
1770 4059 2003 4115 corpora
2031 4044 2087 4100 in

501 4131 772 4202 sepulcris
800 4131 1172 4201 requiescunt,
1210 4142 1265 4188 et
1307 4135 1505 4190 anima:
1535 4151 1659 4190 cum
1684 4134 1906 4192 Christo
1937 4147 2084 4206 sunt,

502 4222 594 4278 isti
624 4232 751 4278 sunt
776 4239 904 4294 pars
938 4225 1187 4296 corporis
1221 4225 1430 4295 altera;
1472 4234 1527 4282 et
1555 4235 1687 4282 sunt
1728 4229 1886 4299 quasi
1921 4229 2086 4284 simul

501 4311 626 4369 dum
649 4321 831 4384 partes
861 4313 980 4369 ista:
1014 4331 1028 4368 :
1070 4323 1237 4384 caput
1278 4315 1486 4371 scilicet
1524 4325 1578 4372 et
1609 4317 1723 4373 haec
1751 4319 1917 4373 altera
1956 4335 2086 4389 pars

501 4405 776 4476 corporis.
831 4403 1127 4475 Propterea
1172 4405 1227 4459 in
1263 4405 1421 4460 altari
1450 4406 1572 4462 dua:
1615 4417 1797 4478 partes
1832 4425 2082 4466 seorsum

2207 1930 2342 1986 pore
2370 1915 2424 1969 in
2451 1915 2686 1970 diversis
2714 1916 2849 1970 locis
2889 1929 3014 1970 esse
3061 1917 3279 1985 potest?
3309 1913 3411 1970 IIic
3455 1925 3570 1982 est,
3609 1917 3690 1971 ibi
3717 1926 3812 1982 est,

2207 2018 2261 2064 et
2295 2017 2468 2063 totum
2498 2008 2790 2078 utrobique
2811 2015 2915 2073 est,
2942 2017 2998 2062 et
3024 2006 3080 2061 in
3113 2007 3300 2062 multis
3330 2007 3502 2062 locis.
3545 2008 3811 2065 Similiter

2207 2102 2318 2156 noli
2348 2101 2561 2156 mirari.
2597 2100 2700 2167 Qui
2733 2102 2914 2157 locum
2947 2099 3076 2156 fecit
3104 2115 3304 2171 corpus
3341 2099 3502 2165 fecit,
3551 2112 3612 2156 et
3637 2103 3810 2158 locum

2207 2192 2264 2247 in
2289 2207 2536 2262 corpore,
2563 2201 2619 2248 et
2647 2207 2846 2262 corpus
2876 2191 2932 2246 in
2960 2191 3103 2247 loco.
3131 2189 3199 2245 Et
3227 2192 3321 2262 qui
3359 2191 3501 2247 fecit
3531 2202 3600 2247 ut
3621 2210 3812 2265 corpus

2206 2303 2377 2342 unum
2411 2288 2467 2343 in
2517 2287 2640 2342 loco
2685 2302 2797 2342 uno
2838 2295 3005 2354 esset,
3053 2285 3185 2340 fecit
3232 2285 3380 2341 sicut
3423 2288 3654 2354 voluit;
3691 2290 3807 2343 etsi

2204 2382 2490 2448 voluisset,
2527 2381 2688 2435 aliter
2729 2378 2910 2434 facere
2967 2379 3254 2449 potuisset.
3293 2373 3437 2432 Nam
3483 2387 3546 2433 et
3593 2380 3808 2450 quando

2203 2475 2323 2530 vult
2353 2474 2512 2530 aliter
2543 2473 2694 2541 facit,
2745 2481 2800 2528 et
2826 2481 2910 2527 est
2934 2471 3079 2527 sicut
3109 2471 3224 2542 ipse
3247 2471 3367 2525 vult
3395 2485 3656 2542 semper.
3683 2472 3804 2538 Quia

2204 2577 2386 2623 autem
2416 2569 2498 2625 sic
2524 2568 2641 2638 ipse
2690 2564 2840 2630 fecit,
2891 2571 2953 2618 ut
2982 2579 3185 2634 corpus
3227 2579 3400 2618 unum
3455 2564 3522 2618 in
3551 2565 3684 2621 loco
3708 2581 3804 2620 uno

2207 2669 2372 2728 esset,
2406 2669 2463 2715 tu
2513 2658 2662 2730 quod
2698 2657 2902 2712 factum
2950 2655 3158 2722 vidisti,
3208 2662 3265 2711 et
3301 2655 3497 2712 nescis
3525 2656 3683 2714 aliud
3710 2658 3803 2716 nisi

2203 2751 2349 2823 quod
2382 2751 2586 2807 factum
2607 2761 2690 2806 est
2706 2747 2854 2820 quod
2871 2747 3077 2814 vidisti,
3103 2748 3309 2803 idcirco
3333 2747 3573 2804 miraris
3592 2749 3804 2819 quando

2205 2843 2351 2898 aliud
2376 2843 2528 2898 vides
2564 2843 2650 2896 vel
2681 2841 2861 2907 audis,
2909 2854 3076 2910 quam
3112 2839 3300 2893 videre
3337 2846 3396 2894 et
3437 2839 3651 2896 audire
3677 2856 3802 2895 con-

2203 2935 2452 2991 suevisti.
2505 2934 2626 3006 Ipse
2676 2943 2860 2990 autem
2919 2948 3031 2988 non
3081 2931 3334 2995 miratur,
3377 2932 3621 3001 quando
3668 2932 3800 2988 aliud

2203 3027 2336 3083 facit
2362 3044 2525 3099 quam
2550 3027 2695 3099 quod
2713 3026 2906 3082 facere
2925 3023 3234 3090 consuevit,
3259 3022 3392 3094 quia
3415 3023 3660 3094 quando
3682 3023 3802 3080 illud

2203 3116 2352 3184 fecit,
2381 3117 2543 3173 scivit
2569 3127 2624 3172 et
2671 3125 2801 3172 tunc
2826 3117 2973 3186 quod
3006 3117 3162 3171 aliter
3192 3114 3376 3171 facere
3419 3115 3731 3184 potuisset,
3759 3117 3804 3171 si

2126 3185 2167 3241 Ο
2201 3211 2485 3266 voluisset.
2514 3209 2724 3266 Idcirco
2751 3225 2877 3265 cum
2902 3209 3032 3280 quid
3063 3208 3250 3263 mirari
3278 3208 3550 3278 cceperis,
3573 3218 3636 3264 et
3660 3209 3801 3264 dixe-

2200 3302 2272 3356 rit
2309 3301 2447 3356 forte
2477 3301 2573 3356 tibi
2603 3301 2860 3373 cogitatio
2888 3309 2982 3354 tua
3011 3299 3288 3371 quomodo
3328 3299 3420 3355 hic
3445 3315 3582 3356 esse
3608 3301 3797 3372 possit,

2200 3387 2730 3466 cegita’iacientem,
2755 3404 2810 3448 et
2830 3393 3042 3448 desinet
3072 3407 3196 3447 esse
3218 3391 3500 3458 mirabile,
3535 3390 3800 3464 quidquid

2197 3489 2330 3544 illud
2365 3487 2550 3543 fuerit.
2591 3486 2660 3542 Et
2686 3486 2733 3543 si
2781 3485 2922 3541 forte
2970 3485 3226 3540 mirabile
3258 3499 3368 3538 non
3391 3499 3526 3540 esse
3558 3486 3798 3553 desierit,

2197 3590 2379 3637 tamen
2416 3581 2732 3637 incredibile
2761 3595 2872 3634 non
2901 3579 3026 3634 erit.
3058 3577 3116 3633 Si
3139 3578 3413 3633 factorum
3441 3578 3798 3650 omnipotens

2193 3675 2466 3744 cogitatur
2485 3689 2595 3728 non
2623 3674 2730 3728 erit
2756 3671 3093 3743 impossibile
3111 3671 3379 3742 quidquid
3407 3673 3542 3726 erit.
3569 3670 3731 3739 Quod
3753 3673 3794 3728 si

2193 3769 2475 3836 contingat
2522 3763 2839 3834 aliquando,
2873 3763 3018 3818 sicut
3056 3763 3374 3832 contingere
3415 3763 3584 3830 solet,
3629 3776 3694 3820 ut
3721 3766 3796 3818 vi-

2193 3857 2327 3912 deas
2360 3855 2408 3911 si
2453 3870 2562 3925 qua
2612 3854 2728 3910 ﬁeri
2781 3854 2835 3908 in
2882 3854 2988 3909 hoc
3036 3863 3382 3909 sacramento
3429 3870 3565 3925 qua:
3612 3856 3794 3910 minus

2191 3961 2314 4002 esse
2336 3945 2686 4012 videbuntur,
2710 3945 2824 4000 noli
2857 3945 3118 4000 horrere:
3147 3945 3261 3999 sola
3294 3945 3514 4014 species
3538 3963 3674 4016 quas
3705 3963 3796 4017 ap-

2191 4048 2348 4110 paret
2383 4039 2488 4094 IIOC
2519 4038 2702 4093 habet.
2739 4036 2860 4092 Tibi
2891 4045 3160 4092 monstrat
3181 4037 3442 4105 speciem,
3471 4039 3580 4093 sibi
3616 4049 3796 4094 serra:

2188 4129 2494 4184 veritatem.
2540 4127 2775 4184 Exhibet
2821 4127 3008 4184 sensui
3057 4137 3152 4182 tuo
3203 4127 3634 4183 similitudinem
3689 4129 3791 4185 cibi

2189 4221 2509 4293 corporalis,
2539 4229 2599 4276 ut
2621 4236 2819 4277 sensus
2839 4229 2968 4276 tuus
2997 4235 3093 4291 per
3115 4219 3301 4274 omnia
3331 4219 3388 4273 in
3420 4235 3535 4276 suo
3563 4223 3791 4277 erudia-

2187 4323 2296 4370 tur.
2329 4312 2523 4370 Servat
2565 4313 2785 4384 corpori
2830 4328 2934 4369 suo
2959 4312 3246 4368 veritatem
3288 4319 3508 4368 natura:
3553 4314 3791 4368 inviola—

2185 4406 2313 4462 bilis
2339 4415 2394 4462 et
2441 4405 2792 4472 immortalis,
2839 4420 2908 4460 ne
2956 4404 3011 4460 in
3043 4418 3146 4459 suo
3175 4413 3593 4473 corrumpatur.
3635 4402 3700 4458 Si
3733 4404 3786 4458 in

503 4505 861 4551 reservantur
886 4503 1040 4550 extra
1073 4494 1300 4551 calicem
1341 4497 1500 4567 quasi
1546 4507 1700 4553 extra
1745 4501 2078 4572 passionem,
2114 4530 2158 4584 ι)
2187 4499 2372 4570 aliquo
2399 4514 2431 4554 a
2451 4499 2813 4554 similitudine
2834 4497 3131 4564 recederet,
3155 4511 3344 4552 verum
3362 4507 3782 4552 sacramentum

501 4587 764 4656 quoniam
795 4587 976 4658 ipsum
1006 4595 1172 4657 caput
1194 4586 1309 4657 jam
1339 4587 1647 4644 immortale
1669 4597 1723 4644 et
1751 4591 2083 4660 impassibile

499 4679 568 4735 de
593 4688 770 4736 morte
812 4680 1132 4748 resurrexit,
1162 4680 1396 4751 amplius
1434 4695 1543 4736 non
1575 4682 1873 4738 moriturus
1909 4699 2084 4755 neque

496 4788 766 4846 passurus
820 4773 1076 4844 amplius,
1117 4782 1172 4829 et
1213 4773 1460 4830 similiter
1488 4774 1562 4829 illi
1608 4775 1702 4846 qui
1733 4775 1801 4831 de
1833 4776 1936 4832 hac
1970 4777 2083 4832 vita

497 4866 704 4938 egressi
734 4875 865 4922 sunt
894 4865 1071 4923 sancti
1100 4875 1156 4922 et
1183 4882 1308 4923 cum
1334 4865 1454 4939 ipso
1484 4867 1660 4939 capite
1695 4881 1798 4924 suo
1820 4867 1933 4938 jam
1961 4868 2080 4940 glo-

497 4955 712 5012 riantur
739 4967 794 5014 et
824 4959 1082 5029 gaudent,
1107 4968 1489 5031 exspectantes
1511 4968 1566 5015 et
1597 4959 1698 5030 ipsi
1728 4962 2083 5018 resurrectio-

497 5061 624 5103 nem
650 5049 833 5104 carnis
852 5064 986 5117 suae,
1006 5058 1059 5105 et
1081 5049 1566 5118 immortalitatem,
1589 5049 1703 5120 jam
1726 5065 1902 5122 neque
1924 5050 2082 5106 dolo-

495 5155 613 5197 rem
643 5155 823 5212 neque
850 5142 1162 5211 passionem
1189 5141 1432 5198 sentiunt
1458 5141 1649 5207 ullam,
1679 5149 1735 5197 et
1761 5149 1890 5198 sunt
1913 5143 2079 5200 simul

495 5232 616 5288 ista:
635 5232 758 5288 dua:
782 5241 964 5303 partes
986 5241 1142 5288 extra
1181 5233 1426 5298 calicem,
1456 5239 1511 5287 et
1537 5239 1692 5287 extra
1741 5233 2074 5303 passionem,

494 5325 759 5398 quoniam
805 5324 934 5381 hinc
978 5323 1161 5394 priora
1205 5323 1562 5380 transierunt.
1617 5322 1798 5380 Tertia
1846 5341 1975 5396 pars
2018 5326 2076 5382 in

493 5418 666 5474 calice
691 5417 934 5490 ponitur,
967 5415 1284 5488 signiﬁcans
1320 5429 1420 5472 eos
1457 5414 1552 5487 qui
1586 5414 1766 5472 adhuc
1799 5417 1990 5474 vivunt
2017 5418 2075 5474 in

494 5511 770 5582 passione,
799 5510 974 5566 donec
999 5517 1055 5564 et
1085 5507 1190 5580 ipsi
1219 5507 1290 5564 ab
1317 5507 1541 5563 bacvita
1574 5517 1790 5576 exeant,
1815 5517 1870 5564 et
1895 5517 2077 5567 trans-

493 5611 623 5658 eant
664 5601 732 5656 ad
787 5608 953 5672 caput
1001 5616 1162 5658 suum
1199 5599 1294 5657 ubi
1351 5599 1588 5672 amplius
1625 5615 1726 5657 nec
1765 5602 2074 5659 moriantur

491 5709 595 5749 nec
616 5693 912 5764 patiantur.

568 5799 604 5838 ιι
625 5788 718 5838 bis
761 5783 924 5854 igitur
957 5786 1235 5858 mysteriis
1265 5793 1613 5846 monstratur
1639 5784 1738 5842 tibi
1774 5784 1909 5843 foris
1947 5801 2072 5858 spe-

2188 4607 2296 4647 non
2327 4599 2474 4648 esset
2510 4600 2565 4646 et
2591 4591 2842 4662 perderet
2879 4606 2940 4646 se
2973 4589 3069 4658 ibi,
3093 4598 3147 4645 et
3175 4589 3388 4645 tolleret
3413 4588 3606 4645 locum
3637 4589 3779 4654 ﬁdei,

2186 4699 2365 4756 neque
2381 4683 2496 4754 jam
2533 4683 2870 4751 crederetur,
2910 4682 3078 4739 etiam
3109 4682 3156 4738 si
3187 4681 3486 4738 videretur.
3515 4679 3684 4749 Quod
3711 4682 3782 4737 ita

2185 4775 2303 4829 ﬁeri
2336 4789 2445 4830 non
2494 4783 2726 4846 oportet.
2773 4772 2981 4845 Itaque,
3015 4782 3281 4844 quantum
3325 4774 3394 4829 ad
3438 4789 3568 4838 nos,
3595 4782 3782 4831 servat

2183 4882 2280 4938 per
2293 4867 2477 4923 omnia
2502 4867 2875 4938 corruptibilis
2897 4866 3006 4924 cibi
3037 4865 3478 4933 similitudinem,
3505 4875 3564 4922 et
3588 4875 3779 4922 tamen

2181 4974 2292 5014 non
2323 4959 2522 5014 amittit
2541 4968 2812 5030 quantum
2845 4959 2913 5014 ad
2941 4975 3002 5016 se
3030 4957 3365 5015 inviolabilis
3393 4957 3660 5028 corporis
3684 4971 3780 5014 ve-

2180 5053 2421 5110 ritatem.
2451 5053 2681 5111 Videtur
2708 5055 2948 5123 corrodi,
2975 5064 3031 5111 et
3056 5063 3241 5110 manet
3267 5055 3654 5125 incorruptus.
3677 5052 3778 5111 Vi-

2179 5144 2340 5202 detur
2360 5145 2444 5202 vel
2465 5145 2602 5202 allici
2623 5145 2708 5202 vel
2731 5145 3016 5214 maculari,
3044 5154 3100 5202 et
3115 5154 3426 5218 perseverat
3443 5145 3773 5206 inviolatos.

2180 5235 2425 5294 Sustinet
2452 5237 2544 5293 hic
2584 5236 2699 5293 ﬁeri
2730 5237 2878 5293 circa
2903 5253 2984 5305 se,
3013 5253 3083 5294 ne
3111 5253 3306 5294 sensus
3336 5245 3529 5292 noster
3557 5237 3774 5310 aliquid

2177 5332 2419 5389 alienum
2445 5331 2746 5403 percipiat;
2771 5331 2868 5387 sed
2901 5347 3010 5386 non
3045 5330 3239 5402 recipit
3266 5329 3355 5386 hic
3379 5329 3434 5384 in
3463 5345 3548 5396 se,
3577 5346 3660 5387 ne
3691 5331 3776 5386 in-

2175 5422 2550 5494 corruptibilis
2610 5431 2808 5478 natura
2875 5422 3242 5478 sinceritatem
3305 5436 3462 5477 suam
3525 5423 3772 5478 amittat.

2174 5513 2348 5570 Tanta
2375 5521 2460 5569 est
2481 5513 2719 5584 dignitas
2747 5520 2802 5568 et
2848 5513 3115 5568 munditia
3149 5512 3397 5581 corporis
3436 5509 3676 5577 Christi,
3713 5517 3774 5567 ut

2174 5621 2277 5663 nec
2324 5605 2679 5675 corruptione
2723 5603 2906 5676 aliqua
2949 5603 3089 5660 allici
3126 5604 3322 5676 possit,
3371 5619 3474 5659 nec
3503 5605 3770 5661 sordibus

2172 5695 2459 5754 maculari.
2485 5693 2673 5769 Itaque
2701 5695 2748 5752 "si
2791 5695 3015 5766 quando
3059 5696 3166 5753 hoc
3213 5696 3330 5753 ﬁeri
3371 5695 3606 5761 videris,
3645 5695 3768 5758 noli

2174 5791 2368 5846 timere
2395 5788 2520 5860 ipsi,
2549 5788 2643 5847 sed
2693 5787 2962 5845 sollicitus
3011 5796 3132 5869 esto
3176 5787 3294 5845 tibi.
3345 5784 3470 5856 Ipse
3494 5786 3622 5842 laedi
3655 5801 3768 5840 nm
