3950 6380
221 326 365 388 ιω

1146 331 1727 390 υεηοικΑτιοΝιεδ
1766 333 1867 390 SS.
1911 334 2222 393 PATRUM.
2265 369 2337 383 —-
2377 337 2506 396 LIB.
2550 339 2614 396 ll.

3361 350 3498 407 f0$0

221 450 455 536 potest;
496 451 553 497 ιιι
602 441 789 500 πέσσει-Ι
838 451 1013 515 potes,
1041 447 1137 517 qui
1184 449 1327 506 male
1358 455 1584 506 credere
1633 458 1808 520 potes.
1839 456 1887 514 Α
1915 460 1969 506 et
1999 452 2218 522 quando
2243 463 2454 524 gustas,
2489 454 2850 526 corporaliter
2877 466 3057 515 tecum
3097 467 3202 517 est.
3251 459 3498 536 Denique

295 535 403 592 Sed
435 533 688 592 fortassis
710 537 906 592 iterum
935 537 1070 594 dicit
1091 539 1188 594 tibi
1213 542 1474 612 cogitatio
1501 551 1591 596 tua
1623 561 1634 596 :
1667 541 1809 610 Quid

219 630 318 686 fiat
340 630 407 686 de
435 644 662 701 corpore
710 629 938 699 Christi,
987 644 1281 705 postquam
1326 646 1605 707 sumptum
1647 635 1811 690 fuerit

219 729 278 776 et
322 720 664 775 comestum?
717 718 876 776 Tales
920 731 1049 778 sunt
1094 725 1454 795 cogitationes
1500 725 1806 792 hominum,

221 816 284 863 ut
308 809 398 863 vix
432 809 717 880 quiescere
764 811 953 878 velint,
1003 810 1058 864 in
1089 811 1176 866 his
1223 814 1460 868 maxime
1489 829 1612 883 quae
1654 829 1807 884 quae-

219 906 392 963 renda
445 923 556 963 non
602 916 752 964 sunt.
794 907 936 964 Dicit
980 924 1112 980 ergo
1157 909 1254 965 tibi
1298 926 1394 966 cor
1437 921 1629 966 tuum:
1666 910 1806 978 Quid

217 997 426 1054 factum
458 1000 628 1056 estde
655 1016 886 1072 corpore
913 1001 1142 1067 Christi,
1176 1010 1463 1073 postquam
1499 1002 1629 1056 illud
1655 1018 1808 1057 sum-

219 1089 304 1160 psi
333 1099 390 1145 et
439 1090 800 1148 manducavi?
841 1094 982 1149 Audi
1029 1109 1162 1165 ergo
1190 1095 1528 1164 corporalem
1568 1109 1806 1165 prarsen-

220 1183 352 1237 tiam
379 1182 606 1240 Christi.
627 1184 869 1249 Quzeris?
889 1185 948 1240 ln
971 1186 1113 1242 caelo
1139 1201 1339 1256 qurere.
1361 1185 1436 1240 lbi
1456 1184 1710 1242 Christus
1737 1186 1804 1241 ad

219 1273 499 1328 dexteram
553 1274 736 1331 Patris
799 1275 1018 1343 sedens,
1078 1285 1257 1332 tecum
1306 1277 1374 1332 ad
1416 1285 1632 1347 tempus
1683 1293 1806 1334 esse

219 1367 410 1433 voluit,
457 1368 680 1438 quando
723 1377 777 1423 et
825 1369 1072 1440 quandiu
1124 1384 1351 1425 necesse
1393 1368 1514 1424 fuit.
1545 1369 1806 1425 Exhibuit

216 1457 312 1512 tibi
345 1458 414 1513 ad
445 1466 660 1529 tempus
705 1461 1042 1530 corporalem
1076 1461 1421 1531 praesentiam
1460 1477 1637 1526 suam,
1665 1471 1720 1516 ut
1752 1470 1804 1516 te

214 1550 284 1605 ad
315 1550 615 1619 spiritalem
655 1551 938 1606 excitaret.
977 1549 1105 1607 Ideo
1146 1553 1509 1622 corporaliter
1539 1553 1606 1607 ad
1636 1561 1688 1608 te
1712 1568 1803 1608 ve-

213 1643 315 1709 nit,
345 1652 400 1698 et
429 1645 679 1700 exhibuit
709 1645 803 1700 tibi
840 1647 1190 1716 prmsentiam
1227 1662 1407 1713 suam,
1435 1657 1495 1702 ut
1519 1663 1613 1717 per
1653 1648 1800 1703 illam

217 1736 520 1806 spiritualis
554 1737 893 1793 inveniretur
931 1754 1054 1809 quae
1101 1755 1210 1794 non
1243 1739 1540 1794 auferetur.
1588 1737 1664 1794 Ita
1705 1756 1802 1809 per

1912 542 1966 598 in
2004 543 2149 610 visu,
2183 545 2236 599 in
2269 554 2438 611 tactu,
2483 546 2538 603 in
2565 562 2762 618 sapore
2802 552 3158 620 corporaliter
3181 562 3360 610 tecum
3387 567 3493 614 est.

1909 631 2162 699 Quandiu
2217 651 2414 692 sensus
2462 639 2824 708 corporaliter
2878 639 3130 710 afficitur,
3176 645 3498 713 pteuitentia

1908 723 2029 793 ejus
2052 727 2353 796 corporalis
2384 742 2491 782 non
2527 727 2796 783 aufertur.
2828 727 3125 800 Postquam
3159 742 3338 788 autem
3367 750 3496 792 sen-

1909 830 2006 872 sus
2030 819 2336 888 corporalis
2381 819 2433 874 in
2463 821 2815 891 percipiendo
2843 821 3044 890 deficit,
3087 824 3342 896 deinceps
3368 841 3494 882 cor-

1910 910 2113 980 poralis
2138 912 2456 981 pmnitentia
2482 913 2775 984 quaerenda
2804 930 2912 969 non
2943 925 3048 983 est,
3072 917 3165 972 sed
3193 920 3492 989 spiritualis

1908 1001 2215 1059 retinenda.
2277 1002 2948 1076 Dispensatio'completa
3003 1016 3087 1062 est
3135 1024 3232 1079 per
3285 1009 3489 1066 factum

1907 1100 2340 1158 sacramentum,
2383 1094 2532 1149 intus
2561 1103 2746 1149 manet
2776 1095 3049 1164 Christus,
3081 1097 3147 1152 de
3170 1113 3264 1154 ore
3293 1101 3359 1156 ad
3395 1117 3492 1156 cer

1907 1183 2122 1236 transit.
2146 1183 2338 1238 Melius
2366 1194 2449 1240 est
2480 1185 2574 1239 tibi
2604 1195 2662 1240 ut
2683 1195 2773 1240 eat
2799 1187 2850 1240 in
2879 1198 3114 1244 mentem
3143 1200 3291 1246 tuam
3324 1210 3490 1263 quam

1905 1275 1962 1328 in
1975 1284 2216 1330 ventrem
2243 1285 2416 1330 tuum.
2445 1277 2614 1334 Cibus
2645 1278 2745 1334 iste
2773 1279 2970 1336 animzr
2995 1297 3102 1336 non
3117 1285 3363 1354 corporis
3382 1295 3485 1341 est.

1903 1364 2026 1421 Noli
2049 1365 2103 1420 in
2128 1365 2349 1422 Christo
2375 1383 2620 1436 qurerere
2669 1371 3118 1426 consuetudinem
3149 1374 3254 1428 cibi
3294 1391 3492 1445 corpo-

1903 1457 2056 1512 ralis.
2097 1454 2258 1511 Venit
2287 1458 2354 1512 ad
2393 1468 2444 1512 te
2475 1467 2536 1513 ut
2582 1460 2923 1528 comedatur,
2959 1477 3067 1517 non
3095 1473 3153 1518 ut
3195 1481 3492 1522 consuma-

1904 1562 2013 1606 tur.
2046 1548 2208 1604 Venit
2235 1558 2295 1605 ut
2339 1560 2605 1621 gustetur,
2634 1568 2741 1607 non
2774 1562 2833 1607 ut
2869 1553 3268 1626 iucorporetur.
3299 1558 3488 1629 Augu-

1903 1641 2081 1696 stinus
2113 1656 2304 1696 vocem
2335 1641 2402 1696 de
2438 1643 2577 1696 cmlo
2607 1642 2791 1708 audit,
2823 1644 2951 1714 quia
2981 1646 3083 1702 hoc
3129 1646 3198 1702 de
3253 1649 3492 1705 terrenis

1905 1731 1982 1785 illi
2032 1731 2164 1798 dici,
2216 1739 2311 1786 aut
2363 1731 2681 1802 responderi
2725 1748 2832 1787 non
2875 1735 3052 1803 potuit
3091 1754 3104 1790 :
3151 1735 3321 1792 Cibus
3364 1751 3490 1793 sum

214 1843 438 1883 carnem
467 1839 806 1898 assumptam
855 1829 986 1884 olim
1025 1830 1080 1884 in
1127 1831 1392 1885 mundum
1421 1832 1588 1896 venit,
1627 1839 1680 1886 et
1713 1847 1799 1887 se-
1829 1817 1870 1872 Β
1899 1827 2208 1898 gralldillm,
2256 1842 2465 1892 cresce.
2514 1835 2568 1880 ει
2611 1828 2968 1885 Illallducabis
3011 1846 3118 1898 me,
3156 1846 3264 1886 non
3312 1839 3372 1886 ut
3401 1845 3494 1890 me

212 1920 454 1975 cundum
509 1921 860 1991 praesentiam
907 1921 1248 1992 corporalem
1299 1922 1364 1976 ad
1411 1931 1626 1992 tempus
1673 1938 1798 1978 cum

211 2012 534 2068 hominibus
581 2023 939 2070 conversatus
986 2026 1091 2079 est,
1133 2024 1191 2070 ut
1237 2030 1334 2071 eos
1383 2015 1454 2069 ad
1501 2014 1798 2084 spiritalem

209 2103 558 2174 praesentiam
598 2104 951 2174 quzercndam
983 2105 1249 2160 excitaret
1293 2113 1346 2160 et
1394 2103 1796 2158 inveniendam.

209 2193 407 2250 Postea
436 2195 705 2265 completa
736 2195 1147 2266 dispensatione
1196 2197 1500 2253 secundum
1543 2210 1802 2266 corpora-

210 2288 318 2342 lem
366 2289 715 2359 praesentiam
764 2290 1027 2356 recessit,
1072 2298 1128 2344 et
1156 2289 1457 2346 secundum
1502 2289 1800 2359 spiritalem

210 2380 560 2450 praesentiam
589 2380 874 2436 remansit.
919 2377 1056 2434 Nam
1091 2390 1150 2435 ut
1195 2380 1509 2435 ostenderet
1539 2379 1667 2450 quia
1708 2393 1803 2448 per

207 2471 506 2542 spiritalem
525 2473 869 2542 przesentiam
897 2487 1006 2527 non
1035 2472 1340 2538 recedebat,
1356 2472 1574 2542 quando
1597 2470 1803 2526 scilicet

208 2563 550 2634 corporalem
578 2565 921 2635 praesentiam
945 2565 1096 2620 abire
1122 2564 1464 2635 disponebat,
1485 2564 1563 2619 ait
1591 2582 1634 2618 ει
1661 2562 1801 2618 Ecce

207 2676 310 2732 ego
351 2661 635 2716 vobiscum
667 2677 788 2716 sum
841 2661 1100 2717 omnibus
1144 2661 1338 2717 diebus
1363 2675 1534 2730 usque
1576 2661 1642 2715 ad
1669 2675 1802 2715 eon-

209 2755 633 2810 summationem
663 2755 848 2810 saeculi
877 2753 1098 2824 (Matth.
1143 2754 1359 2824 xxviii).
1396 2774 1415 2806 ι
1455 2755 1545 2810 Sic
1578 2769 1710 2825 ergo
1743 2753 1798 2808 in

209 2856 556 2903 sacramento
601 2862 702 2902 suo
750 2845 914 2901 modo
956 2846 1333 2917 temporaliter
1375 2846 1524 2900 venit
1551 2845 1616 2900 ad
1645 2857 1714 2910 te,
1745 2853 1800 2899 et

209 2949 293 2995 est
323 2940 681 3010 corporaliter
709 2948 910 3006 tecum,
943 2947 1004 2994 ut
1032 2955 1129 3010 per
1151 2939 1496 3009 corporalem
1522 2936 1797 3008 pmniten-

208 3031 338 3086 tiam
381 3031 448 3086 ad
493 3031 794 3102 spiritalem
839 3030 1194 3102 quaerendam
1234 3031 1510 3096 exciteris,
1546 3038 1601 3084 et
1643 3029 1798 3083 inve-

1901 1927 2080 1972 mutes
2104 1918 2157 1972 in
2192 1927 2265 1986 te,
2298 1918 2444 1974 sicut
2484 1914 2668 1972 cibum
2698 1917 2882 1973 carnis
2918 1927 3045 1986 tuae,
3091 1921 3186 1976 sed
3215 1929 3268 1975 tu
3309 1930 3493 1976 muta-

1901 2008 2050 2066 beris
2095 2011 2150 2064 in
2199 2026 2306 2066 me.
2354 2009 2542 2082 Itaque
2599 2010 2894 2082 prudenter
2944 2011 3195 2068 discerne
3238 2012 3384 2084 quod
3431 2013 3488 2069 in

1902 2114 2248 2159 sacramento
2276 2102 2494 2158 Domini
2527 2102 2711 2158 sensui
2745 2102 3049 2158 adhibitum
3077 2103 3168 2170 sit,
3195 2103 3342 2175 quod
3371 2106 3486 2176 spi-

1903 2196 2033 2254 ritui
2064 2198 2563 2264 accommodatum,
2609 2205 2683 2262 et,
2710 2205 2770 2252 ut
2818 2197 2978 2263 solet,
3009 2197 3057 2252 si
3101 2205 3225 2268 post
3248 2199 3490 2269 comple-

1904 2297 2014 2345 tam
2046 2289 2448 2360 perceptionem
2499 2290 2703 2360 aliquid
2732 2290 2785 2343 in
2819 2299 2968 2345 tanto
2995 2291 3256 2357 senseris,
3293 2291 3347 2346 in
3383 2293 3489 2348 hoc

1903 2394 2122 2450 quoque
2154 2379 2364 2449 species
2392 2380 2459 2433 ad
2501 2379 2888 2450 proprietatem
2927 2394 3124 2434 sensus
3169 2377 3485 2448 famulatur,

1905 2479 1963 2526 ut
1987 2470 2186 2526 veritas
2218 2471 2596 2526 similitudinis
2626 2471 2828 2542 ubique
2857 2480 3236 2526 conservetur.
3267 2469 3402 2526 Nam
3441 2471 3488 2528 si

1904 2563 1959 2619 iu
1991 2564 2197 2634 aliquo,
2231 2573 2496 2634 quantum
2529 2563 2736 2619 scilicet
2769 2563 2955 2618 sensui
2985 2562 3354 2618 exhibendum
3381 2573 3485 2628 est,

1903 2655 2205 2712 similitudo
2228 2655 2430 2723 deficit,
2453 2664 2507 2710 et
2537 2654 2646 2710 illic
2667 2653 2855 2725 procul
2885 2653 3054 2709 dubio
3081 2664 3486 2711 sacramentum

1902 2762 2013 2802 non
2040 2754 2206 2814 esset,
2235 2747 2330 2802 sed
2353 2763 2442 2801 res
2465 2747 2580 2818 ipsa
2613 2747 2933 2817 proderetur
2959 2755 3015 2802 et
3045 2745 3489 2802 manifestarctur

1902 2839 2138 2894 evidenti
2187 2839 2452 2895 miraculo
2505 2858 2518 2893 :
2573 2839 2719 2910 quod
2765 2855 2873 2894 non
2921 2840 3196 2905 convenit,
3238 2841 3485 2910 quandiu

1901 2930 2079 2984 ﬁdelis
2111 2930 2292 2985 locum
2323 2931 2506 2986 habet.
2550 2928 2682 2985 Post
2714 2930 2818 2985 hoc
2864 2945 3021 2999 ergo,
3069 2929 3115 2984 si
3146 2928 3486 2999 corporalem

1902 3023 2248 3093 praesentiam
2305 3021 2512 3078 Christi
2567 3023 2804 3093 quaeris,
2854 3021 2910 3076 in
2969 3021 3108 3077 caelo
3153 3037 3354 3092 quaere.
3407 3019 3486 3077 lbt

207 3123 459 3178 niendam
487 3123 783 3194 adjuveris.
829 3123 1063 3193 Quando
1099 3124 1154 3178 in
1187 3124 1444 3178 manibus
1483 3135 1797 3178 saeramen-
1825 3165 1864 3220 ϐ
1901 3129 2108 3184 quaere,
2139 3113 2234 3169 ubi
2265 3121 2320 3169 et
2363 3114 2517 3185 prius
2550 3112 2675 3181 fuit,
2725 3127 2891 3184 quam
2937 3127 3034 3182 per
3077 3122 3485 3167 sacramentum

209 3221 324 3268 tum
353 3215 474 3284 ejus
502 3223 674 3284 tenes,
699 3215 1057 3286 corporaliter
1083 3224 1262 3271 tecum
1304 3222 1407 3270 est.
1442 3211 1672 3279 Quando
1695 3224 1792 3264 ore

206 3307 466 3379 Suscipis,
493 3309 851 3378 corporaliter
884 3317 1062 3364 tecum
1092 3319 1193 3364 est.
1225 3306 1457 3373 Quando
1493 3302 1794 3360 manducas

1899 3223 2060 3262 suum
2091 3208 2446 3279 corporaliter
2469 3216 2645 3263 tecum
2671 3222 2794 3262 esse
2824 3207 3106 3279 inciperet,
3133 3213 3187 3261 et
3210 3205 3351 3262 unde
3374 3219 3487 3266 non

1900 3300 2154 3358 discessit
2178 3301 2400 3374 quando
2427 3301 2495 3357 ad
2529 3310 2579 3358 te
2603 3301 2770 3357 venit.

1263 3584 1859 3681 DOMINICA
1905 3543 2408 3676 TERTIA.

1527 3776 1893 3840 Secundum
1930 3777 2188 3839 Lucam.

277 3972 298 4005 ς
334 3951 503 4006 Erant
545 3953 1043 4021 appropinquantes
1084 3944 1150 4000 ad
1183 3943 1370 4000 Jesum
1415 3942 1690 4014 publicani
1735 3951 1791 3997 et

202 4051 519 4116 peccatores
548 4051 609 4097 ut
642 4041 894 4096 audirent
927 4054 1075 4094 eum.
1105 4036 1169 4092 Et
1194 4035 1611 4092 murmurabaut
1635 4033 1788 4090 Scri-

203 4139 286 4192 ba:
313 4144 367 4190 et
391 4133 655 4189 Pharisaei
681 4133 922 4189 dicentes
952 4147 966 4184 :
1009 4129 1147 4197 Quia
1178 4129 1269 4184 hic
1295 4137 1613 4199 peccatores
1649 4125 1791 4181 reci-

204 4231 302 4298 pit,
324 4235 379 4282 et
400 4225 694 4280 manilucat
729 4239 852 4278 cum
889 4223 995 4278 illis
1021 4220 1176 4292 (Luc.
1213 4221 1328 4291 xv).
1361 4239 1380 4272 ι
1414 4218 1790 4289 (Οιιεῡοιιιυε.)

203 4319 482 4375 Publicani
514 4328 569 4372 et
593 4324 907 4386 peccatores
946 4314 1015 4386 ad
1061 4313 1391 4369 audiendum
1423 4311 1518 4366 Dei
1565 4310 1793 4365 verbum

205 4405 724 4480 appropinquantes,
748 4419 858 4458 non
903 4403 1081 4459 solum
1121 4403 1190 4458 ad
1220 4399 1664 4471 colloquendum,
1693 4397 1788 4453 sed

1895 3940 2104 3996 amicos
2132 3948 2186 3994 et
2210 3939 2442 4006 vicinos,
2479 3940 2669 3996 dicens
2698 3937 2804 3994 illis
2838 3957 2851 3992 :
2883 3938 3352 4013 Congratulamini
3379 3943 3484 4000 mi-

1897 4035 1974 4100 hi,
2005 4033 2133 4104 quia
2178 4032 2358 4087 inveni
2402 4047 2557 4087 ovem
2608 4048 2784 4088 meam
2835 4048 2958 4103 quae
3001 4034 3254 4103 perierat.
3288 4055 3306 4086 ι
3344 4035 3482 4102 Quia

1894 4122 2242 4180 centenarius
2290 4139 2553 4180 numerus
2598 4122 2872 4194 perfectus
2915 4134 3015 4189 est,
3050 4123 3316 4178 Dominus
3355 4142 3484 4180 cen-

1897 4225 2012 4271 tum
2065 4229 2197 4270 oves
2249 4214 2440 4269 habuit
2492 4223 2782 4286 postquam
2836 4216 3060 4286 angelos
3113 4225 3166 4271 et
3232 4216 3484 4272 homines

1896 4304 2120 4362 creavit.
2156 4304 2262 4361 Sed
2312 4321 2420 4361 una
2465 4307 2584 4363 ovis
2626 4307 2816 4378 periit,
2848 4323 2973 4362 cum
3019 4307 3187 4361 homo
3232 4308 3480 4378 deliquit.

1900 4401 2116 4458 Dimisit
2135 4410 2338 4468 autem,
2362 4401 2492 4456 dum
2515 4401 2752 4473 seipsum
2775 4400 3073 4457 exiuanivit
3095 4401 3248 4457 dives
3273 4409 3481 4470 pastor,

203 4503 366 4557 etiam
411 4501 478 4556 ad
530 4497 861 4554 vescendum
910 4495 1110 4565 recepti
1159 4502 1307 4552 sunt.
1359 4492 1516 4560 Quod
1550 4491 1792 4546 videntes
1825 4497 1869 4550 D
1899 4494 2061 4564 cujus
2085 4509 2186 4550 nos
2208 4509 2402 4549 omnes
2431 4495 2727 4550 centesima
2749 4494 2928 4565 portio
2952 4493 3484 4566 sumus,nrinagiuta

203 4593 466 4650 Pharisazi
503 4589 770 4662 indignati
800 4597 949 4654 sunt,
978 4587 1107 4659 quia
1137 4603 1263 4642 vera
1297 4586 1509 4656 justitia
1535 4598 1792 4653 compas-

205 4689 414 4745 sionem
473 4686 654 4751 habet,
705 4682 842 4738 falsa
889 4695 1021 4735 vero
1065 4679 1274 4751 justitia
1320 4675 1790 4748 dedignationem;

205 4779 457 4852 quamvis
509 4785 565 4833 et
607 4777 743 4847 justi
795 4773 1009 4830 soleant
1043 4780 1188 4828 recte
1237 4769 1620 4840 peccatoribus
1652 4765 1796 4820 indi-

205 4870 380 4943 gnari.
435 4867 540 4923 Sed
586 4866 734 4921 aliud
783 4873 872 4921 est
911 4863 1057 4934 quod
1107 4862 1273 4932 igitur
1303 4860 1470 4930 typho
1503 4857 1793 4930 superbiae,

205 4962 350 5018 aliud
378 4961 523 5032 quod
556 4957 932 5028 zelojustitize.
969 4954 1076 5010 Sed
1113 4953 1241 5024 quia
1265 4953 1393 5022 aegri
1424 4963 1600 5017 erant,
1631 4951 1704 5005 ita
1737 4958 1799 5005 ut

203 5068 380 5126 aegros
406 5067 466 5108 se
492 5065 614 5107 esse
643 5048 938 5115 nescirent,
969 5053 1242 5117 quatenus
1266 5042 1414 5115 quod
1443 5049 1600 5098 erant
1626 5057 1798 5113 agno-

206 5152 442 5210 scerent,
473 5142 714 5198 caelestis
743 5156 838 5196 eos
879 5140 1126 5196 medicus
1159 5136 1376 5194 blandis
1422 5133 1679 5190 fomentis
1701 5148 1798 5188 cu-

206 5247 312 5302 rat,
360 5236 658 5307 henignum
731 5232 1048 5304 paradigma
1112 5229 1323 5301 objicit,
1368 5237 1425 5284 et
1487 5227 1542 5281 in
1605 5239 1796 5282 eorum

207 5330 371 5386 corde
403 5328 644 5383 vulneris
675 5336 942 5382 tumorem
973 5324 1192 5396 premit.
1224 5323 1316 5379 Ait
1354 5336 1630 5392 namque:

283 5439 304 5472 ι
340 5418 475 5487 Quis
499 5434 566 5474 ex
594 5417 750 5473 vobis
777 5416 945 5471 homo
977 5415 1072 5485 qui
1111 5414 1276 5470 habet
1304 5421 1524 5469 centum
1547 5425 1678 5466 oves
1699 5451 1713 5474 ,
1745 5419 1800 5465 et

204 5511 256 5567 si
299 5509 566 5566 erraverit
609 5524 720 5564 una
766 5523 835 5565 ex
865 5506 968 5571 eis,
1003 5520 1185 5563 nonne
1212 5505 1473 5583 relinquit
1502 5503 1798 5576 nonaginta

207 5617 405 5660 novem
438 5603 492 5658 in
535 5602 774 5668 deserto,
801 5609 857 5658 et
894 5600 1047 5658 vadit
1073 5615 1321 5672 quaerere
1346 5614 1466 5655 eam
1497 5614 1621 5670 quae
1650 5615 1802 5656 erra-

206 5700 286 5754 vit
306 5698 330 5752 τ
354 5696 422 5754 Et
448 5697 494 5754 si
513 5697 804 5768 contigerit
824 5706 885 5753 ut
911 5696 1152 5752 inveniat
1177 5710 1323 5762 eam,
1348 5693 1583 5764 imponit
1616 5693 1670 5748 in
1699 5693 1801 5748 hu-

203 5805 396 5846 meros
435 5804 568 5846 suos
610 5789 874 5862 gaudens,
900 5799 953 5846 et
992 5788 1218 5846 veniens
1255 5787 1505 5858 domum,
1537 5795 1800 5860 convocat

1896 4601 2091 4640 novem
2110 4587 2163 4640 in
2189 4585 2489 4653 montibus,
2516 4585 2621 4641 hoc
2644 4594 2728 4642 cst
2757 4586 2812 4640 in
2842 4585 3156 4642 caelestibus
3190 4586 3273 4640 vel
3302 4587 3356 4640 in
3385 4586 3483 4641 de-

1895 4688 2062 4746 serto,
2089 4679 2217 4750 quia
2249 4679 2450 4736 cohors
2476 4679 2794 4750 angelorum
2833 4679 3054 4750 reliquit
3089 4681 3143 4734 in
3183 4679 3342 4735 cutio.
3373 4678 3486 4734 Cur

1895 4779 2077 4827 autem
2107 4771 2304 4827 coalum
2334 4771 2610 4827 desertum
2633 4781 2883 4838 vocatur,
2904 4770 3008 4826 nisi
3035 4772 3180 4842 quod
3207 4773 3483 4828 desertum

1896 4863 2096 4919 dicitur
2111 4863 2461 4920 derelictum?
2482 4863 2636 4920 Tunc
2655 4864 2800 4918 enim
2821 4865 3018 4920 coelum
3039 4864 3204 4920 homo
3221 4864 3483 4932 deseruit,

1896 4973 2022 5012 cum
2041 4957 2300 5028 peccavit.
2317 4957 2488 5024 Quem
2507 4956 2772 5012 Dominus
2793 4958 3036 5014 humeris
3058 4957 3336 5029 imposuit,
3357 4960 3486 5029 quia

1899 5049 2197 5104 humanam
2226 5057 2478 5104 naturam
2515 5049 2844 5119 suscipiens,
2871 5059 3092 5121 peccata
3140 5059 3326 5107 nostra
3353 5067 3485 5123 por-

1900 5141 2050 5196 tavit.
2083 5139 2304 5196 llumeri
2333 5140 2538 5196 Christi
2567 5142 2748 5198 crucis
2777 5143 2998 5198 brachia
3031 5152 3179 5199 sunt.
3218 5142 3332 5200 lllic
3360 5159 3485 5214 pec-

1901 5241 2020 5287 cata
2053 5246 2172 5286 mea
2193 5231 2453 5301 deposui;
2479 5230 2534 5285 in
2565 5231 2656 5286 illa
2682 5232 2879 5289 nobilis
2902 5233 3128 5304 patibuli
3160 5233 3371 5290 cervice
3400 5249 3487 5287 rc-

1901 5324 2102 5396 quievi.
2147 5322 2264 5392 Qua
2314 5325 2530 5380 inventa
2565 5325 2789 5380 domum
2831 5326 3012 5393 rediit,
3055 5325 3185 5397 quia
3232 5333 3486 5397 reparato

1902 5415 2125 5472 homine
2171 5415 2370 5472 coelum
2425 5415 2667 5472 intravit.
2718 5417 2906 5488 Angeli
2955 5426 3083 5472 sunt
3121 5415 3242 5486 ejus
3296 5415 3484 5482 amici,

1902 5509 2028 5582 quia
2078 5508 2413 5565 voluntatem
2455 5509 2578 5578 ejus
2621 5510 2893 5566 stabiliter
2945 5509 3282 5564 custodiunt.
3338 5507 3484 5565 Idem

1903 5611 2031 5658 sunt
2071 5600 2259 5668 vicini,
2304 5601 2433 5671 quia
2474 5601 2722 5656 claritate
2759 5599 2987 5655 visionis
3019 5599 3164 5654 illius
3198 5597 3477 5656 fruuntur.

1903 5693 2210 5750 Notandum
2233 5692 2378 5765 quod
2412 5709 2520 5749 non
2544 5693 2676 5748 dicit
2706 5708 2718 5743 :
2747 5689 3212 5762 Congratulamini
3243 5690 3355 5756 ovi,
3387 5691 3482 5746 sed

1903 5788 2059 5856 mihi,
2085 5786 2214 5860 quia
2241 5786 2348 5841 vita
2376 5793 2563 5841 nostra
2593 5783 2849 5857 gaudium
2877 5782 2997 5859 ejus
3026 5791 3129 5842 est.
3158 5781 3333 5842 Amen
3361 5781 3484 5837 dico
