3948 6444
479 354 632 424 teat

1577 367 1902 424 WER‘NEBI
1939 364 2234 423 ABBATIS
2269 364 2327 419 S.
2369 360 2588 418 BLASll

3603 358 3622 412 l
3632 359 3722 416 ϐω

474 485 656 551 vobis,
681 483 812 554 quia
836 481 1094 556 gaudebit
1139 497 1301 552 super
1331 497 1451 538 eam
1497 485 1671 555 magis
1700 501 1864 555 quam
1896 500 2062 554 super
2089 493 2134 548 Α
2165 480 2417 536 aﬂ‘ectare
2442 475 2806 550 patrocinium
2831 482 2887 530 et
2926 473 3190 531 oﬂ‘ensam
3235 471 3429 528 timere
3462 470 3722 530 debemus.

473 575 771 644 nonaginta
796 588 1014 638 novem,
1034 587 1156 642 quae
1188 587 1297 626 non
1327 583 1670 639 erraverunt,
1701 582 1754 627 ct
1777 589 1884 627 non
1910 573 2055 626 indi-

475 677 602 741 gent
621 666 991 738 poenitentia.»
1015 663 1163 720 Licet
1182 674 1369 735 pastor
1392 673 1443 719 et
1463 666 1634 719 multo
1650 667 1772 736 plus
1795 666 2055 720 nimirum

473 761 661 832 diligat
704 758 1004 828 nonaginta
1033 771 1249 823 novem,
1281 771 1449 827 quam
1485 757 1657 812 solam
1698 756 2056 812 centesimam

473 866 651 916 ovem,
685 849 866 905 tacitis
894 857 1078 904 tamen
1109 848 1230 904 aliis
1251 847 1318 904 de
1343 856 1650 905 restaurata
1672 849 1858 904 multis
1879 849 2058 905 modis

473 961 532 1001 se
553 945 788 1016 gaudere
811 943 1071 999 ostendit.
1093 942 1183 998 Sic
1202 957 1422 1014 quoque
1445 942 1699 998 Salvator
1724 943 1938 1014 generis
1956 942 2060 996 hu-

471 1035 621 1091 mani
647 1035 820 1106 magis
854 1034 1073 1106 gaudet,
1102 1034 1208 1089 hoc
1237 1041 1323 1089 est
1343 1033 1517 1105 magis
1539 1042 1594 1089 et
1619 1034 1866 1104 pluribus
1890 1047 2056 1103 argu-

471 1129 672 1185 mentis
695 1128 934 1183 ostendit
956 1143 1014 1183 se
1037 1127 1294 1198 gaudere,
1326 1142 1491 1197 quam
1509 1127 1577 1182 de
1601 1127 1920 1198 angelorum
1947 1133 2061 1181 sta-

469 1216 798 1276 bilitate.Vel
814 1218 888 1273 ita
906 1217 1078 1288 magis
1095 1216 1313 1288 gaudet,
1333 1217 1386 1271 id
1410 1226 1495 1272 est
1518 1217 1690 1288 magis
1708 1217 1942 1287 gaudere
1958 1233 2059 1272 nos

472 1312 599 1368 inde
625 1311 772 1367 facit.
793 1310 886 1365 Sic
914 1325 1024 1365 non
1046 1318 1130 1365 est
1155 1309 1410 1366 voluntas
1430 1318 1556 1366 ante
1577 1309 1794 1364 Patrem
1818 1318 2060 1366 vestrum

472 1407 566 1478 qui
589 1405 746 1462 estin
765 1403 941 1470 cmlis,
970 1411 1028 1458 ut
1051 1412 1236 1472 pereat
1259 1418 1402 1458 unus
1426 1403 1493 1458 de
1516 1403 1727 1473 pusillis
1747 1403 1886 1459 istis.
1908 1402 2062 1458 Sicut

471 1513 582 1553 non
629 1504 712 1551 est
758 1494 1014 1549 voluntas
1055 1493 1291 1564 pastoris
1339 1509 1505 1548 unam
1553 1508 1710 1549 ovem
1755 1494 1950 1564 perire,
1981 1496 2062 1551 sic

471 1605 583 1644 non
609 1597 693 1643 est
725 1587 978 1643 voluntas
1022 1594 1148 1640 ante
1169 1585 1408 1654 Patrem,
1436 1586 1540 1641 hoc
1565 1593 1668 1653 est,
1701 1588 1782 1641 sic
1807 1602 1917 1643 non
1945 1587 2062 1643 vult

470 1679 631 1735 Pater
656 1687 717 1734 ut
747 1694 889 1733 unus
916 1677 1146 1748 pusillus
1174 1685 1378 1747 pereat.

547 1791 566 1825 ι
597 1771 705 1826 Aut
751 1786 874 1841 quae
922 1770 1120 1824 mulier
1169 1769 1375 1824 habens
1417 1769 1710 1825 drachmas
1758 1769 1968 1837 decem,
2013 1769 2061 1826 si

2159 572 2217 628 ln
2258 572 2417 628 tertia
2440 572 2641 641 quippe
2681 568 2938 640 parabola
2965 566 3030 622 de
3059 572 3411 636 peccatorum
3442 565 3722 634 susceptio-

2160 681 2246 731 ne,
2303 679 2411 719 non
2459 678 2622 718 suum
2670 659 3048 716 tantummodo
3100 671 3444 725 suorumque
3490 657 3720 725 gaudium

2159 755 2427 812 Dominus
2465 755 2829 821 demonstrat,
2860 750 2956 807 sed
2995 757 3050 806 et
3089 747 3455 804 invidentium
3501 762 3724 803 murmur

2160 845 2527 918 reprehendit.

2363 955 2595 1014 SERMO
2641 955 2732 1011 DE
2769 953 2996 1011 LAPSU
3035 951 3229 1009 PRIMI
3267 947 3552 1006 HOMINIS

2775 1065 2846 1105 ετ
2883 1061 3128 1114 ρυεετιο

2197 1146 2259 1203 Si
2287 1163 2391 1202 non
2420 1145 2645 1202 habebat
2667 1145 3132 1285 peruecti-angam,
3162 1138 3428 1212 quomodo
3448 1138 3558 1192 sine
3584 1136 3694 1192 vitio

2891 1230 3000 1269 ueri
3033 1253 3049 1268 .

2891 1230 3000 1269 ueri
3008 1230 3026 1267 ι
3033 1253 3049 1268 ο

2231 1311 2446 1369 Clamat
2485 1311 2686 1367 veritas
2708 1310 2776 1366 de
2817 1309 2998 1380 primo
3037 1305 3282 1372 homine,
3316 1303 3526 1360 scilicet
3554 1301 3719 1368 Adam,

2161 1403 2307 1475 quod
2333 1409 2631 1472 peccasset,
2655 1408 2709 1455 et
2727 1400 2974 1456 desertor
2999 1397 3126 1453 boni
3155 1395 3372 1452 fuisset.
3401 1392 3554 1448 Unde
3575 1395 3722 1449 oritur

2161 1496 2412 1568 quaestio,
2439 1509 2565 1548 cum
2606 1493 2811 1547 bonum
2847 1491 3141 1555 desereret,
3187 1486 3638 1560 perseverantiam
3675 1488 3720 1541 in

2163 1587 2258 1642 illo
2283 1602 2390 1642 non
2415 1586 2660 1640 haberet.
2685 1583 2840 1650 Quod
2863 1581 3387 1652 siperseverantiam
3408 1594 3518 1634 non
3547 1579 3722 1634 habue-

2163 1688 2268 1744 rat,
2302 1676 2583 1749 quomodo
2624 1676 2743 1731 sine
2773 1675 2906 1730 vitio
2928 1673 3137 1728 fuerat?
3176 1671 3318 1727 Huic
3346 1671 3625 1743 qua-stioni
3657 1671 3721 1726 fa-

2163 1773 2266 1828 cile
2293 1771 2652 1843 respondetur
2678 1785 2803 1824 eum
2830 1766 3296 1839 perseverantiam
3335 1782 3445 1821 non
3471 1765 3718 1832 habuisse,

469 1863 764 1935 perdiderit
805 1863 1124 1917 drachmam
1161 1875 1352 1926 unam,
1382 1874 1564 1915 nonne
1595 1860 1844 1915 accendit
1886 1860 2064 1915 lucer-
2093 1866 2136 1920 Β
2164 1865 2293 1936 quia
2325 1865 2378 1918 in
2423 1880 2488 1919 eo
2517 1864 2661 1918 bono
2706 1862 2762 1916 in
2791 1877 2902 1932 quo
2941 1861 3061 1917 sine
3108 1861 3242 1916 vitio
3273 1859 3397 1926 fuit,
3427 1859 3481 1913 in
3519 1859 3604 1915 illo
3629 1875 3719 1914 non

472 1971 598 2011 nam
645 1964 699 2010 et
742 1955 936 2010 evertit
965 1953 1211 2020 domum,
1245 1960 1300 2006 et
1337 1952 1535 2023 quaerit
1573 1951 1861 2021 diligenter
1885 1952 2059 2007 donec

471 2048 746 2103 inveniat?
776 2045 842 2101 Et
888 2063 1013 2102 cum
1055 2045 1322 2101 invenerit
1355 2055 1620 2102 convocat
1651 2045 1857 2100 amicas
1893 2053 1946 2102 et
1971 2045 2059 2099 via

470 2139 625 2195 einas
671 2139 860 2195 dicens
902 2154 915 2190 :
953 2137 1422 2209 Congratulamini
1491 2137 1649 2204 mihi,
1697 2138 1822 2208 quia
1878 2135 2060 2192 inveni

470 2233 787 2288 drachmam
830 2247 996 2302 quam
1042 2230 1404 2300 perdideram.
1445 2247 1462 2279 ι
1497 2229 1874 2301 (Οιιεοοιιιυε.)
1924 2229 2061 2284 Dra-

471 2326 635 2380 chma
651 2334 734 2379 cst
751 2339 1012 2378 numerus
1029 2331 1190 2378 certae
1207 2322 1528 2392 quantitatis
1543 2324 1751 2378 habens
1768 2322 2058 2392 imaginem

471 2418 636 2489 regis.
666 2416 858 2472 Mulier
885 2431 1036 2485 ergo,
1070 2415 1123 2470 id
1152 2424 1235 2470 est
1274 2413 1367 2469 Dei
1397 2415 1682 2485 sapientia,
1715 2415 1904 2470 decem
1935 2415 2062 2470 dra-

469 2510 662 2566 chmas
689 2510 877 2564 habuit
911 2525 1035 2563 cum
1075 2522 1269 2563 novem
1295 2507 1582 2564 ordinibus
1621 2510 1938 2578 angelorum
1977 2514 2062 2562 est

469 2603 689 2660 additus
718 2604 882 2656 homo
898 2602 1144 2656 decimus
1166 2611 1226 2655 ut
1246 2601 1612 2670 compleretur
1633 2601 1928 2655 electorum
1959 2615 2061 2653 nu-

472 2712 675 2752 merus.
699 2695 891 2750 Mulier
908 2693 1226 2748 drachmam
1246 2693 1498 2762 perdidit,
1517 2693 1737 2763 quando
1762 2693 1945 2759 homo,
1967 2691 2061 2762 qui

471 2792 724 2849 conditus
747 2791 811 2845 ad
831 2790 1119 2857 imaginem
1139 2789 1231 2843 Dei
1253 2788 1446 2856 fuerat,
1463 2791 1724 2859 peccavit.
1743 2789 1846 2845 Sed
1868 2790 2063 2845 mulier

470 2885 752 2940 lucernam
802 2882 1067 2947 accendit,
1109 2881 1239 2951 quia
1269 2881 1533 2952 sapientia
1569 2881 1783 2936 Domini
1815 2883 1869 2936 in
1898 2896 2064 2937 carne

471 2973 742 3044 apparuit.
776 2971 1023 3026 Lucerna
1055 2971 1148 3026 lux
1189 2981 1273 3027 est
1305 2972 1359 3025 in
1406 2980 1566 3038 testa,
1601 2973 1654 3027 id
1693 2981 1777 3028 est
1804 2973 2062 3027 divinitas

473 3065 530 3118 in
571 3078 756 3118 carne.
809 3061 881 3116 De
910 3077 1019 3132 qua
1062 3069 1200 3116 testa
1231 3060 1316 3116 sui
1361 3063 1610 3132 corporis
1651 3062 1785 3117 dicit
1812 3062 1929 3132 ipsa
1963 3063 2063 3117 Sa-

472 3156 676 3226 pientia
707 3176 718 3209 :
755 3175 772 3207 ι
800 3153 1031 3209 Exaruit
1063 3163 1319 3226 tanquam
1353 3163 1492 3210 testa
1523 3155 1698 3210 virtus
1721 3170 1839 3208 mea
1879 3154 2055 3224 (Psal.

471 3247 609 3318 XXI).
648 3265 667 3298 ι
721 3245 885 3301 Testa
931 3245 988 3300 in
1032 3245 1157 3315 igne
1192 3243 1478 3310 solidatur,
1504 3253 1556 3300 et
1588 3246 1762 3299 virtus
1791 3245 1910 3315 ejus
1958 3261 2058 3299 ex-

474 3341 644 3409 aruit,
677 3340 900 3410 quando
949 3348 1286 3409 assumptam
1345 3354 1562 3393 carnem
1593 3355 1660 3393 ex
1712 3339 2062 3394 tribulatione

469 3433 744 3504 passionis
822 3432 1100 3487 roboravit
1173 3431 1242 3486 ad
1313 3431 1540 3502 gloriam
1618 3430 2056 3486 resurrectionis.

468 3527 714 3582 Accensa
760 3535 942 3580 autem
974 3526 1218 3590 lucerna,
1253 3525 1306 3578 id
1352 3533 1435 3578 est
1470 3539 1634 3578 carne
1667 3537 1762 3592 per
1805 3522 2062 3577 divinita-

471 3626 579 3673 tem
606 3618 926 3687 glorificata,
953 3617 1150 3671 domus
1174 3616 1458 3682 evertitur,
1494 3615 1622 3686 quia
1655 3615 1892 3669 humana
1923 3630 2060 3669 con-

472 3709 701 3764 scientia
745 3717 931 3763 reatus
977 3708 1062 3761 sui
1096 3707 1536 3762 consideratione
1567 3707 1934 3776 perturbatur.
1970 3706 2062 3762 Sic

469 3816 603 3871 ergo
631 3800 890 3854 drachma
937 3799 1226 3868 reperitur,
1258 3799 1385 3869 quia
1430 3800 1484 3852 in
1513 3798 1734 3853 homine
1763 3799 2062 3854 similitudo

471 3892 747 3947 Creatoris
777 3899 1080 3962 reparatur.
1106 3890 1325 3946 Amicas
1349 3900 1402 3945 ct
1432 3891 1641 3946 vicinas
1669 3892 1800 3946 dicit
1825 3900 2064 3960 potesta-

473 3980 554 4039 tes
583 3983 880 4055 angelicas,
915 3999 1037 4053 quae
1087 3991 1240 4037 tanto
1282 3982 1438 4052 juxta
1487 3991 1615 4038 sunt
1648 3991 1928 4052 paternam
1974 3998 2064 4039 sa-

471 4076 754 4147 pientiam,
777 4084 984 4147 quanto
1006 4091 1067 4130 ea
1087 4075 1325 4129 vicinius
1343 4075 1800 4144 contemplautur.
1829 4075 2065 4145 (Cocco-

472 4167 639 4236 nws.)
660 4164 881 4220 Vicinas
902 4175 1081 4220 autem
1102 4164 1532 4229 convocat,dum
1556 4179 1652 4234 per
1672 4165 2061 4218 exhibitionem

471 4259 660 4329 gratia:
690 4258 1004 4313 hominibus
1051 4257 1311 4327 impensre
1359 4256 1427 4310 ad
1478 4270 1722 4310 amorem
1767 4254 1852 4311 sui
1895 4255 2062 4309 vehe-

475 4350 715 4405 mentius
744 4351 1010 4405 accendit.

553 4463 572 4496 ι
608 4443 684 4498 Ita
715 4443 837 4499 dico
860 4443 1041 4509 vobis,
1071 4442 1328 4514 gaudium
1368 4441 1473 4496 erit
1500 4441 1552 4496 in
1579 4441 1719 4496 coelo
1753 4457 1918 4512 super
1954 4457 2065 4497 uno

2165 1959 2549 2031 perseveravit.
2576 1957 2751 2028 Coepit
2779 1957 2926 2012 enim
2966 1956 3170 2012 habere
3211 1956 3407 2010 vitium
3435 1970 3500 2011 ex
3527 1970 3627 2025 quo
3648 1970 3720 2010 ce-

2166 2050 2317 2107 cidit.
2364 2048 2431 2103 Et
2473 2049 2519 2105 si
2563 2048 2749 2118 coepit,
2776 2059 3068 2119 antequam
3111 2047 3390 2117 coepisset,
3423 2045 3602 2117 utique
3625 2047 3722 2104 sine

2165 2146 2298 2201 vitio
2328 2143 2450 2199 fuit.
2481 2143 2641 2198 Aliud
2667 2151 2752 2198 cst
2782 2142 2928 2198 enim
2963 2157 3071 2197 non
3099 2141 3305 2196 habere
3343 2140 3555 2208 vitium,
3601 2141 3721 2196 aliud

2165 2244 2250 2291 est
2296 2236 2351 2289 in
2381 2250 2445 2290 ea
2487 2234 2729 2290 bonitate
2773 2233 2827 2288 in
2881 2249 2987 2304 qua
3033 2234 3244 2288 nullum
3287 2233 3477 2288 vitium
3504 2243 3603 2299 est,
3633 2249 3722 2288 non

2167 2344 2409 2384 manere.
2451 2327 2586 2383 ltcm
2617 2328 2909 2384 videndum
2943 2327 3198 2398 estquod
3228 2328 3647 2398 respondeamus
3670 2328 3721 2382 il-

2167 2419 2235 2472 lis
2257 2419 2349 2490 qui
2374 2419 2563 2475 dicunt
2589 2435 2602 2472 :
2636 2419 2692 2474 Si
2732 2420 2880 2474 nulla
2915 2419 3238 2475 rectitudine
3265 2420 3319 2474 in
3351 2435 3457 2489 qua
3484 2421 3598 2474 sine
3618 2420 3722 2474 vitio

2169 2509 2272 2564 fuit
2322 2509 2519 2575 factus,
2568 2511 2759 2566 habuit
2805 2511 3268 2580 persevcrantiam
3297 2552 3312 2576 ,
3366 2511 3544 2581 procul
3585 2511 3720 2565 dubio

2168 2602 2537 2673 perseveravit
2581 2602 2635 2656 in
2685 2617 2777 2668 ea;
2807 2611 2858 2657 et
2901 2602 2946 2657 si
2990 2603 3379 2672 perseveravit,
3414 2602 3595 2672 utique
3633 2617 3718 2655 non

2169 2695 2430 2766 peccavit,
2475 2710 2576 2750 nec
2629 2695 2776 2749 illam
2841 2710 2998 2749 suam
3065 2695 3450 2750 rectitudinem
3512 2695 3720 2749 deseruit

2171 2786 2470 2858 Deumque.
2507 2787 2642 2854 Sed,
2681 2795 2741 2840 ut
2770 2787 2980 2858 praefati
3012 2804 3223 2853 sumus,
3258 2803 3386 2843 cum
3423 2802 3654 2858 peccasse
3677 2794 3720 2840 et

2172 2880 2504 2935 desertorem
2536 2879 2664 2934 boni
2691 2877 2863 2935 fuisse
2889 2880 3090 2935 veritas
3121 2879 3442 2950 proclamat.
3476 2876 3585 2932 Non
3612 2893 3719 2948 ergo

2172 2973 2359 3027 habuit
2405 2972 2866 3041 perseverantiam
2908 2971 2962 3026 in
3012 2972 3104 3026 illo
3149 2972 3315 3026 bono.
3348 2969 3415 3024 Et
3443 2971 3486 3025 si
3521 2985 3618 3024 non
3643 2969 3720 3022 ha-

2170 3064 2307 3128 buit,
2335 3079 2444 3119 non
2476 3065 2664 3134 utique
2686 3063 2913 3134 accepit.
2944 3062 3233 3130 Quomodo
3259 3063 3404 3116 enim
3435 3071 3485 3117 et
3511 3059 3723 3130 accepis-

2173 3163 2256 3210 set
2297 3155 2788 3224 perseverantiam,
2839 3163 2894 3210 et
2939 3171 3044 3209 non
3089 3154 3520 3224 perseverasset?
3553 3153 3722 3221 Porro,

2162 3247 2207 3300 si
2237 3256 2520 3316 propterea
2552 3262 2662 3301 non
2691 3246 2903 3310 habuit,
2933 3247 3061 3317 quia
3083 3262 3193 3300 non
3221 3247 3441 3316 accepit,
3465 3246 3596 3316 quod
3625 3246 3725 3316 ipse

2162 3353 2272 3393 non
2305 3339 2703 3408 perseverando
2748 3341 2992 3410 peccavit
3027 3340 3121 3410 qui
3158 3341 3592 3410 perseverantiam
3621 3354 3724 3393 nou

2162 3430 2389 3500 accepit.
2439 3429 2626 3501 Neque
2647 3430 2794 3486 enim
2832 3431 2937 3487 dici
2964 3440 3140 3502 potest
3179 3433 3298 3488 ideo
3323 3449 3425 3488 non
3465 3431 3726 3501 accepisse

2162 3522 2291 3592 quia
2325 3538 2433 3577 non
2468 3532 2551 3577 est
2593 3523 2863 3579 discretus
2894 3540 2926 3578 a
2973 3540 3157 3579 massa
3204 3524 3512 3595 perditionis
3553 3525 3727 3594 gratia:

2162 3615 2432 3687 largitate.
2462 3613 2715 3671 Nondum
2741 3618 2941 3686 quippe
2967 3627 3084 3672 erat
3115 3618 3204 3672 illa
3230 3618 3542 3688 perditionis
3563 3632 3725 3672 massa

2163 3717 2458 3778 antequam
2501 3719 2800 3778 peccasset.
2833 3709 3207 3766 Saluberrime
3231 3711 3397 3782 igitur
3433 3713 3725 3766 conﬁtemur

2163 3800 2358 3867 Deum,
2390 3802 2520 3871 quia
2569 3803 2774 3857 creavit
2819 3803 3007 3858 omnia
3049 3803 3214 3870 bona,
3244 3813 3298 3858 et
3333 3805 3474 3858 mala
3504 3819 3565 3858 ex
3593 3803 3726 3858 bonis

2162 3893 2441 3948 exoritura
2466 3895 2736 3964 praascivit
2759 3904 2812 3949 et
2838 3895 2997 3950 scivit
3017 3895 3082 3951 ad
3108 3911 3264 3950 suam
3287 3896 3723 3966 omnipotentissi-

2164 3999 2310 4039 mam
2356 3985 2653 4041 bonitatem
2683 3988 2977 4056 pertinere,
3025 3987 3190 4042 etiam
3239 3987 3310 4043 de
3352 3989 3512 4043 malis
3539 3987 3728 4043 benefa-

2165 4091 2308 4142 cere,
2339 4077 2419 4132 sic
2453 4078 2743 4134 ordinasse
2778 4078 3097 4150 angelorum
3140 4081 3314 4134 vitam
3357 4089 3412 4135 et
3456 4081 3724 4142 hominum,

2164 4177 2227 4224 ut
2274 4169 2327 4224 in
2374 4185 2437 4225 ea
2485 4171 2636 4240 prius
2672 4171 2986 4226 ostenderet
3024 4171 3155 4243 quid
3193 4182 3384 4241 posset
3406 4187 3590 4228 eorum
3617 4172 3727 4225 libe-

2165 4278 2288 4316 rum
2321 4262 2630 4329 arbitrium,
2661 4261 2856 4318 deinde
2891 4262 3024 4334 quid
3064 4271 3251 4334 posset
3288 4280 3406 4321 sua:
3449 4266 3625 4335 gratiae
3649 4263 3724 4317 be-

2166 4354 2444 4421 neficium,
2466 4353 2692 4424 justitia:
2716 4355 3008 4425 judicium.

2238 4444 2484 4517 Denique
2532 4449 2710 4520 angeli
2747 4449 2993 4520 quidam,
3045 4465 3141 4521 per
3183 4449 3422 4506 liberum
3476 4449 3724 4506 arbitrium

470 4545 755 4608 peccatore
774 4535 1150 4604 paenitentiam
1175 4541 1569 4604 agente,quam
1589 4550 1750 4604 super
1768 4533 2062 4607 nonaginta
2097 4556 2142 4614 ι)
2169 4538 2466 4594 bonitatem
2497 4539 2614 4607 Dei,
2649 4541 2743 4611 qui
2780 4542 2923 4597 beati
2972 4542 3213 4609 fuerunt,
3254 4544 3602 4616 refugientes,
3630 4543 3728 4614 ejus

473 4643 667 4682 novem
692 4627 878 4697 justis,
898 4626 992 4695 qui
1016 4641 1122 4680 non
1146 4626 1390 4697 indigent
1409 4627 1782 4697 poenitentia.»
1810 4627 2062 4683 Plerum-

472 4737 580 4792 que
615 4721 709 4791 qui
743 4720 907 4775 nullis
951 4735 1010 4774 se
1066 4735 1357 4790 oppressos
1420 4728 1770 4790 peccatorum
1824 4723 2062 4778 molibus

478 4816 684 4882 sciunt,
709 4815 848 4886 pigri
872 4825 1157 4870 remanent
1188 4815 1256 4870 ad
1280 4816 1580 4871 exercenda
1607 4816 1769 4883 bona,
1795 4825 1855 4871 ut
1883 4815 2062 4872 securi

469 4907 619 4978 quod
661 4923 770 4962 non
805 4909 1201 4964 commiserunt
1255 4908 1394 4962 mala
1443 4909 1715 4979 graviora.
1747 4907 1827 4963 Ac
1873 4917 2063 4964 contra

474 5014 874 5069 nonnunquam
902 5001 958 5054 hi
988 5001 1082 5070 qui
1107 5014 1166 5054 se
1189 4999 1375 5054 illicita
1401 4999 1637 5070 gessisse
1673 5000 2060 5067 meminerunt,

471 5107 592 5162 lpSO
619 5091 805 5146 dolore
833 5091 1146 5161 compuncti
1194 5092 1544 5147 inardescunt
1570 5092 1636 5148 ad
1666 5107 1912 5148 amorem
1943 5091 2058 5148 Dei.

471 5183 650 5254 Majus
681 5199 810 5254 ergo
845 5184 1105 5254 gaudium
1137 5183 1197 5238 fit
1228 5183 1282 5238 in
1315 5184 1456 5240 coelo
1487 5185 1554 5239 de
1597 5192 1882 5256 peccatore
1931 5199 2064 5239 con-

469 5291 632 5331 verso
672 5291 837 5346 quam
882 5275 950 5330 de
980 5283 1158 5331 stante
1181 5275 1354 5346 justo.
1404 5275 1540 5331 Nam
1569 5289 1622 5333 et
1651 5277 1760 5332 dux
1790 5279 1845 5333 in
1874 5277 2062 5349 praelio

469 5371 593 5442 plus
636 5369 790 5425 illum
819 5369 1048 5424 militem
1075 5368 1270 5440 diligit,
1308 5369 1400 5439 qui
1428 5377 1552 5440 post
1598 5369 1781 5442 fugam
1810 5385 2062 5426 reversus

469 5461 682 5517 hostem
730 5460 944 5517 fortiter
975 5459 1191 5532 premit,
1227 5475 1392 5532 quam
1449 5462 1601 5516 illum
1641 5463 1733 5532 qui
1779 5476 2060 5531 nunquam

470 5564 617 5625 terga
669 5555 918 5625 praebuit,
965 5561 1018 5610 et
1064 5570 1348 5625 nunquam
1398 5553 1610 5609 fortiter
1654 5554 1859 5624 aliquid
1912 5553 2058 5608 fecit.

467 5646 623 5715 Quod
668 5664 798 5703 vero
829 5647 1028 5718 angeli,
1057 5655 1244 5717 utpote
1266 5647 1582 5711 rationales,
1614 5646 1852 5717 gaudent
1881 5647 1949 5701 de
1977 5662 2065 5700 rc-

469 5739 763 5795 conciliato
820 5741 924 5795 sibi
970 5739 1213 5805 homine,
1263 5739 1504 5795 incendit
1552 5754 1654 5795 nos
1694 5739 1762 5794 ad
1813 5739 2060 5809 probita-

472 5841 600 5896 tem,
633 5840 689 5886 ut
736 5846 963 5901 agamus
1014 5832 1162 5901 quod
1211 5832 1316 5887 illis
1361 5840 1574 5903 gratum
1606 5831 1698 5900 sit,
1743 5846 1977 5901 quorum
2009 5839 2060 5885 et

2163 4629 2431 4700 judicium
2473 4629 2710 4702 effugere
2749 4648 2856 4687 non
2899 4643 3236 4703 potuerunt:
3279 4637 3463 4691 caeteri
3500 4652 3590 4706 per
3619 4635 3731 4689 lihe-

2164 4737 2289 4776 rum
2320 4722 2606 4777 arbitrium
2639 4723 2692 4777 in
2729 4725 2959 4780 veritate
2988 4735 3279 4794 steterunt,
3304 4729 3440 4784 certi
3464 4728 3587 4784 facti
3616 4742 3732 4782 nun.

2165 4828 2331 4883 quam
2363 4829 2422 4869 se
2442 4829 2696 4869 casuros.
2737 4814 2995 4872 Diabolus
3028 4826 3083 4872 et
3115 4819 3294 4888 angeli
3319 4820 3464 4890 ejus,
3487 4820 3585 4876 etsi
3613 4816 3733 4874 beati

2167 4904 2389 4961 fuerunt
2417 4915 2710 4979 antequam
2755 4907 3033 4975 caderent,
3068 4925 3127 4965 se
3162 4922 3346 4966 tamen
3377 4927 3605 4968 casuros
3631 4925 3734 4968 esse

2167 4994 2222 5050 in
2272 4996 2550 5052 miseriam
2601 4999 2937 5055 nesciebant.
2989 4999 3056 5057 Et
3103 5003 3152 5058 si
3195 5019 3294 5074 per
3336 5006 3565 5062 liberum
3612 5003 3736 5059 arhic

2166 5090 2332 5144 trium
2363 5091 2662 5158 stetissent,
2696 5092 2801 5148 hoc
2848 5092 2929 5149 eis
2976 5093 3289 5162 adderetur,
3336 5107 3399 5151 ut
3443 5113 3631 5166 magna
3659 5111 3739 5168 per

2169 5181 2433 5252 Spiritum
2469 5194 2718 5239 sanctum
2768 5184 2893 5240 data
2944 5185 3281 5242 abundantia
3339 5188 3620 5243 charitatis
3659 5185 3737 5239 Dei

2165 5275 2396 5330 ulterius
2427 5275 2623 5331 cadere
2661 5290 2771 5330 non
2815 5287 3061 5347 possent.
3115 5278 3222 5334 Sed
3269 5280 3400 5350 quia
3445 5279 3741 5335 nesciebant

2165 5383 2323 5423 suam
2347 5367 2589 5424 futuram
2617 5369 2920 5435 miseriam,
2954 5371 3167 5427 minore
3188 5373 3432 5442 quidem,
3457 5373 3548 5427 sed
3576 5382 3739 5426 tamen

2165 5461 2286 5518 sine
2313 5462 2448 5517 vitio
2473 5460 2813 5518 fruebantur.
2859 5462 2995 5518 Nam
3027 5465 3074 5520 si
3104 5480 3296 5520 casum
3323 5481 3486 5521 suum
3514 5465 3740 5520 futurum

2165 5563 2392 5609 nossent
2419 5562 2794 5626 aeternumque
2837 5556 3186 5626 supplicium,
3231 5558 3376 5612 beati
3429 5558 3615 5628 utique
3649 5570 3739 5609 non

2164 5656 2389 5718 possent
2432 5662 2574 5714 esse,
2623 5662 2763 5717 quos
2803 5648 2941 5702 tanti
2985 5649 3118 5703 mali
3159 5659 3340 5705 metus
3380 5651 3492 5719 jam
3524 5650 3743 5703 miseros

2165 5755 2288 5796 esse
2345 5740 2713 5810 compelleret.
2779 5738 2983 5797 Omnes
3043 5749 3225 5796 tamen
3295 5743 3472 5813 angeli
3516 5741 3744 5812 aequales

2167 5832 2333 5888 creati
2377 5840 2523 5899 sunt,
2571 5832 2665 5887 sed
2717 5832 3038 5890 cadentibus
3083 5833 3411 5904 quihusdam
3461 5849 3556 5904 per
3591 5843 3744 5901 super
