3950 6380
167 397 316 454 1955

1102 366 1675 439 DEFLORATIONES
1714 375 1814 431 SS.
1853 371 2165 429 PATRUM.
2205 401 2275 413 -—-
2313 370 2440 428 LIB.
2481 370 2543 427 ιι.

3293 373 3316 426 1
3327 371 3433 427 034

157 515 337 578 bram,
390 509 568 566 caeteri
626 504 858 559 Domino
903 502 992 574 pia
1039 500 1344 557 obedientia
1387 499 1755 559 cohmserunt,
1787 496 1831 552 Α
1860 491 2018 546 testis
2039 487 2217 545 facere
2241 487 2420 560 (Joan.
2441 487 2564 558 xv);
2591 507 2609 539 ι
2644 485 2739 542 sed
2763 487 2924 542 etiam
2955 487 3092 542 dixit
3119 502 3162 541 τι
3195 483 3312 542 Non
3337 503 3435 542 vos

155 605 496 674 accipientes
534 609 734 655 certam
778 612 891 651 sua:
939 595 1271 658 stabilitatis,
1298 591 1443 662 quod
1491 590 1566 643 illi
1613 602 1754 641 nun-

158 711 335 766 quam
363 693 689 748 habuerunt.
719 685 1129 760 (Aucusrlsus)
1157 683 1221 737 lli
1250 692 1431 738 autem
1461 679 1636 750 angeli
1659 677 1753 748 qni

158 789 482 845 ceciderunt
509 792 773 837 vocantur
801 781 1100 845 deemones,
1126 786 1178 832 et
1213 785 1338 831 sunt
1373 774 1518 829 aeria
1545 773 1756 826 anima-

161 882 264 946 lia,
283 879 543 948 quoniam
571 889 862 945 corporum
889 872 1162 926 aerinrum
1188 878 1381 923 natura
1397 868 1602 938 vigent.
1621 863 1756 917 Pro-

162 979 354 1040 pterea
386 976 560 1023 morte
589 982 698 1020 non
727 964 1119 1024 dissolvuntur,
1152 961 1278 1031 quia
1311 958 1565 1028 prmvalet
1595 956 1646 1009 in
1676 955 1756 1010 eis

163 1061 522 1122 elementum,
555 1058 699 1128 quod
745 1057 811 1110 ad
863 1054 1169 1109 faciendum
1217 1067 1380 1121 quam
1429 1049 1496 1103 ad
1544 1049 1756 1118 patien-

163 1150 302 1206 dum
343 1158 427 1205 est
461 1149 659 1219 aptius,
703 1148 918 1201 duobus
960 1144 1358 1214 subterpositis,
1385 1157 1526 1212 aqua
1551 1141 1759 1195 scilicet

163 1253 223 1298 et
255 1250 420 1306 terra,
452 1255 563 1294 uno
594 1255 811 1309 quoque
857 1237 1223 1307 superposito,
1269 1234 1318 1288 id
1349 1241 1431 1288 est
1463 1233 1582 1302 igne
1616 1231 1760 1285 side-

169 1349 290 1390 reo.
352 1331 766 1387 Distribuuntur
808 1329 954 1383 enim
1003 1329 1268 1383 elementa
1321 1327 1385 1379 ad
1443 1323 1757 1394 patiendum

163 1422 306 1488 duo,
350 1422 405 1476 id
448 1429 531 1476 est
585 1420 782 1473 humor
816 1428 869 1473 et
918 1419 1152 1483 humus;
1196 1417 1262 1470 ad
1295 1415 1603 1469 faciendum
1652 1413 1758 1465 alia

169 1515 307 1581 duo,
335 1529 428 1569 aer
448 1521 503 1568 et
533 1511 692 1581 ignis.
737 1509 793 1564 Si
835 1518 1014 1564 autem
1045 1519 1480 1578 transgressores
1509 1505 1582 1558 illi
1609 1512 1762 1557 ante-

169 1623 340 1678 quam
380 1604 909 1674 transgrederentur,
941 1601 1182 1656 emlestia
1218 1614 1448 1668 corpora
1478 1596 1758 1665 gerebant,

173 1713 278 1754 nec
307 1699 410 1752 hoc
435 1697 632 1751 mirum
657 1704 759 1759 est,
795 1695 840 1749 si
866 1707 1128 1748 conversa
1160 1701 1286 1745 sunt
1314 1705 1378 1743 ex
1406 1703 1564 1758 poena
1593 1688 1646 1740 iu
1671 1701 1763 1740 ae-

174 1790 315 1843 riam
348 1789 688 1858 qualitatem,
727 1794 786 1839 ut
820 1784 934 1853 jam
969 1783 1180 1852 possint
1222 1781 1290 1834 ab
1324 1779 1466 1850 igne,
1495 1777 1548 1831 id
1583 1786 1666 1831 est
1694 1775 1764 1830 ab

172 1856 446 1935 elemento
472 1879 770 1948 superioris
809 1889 1018 1930 natura:
1056 1874 1257 1944 aliquid
1293 1871 1425 1942 pati.
1464 1869 1592 1923 H1130
1622 1867 1762 1922 acris
1793 1856 1836 1910 Β

175 1985 400 2039 quoque
445 1970 616 2038 spatia
670 1968 954 2038 superiora
1005 1976 1168 2034 atque.
1213 1964 1457 2034 puriora,
1509 1960 1601 2015 sed
1659 1959 1760 2012 ista

173 2062 478 2130 caliginosa
529 2071 712 2114 tenere
767 2059 1019 2129 permissi
1073 2065 1219 2122 sunt,
1251 2071 1371 2125 qua:
1415 2054 1496 2108 eis
1539 2068 1635 2122 pro
1664 2065 1764 2105 suo

177 2169 378 2222 genere
419 2153 576 2222 quasi
625 2151 847 2220 quidam
891 2165 1078 2205 carcer
1116 2156 1200 2201 est
1238 2161 1410 2215 usque
1441 2144 1507 2198 ad
1553 2154 1766 2213 tempus

176 2244 390 2315 judicii.
423 2243 591 2315 Igitur
614 2244 756 2298 sicut
784 2242 960 2313 angeli
988 2257 1111 2296 cum
1145 2240 1316 2293 libero
1344 2237 1570 2291 arbitrio
1600 2235 1765 2290 creati

183 2346 331 2400 sunt,
357 2337 436 2391 sic
455 2346 508 2391 et
531 2335 807 2390 hominem
837 2334 982 2389 Deus
1010 2333 1136 2389 fecit
1160 2347 1284 2386 cum
1309 2330 1481 2384 libero
1507 2326 1763 2392 arbitrio;

183 2437 237 2482 rt
263 2429 512 2498 quamvis
543 2428 626 2483 sui
657 2443 824 2483 casus
863 2427 1133 2496 ignarum,
1167 2436 1346 2479 tamen
1381 2421 1503 2476 ideo
1525 2419 1766 2484 beatum,

181 2522 313 2591 quia
339 2531 393 2574 et
423 2537 530 2574 non
561 2519 724 2583 mori,
753 2528 806 2573 et
835 2519 1095 2572 miserum
1130 2532 1239 2569 non
1275 2513 1393 2569 ﬁeri
1418 2513 1472 2566 in
1495 2526 1595 2565 sua
1618 2518 1770 2581 pole-

185 2622 324 2670 state
370 2629 494 2668 esse
542 2613 828 2667 sentiebat.
873 2609 1008 2677 Quia
1045 2623 1175 2664 vero
1215 2623 1310 2678 per
1345 2606 1578 2661 liberum
1624 2601 1770 2657 arbi-

184 2706 351 2762 trium
381 2704 550 2758 Deum
581 2704 840 2765 deseruit,
859 2703 1010 2772 justo
1033 2701 1238 2771 judicio
1270 2698 1364 2753 Dei
1389 2713 1512 2752 cum
1538 2704 1648 2751 tota
1670 2707 1769 2750 sua

188 2799 375 2867 stirpe,
401 2813 522 2866 qua:
558 2796 611 2851 in
643 2797 736 2852 illo
772 2795 953 2850 adhuc
976 2794 1148 2865 posita
1175 2791 1278 2848 fuit
1303 2801 1360 2846 et
1391 2799 1502 2845 tota
1527 2804 1652 2845 cum
1678 2787 1770 2843 illo

191 2887 452 2956 peccavit,
478 2886 770 2940 damnatus
795 2890 896 2938 est.

193 2999 270 3053 De
295 3015 373 3062 ca,
404 2997 611 3068 qualem
641 2997 880 3068 gratiam
897 2995 1098 3068 primus
1130 2992 1284 3068 homo
1323 2989 1603 3059 acceperit,
1633 2996 1683 3042 et
1709 2987 1772 3044 de

671 3066 796 3120 aliis
826 3064 1066 3134 pluribus
1097 3063 1292 3116 causis.

265 3161 446 3215 Talem
479 3159 706 3229 gratiam
737 3156 928 3210 habuit
964 3155 1176 3224 primus
1205 3154 1392 3220 homo,
1422 3153 1478 3207 in
1506 3167 1614 3223 qua
1644 3166 1772 3222 per-

195 3269 414 3310 manere
443 3250 488 3307 si
519 3251 696 3316 vellet,
717 3264 1000 3319 nunquam
1027 3257 1171 3304 esset
1200 3247 1399 3314 malus,
1431 3255 1486 3302 et
1515 3247 1634 3302 sine
1662 3259 1771 3315 qua

193 3347 356 3403 etiam
395 3361 518 3400 cum
560 3345 729 3398 libero
755 3342 982 3396 arbitrio
1027 3341 1204 3394 bonus
1251 3353 1374 3394 esse
1419 3353 1528 3392 non
1564 3347 1770 3408 posset,

197 3439 291 3495 sed
319 3455 437 3494 eam
465 3448 644 3492 tamen
675 3452 768 3506 per
794 3435 1024 3490 liberum
1053 3432 1338 3488 arbitrium
1373 3432 1622 3487 deserere
1649 3447 1776 3501 pos-

201 3540 299 3595 set,
334 3546 441 3584 non
496 3535 674 3582 autem
717 3541 837 3580 eam
879 3525 1069 3579 habuit
1113 3528 1339 3596 gratiam
1372 3542 1479 3597 qua
1515 3540 1623 3580 non
1654 3538 1776 3578 esse

195 3622 352 3676 vellet
381 3620 577 3672 malus.
609 3617 763 3683 Quod
790 3616 1120 3685 adjutorium
1144 3618 1190 3672 si
1221 3619 1386 3672 homo
1415 3633 1510 3687 per
1539 3619 1771 3672 liberum

197 3710 482 3764 arbitrium
507 3723 615 3761 non
657 3705 990 3761 deseruisset
1017 3722 1232 3776 semper
1266 3717 1410 3762 esset
1435 3708 1645 3772 bonus;
1679 3707 1774 3761 sed

195 3801 454 3865 deseruit,
492 3809 548 3854 et
587 3799 834 3854 desertus
857 3807 959 3853 est.
992 3796 1112 3853 Non
1143 3798 1289 3852 enim
1326 3799 1574 3853 desertus
1602 3807 1686 3853 est
1717 3808 1775 3853 ut

197 3895 492 3957 desereret,
541 3891 634 3960 sed
681 3900 740 3945 ut
769 3892 1110 3946 desereretur
1153 3878 1412 3946 deseruit.
1443 3891 1525 3945 Ad
1569 3892 1772 3945 malum

199 3984 396 4054 quippe
418 3983 536 4052 ejus
565 3982 715 4051 prior
740 3991 826 4037 est
857 3982 1108 4036 voluntas
1137 3982 1288 4050 ejus;
1313 3981 1378 4035 ad
1405 3981 1608 4035 bonum
1645 3996 1776 4036 vero

199 4074 317 4145 ejus
340 4075 490 4144 prior
517 4083 599 4128 est
626 4074 880 4128 voluntas
912 4072 1003 4126 Dei
1031 4091 1044 4127 :
1073 4073 1186 4128 sive
1217 4082 1277 4126 ut
1299 4072 1521 4136 faceret,
1555 4073 1777 4143 quando

204 4179 312 4222 non
353 4174 498 4228 erat;
530 4167 644 4219 sive
671 4173 729 4218 ut
767 4163 1030 4218 refeceret
1056 4164 1212 4233 quod
1238 4165 1493 4234 perierat.
1527 4162 1779 4218 Deseruit

206 4266 382 4312 autem
414 4257 582 4312 Deum
622 4257 885 4326 placendo
933 4257 1058 4311 sibi.
1110 4256 1562 4327 Distinguendum
1594 4264 1776 4310 autem

208 4351 414 4403 videtur
456 4350 811 4419 adjutorium.
851 4348 1012 4404 Aliud
1057 4350 1257 4420 quippe
1283 4360 1366 4404 est
1397 4349 1514 4404 sine
1541 4363 1652 4420 quo
1678 4350 1780 4402 ali-

206 4441 330 4508 quid
373 4456 480 4493 non
531 4442 616 4504 lit;
665 4439 812 4494 aliud
852 4447 956 4505 est,
987 4454 1096 4508 quo
1123 4439 1181 4494 tit
1229 4439 1455 4509 aliquid.
1502 4439 1632 4493 Siue
1674 4439 1778 4492 ali-

208 4533 398 4587 mentis
428 4549 532 4586 non
573 4549 864 4602 possumus
892 4533 1093 4600 vivere,
1143 4549 1242 4588 nec
1279 4542 1459 4587 tamen
1495 4533 1574 4587 eis
1617 4533 1676 4587 lit
1718 4542 1778 4587 ut

208 4624 470 4677 vivamus.
489 4622 629 4694 Ergo
660 4624 1046 4678 alimentorum
1070 4623 1401 4693 adjutorium
1427 4625 1650 4679 estsine
1667 4640 1777 4694 quo

212 4729 317 4768 non
352 4714 408 4767 ﬁt
439 4714 662 4783 aliquid,
696 4730 805 4778 non
846 4730 956 4785 quo
991 4715 1051 4771 tit
1092 4723 1151 4770 ut
1195 4715 1467 4770 vivamus.
1494 4715 1779 4771 Beatitudo

209 4820 335 4860 vero
363 4822 486 4860 cum
513 4805 637 4860 data
664 4805 827 4860 fuerit
857 4807 1086 4872 homini,
1116 4807 1445 4877 adjutorium
1482 4808 1604 4878 (sic)
1633 4807 1777 4862 enim

211 4904 309 4962 est,
339 4912 443 4950 non
465 4897 643 4951 solum
667 4896 784 4951 sine
805 4912 914 4966 quo
938 4912 1046 4950 non
1077 4897 1156 4964 ﬁt,
1185 4914 1372 4952 verum
1397 4899 1560 4953 etiam
1583 4914 1692 4968 quo
1722 4898 1782 4951 lit

212 4997 420 5058 propter
442 4990 586 5058 quod
610 4989 792 5056 datur,
822 4988 950 5058 quia
979 4989 1022 5043 si
1054 4989 1179 5042 data
1210 4988 1375 5044 fuerit
1409 4990 1617 5044 homini
1649 5005 1774 5045 con-

212 5080 361 5132 tinuo
391 5079 450 5132 lit
492 5080 711 5145 beatus,
755 5087 810 5134 et
854 5079 901 5135 si
948 5095 1059 5134 non
1107 5079 1273 5136 fuerit
1307 5081 1453 5147 data,
1499 5096 1778 5148 nunquam

211 5171 328 5230 erit.
345 5169 557 5226 Primus
580 5173 764 5242 itaque
780 5171 945 5226 homo
967 5173 1174 5241 accepit
1190 5172 1518 5242 adjutorium
1534 5186 1784 5241 perseve-

211 5263 418 5330 rantiae,
451 5279 557 5317 non
584 5280 693 5334 quo
720 5263 876 5318 ﬁeret
897 5275 955 5318 ut
982 5273 1371 5333 perseveraret,
1404 5263 1496 5319 sed
1527 5263 1645 5318 sine
1674 5279 1784 5332 quo

210 5371 309 5430 per
336 5357 564 5412 liberum
593 5358 881 5412 arbitrium
911 5373 1257 5428 perseverare
1281 5373 1386 5412 non
1411 5370 1613 5428 posset.
1645 5355 1782 5412 San-

215 5451 315 5506 ctis
349 5449 511 5520 igitur
540 5466 686 5505 nunc
717 5451 822 5504 tale
855 5451 1017 5506 datur
1047 5450 1379 5519 adjutorium
1429 5464 1785 5520 perseveran-

216 5546 322 5613 tia,
353 5554 412 5599 ut
455 5546 858 5615 perseverantia
909 5544 1025 5615 ipsa
1067 5544 1321 5610 donetur,
1354 5558 1462 5598 non
1509 5542 1688 5598 solum
1725 5551 1787 5597 ut

217 5636 332 5697 sine
363 5635 466 5690 isto
491 5636 636 5690 dono
675 5643 1086 5704 perseverantes
1119 5648 1240 5689 esse
1283 5647 1393 5689 non
1422 5633 1659 5703 possint,
1692 5648 1786 5688 ve-

216 5743 334 5782 rum
356 5728 519 5783 etiam
542 5737 601 5781 ut
625 5743 722 5798 per
743 5727 847 5782 hoc
874 5727 1082 5782 donum
1105 5739 1214 5781 non
1240 5724 1346 5780 nisi
1373 5735 1785 5794 perseverantes

222 5818 344 5873 s’ut.
377 5816 492 5872 Non
537 5819 714 5873 solum
747 5817 890 5870 enim
933 5815 1107 5870 dixit:
1152 5834 1170 5867 ι
1208 5812 1336 5870 Sine
1377 5829 1464 5870 me
1504 5814 1640 5882 nihil
1687 5829 1787 5885 po-

489 5913 760 5973 PATROL.
798 5909 1032 5972 CLVII.

1859 597 1948 637 me
1972 581 2230 652 elegistis,
2255 579 2348 635 sed
2376 595 2476 652 ego
2503 579 2639 651 elegi
2661 595 2780 643 vos,
2803 590 2856 634 et
2888 579 3043 648 posui
3067 594 3164 633 vos
3197 588 3253 634 ut
3279 581 3438 642 eatis.

1857 681 1910 727 et
1930 671 2164 726 fructum
2189 671 2446 737 aﬂ'eratis,
2463 681 2515 726 et
2535 671 2743 726 fructus
2761 679 2941 725 vester
2965 681 3180 725 maneat
3202 672 3399 741 (ibid.).
3416 691 3435 722 ι

1859 763 2068 830 Quibus
2094 764 2272 819 verbis
2299 765 2379 819 eis
2401 779 2509 818 non
2541 763 2716 818 solum
2738 761 3030 832 justitiam,
3058 777 3246 815 verum
3277 762 3439 816 etiam

1859 855 2320 925 perseverantiam
2366 870 2424 909 se
2446 854 2662 909 dedisse
2713 851 3056 907 monstravit.
3095 850 3210 904 Duo
3239 850 3441 920 quippe

1859 946 2176 1001 suntollicia
2209 946 2509 1013 medicina,
2540 961 2710 1000 unum
2734 960 2844 1015 quo
2876 953 3102 999 sanatur
3131 943 3438 1006 infirmitas,

1861 1038 2090 1092 alterum
2120 1053 2232 1108 quo
2259 1036 2466 1092 sanitas
2501 1036 2828 1090 custoditur.
2859 1034 3020 1089 Juxta
3059 1034 3190 1089 illud
3222 1051 3236 1089 :
3264 1051 3284 1087 α
3321 1032 3444 1088 Sal-

1861 1147 1987 1186 vum
2032 1145 2118 1183 me
2149 1127 2256 1194 l‘ac,
2290 1127 2537 1194 Domine,
2570 1136 2791 1198 propter
2821 1126 3255 1182 misericordiam
3289 1131 3443 1182 tuam

1862 1225 2034 1294 (Psal.
2062 1224 2135 1294 vi)
2169 1242 2186 1275 ι
2217 1224 2435 1277 dicitur.
2458 1222 2620 1277 Juxta
2651 1223 2793 1277 istud
2825 1231 3007 1277 autem
3032 1222 3268 1277 dicitur:
3298 1240 3318 1272 ι
3347 1221 3447 1276 Ju-

1861 1316 1982 1369 dica
2014 1331 2120 1379 me,
2156 1314 2405 1379 Domine,
2434 1315 2732 1369 secundum
2753 1315 3020 1384 justitiam
3050 1330 3228 1369 meam
3257 1312 3439 1385 (Psal.

1861 1407 1982 1476 vn).
2020 1425 2037 1457 ι
2080 1405 2144 1460 Ει
2190 1407 2423 1460 iterum:
2481 1425 2500 1457 ς
2550 1404 2764 1460 Justum
2812 1405 3144 1475 adjutorinm
3195 1421 3373 1460 meum
3412 1421 3444 1460 a

1864 1498 2117 1564 Domino,
2165 1497 2258 1568 qui
2296 1498 2476 1551 salvos
2507 1495 2636 1550 facit
2677 1505 2857 1550 ret-tos
2894 1498 3056 1551 corde
3092 1495 3290 1566 (ibid).
3327 1515 3345 1547 ι
3380 1495 3449 1549 Et

1864 1590 1954 1644 illa
1979 1601 2031 1644 et
2063 1591 2164 1644 ista
2190 1591 2371 1644 salvos
2398 1589 2544 1644 facit.
2579 1587 2683 1643 Sed
2709 1588 2799 1642 illa
2826 1603 2891 1642 ex
2915 1589 3237 1659 :egritudine
3265 1598 3448 1644 trans-

1864 1681 1968 1736 fert
1995 1682 2059 1735 ad
2093 1682 2347 1747 salutem,
2401 1681 2517 1735 lucc
2549 1680 2602 1734 in
2641 1681 2756 1750 ipsa
2791 1681 2966 1735 salute
2996 1690 3304 1736 conservat.
3341 1679 3450 1735 Ita-

1864 1790 1972 1844 que
2003 1774 2075 1827 ibi
2125 1773 2435 1829 misericors
2463 1773 2731 1828 auxilium
2758 1781 2862 1840 est,
2892 1773 3020 1843 quia
3052 1773 3260 1827 nullum
3286 1773 3454 1828 habet

1867 1867 2121 1922 meritum
2150 1875 2423 1936 peccator,
2456 1868 2548 1936 qui
2589 1866 2767 1920 adhuc
2808 1866 3099 1936 justiﬁcari
3137 1865 3445 1934 desiderat;

1867 1958 1956 2013 hic
1987 1967 2164 2012 autem
2191 1959 2401 2028 justum
2429 1958 2692 2012 auxilium
2720 1966 2821 2023 est,
2856 1958 2985 2028 quia
3012 1957 3127 2028 jam
3152 1957 3306 2027 justo
3345 1961 3448 2014 tri-

1867 2049 2072 2103 buitur.
2107 2047 2165 2102 Si
2207 2048 2354 2102 enim
2401 2047 2729 2102 medicinam
2763 2047 2982 2103 exhibet
3013 2046 3298 2115 Dominus,
3341 2065 3448 2120 qua

1868 2155 2127 2195 sanemur
2152 2138 2376 2206 inﬁrmi,
2420 2149 2626 2210 quanto
2655 2139 2829 2210 magis
2855 2155 3000 2204 eam,
3033 2155 3140 2209 qua
3170 2139 3449 2194 custodia-

1868 2247 1994 2286 mur
2022 2231 2140 2286 sani
2186 2240 2240 2286 et
2283 2231 2396 2301 jam
2427 2232 2544 2286 sani
2576 2247 2684 2286 non
2717 2247 3156 2302 corrumpamur,
3189 2234 3450 2302 quoniam

1869 2323 1916 2378 si
1959 2339 2083 2378 cum
2136 2323 2316 2378 adhuc
2363 2339 2613 2392 essemus
2661 2335 3000 2395 peceatores,
3053 2325 3311 2381 Christus
3352 2341 3453 2396 pro

1869 2414 2031 2470 nobis
2076 2423 2327 2470 mortuus
2361 2424 2464 2482 est,
2512 2425 2722 2486 quanto
2753 2417 2928 2489 magis
2971 2433 3116 2474 nunc
3143 2417 3450 2490 justiﬁcati.

1870 2508 2005 2562 salvi
2031 2508 2238 2563 erimus
2269 2508 2338 2562 ab
2362 2509 2446 2564 ira
2475 2524 2572 2580 per
2601 2509 2820 2578 ipsum?
2843 2509 3017 2581 (Rom.
3041 2511 3122 2581 v.)
3153 2510 3244 2566 Sic
3271 2520 3452 2566 autem

1871 2596 1973 2653 fuit
2008 2598 2183 2668 prima
2231 2598 2458 2654 libertas
2505 2597 2804 2655 voluntatis
2852 2616 3014 2671 posse
3048 2616 3156 2656 non
3207 2617 3453 2672 peccare,

1870 2690 2168 2745 novissima
2198 2698 2380 2747 autem
2411 2706 2518 2747 non
2549 2709 2709 2764 posse
2733 2709 2980 2765 peccare,
3009 2695 3084 2750 ita
3113 2695 3290 2764 prima
3328 2709 3454 2764 per-

1872 2783 2194 2838 severantiae
2237 2793 2502 2854 potestas,
2547 2785 2751 2841 bonum
2789 2801 2952 2857 posse
2991 2786 3262 2842 deserere.
3300 2783 3458 2841 Nunc

1870 2888 1969 2943 per
1992 2873 2274 2930 Christum
2305 2877 2484 2944 datur,
2533 2887 2596 2933 ut
2631 2893 2740 2933 non
2788 2878 2966 2934 solum
3007 2878 3151 2934 adsit
3186 2877 3306 2934 sine
3347 2892 3461 2948 quo

1872 2981 2193 3035 permanere
2221 2982 2330 3021 non
2359 2969 2656 3038 possimus,
2684 2969 2848 3024 etiam
2893 2969 2939 3026 si
2972 2970 3224 3037 velimus,
3264 2984 3455 3024 verum

1873 3056 2036 3110 etiam
2061 3057 2168 3112 tale
2190 3073 2253 3113 ac
2273 3067 2484 3113 tantum
2511 3059 2583 3115 sit
2605 3068 2662 3114 ut
2686 3060 2936 3116 velimus.
2955 3059 3043 3116 Fit
3067 3061 3267 3132 quippe
3288 3061 3340 3114 in
3359 3075 3460 3114 no-

1876 3146 1964 3202 bis
1991 3147 2046 3202 in
2067 3148 2212 3203 bono
2233 3149 2542 3220 recipiendo
2564 3160 2618 3206 et
2651 3160 3062 3221 perseveranter
3085 3151 3317 3206 tenendo
3347 3165 3458 3205 non

1878 3237 2057 3292 solum
2112 3255 2276 3310 posse
2319 3241 2465 3310 quod
2513 3241 2800 3308 volumus,
2853 3258 3043 3298 verum
3101 3243 3268 3298 etiam
3322 3242 3460 3296 velle

1875 3331 2024 3400 quod
2064 3346 2379 3402 possumus.
2429 3333 2584 3400 Quod
2623 3350 2731 3389 non
2775 3323 2962 3389 l‘uit'in
2992 3336 3172 3405 primo
3214 3334 3456 3390 homine.

1882 3422 2060 3479 Unum
2097 3425 2242 3480 enim
2274 3425 2471 3481 horum
2521 3427 2576 3480 in
2620 3425 2714 3480 illo
2760 3425 2881 3492 fuit,
2929 3425 3160 3480 alterum
3191 3441 3301 3482 non
3335 3424 3458 3480 fuit.

1876 3515 2012 3571 Nam
2051 3524 2112 3570 ut
2153 3517 2418 3587 reciperet
2464 3517 2670 3574 bonum
2716 3519 2887 3586 gratia
2930 3533 3039 3573 non
3083 3518 3294 3590 egebat,
3333 3520 3463 3591 quia

1879 3608 2120 3662 nondum
2177 3609 2505 3678 perdiderat.
2565 3607 2636 3664 Ut
2671 3620 2850 3666 autem
2889 3611 2945 3666 in
2987 3627 3054 3666 eo
3097 3621 3462 3682 permaneret,

1877 3699 2070 3770 egebat
2111 3700 2386 3770 adjutorio
2418 3702 2605 3770 gratia:
2640 3702 2759 3757 sine
2787 3717 2897 3772 quo
2927 3704 3154 3759 omnino
3179 3719 3287 3759 non
3333 3719 3465 3774 pos-

1879 3800 1994 3859 set;
2044 3801 2099 3848 et
2138 3803 2421 3863 acceperat
2465 3809 2629 3863 posse
2673 3795 2719 3848 si
2755 3796 2934 3862 vellet,
2985 3796 3081 3851 sed
3123 3811 3232 3851 non
3275 3796 3467 3851 habuit

1880 3885 2016 3939 velle
2059 3884 2204 3954 quod
2238 3895 2438 3954 posset.
2489 3883 2624 3938 Nam
2662 3884 2709 3938 si
2753 3885 3031 3942 habuisset
3069 3899 3462 3956 perseveraret.

1877 3977 2072 4032 Posset
2107 3975 2253 4030 enim
2295 3975 2458 4030 etiam
2492 3989 2848 4045 perseverare
2891 3976 2937 4030 si
2981 3976 3159 4031 vellet.
3211 3975 3370 4044 Quod
3406 3991 3467 4032 ut

1881 4068 2068 4133 nollet,
2113 4065 2180 4120 de
2222 4066 2393 4120 libero
2430 4066 2712 4121 descendit
2741 4065 2989 4120 arbitrio.
3024 4064 3182 4131 Quod
3225 4067 3298 4121 ita
3328 4067 3467 4122 libe-

1881 4173 2002 4212 rum
2045 4165 2182 4223 erat,
2236 4166 2296 4211 ut
2340 4157 2477 4211 bene
2521 4157 2659 4212 velle
2719 4163 2908 4226 posset
2956 4164 3012 4212 et
3059 4159 3218 4212 male.
3266 4157 3469 4214 Habuit

1879 4253 2024 4307 enim
2068 4252 2424 4322 adjutorium,
2465 4268 2573 4306 non
2613 4268 2723 4322 quo
2765 4254 2918 4309 ﬁeret
2951 4262 3010 4308 ut
3057 4255 3234 4323 vellet,
3284 4257 3379 4313 sed
3411 4257 3468 4312 in

1880 4361 1990 4416 quo
2033 4354 2394 4414 permaneret,
2437 4346 2482 4399 si
2521 4345 2699 4412 vellet,
2724 4354 2779 4401 et
2819 4347 2938 4402 sine
2976 4363 3086 4417 quo
3128 4361 3236 4401 uon
3283 4358 3470 4418 posset

1881 4445 2290 4506 perseveranter
2323 4438 2524 4490 bonum
2567 4445 2751 4492 tenere
2797 4439 2942 4508 quod
2978 4439 3168 4506 vellet;
3201 4439 3294 4494 sed
3336 4437 3467 4509 quia

1881 4530 2059 4585 uoluit
2103 4545 2422 4599 permanere
2469 4529 2589 4600 ejus
2635 4531 2792 4601 culpa
2841 4530 2963 4599 fuit,
3007 4532 3166 4601 cujus
3209 4532 3468 4587 meritum

1885 4622 2098 4687 fuisset,
2131 4622 2176 4676 si
2221 4637 2542 4692 permanere
2572 4623 2855 4679 voluisset.
2900 4623 3084 4678 Prima
3132 4625 3305 4697 gratia
3344 4624 3470 4692 fuit,

1882 4731 1988 4784 qua
2022 4714 2082 4768 ﬁt
2117 4723 2176 4768 ut
2205 4715 2402 4768 habeat
2427 4715 2592 4769 homo
2631 4715 2903 4785 justitiam
2940 4717 2986 4771 si
3027 4717 3188 4785 velit;
3227 4717 3470 4774 secunda

1883 4805 2005 4873 plus
2036 4812 2234 4872 potest,
2265 4819 2374 4872 qua
2411 4804 2469 4856 lit
2497 4803 2662 4858 etiam
2712 4817 2772 4859 ut
2804 4820 2953 4873 vent,
3004 4814 3058 4861 et
3087 4815 3297 4861 tantum
3342 4809 3472 4863 velit

1883 4904 2146 4964 tantoque
2189 4896 2383 4950 ardore
2423 4897 2613 4967 diligat
2637 4907 2715 4964 ut,
2747 4899 2931 4954 carnis
2965 4899 3301 4956 voluntatem
3331 4915 3468 4956 con-

1884 4987 2053 5042 traria
2102 4987 2602 5057 concupiscentem,
2652 4991 2934 5046 voluntate
2981 4993 3207 5062 spiritus
3263 4993 3468 5049 vincat.

1883 5078 2003 5134 Non
2033 5078 2181 5134 enim
2206 5078 2538 5148 adiutorium
2570 5081 2676 5137 tale
2700 5082 2814 5151 dat,
2843 5085 3003 5155 quale
3022 5086 3202 5156 primo
3231 5086 3466 5156 homini,

1885 5169 2006 5225 sine
2035 5183 2148 5238 quo
2174 5183 2282 5224 non
2313 5171 2486 5240 possit
2523 5172 2688 5226 homo
2717 5187 3068 5242 perseverare
3097 5175 3144 5230 si
3173 5176 3321 5244 velit,
3370 5177 3466 5232 sed

1887 5262 1942 5316 in
1960 5262 2041 5316 eis
2053 5271 2312 5332 operatur
2329 5275 2382 5319 et
2413 5263 2570 5331 velle,
2601 5274 2661 5320 ut
2684 5268 2942 5336 quoniam
2968 5281 3076 5321 non
3101 5267 3471 5337 perseverabit

1887 5354 2052 5409 homo
2080 5354 2186 5409 nisi
2209 5365 2263 5409 et
2286 5357 2459 5426 possit
2477 5366 2532 5411 et
2549 5358 2696 5425 velit,
2727 5360 3107 5430 perseverandi
3130 5359 3468 5431 possibilitas

1886 5456 1942 5502 et
1979 5447 2236 5504 voluntas
2267 5449 2317 5504 ei
2365 5450 2542 5504 detur.
2577 5448 2756 5505 Tanto
2783 5453 2982 5522 quippe
3025 5449 3228 5522 Spiritu
3277 5459 3469 5506 sancto

1887 5539 2204 5594 accenditur
2253 5540 2493 5597 hominis
2538 5542 2816 5609 voluntas,
2855 5551 2916 5597 ut
2953 5541 3076 5598 ideo
3114 5541 3308 5613 possit,
3337 5542 3466 5614 quia

1889 5629 1968 5687 sic
2000 5629 2156 5696 vult;
2190 5630 2311 5687 ideo
2335 5632 2417 5689 sic
2447 5633 2595 5701 velit,
2624 5633 2753 5705 quia
2782 5632 2923 5690 Deus
2949 5643 3206 5705 Operatur
3227 5643 3289 5691 ut
3316 5634 3465 5690 velit.

1887 5719 2017 5777 Inde
2041 5721 2102 5777 lit
2131 5729 2194 5777 ut
2219 5723 2472 5782 voluntas
2501 5724 2743 5782 hominis
2771 5725 3004 5782 invalida
3031 5735 3084 5783 et
3111 5726 3380 5785 imbecilla
3411 5727 3469 5785 in

1887 5807 2033 5874 bono
2054 5815 2235 5872 adhuc
2259 5832 2428 5888 parvo
2456 5823 2784 5890 perseveret,
2811 5835 2912 5875 nec
2934 5837 2964 5875 a
2983 5820 3260 5878 lversitate
3289 5823 3471 5894 aliqua

3075 5913 3154 5978 33
