3948 6442
533 396 674 451 ιοδδ
1627 382 1949 438 WERNER]
1987 381 2278 437 ABBATIS
2318 381 2375 438 S.
2419 381 2640 438 BLASII
3629 387 3752 443 {036

531 510 750 565 deliciat
773 524 865 579 per
890 509 1142 562 virtutem
1202 504 1318 567 Dei,
1356 518 1480 558 cum
1511 517 1689 571 prima
1723 501 1976 556 voluntas
2006 500 2104 554 ho-
2135 513 2181 567 Α
2209 499 2480 554 inventus.
2517 499 2622 553 Sed
2652 497 2913 567 decipior,
2961 500 3163 570 inquis.
3214 508 3412 569 putans
3440 516 3527 556 me
3561 503 3751 561 satisfe-

531 599 697 653 1ninis
723 598 879 652 fortis
906 607 958 651 et
994 611 1124 650 sana
1159 594 1212 648 in
1246 594 1391 647 bono
1418 592 1683 661 ampliore
1711 607 1820 645 non
1852 605 2104 660 perseve-
2206 591 2370 657 cisse,
2405 606 2532 646 cum
2562 606 2671 645 non
2717 588 3097 646 satisfecerim.
3132 590 3227 646 Ille
3258 592 3393 646 mihi
3432 592 3676 662 injunxit,
3702 607 3753 653 ut

532 698 696 753 raret,
729 687 978 756 quamvis
1013 701 1121 740 non
1169 684 1238 739 de
1276 684 1463 739 futuro
1505 683 1776 752 adjutorio
1818 682 1933 745 Dei,
1985 682 2106 736 sine
2206 693 2419 738 tantum
2469 681 2740 749 facerem;
2771 693 2827 739 et
2871 700 2980 738 non
3028 684 3265 753 amplius
3307 684 3445 738 mihi
3482 687 3749 759 praecepit:

526 795 639 846 quo
670 794 776 831 non
806 786 989 846 posset
1029 790 1395 845 perseverare,
1423 775 1469 828 si
1491 774 1650 828 vellet
1673 772 1927 844 quamvis
1952 772 2100 826 nulla
2206 790 2334 831 ecce
2381 783 2555 829 totum
2595 774 2819 844 perfeci,
2862 782 2919 829 et
2963 790 3071 829 non
3122 774 3386 830 satisfeci.
3435 774 3583 830 vado
3618 782 3751 849 quas;

528 871 642 940 lege
666 878 1000 939 repugnante
1026 868 1081 921 in
1112 867 1373 921 membris
1408 867 1661 937 quamvis
1694 875 1907 921 terrena
1948 865 2104 920 habi-
2206 882 2435 923 securus
2476 867 2542 921 ad
2576 865 2747 921 Deum
2779 876 2977 937 putans
3019 882 3106 921 me
3150 865 3485 922 satisfecisse
3527 869 3617 935 illi,
3644 886 3747 927 cum

526 964 730 1017 tatione
758 960 999 1015 nondum
1030 975 1250 1014 sensum
1280 958 1400 1028 ejus
1430 958 1788 1028 deprimente.
2205 959 2387 1013 adhuc
2450 967 2639 1013 teneor
2695 959 3003 1029 obligatus,
3056 974 3187 1027 quia
3239 973 3350 1013 non
3402 959 3745 1020 satisfeceritn.

1098 1051 1176 1105 De
1202 1052 1526 1119 pauitantia.
2206 1049 2388 1117 Quare
2415 1063 2567 1120 ergo,
2614 1048 2822 1119 inquis,
2852 1050 3057 1104 factum
3088 1058 3193 1116 est,
3228 1059 3287 1104 ut
3334 1051 3497 1105 talem
3526 1056 3745 1110 sacerdo-

593 1146 732 1214 Quia
762 1147 817 1200 in
849 1144 1145 1216 praemissis
1176 1145 1359 1215 aliqua
1386 1144 1452 1199 de
1479 1144 1634 1214 lapsu
1668 1145 1831 1213 primi
1861 1145 2102 1199 hominis
2206 1152 2316 1196 tem
2365 1157 2474 1196 non
2518 1141 2770 1207 habeam,
2829 1142 2923 1212 qui
2965 1143 3100 1197 mihi
3141 1143 3328 1198 dicat:
3374 1141 3490 1198 Hoc
3536 1149 3749 1215 oportet!

521 1238 923 1300 denotavimus,
956 1245 1125 1291 restat
1164 1245 1223 1290 ut
1248 1245 1301 1292 et
1338 1235 1521 1307 aliqua
1551 1235 1618 1290 de
1668 1235 1984 1305 ptenitentia
2018 1234 2101 1287 lo-
2205 1230 2346 1285 Audi
2390 1245 2581 1299 quare.
2628 1230 2857 1302 Propter
2902 1241 3121 1301 peccata
3166 1239 3257 1285 tua
3297 1230 3503 1287 factum
3532 1244 3612 1289 est
3645 1237 3744 1305 hoc,

521 1345 779 1400 quamur.
808 1328 1132 1383 Pmnitentia
1168 1328 1271 1382 alia
1308 1337 1391 1382 est
1421 1325 1679 1392 exterior,
1712 1325 1818 1380 alia
1851 1325 2100 1380 interior.
2204 1319 2408 1391 quibus
2442 1322 2713 1388 meruisti,
2757 1329 2818 1376 ut
2863 1322 3067 1377 malum
3092 1322 3347 1390 haberes,
3392 1323 3591 1393 quibus
3617 1327 3659 1381 si
3683 1330 3747 1383 di-

522 1419 850 1476 Ptenitentia
877 1418 1117 1474 exterior
1141 1427 1225 1473 cst
1257 1418 1313 1472 in
1347 1416 1638 1472 afﬂictione
1669 1414 1881 1481 carnis,
1919 1414 2100 1484 pmni-
2206 1414 2395 1470 stricte
2418 1413 2770 1483 judicareris,
2801 1422 2856 1468 et
2886 1414 2974 1469 hic
2995 1429 3277 1469 merueras
3300 1426 3360 1469 ut
3381 1415 3587 1471 nullum
3615 1419 3745 1475 babe~

525 1513 690 1571 tentia
723 1510 950 1567 interior
979 1518 1061 1566 est
1088 1510 1145 1564 in
1191 1508 1520 1564 contritione
1549 1506 1751 1562 cordis.
1785 1504 1891 1560 Per
1926 1504 2103 1576 pueni-
2207 1523 2315 1562 res.
2364 1505 2524 1573 Quia,
2565 1507 2746 1577 inquit
2777 1506 3080 1577 Scriptura,
3124 1526 3143 1559 ι
3175 1523 3407 1578 regnare
3437 1508 3566 1566 facit
3605 1514 3744 1584 hypo-

524 1605 751 1661 tentiam
793 1602 1119 1659 exteriorem
1160 1600 1459 1671 castigatur
1484 1599 1641 1669 culpa
1691 1598 1845 1668 pravi
1884 1597 2100 1667 operis;
2208 1599 2402 1655 critam
2449 1608 2670 1669 propter
2699 1608 2917 1669 peccata
2949 1599 3136 1669 populi
3182 1597 3306 1670 (Job
3330 1603 3465 1671 nv).
3494 1620 3514 1653 ι
3558 1601 3617 1656 Et
3646 1606 3741 1661 ait:

523 1712 620 1768 per
646 1694 1017 1765 paenitentiam
1045 1692 1358 1748 interiorem
1387 1690 1709 1745 emendatur
1733 1705 1912 1759 pravae
1940 1690 2101 1759 culpa
2164 1699 2179 1728 ο
2213 1709 2232 1741 ι
2266 1689 2379 1761 Ego
2408 1690 2778 1745 adhaerescere
2802 1688 2996 1744 faciam
3020 1689 3261 1760 linguam
3292 1700 3443 1745 tuam
3462 1693 3631 1761 palato
3652 1703 3741 1759 tuo,

511 1787 836 1844 «voluntatis.
868 1784 1179 1843 Secundum
1206 1783 1568 1854 quantitatem
1613 1781 1796 1837 delicti
1845 1796 2101 1837 mensura
2207 1797 2309 1837 nec
2328 1781 2439 1838 eris
2470 1781 2629 1851 quasi
2658 1781 2744 1836 vir
2771 1782 3089 1852 objurgans,
3112 1783 3243 1852 quia
3271 1782 3536 1840 Dominus
3559 1801 3743 1858 exaspe-

518 1880 883 1952 correptionis
914 1878 1190 1949 pensanda
1217 1884 1319 1932 est.
1344 1874 1521 1947 Agite,
1556 1875 1754 1944 inquit,
1781 1874 1995 1929 fructus
2020 1873 2104 1929 di-
2133 1870 2176 1925 Β
2206 1888 2336 1927 rans
2360 1886 2444 1931 est
2471 1872 2688 1942 (Ezrcli.
2720 1875 2858 1944 111).»
2876 1872 3013 1928 Nam
3039 1883 3098 1929 ut
3116 1875 3262 1931 scias
3282 1876 3413 1945 quia
3445 1878 3634 1934 malitia
3661 1880 3743 1936 hoc

521 1989 659 2042 gnos
686 1971 1037 2042 poenitentiae.
1062 1969 1222 2023 Aliud
1254 1968 1398 2024 enim
1425 1976 1507 2023 est
1536 1965 1750 2022 fructus
1773 1965 2105 2036 pmnitentize
2207 1963 2357 2030 fecit,
2400 1966 2522 2021 vide
2551 1966 2641 2021 ubi
2676 1975 2795 2021 erat
2837 1967 3058 2022 devotio
3085 1975 3199 2023 tua.
3236 1966 3295 2023 Si
3319 1971 3465 2025 enim
3492 1971 3740 2041 perfectam

514 2064 668 2118 aliud
714 2063 829 2132 ipsa
879 2062 1218 2133 poenitentia.
1281 2058 1436 2115 Sicut
1485 2058 1632 2113 aliud
1680 2067 1764 2114 est
1809 2058 1992 2121 arbor,
2050 2064 2105 2113 et
2205 2057 2550 2113 devotionem
2583 2057 2892 2124 habuisses,
2922 2058 3088 2113 etiam
3129 2060 3282 2113 nullo
3311 2060 3743 2122 admonentem.

520 2154 670 2211 aliud
699 2153 912 2210 fructus
939 2154 1079 2223 ejus,
1108 2153 1187 2208 sic
1218 2152 1363 2206 aliud
1392 2159 1476 2205 est
1503 2150 1845 2221 paenitentia,
1875 2159 1930 2205 et
1952 2148 2103 2204 aliud
2206 2164 2330 2204 sare
2361 2158 2544 2203 tamen
2590 2149 2884 2219 potuisses.
2919 2147 3078 2204 Nunc
3117 2159 3301 2205 autem
3346 2150 3565 2222 pigritia
3605 2162 3680 2209 tua
3700 2164 3742 2210 et

522 2246 733 2305 fructus
761 2247 902 2317 ejus.
954 2244 1278 2302 Ptenitentia
1327 2243 1471 2299 enim
1512 2252 1596 2297 est
1637 2242 1793 2297 dolor
1822 2242 2101 2312 praeteriti,
2205 2242 2534 2313 negligentia
2569 2241 2917 2297 occasionem
2964 2242 3187 2299 tortoris
3230 2244 3485 2314 quaesivit
3519 2262 3615 2301 nnn
3647 2263 3741 2303 eor-

519 2342 743 2411 quando
770 2339 923 2395 doles
973 2347 1025 2393 te
1056 2335 1252 2392 fecisse
1295 2334 1442 2407 quod
1493 2333 1696 2388 malum
1728 2342 1830 2388 est.
1873 2332 2103 2400 Quando
2203 2345 2503 2393 rectorum.
2551 2335 2617 2390 Et
2647 2335 2779 2391 vidit
2817 2337 2922 2392 hoc
2966 2335 3129 2403 Deus,
3166 2346 3221 2393 et
3255 2337 3406 2393 dedit
3442 2338 3541 2393 tibi
3587 2354 3740 2393 secun-

518 2447 651 2503 ergo
679 2430 958 2500 improbas
1008 2438 1063 2485 et
1102 2429 1335 2483 damnas
1382 2426 1520 2481 mala
1570 2434 1681 2491 tua,
1725 2425 2101 2495 pmnitentia'm
2203 2430 2333 2485 dum
2366 2444 2462 2484 cor
2492 2438 2645 2483 tuum
2668 2438 2730 2483 ut
2756 2443 2865 2483 non
2894 2428 3170 2485 invenires
3194 2430 3344 2500 quod
3366 2445 3474 2485 non
3504 2432 3739 2501 quercea:

518 2524 709 2580 habes.
742 2522 973 2589 Quando
1015 2531 1196 2576 autem
1230 2517 1609 2574 satisfactione
1651 2518 2017 2587 subsequente
2049 2525 2104 2571 et
2204 2525 2471 2593 accipere.
2506 2520 2616 2577 Nec
2676 2529 2859 2577 tamen
2884 2523 3008 2579 dico
3033 2532 3091 2578 ut
3123 2524 3406 2594 desperes,
3434 2524 3633 2579 etiamsi
3658 2524 3739 2579 hoc

520 2617 682 2687 punis
707 2625 761 2671 et
804 2614 1037 2684 corrigis
1067 2612 1211 2667 mala
1250 2621 1364 2678 tua,
1399 2611 1610 2666 fructus
1640 2610 1972 2680 paenitentiae
2004 2610 2103 2665 ha-
2203 2616 2503 2687 contingat,
2537 2623 2597 2667 ut
2636 2614 2803 2668 homo
2844 2614 2940 2684 qui
2969 2614 3213 2671 exterius
3249 2614 3511 2670 curandis
3540 2614 3736 2670 vulneri-

518 2709 634 2764 bes.
690 2706 748 2761 Si
789 2706 1040 2777 displicet
1101 2705 1198 2759 tibi
1246 2704 1393 2775 quod
1461 2703 1678 2769 fecisti,
1723 2702 2101 2773 paenitentiam
2201 2706 2305 2762 bus
2363 2713 2716 2777 peccatorum
2766 2706 3227 2761 medicamentum
3282 2706 3529 2776 apponit,
3568 2705 3733 2777 aliquid

517 2800 657 2871 agis.
688 2798 746 2854 Si
785 2797 1130 2869 persequeris
1166 2806 1221 2852 ct
1260 2797 1422 2866 punis
1467 2796 1614 2868 quod
1656 2795 1855 2863 fecisti,
1889 2794 2102 2850 fructus
2201 2800 2385 2856 minus
2443 2798 2719 2855 sufﬁciens
2769 2798 2992 2853 tribuat.
3050 2795 3206 2867 Saepe
3237 2798 3385 2868 quod
3427 2799 3598 2854 minus
3626 2797 3735 2855 fetis

2201 2890 2402 2959 agitur,
2462 2890 2737 2946 efﬁcacius
2780 2890 2929 2944 intus
2976 2899 3254 2959 operatur.
3304 2889 3363 2944 ln
3406 2905 3563 2960 parvo
3603 2905 3735 2960 opere

2202 2997 2398 3053 magna
2427 2982 2645 3037 devotio
2672 2995 2795 3037 esse
2836 2987 3033 3051 potest.
3076 2978 3253 3035 Homo
3287 2981 3432 3037 videt
3462 2982 3517 3036 in
3544 2980 3733 3048 faciem;

519 2890 852 2963 paenitentiae
895 2889 1034 2959 agis.
1062 2886 1390 2943 Paenitentia
1431 2897 1517 2944 est
1563 2887 1692 2944 facti
1749 2886 2099 2956 improbatio,

517 2981 730 3038 fructus
760 2979 1091 3051 paenitentiae
1128 2986 1215 3035 est
1256 2979 1439 3035 delicti
1484 2981 1767 3035 correctio.
1823 2977 1927 3033 Sed
1970 2977 2101 3048 quia

517 3074 819 3130 secundum
852 3087 1167 3129 mensuram
1219 3072 1401 3127 dtI.Cli
1436 3086 1694 3127 mensura
1745 3070 2100 3127 correctionis
2201 3074 2346 3131 Deus
2374 3086 2555 3132 autem
2589 3077 2832 3132 intuetur
2858 3091 2975 3132 cor.
3008 3073 3093 3142 Et,
3126 3084 3187 3129 ut
3223 3077 3406 3132 minus
3429 3077 3612 3141 dicam,
3642 3090 3737 3129 ma-

504 3176 601 3222 rest
625 3165 922 3236 pensanda,
953 3164 1074 3220 ideo
1103 3164 1315 3220 Luctus
1340 3164 1673 3235 pwnitentiae
1696 3164 1890 3235 dignos
1921 3162 2099 3220 facere
2138 3236 2157 3239 Α
2201 3183 2367 3239 gnum
2411 3176 2515 3235 est,
2545 3170 2593 3222 si
2642 3167 2697 3221 in
2730 3167 2831 3221 hac
2872 3166 2983 3220 vita
3017 3165 3260 3236 incipere
3289 3167 3477 3236 possis,
3505 3174 3554 3221 et
3580 3166 3619 3219 si
3647 3178 3735 3217 non

506 3266 751 3328 oportet.
787 3256 845 3311 Si
884 3258 939 3312 in
970 3258 1311 3312 correctione
1341 3256 1519 3311 minor
1559 3264 1645 3311 cst
1673 3256 1893 3311 afﬂictio
1926 3272 2094 3327 quam
2124 3236 2167 3295 (ἶ
2203 3236 2478 3332 proficias.
2505 3258 2642 3314 Nam
2672 3269 2728 3314 et
2750 3267 2873 3329 post
2907 3267 3141 3314 mortem
3174 3259 3317 3330 ignis
3336 3258 3544 3329 quidam
3565 3273 3739 3327 purga-

506 3351 574 3404 -in
604 3349 765 3420 culpa
792 3349 1081 3405 delectatio
1111 3348 1235 3415 fuit,
1264 3365 1373 3403 non
1406 3357 1487 3404 est
1511 3348 1708 3419 dignus
1738 3348 1949 3403 fructus
1977 3364 2097 3419 pte-
2203 3352 2380 3407 torius
2406 3351 2625 3418 dicitur,
2659 3351 2751 3407 ubi
2793 3360 3099 3423 purgantur
3122 3360 3179 3406 et
3207 3350 3523 3406 mundautnr
3543 3348 3631 3418 qui
3661 3348 3741 3401 hic

516 3438 778 3494 nitentiaz.
837 3438 944 3495 Sed
972 3439 1111 3494 dicis
1140 3438 1270 3493 mihi
1304 3456 1318 3493 :
1345 3437 1630 3504 Quomodo
1660 3440 1801 3494 scire
1846 3455 2094 3509 possum,
2199 3453 2486 3515 cmperunt
2512 3453 2568 3500 et
2592 3458 2702 3498 non
2725 3442 3089 3513 perfecerunt.
3113 3441 3222 3509 Qui
3248 3450 3408 3497 autem
3434 3441 3488 3493 in
3515 3440 3610 3494 hac
3639 3438 3740 3491 vita

513 3530 734 3599 quando
762 3530 1031 3601 condigna
1064 3531 1134 3585 sit
1162 3531 1481 3600 poenitentia
1504 3531 1657 3585 mea?
1679 3530 1815 3597 Quia
1840 3532 1981 3588 scire
2009 3531 2099 3588 hic
2200 3552 2302 3593 nec
2343 3536 2582 3605 incipere
2624 3535 2934 3601 voluerunt,
2974 3535 3046 3589 ibi
3093 3547 3463 3590 consummare
3490 3545 3592 3585 non
3623 3544 3740 3599 pos-

515 3630 826 3691 ηοηΡοιυε,
854 3622 976 3678 ideo
1003 3637 1227 3676 necesse
1250 3622 1418 3678 habes
1444 3637 1658 3693 θεωρεῖ
1680 3624 1963 3693 pan-itere.
1998 3622 2098 3678 Sa-
2200 3638 2347 3685 sunt.
2387 3627 2598 3695 Quibus
2629 3637 2809 3683 autem
2856 3628 2946 3683 hic
2990 3628 3384 3682 correctionem
3413 3633 3561 3680 suam
3601 3623 3743 3677 datur

516 3710 767 3767 tisfacere
796 3721 949 3782 potes
982 3731 993 3767 :
1034 3713 1199 3769 nimis
1234 3711 1411 3768 facere
1439 3729 1548 3769 non
1581 3723 1753 3784 potes.
1789 3714 1982 3770 Melius
2012 3723 2099 3771 est
2199 3720 2460 3792 incipere,
2488 3722 2653 3778 etiam
2691 3721 2738 3777 si
2780 3720 3041 3790 perficere
3067 3736 3179 3774 non
3219 3720 3399 3785 datur,
3441 3717 3549 3772 illic
3587 3729 3742 3771 corre-

2198 3812 2397 3867 ctionis
2436 3812 2696 3881 perfectio
2727 3820 3063 3867 reservatur.
3110 3810 3319 3866 Tamen
3361 3811 3528 3866 tutius
3552 3807 3743 3865 omnino

2196 3913 2300 3970 est,
2330 3914 2387 3959 ut
2410 3905 2501 3959 hic
2532 3915 2588 3959 et
2616 3905 2857 3974 incipere
2876 3914 2931 3959 et
2955 3904 3215 3974 perﬁcere
3242 3900 3558 3967 contendas,
3588 3899 3740 3955 utillic

2198 3998 2334 4052 nihil
2366 3997 2676 4053 faciendum
2706 3997 2803 4053 tibi
2830 3998 2913 4052 vel
2937 3995 3254 4067 patiendum
3280 3997 3536 4065 supersit.
3566 3993 3738 4048 Durum

2196 4102 2281 4147 est
2301 4101 2571 4148 tormenta
2607 4092 2695 4146 illa
2722 4091 2806 4146 vel
2832 4091 2899 4145 ad
2932 4089 3206 4145 modicum
3229 4089 3459 4154 sentire,
3494 4095 3739 4158 propterea

2197 4184 2367 4239 tutius
2415 4183 2643 4239 omnino
2672 4183 2767 4238 tibi
2811 4190 2896 4237 est
2943 4189 3003 4235 ut
3048 4181 3135 4236 hic
3167 4180 3402 4249 incipias
3432 4190 3490 4234 et
3534 4179 3740 4250 perficias

2195 4278 2340 4350 quod
2372 4276 2553 4333 facere
2581 4277 2765 4332 debes.
2795 4274 2953 4341 Quod
2980 4275 3026 4329 si
3056 4274 3147 4328 hic
3167 4272 3433 4343 perficere
3458 4288 3565 4328 non
3590 4282 3739 4341 potue-

516 3811 575 3856 ut
601 3803 726 3873 plus
768 3804 940 3860 facias
968 3820 1131 3875 quam
1166 3806 1368 3860 minus.
1398 3805 1605 3861 Idcirco
1643 3806 1910 3862 sollicitus
1951 3816 2094 3874 esto,

514 3903 721 3966 satagc,
760 3895 829 3950 da
863 3911 1104 3966 Operam,
1148 3897 1391 3952 studium
1437 3897 1710 3967 impende,
1739 3908 1798 3953 ut
1835 3899 1995 3972 culpa
2025 3899 2097 3955 sit

511 3998 636 4039 cum
688 3985 816 4052 fine,
859 3985 1076 4041 devotio
1120 3986 1240 4041 sine
1282 3986 1408 4041 fine.
1455 3984 1659 4041 Tamen
1713 3996 1772 4041 ut
1801 3988 2096 4057 aliquando

511 4076 783 4145 peccatrix
818 4077 1155 4132 conscientia
1179 4077 1513 4143 consoletur,
1547 4078 1761 4147 positus
1791 4088 1873 4134 est
1898 4080 2095 4135 modus

506 4176 563 4224 et
591 4183 849 4223 mensura
892 4169 1229 4239 pusnitentiae
1267 4168 1576 4235 exterimis,
1628 4177 1688 4223 ut
1724 4169 1816 4224 illa
1857 4171 2091 4240 expleta,

508 4261 592 4317 vel
625 4260 920 4332 perfectam
955 4262 1215 4319 fiduciam
1265 4263 1470 4319 habere
1498 4264 1749 4333 incipias,
1800 4273 1854 4319 et
1899 4262 2093 4322 secura

508 4356 745 4424 Quadam
777 4358 1226 4428 ΡιΊὲδυωριίοηθο
1261 4358 1316 4411 in
1349 4372 1444 4426 Spe
1478 4356 1867 4412 misericordia?
1896 4357 2093 4415 divina:
2195 4370 2293 4433 ris,
2328 4370 2373 4424 si
2415 4379 2595 4424 tamen
2641 4365 3015 4432 inchoaveris,
3065 4365 3176 4420 noli
3203 4365 3522 4434 desperare,
3551 4384 3570 4417 c
3593 4362 3739 4418 salias

506 4449 575 4501 de
607 4446 941 4519 indulgentia
972 4456 1027 4503 et
1063 4448 1389 4505 remissione
1418 4455 1766 4518 peccatorum
1794 4449 2089 4518 conlidere,
2195 4459 2325 4525 eris,
2345 4460 2423 4513 sic
2454 4467 2633 4514 tamen
2653 4457 2810 4529 quasi
2836 4472 2933 4527 per
2955 4456 3132 4526 ignem
3158 4454 3212 4525 (Ι
3237 4453 3363 4510 Cor,
3390 4460 3500 4526 ιιι),
3520 4475 3539 4506 ι
3560 4452 3738 4507 Ardcbil

506 4548 561 4594 et
591 4548 741 4595 tanto
771 4540 973 4607 verius,
1003 4548 1211 4609 quanto
1256 4540 1442 4610 utique
1473 4539 1741 4596 sincerius
1784 4540 2087 4611 injunctam
2120 4578 2164 4633 ι)
2195 4549 2439 4619 quidem,
2464 4549 2638 4605 donec
2665 4552 3054 4617 consumptum
3097 4545 3263 4601 fuerit
3305 4546 3457 4616 quod
3500 4540 3742 4601 criminale

505 4632 881 4702 plenitentiam
910 4632 1235 4702 expleveris.
2122 4632 2143 4633 ﬁ
2193 4650 2399 4713 portas.
2433 4639 2515 4695 Tu
2560 4649 2744 4696 autem
2776 4643 2962 4698 salvus
2993 4642 3105 4698 eris
3149 4637 3417 4710 quoniam
3460 4635 3740 4691 fundamen-

580 4723 685 4780 Sed
727 4723 964 4780 fodasse
1007 4724 1106 4779 tibi
1143 4724 1304 4781 tacita
1350 4725 1681 4797 cogitatione
1712 4727 2086 4796 respondeas:
2191 4742 2307 4789 tum
2333 4734 2388 4788 in
2418 4741 2469 4788 te
2490 4732 2792 4804 permansit
2820 4733 3105 4791 charitatis
3125 4730 3244 4787 Dei.

505 4814 812 4883 Quomodo,
847 4816 1054 4887 inquis,
1085 4827 1268 4873 certus
1296 4832 1418 4873 esse
1439 4832 1663 4887 possum
1684 4815 1751 4871 de
1783 4817 1937 4872 venia
1962 4833 2092 4888 pro.
2809 4824 2887 4882 Ds
2928 4841 3153 4882 mvmu.

504 4919 623 4979 pter
661 4909 1037 4979 pmnitentiam
1081 4919 1135 4965 et
1184 4907 1613 4965 satisfactionem
1649 4909 1717 4963 ab
1750 4907 1972 4964 homine
2003 4909 2091 4963 in~
2260 4918 2424 4975 Livor
2467 4920 2632 4976 aneni
2680 4919 2811 4974 boni
2861 4934 3026 4974 suum
3075 4917 3233 4987 punit
3282 4926 3591 4973 auctorem.
3634 4909 3743 4966 Nam

498 5003 771 5071 junctam,
801 5004 966 5059 etiam
1014 5004 1061 5058 si
1096 5003 1245 5058 illam
1283 5003 1527 5061 studiose
1564 5002 1928 5073 complevere,
1960 5018 2086 5059 cum
2190 5012 2333 5066 unde
2380 5012 2560 5068 bonus
2604 5012 2842 5082 proﬁcit,
2874 5011 3001 5066 inde
3043 5009 3225 5066 malus
3254 5009 3613 5066 contabescit.
3654 5002 3743 5058 llo-

504 5098 621 5165 ipse
662 5095 849 5162 homo,
898 5096 987 5151 cui
1016 5106 1238 5166 peccata
1283 5111 1405 5151 mea
1447 5094 1745 5160 confiteor,
1804 5110 1946 5164 saepe
1994 5103 2087 5150 aut

2197 5105 2365 5159 mines
2406 5119 2573 5174 prave
2620 5105 2863 5161 viventes
2906 5104 3052 5158 sicut
3095 5103 3163 5158 de
3207 5103 3487 5158 bonorum
3537 5098 3744 5171 lapsibus

503 5187 814 5257 ignorantia
860 5187 1103 5254 neseiat,
1150 5196 1246 5242 aut
1305 5186 1633 5258 negligentia
1674 5200 1782 5240 non
1835 5185 2087 5240 conside-
2188 5197 2555 5267 gratulamur,
2584 5196 2659 5251 ita
2688 5196 2755 5252 de
2785 5212 2978 5252 eorum
3008 5203 3151 5250 recte
3183 5194 3343 5250 tantis
3375 5195 3620 5263 bonique
3644 5202 3745 5260 pcr-

503 5288 586 5334 Υει
614 5279 833 5350 qualem
866 5279 1022 5348 mihi,
1062 5285 1366 5336 secundum
1410 5280 1632 5334 ωοάυηι
1668 5288 1723 5333 ει
1767 5292 2082 5334 mensuram
2186 5290 2493 5344 severantia
2548 5288 2981 5345 confunduntur.
3037 5288 3257 5343 Invidus
3324 5288 3637 5343 membrum
3682 5287 3746 5337 est

501 5371 707 5439 delicti,
734 5371 930 5428 debeat
951 5369 1382 5427 satisfactionem
1409 5369 1727 5441 injungere?
1752 5368 1834 5423 Ad
1861 5369 1965 5423 huc
1986 5367 2085 5423 tibi
2185 5381 2409 5449 diaboli,
2434 5382 2506 5437 οι)
2540 5382 2700 5451 cujus
2731 5381 2990 5436 invidiam
3038 5396 3189 5436 ωοτε
3215 5381 3469 5436 introivit
3499 5382 3558 5434 in
3588 5377 3743 5432 urbem

501 5464 738 5530 brevitgt‘
763 5464 1069 5536 respondeo
1109 5464 1241 5536 quia
1276 5464 1321 5520 εἰ
1355 5464 1521 5520 homo
1567 5464 1742 5519 ιιθδοίι
1784 5461 1929 5517 Deus
1955 5462 2080 5518 SCif.
2185 5482 2477 5543 terrarum,
2503 5476 2648 5531 sicut
2672 5484 2726 5531 et
2758 5475 3031 5546 superbus
3074 5474 3380 5529 membrum
3413 5482 3508 5529 est

502 5556 585 5615 Tu
632 5572 814 5615 tamen
855 5559 943 5616 fac
981 5559 1128 5630 quod
1171 5559 1267 5613 tibi
1301 5558 1632 5628 praecipitur,
1664 5555 1925 5611 obediens
1965 5565 2084 5611 esto
2181 5569 2249 5624 de
2287 5583 2398 5638 quo
2441 5568 2706 5638 scriptum
2749 5575 2877 5623 est;
2934 5586 2953 5619 ι
2991 5566 3164 5621 omne
3217 5565 3459 5621 sublime
3513 5565 3673 5625 videt,
3704 5566 3745 5610 et

500 5655 558 5708 in
585 5668 652 5708 eo
694 5655 843 5724 quod
895 5654 990 5708 tibi
1034 5654 1276 5724 jubetur.
1315 5651 1506 5707 Videat
1545 5650 1691 5705 Deus
1735 5650 2081 5705 devotionem
2182 5660 2298 5730 ipse
2319 5670 2401 5715 est
2421 5676 2514 5735 rex
2544 5674 2710 5729 super
2730 5674 2923 5713 omnes
2945 5658 3086 5712 ﬁlios
3114 5657 3381 5726 superbia:
3407 5654 3543 5725 (Job
3588 5650 3739 5721 nd.»

501 5759 673 5817 tuam,
722 5750 886 5805 etiam
918 5750 965 5804 si
997 5751 1165 5804 homo
1210 5764 1318 5802 non
1351 5748 1618 5818 condigne
1656 5750 1971 5803 moderetur
2000 5750 2081 5804 af-
2179 5749 2336 5804 Nulla
2381 5760 2464 5805 est
2493 5751 2685 5817 virtus,
2735 5766 2857 5820 quae
2895 5765 3001 5804 non
3032 5748 3227 5802 habeat
3267 5749 3619 5801 contrarLum
3642 5737 3745 5797 inri-

500 5841 796 5901 ii'tctiouem
824 5851 994 5896 tuam.
1021 5838 1209 5897 Perire
1238 5855 1344 5895 non
1378 5849 1553 5910 potes,
1579 5840 1626 5895 si
1651 5840 1878 5896 devotus
1908 5840 2077 5898 fueris
2180 5843 2283 5897 diae
2328 5840 2556 5896 malum.
2585 5840 2711 5896 Sola
2741 5842 2959 5898 miseria
2995 5848 3141 5896 caret
3173 5839 3400 5903 invidia,
3436 5839 3578 5911 quia
3611 5846 3745 5893 nexae
