3950 6380
606 352 745 408 1039

1740 350 2067 408 WERNEN
2104 352 2397 411 ABBATlS
2439 355 2496 412 S.
2543 355 2764 411 BLASll
3640 367 3735 424 'iOiO

600 471 740 528 dicis
765 467 921 524 fratri
949 477 1041 524 tuo
1068 486 1081 522 :
1106 499 1176 509 —-
1215 469 1344 524 Siue
1380 467 1598 538 eiiciam
1643 466 1908 523 festucam
1932 468 1999 523 de
2024 470 2186 525 oculo
2219 478 2266 536 Λ
2300 488 2447 530 nunc
2473 481 2778 544 postrema;
2802 479 2877 540 et,
2913 469 3064 544 quod
3111 473 3286 546 magis
3311 486 3394 530 me
3429 480 3734 546 gravabant

601 571 857 630 tuo,—et
883 560 1204 616 eccetrabes
1231 560 1284 614 in
1313 560 1473 616 oculo
1503 558 1634 614 tuo?
1661 579 1679 612 ι
1718 557 1775 614 Si
1805 560 1930 630 quis
1956 559 2036 615 ira
2055 577 2187 632 pec-

601 662 710 720 cat,
737 662 793 707 ιιι
820 667 926 706 non
968 651 1134 705 debes
1165 650 1290 705 odio
1336 650 1752 728 reprehendere.
1782 649 2018 706 Tantum
2038 653 2183 707 enim

599 745 764 800 distat
795 744 936 796 inter
966 741 1102 796 iram
1133 750 1187 796 et
1207 741 1417 807 odium,
1442 750 1709 810 quantum
1743 741 1883 797 inter
1915 743 2182 800 festucam

598 846 652 891 et
675 836 899 890 trabem.
927 833 1123 888 Odium
1147 833 1292 888 enim
1320 841 1406 888 est
1429 833 1509 887 ira
1541 833 1857 888 inveterata.

671 944 691 976 ι
724 923 1042 994 Ηγροοισὶιε,
1077 923 1214 992 ejice
1257 923 1494 993 primum
1525 924 1734 980 trabem
1777 925 1844 981 de
1869 925 2030 981 oculo
2065 935 2180 995 tuo,

595 1027 649 1072 et
691 1026 822 1071 tunc
866 1015 1076 1070 videbis
1119 1013 1318 1085 ejicere
1349 1013 1619 1071 festucam
1673 1017 1740 1072 de
1789 1018 1949 1073 oculo
1997 1019 2183 1076 fratris

592 1111 697 1179 tui,
728 1131 745 1162 ι
775 1109 827 1164 id
856 1118 940 1164 est
963 1109 1140 1179 primo
1167 1109 1265 1164 abs
1306 1117 1376 1175 te,
1410 1109 1618 1164 scilicet
1643 1110 1712 1164 ab
1746 1110 2049 1167 intentione
2089 1122 2182 1169 tua

593 1206 734 1262 etde
761 1204 926 1261 corde
955 1211 1050 1257 tuo
1081 1201 1288 1272 expelle
1319 1201 1528 1267 odium,
1559 1211 1638 1269 ut,
1666 1203 1732 1258 de
1754 1204 1959 1260 lumine
1983 1206 2182 1263 mentis

593 1299 748 1354 trabe
771 1295 1015 1350 mortalis
1038 1293 1285 1350 criminis
1313 1293 1504 1363 ejecta,
1530 1296 1780 1364 exemplo
1809 1296 1991 1364 potius
2017 1313 2180 1367 quam

594 1391 756 1447 dictis
779 1391 974 1444 docere
999 1387 1180 1442 valcas
1205 1386 1416 1440 minora
1448 1387 1661 1442 excludi
1704 1398 1945 1457 peccata,
1971 1406 2092 1460 qua:
2124 1391 2178 1446 in

595 1483 805 1537 festuca
861 1480 1258 1550 signiﬁcantur.
1309 1477 1448 1532 Cum
1521 1480 1820 1534 necessitas
1891 1497 1989 1536 nos
2039 1482 2184 1552 cogit

597 1573 837 1640 aliquem
866 1568 1281 1639 reprehendere,
1315 1571 1494 1640 primo
1541 1573 1841 1642 cogitemus
1862 1581 2043 1627 utrum
2077 1575 2181 1629 tale

595 1664 786 1717 vitium
820 1675 1060 1731 unquam
1111 1659 1424 1729 habuimus,
1468 1672 1521 1718 et
1558 1663 1604 1718 si
1647 1679 1927 1734 nunquam
1981 1666 2179 1720 habui-

595 1771 742 1821 mus,
795 1755 1098 1825 cogitemus
1148 1771 1250 1810 nos
1313 1755 1515 1810 habere
1580 1756 1843 1825 potuisse.
1919 1755 2179 1814 llomines

593 1848 738 1901 enim
769 1863 981 1903 sumus.
1003 1847 1139 1903 Hinc
1167 1857 1249 1903 est
1269 1847 1399 1901 illud
1423 1847 1714 1917 sapientis:
1747 1867 1764 1899 ι
1783 1847 1926 1902 Nihil
1955 1849 2179 1905 humani
2216 1831 2256 1884 Β

595 1940 831 1993 alienum
899 1954 928 1993 a
971 1955 1058 1994 me
1095 1948 1244 2010 puto.
1279 1959 1296 1990 ι
1345 1937 1401 1992 Si
1461 1953 1590 1992 vero
1636 1938 1948 2007 habuimus,
1998 1948 2182 2010 tangat

594 2031 920 2088 inemorlmn
947 2031 1256 2088 communis
1279 2029 1590 2097 inﬁrmitas,
1623 2038 1682 2083 ut
1702 2031 2179 2099 reprehensionem

591 2128 739 2182 illam
782 2142 887 2180 nou
919 2126 1127 2188 odium,
1157 2124 1249 2179 sed
1291 2123 1664 2178 misericordia
1706 2122 1991 2192 praecedat.
2025 2122 2180 2188 Quod

592 2220 639 2276 si
669 2234 770 2274 nos
803 2218 944 2272 idem
977 2217 1171 2270 vitium
1203 2216 1470 2270 habemus
1502 2214 1556 2268 in
1625 2229 1737 2284 quo
1769 2222 1853 2268 est
1901 2213 1990 2268 ille
2016 2229 2179 2282 quem

592 2309 990 2381 reprehendere
1041 2309 1312 2374 volumus,
1362 2322 1468 2360 non
1516 2305 1977 2375 reprehendamus
2004 2304 2178 2370 illum,

591 2404 686 2461 sed
709 2402 1202 2474 congemiscamus,
1225 2408 1405 2455 etnon
1429 2399 1582 2453 illum
1607 2398 1673 2453 ad
1695 2397 2180 2466 ohtemperandum

594 2495 774 2561 nobis,
827 2494 921 2550 sed
958 2494 1026 2550 ad
1075 2493 1279 2564 pariter
1331 2492 1634 2547 curandum
1683 2489 1998 2544 invitemus.
2027 2487 2180 2543 Multi

590 2602 722 2641 vero
745 2585 1070 2639 criminibus
1088 2582 1345 2654 praeventi
1364 2581 1492 2636 odio
1511 2581 1593 2634 vel
1617 2579 1785 2634 livore
1807 2579 1992 2633 omnia
2017 2594 2181 2633 accu-

592 2690 715 2732 sare
755 2673 1081 2744 suscipiunt,
1133 2680 1187 2728 et
1226 2670 1412 2725 volunt
1443 2670 1613 2724 videri
1658 2669 2019 2736 consultores,
2062 2669 2182 2724 sine

589 2767 839 2838 exemplo
865 2782 977 2821 suae
1004 2763 1401 2820 emendationis
1429 2762 1632 2817 leviora
1667 2771 1884 2834 peccata
1917 2763 1968 2816 in
1998 2762 2180 2818 {ratri-

589 2859 694 2915 bus
730 2859 1094 2928 vituperantes
1119 2866 1172 2912 et
1201 2857 1542 2911 danmantes.

592 2973 668 3029 De
721 2973 1064 3028 altercatione
1099 2971 1476 3026 misericordia:
1527 2979 1575 3024 et
1627 2971 1886 3039 veritatis,
1938 2971 2059 3024 hinc
2094 2971 2179 3025 in-

907 3045 969 3097 de
997 3059 1051 3098 se
1083 3043 1384 3096 accusantis
1413 3058 1476 3095 ac
1503 3041 1850 3112 defendentis.

663 3133 804 3190 Deus
861 3148 1080 3188 sursum
1129 3142 1266 3198 erat,
1313 3141 1367 3187 et
1424 3132 1591 3186 homo
1645 3132 1924 3188 deorsum.
1962 3130 2176 3188 Veritas
2203 3172 2244 3228 Ο

588 3234 708 3281 erat
729 3226 782 3280 in
805 3225 943 3280 caelo
971 3241 1095 3280 cum
1113 3224 1296 3295 judice
1321 3224 1454 3291 Deo,
1477 3235 1530 3280 et
1552 3224 1923 3280 misericordia
1951 3225 2004 3279 in
2030 3234 2172 3281 terra

590 3336 716 3376 cum
773 3319 994 3374 homine
1040 3316 1356 3388 judicando.
1425 3315 1528 3372 Ubi
1601 3317 1747 3372 enim
1801 3317 2175 3372 misericordia

589 3422 754 3477 esset,
795 3412 840 3467 si
874 3427 1000 3466 cum
1047 3409 1247 3466 misero
1279 3425 1390 3465 non
1435 3418 1579 3465 esset
1603 3425 1618 3462 :
1642 3409 1998 3464 descenderat
2026 3410 2173 3464 enim

589 3505 729 3560 forte
759 3504 1034 3559 nesciente
1064 3505 1308 3569 veritate,
1331 3502 1590 3572 quoniam
1623 3501 1768 3555 illam
1801 3501 1869 3555 ad
1896 3501 2172 3556 hominem

590 3605 871 3658 venturam
924 3595 1150 3661 sciebat,
1199 3602 1253 3648 et
1299 3594 1366 3648 de
1415 3594 1559 3648 illius
1592 3593 1824 3648 adventu
1875 3595 2171 3652 metuebat.

591 3684 877 3740 Descendit
922 3699 1051 3754 ergo
1094 3685 1247 3755 prius
1293 3685 1688 3749 misericordia,
1744 3702 1834 3753 ne,
1884 3685 1931 3740 si
1975 3687 2173 3744 veritas

589 3776 949 3849 praeveniret,
1000 3792 1278 3832 accessum
1349 3777 1414 3832 ad
1467 3778 1744 3832 hominem
1808 3778 1924 3848 ipsa
1986 3788 2172 3848 postea

586 3886 697 3926 non
756 3870 1042 3924 inveniret.
1094 3870 1330 3941 Accepto
1381 3870 1544 3942 igitur
1587 3879 1830 3941 tempore
1889 3880 2171 3943 assumpta

588 3965 812 4020 veritate
875 3964 1154 4021 descendit
1221 3964 1393 4030 Deus,
1477 3973 1536 4020 ut
1610 3965 1877 4020 rationem
1945 3973 2173 4034 poneret

588 4075 712 4114 cum
744 4058 983 4113 homine.
1016 4055 1172 4124 Quod
1201 4072 1327 4114 cum
1359 4056 1584 4122 vidisset
1627 4055 2023 4122 misericordia,
2060 4072 2168 4110 non

587 4151 774 4221 ignara
805 4149 972 4204 divini
999 4149 1234 4214 consilii,
1264 4147 1501 4218 perrexit
1534 4147 1588 4201 in
1619 4147 1833 4202 obviam
1865 4147 1960 4214 illi,
2001 4146 2170 4202 Deum

587 4240 813 4309 cupiens
852 4241 1121 4310 mitigare,
1163 4249 1216 4294 et
1263 4239 1535 4308 placatum
1592 4239 1883 4294 adducere.
1926 4238 2170 4294 Cernens

585 4340 768 4387 autem
807 4332 1084 4385 veritatem
1133 4329 1406 4384 obstinato
1456 4329 1607 4384 vultu
1658 4328 2017 4393 incedentem,
2057 4329 2170 4399 pri-

585 4439 737 4479 mum
775 4421 1014 4477 occurrit
1042 4421 1119 4474 illi
1163 4434 1381 4489 rogans,
1432 4427 1491 4474 ut
1521 4419 1749 4489 gradum
1789 4420 2026 4485 sisteret,
2063 4434 2166 4474 nec

2297 563 2549 618 mitatum
2579 573 2732 617 tuum
2764 579 2874 618 non
2904 572 3101 618 vocata
3132 566 3364 620 accedo?
3387 564 3734 628 Econtrariuveri-

2291 661 2375 710 tas
2426 655 2725 724 respondit,
2777 655 2830 710 in
2873 656 2977 710 hac
3030 655 3119 710 via
3168 665 3260 710 tua
3304 657 3658 715 misericordiam
3686 680 3735 719 oo-

2288 747 2475 800 mitem
2518 762 2618 802 nec
2646 762 2767 802 esse
2817 762 3001 817 posse,
3041 762 3149 802 nec
3197 748 3405 814 debere,
3439 749 3541 804 ideo
3557 753 3648 820 quia
3664 769 3735 808 con-

2288 841 2473 896 silium
2504 839 2766 894 voluntati
2811 839 2931 910 ejus
2958 839 3304 895 contrarium
3352 841 3418 895 sit
3453 842 3734 909 ordinamus

2290 932 2496 987 idcirco
2523 932 2576 986 in
2611 932 2730 1002 ejus
2763 947 2924 1002 opere
2952 947 3206 1002 praesens
3234 933 3348 1002 ipsa
3374 948 3483 989 esse
3507 950 3592 989 non
3611 938 3731 1006 possit:

2289 1031 2404 1078 tum
2449 1024 2611 1080 etiam
2661 1024 2792 1094 quia
2839 1040 2964 1080 eum
3016 1026 3141 1094 ipso
3179 1039 3391 1095 egressa
3435 1040 3528 1080 non
3571 1028 3635 1081 sit.
3657 1027 3732 1081 Dixit

2285 1115 2449 1168 etiam
2481 1115 2596 1184 ipsa
2635 1115 3073 1170 misericordiam
3107 1115 3284 1186 magis
3320 1125 3545 1185 oportere
3567 1117 3730 1170 rationein
3801 1151 3803 1156 ς

2289 1206 2515 1262 reddere
2549 1223 2719 1277 quare
2751 1207 2868 1278 ipsa
2907 1206 3212 1279 egredienti
3248 1206 3465 1262 Domino
3485 1222 3572 1262 non
3594 1207 3730 1272 aﬂuent

2285 1308 2340 1354 et
2364 1299 2608 1354 absentia
2631 1300 2752 1369 ejus
2777 1300 2949 1370 magis
2976 1315 3105 1355 esse
3126 1298 3250 1372 (sic)
3273 1298 3445 1354 Jesum
3468 1297 3728 1364 Dominam,in
3801 1313 3803 1322 '

2285 1397 2494 1444 tantum
2518 1398 2578 1444 ut
2601 1405 2712 1444 uno
2728 1390 2924 1445 comite
2954 1390 3062 1444 iter
3083 1405 3310 1459 carpere
3333 1391 3601 1459 compulsus
3616 1390 3672 1444 sit
3687 1390 3727 1444 id

2285 1481 2401 1538 htec
2441 1481 2816 1538 misericordia
2860 1480 3154 1552 respondit
3178 1497 3237 1536 se
3267 1497 3363 1536 nec
3400 1482 3523 1535 mala
3546 1481 3727 1534 intentione

2282 1589 2582 1645 egressam,
2617 1590 2718 1629 nec
2747 1573 2892 1628 malo
2917 1589 3086 1644 Opere
3117 1581 3449 1642 occupatam,
3471 1571 3548 1626 sed
3578 1573 3726 1640 magesi

2284 1666 2479 1722 honori
2511 1674 2565 1720 et
2620 1665 2838 1720 utilitati
2873 1664 3092 1720 Domini
3145 1664 3231 1719 sui
3260 1664 3538 1730 consulere,
3561 1679 3645 1732 qua
3666 1677 3722 1714 non

2283 1757 2509 1828 perdere
2539 1758 2753 1813 studeat
2784 1765 2840 1813 et
2867 1758 3182 1824 destruere,
3214 1757 3354 1812 sicut
3384 1759 3487 1826 ipsa
3513 1753 3724 1814 veritas,sed

2285 1849 2494 1905 salvare
2519 1868 2531 1904 :
2559 1849 2708 1904 illam
2751 1858 2932 1905 autem
2966 1864 3092 1904 esse
3121 1847 3410 1903 notandam
3437 1845 3558 1916 prius
3579 1853 3616 1898 et
3636 1859 3724 1896 acut-

2285 1942 2533 2008 sandam,
2587 1955 2710 2012 qua:
2767 1939 3002 1995 famulos
3050 1949 3106 1994 et
3156 1937 3430 1993 ministros
3473 1933 3633 1988 Domini
3658 1930 3724 1982 velit

2290 2033 2551 2100 interimi,
2597 2042 2657 2088 ut
2701 2048 2826 2088 cum
2868 2047 3062 2088 omnes
3107 2031 3362 2095 abierint,
3392 2028 3564 2082 nullum
3590 2021 3722 2094 patiatur

2284 2139 2380 2194 per
2408 2125 2800 2196 indulgentiam
2823 2124 3064 2194 aliquam
3098 2123 3267 2178 levari
3293 2130 3345 2176 et
3367 2118 3585 2176 revocari.
3608 2113 3722 2168 Veritas

2283 2225 2464 2270 autem
2498 2215 2777 2286 respondit
2811 2229 2921 2270 non
2952 2229 3077 2270 esse
3111 2213 3316 2268 decens
3342 2212 3518 2266 bonum
3547 2205 3719 2260 Domina
3801 2229 3803 2292 Ξ

2282 2317 2336 2361 et
2358 2308 2570 2378 justum
2603 2308 2778 2362 malos
2821 2322 3014 2362 servos
3043 2318 3100 2360 et
3131 2305 3362 2376 injustos
3405 2301 3584 2356 habere.
3605 2292 3719 2349 Miseri-

2283 2399 2469 2455 cordia
2523 2399 2660 2455 dixit
2699 2407 2909 2454 tantum
2951 2398 3245 2454 Dominum
3283 2397 3395 2451 sine
3435 2387 3718 2446 ministrisessc

2283 2507 2391 2546 non
2439 2491 2656 2548 debere.
2710 2490 2926 2547 Veritas
2993 2490 3285 2546 aﬂirmavit
3335 2499 3534 2556 nequam
3575 2477 3717 2534 homines

2282 2583 2480 2639 merito
2504 2583 2700 2638 debere
2727 2583 3000 2638 damnari.
3039 2579 3406 2637 Misericordia
3435 2571 3642 2644 respondit
3655 2581 3714 2626 eos

2282 2683 2344 2728 ιιι
2367 2673 2495 2728 boni
2542 2673 2750 2739 ﬁerent,
2791 2684 3094 2742 spontanca
3124 2673 3289 2728 etiam
3328 2669 3501 2740 pietate
3528 2662 3716 2716 deberem

2284 2763 2489 2820 vocari.
2525 2761 2738 2818 Veritas
2775 2763 2930 2829 dixit,
2964 2765 3098 2834 quia
3134 2763 3278 2818 Deus
3304 2759 3450 2815 malis
3469 2752 3630 2810 omnino
3646 2759 3713 2839 per:

2281 2869 2402 2911 cere
2451 2870 2558 2908 non
2601 2854 2841 2909 deberet.
2887 2853 3269 2910 Misericordia
3310 2849 3435 2905 dixit
3473 2864 3484 2900 :
3524 2843 3566 2896 Si
3597 2835 3712 2892 nemini

2282 2956 2527 3018 parceret
2588 2946 2749 3014 Deus,
2813 2963 3104 3018 nunquam
3137 2949 3310 3002 bonos
3355 2941 3556 2996 haberet.
3595 2927 3713 3018 Veri?!

2280 3039 2418 3093 dixit
2451 3055 2510 3094 se
2556 3039 2701 3094 nolle
2739 3055 2841 3095 nec
2869 3055 3032 3109 posse
3069 3049 3151 3095 tot
3176 3038 3373 3095 scelera
3413 3028 3623 3086 hominum
3643 3016 3713 3109 tole:

2281 3147 2422 3186 rare.
2481 3131 2851 3188 Misericordia
2912 3134 3203 3204 respondit
3261 3127 3468 3203 gratiam
3505 3102 3711 3204 Domitiiad

2279 3223 2666 3294 indulgendum
2699 3201 3175 3296 superabundare.
3209 3201 3410 3278 veritas
3446 3213 3553 3269 dixit
3577 3226 3586 3260 :

2279 3289 2512 3385 (ιυίείιῖιο
2566 3326 2729 3386 PFO!"-
2770 3289 2944 3388 ἰιζθεείι
3007 3317 3070 3372 in
3119 3327 3343 3384 corpore
3397 3289 3711 3388 accipiatiiise:

2277 3404 2512 3459 ricordia
2555 3406 2695 3461 dixit
2721 3371 2943 3462 :Gmnis
2986 3407 3161 3461 homo
3193 3401 3361 3472 magis
3404 3371 3709 3452 convertamini

2277 3495 2595 3566 Dominum,
2621 3509 2674 3555 et
2696 3500 2859 3555 vivat.

2346 3590 2442 3646 His
2463 3562 2592 3664 ergo
2615 3593 2686 3647 ita
2712 3593 2815 3648 sibi
2843 3591 3219 3656 obviantibus,
3255 3593 3307 3641 et
3333 3583 3394 3638 ad
3417 3579 3583 3664 diversa
3601 3562 3706 3664 wine

2275 3692 2438 3739 tatem
2460 3660 2551 3740 Dei
2582 3686 2843 3740 inclinare
2869 3681 3324 3743 desiderantibus,
3353 3672 3513 3727 videns
3533 3661 3629 3714 Deus
3647 3660 3706 3702 tam

2272 3776 2515 3832 diversas
2560 3777 2859 3832 sententias
2904 3775 2970 3830 ad
3029 3775 3283 3830 ell‘ectum
3331 3760 3471 3821 simul
3510 3764 3588 3809 non
3617 3747 3706 3812 lmm

2273 3873 2584 3940 procedere,
2633 3871 2706 3924 ait
2733 3889 2744 3923 :
2773 3869 3050 3940 Scriptum
3113 3874 3197 3924 est
3229 3881 3242 3916 :
3291 3881 3309 3914 ι
3336 3842 3657 3913 Misericordiam
3672 3835 3706 3940 ii

2274 3931 2768 4032 veritatemdiligit
2806 3931 2950 4016 Deus
3000 3959 3178 4032 (Psal.
3208 3953 3439 4019 Lxmu).
3465 3964 3482 3997 ι
3505 3931 3703 4032 0"”

2273 4051 2388 4104 vult
2418 4051 2521 4105 sibi
2554 4067 2768 4121 semper
2795 4060 2996 4121 praesto
3024 4066 3170 4116 esse,
3209 4056 3262 4102 et
3289 4041 3406 4115 quia
3450 4018 3703 4121 rursunt

2272 4103 2452 4200 turde
2472 4103 2698 4198 Deo
2717 4103 2782 4198 in
2796 4103 3172 4214 rpace
3199 4147 3280 4195 est
3304 4103 3455 4188 locus
3489 4123 3578 4192 eius
3598 4103 3698 4214 (νὴ

2273 4238 2456 4309 Lxxv),
2488 4256 2506 4288 ι
2540 4252 2646 4291 non
2682 4245 2860 4307 potest
2901 4237 3022 4291 illas
3051 4231 3328 4291 discordes
3371 4199 3699 4309 sustinere.

2273 4287 2456 4309 __-_.,,
2490 4287 2498 4288 κ
2685 4287 2857 4307 ρ----
3057 4287 3196 4291 ﬂ---
3675 4287 3682 4293 .

2270 4331 2454 4385 cordia
2484 4339 2666 4385 autem
2703 4344 2824 4384 esse
2859 4345 2966 4383 non
2992 4337 3189 4398 potest,
3223 4321 3309 4378 ubi
3336 4317 3546 4371 voluntas

2270 4436 2425 4475 versa
2476 4428 2578 4474 est.
2617 4417 2825 4474 Veritas
2875 4389 3021 4473 enim
3066 4389 3182 4474 vult
3223 4421 3280 4466 ut
3311 4417 3461 4464 totum
3486 4389 3694 4475 ίιιιρηῑςιιπξ

587 4516 751 4571 nimis
797 4521 1130 4584 properaret,
1179 4511 1353 4566 donec
1398 4511 1514 4581 ipsa
1571 4509 1815 4565 funderet
1863 4511 2165 4565 orationem
2199 4519 2242 4572 D
2271 4511 2641 4567 misericordia
2673 4525 2822 4577 vero,
2842 4519 2902 4565 ut
2934 4519 3105 4565 totum
3134 4478 3684 4584 condoneturztl'fai‘f:

585 4623 742 4664 suam
774 4606 841 4661 ad
868 4604 1182 4660 Dominum.
1212 4602 1291 4658 lbi
1312 4618 1442 4673 ergo
1470 4602 1842 4657 misericordia
1881 4610 1935 4656 et
1965 4601 2164 4658 veritas

583 4700 937 4755 obviaverunt
958 4696 1082 4753 sibi.
1110 4695 1264 4752 Tunc
1293 4694 1668 4751 misericordia
1691 4693 1942 4748 clementi
1971 4707 2166 4749 causa-

584 4792 732 4846 tione
809 4789 1086 4860 querelam
1153 4803 1339 4844 coram
1423 4785 1535 4841 Deo
1608 4784 1894 4856 deposuit,
1979 4783 2166 4839 dicens

583 4895 725 4950 aegre
748 4896 806 4934 se
831 4880 970 4935 ferre
999 4881 1146 4952 quod
1183 4880 1252 4936 ad
1281 4880 1384 4935 hoc
1414 4878 1689 4950 negotium
1722 4877 1870 4932 socia
1901 4875 2164 4930 advocata

584 4986 696 5026 non
749 4971 944 5037 fuerit,
999 4975 1300 5042 praesertim
1370 4988 1496 5028 cum
1536 4985 1816 5042 nunquam
1867 4967 2010 5024 Deus
2048 4969 2164 5024 sine

584 5071 814 5131 utraque
839 5062 1040 5116 comite
1087 5063 1192 5118 hac
1219 5064 1322 5118 iter
1369 5061 1590 5134 aliquod
1637 5060 1814 5116 facere
1857 5061 2157 5117 consuevit.

581 5153 722 5212 Cum
767 5152 914 5207 enim
963 5153 1226 5223 scriptum
1271 5154 1378 5209 sit:
1410 5172 1430 5206 ι
1471 5151 1755 5208 Universa:
1797 5153 1897 5208 vite
1944 5151 2162 5208 Domini

583 5245 960 5304 misericordia
985 5255 1039 5302 et
1063 5245 1263 5302 veritas
1283 5245 1454 5317 (Psal.
1471 5246 1680 5316 xxxrv),
1693 5264 1712 5298 ι
1728 5246 2160 5317 quomodoveri-

581 5350 690 5395 tate
721 5338 837 5394 sola
889 5345 1200 5404 contentus,
1246 5337 1680 5394 misericordiam
1701 5335 1988 5408 ,Dominus
2019 5336 2162 5394 Deus

580 5449 693 5508 non
722 5433 958 5500 vocavit,
982 5431 1391 5503 praecipuecum
1414 5445 1524 5485 non
1547 5429 1722 5486 solum
1748 5429 2034 5498 aequalem,
2066 5429 2161 5485 sed

579 5525 818 5596 priorem
838 5522 1270 5581 misericordiam
1288 5536 1410 5579 esse
1429 5520 1626 5577 debere
1649 5518 1928 5590 Scriptura
1960 5519 2161 5590 ubique

581 5618 1010 5676 commemorat?
1037 5616 1223 5689 Neque
1251 5615 1396 5673 enim
1429 5615 1691 5686 scriptum
1714 5621 1800 5669 est
1827 5631 1840 5668 :
1868 5611 2082 5668 Veritas
2106 5620 2161 5667 et

579 5711 978 5780 misericordia,
1017 5711 1112 5768 sed
1139 5710 1516 5767 misericordia
1559 5718 1614 5764 et
1641 5707 1864 5773 veritas,
1890 5706 2159 5760 universa:

580 5803 681 5862 vim
730 5803 966 5861 Domini.
995 5802 1180 5870 Quare
1231 5817 1360 5874 ergo
1409 5816 1531 5874 quae
1560 5801 1738 5871 prima
1779 5813 1902 5852 esse
1944 5797 2152 5863 debuit,

2267 4603 2384 4658 tieri
2412 4618 2519 4657 non
2567 4612 2816 4674 possunt.
2871 4601 3161 4672 Propterea
3209 4610 3305 4652 nec
3344 4576 3545 4660 θεονίιυί

2265 4695 2415 4767 pacis
2445 4711 2589 4761 sum,
2617 4695 2910 4765 compellar
2949 4695 3258 4749 societatem
3301 4686 3504 4738 vestram

2264 4804 2344 4853 re,
2378 4802 2600 4843 necesse
2625 4795 2711 4842 est
2742 4794 2802 4840 ut
2823 4801 2920 4842 vos
2951 4784 3212 4842 studeatis
3231 4775 3460 4841 utrinque
3479 4749 3692 4879 venitis}:

2265 4880 2500 4934 luntates
2557 4879 2625 4934 ad
2679 4893 2848 4932 unum
2905 4889 3228 4934 consensum
3276 4835 3689 4967 ἱηςΙξηπθᾈῖἕηᾘ

2262 4972 2464 5026 veritas
2509 4971 2790 5040 respondit
2839 4986 2898 5025 se
2947 4969 3132 5024 minus
3163 4953 3476 5056 laudabiltiﬂb

2262 5061 2494 5116 inultum
2542 5062 2902 5130 relinquatur.
2954 5050 3312 5114 Misericordia
3341 5026 3685 5146 .tii‘iisfnlfllt‘tlt:

2261 5152 2572 5219 amabilem,
2601 5152 2649 5207 si
2692 5105 2800 5205 non
2842 5159 3013 5204 totum
3063 5143 3288 5220 gratuita
3319 5105 3688 5236 Ρίθωίξ

2261 5245 2414 5302 Tunc
2443 5245 2607 5313 Deus,
2655 5245 2701 5300 si
2739 5245 2936 5299 vellent
2970 5244 3162 5308 ambae,
3194 5209 3684 5335 ίιιιθποϐεζηίξᾟᾝ

2259 5339 2494 5394 luntates
2523 5338 2578 5392 in
2603 5337 2722 5408 ejus
2758 5336 2986 5391 arbitrio
3026 5345 3240 5406 ponere,
3266 5332 3315 5379 εί
3355 5305 3685 5436 αυῗΐτὲρςθοᾝ

2258 5429 2590 5486 discerneret
2662 5428 2780 5482 sine
2847 5404 3265 5481 contradictione
3325 5404 3682 5515 ,ουιιξξξξξῃηὲδᾶ

2259 5529 2488 5590 utraque
2533 5520 2856 5590 inquantum
2904 5515 3022 5572 ﬁeri
3069 5511 3254 5586 possit.
3297 5500 3402 5556 Siue

2258 5571 2498 5668 nominis
2543 5571 2626 5668 eti
2645 5610 2925 5682 dignitatis
2966 5625 3080 5664 sua:
3113 5595 3435 5712 concedent“:

2258 5723 2470 5778 aequum
2497 5706 2601 5761 sibi
2630 5670 2799 5762 vid'eri
2835 5713 2896 5758 ιιι
2926 5711 3198 5774 peccatum
3230 5676 3436 5747 heroinis
3457 5670 3657 5778 igni

2259 5735 2470 5778 τιμιυιιι
2497 5735 2601 5761 alus
2634 5735 2799 5762 uucu
2837 5735 2896 5758 υι
2926 5735 3198 5774 Fuﬁum.
3230 5735 3354 5747 ..-νη
3542 5749 3596 5797 {cf
3617 5735 3659 5781 ω

2258 5809 2476 5873 Propter
2501 5799 2785 5855 veritatem
2816 5797 3096 5868 puniatur,
3123 5802 3173 5849 et
3200 5801 3258 5842 ex
3281 5780 3412 5852 parte
3435 5765 3539 5832 pro?
