3950 6380
159 411 334 469 4041

1126 403 1702 462 DEFLORATIONES
1738 403 1839 460 SS.
1881 401 2187 460 PATltUM.
2227 434 2302 446 -—
2337 403 2464 460 LlB.
2508 403 2570 460 ll.

3324 412 3464 470 1οη

171 527 557 586 sericordiam
582 527 903 583 dimittatur.
942 524 1000 580 ln
1029 525 1132 580 hoc
1159 540 1309 596 ergo,
1355 523 1620 578 ambabus
1648 537 1781 577 coo-
1812 524 1858 580 Α
1885 523 2026 575 enim
2079 530 2354 576 terrenum
2394 522 2565 592 perit;
2607 534 2792 580 manet
2831 533 2956 581 ante
3007 536 3308 598 erogatum.
3359 527 3462 588 Diu

173 619 584 682 sentientibus,
611 619 812 673 veritas
833 616 1032 686 adjecit
1054 615 1262 681 dicens,
1289 615 1498 684 justum
1532 629 1675 676 esse,
1724 621 1784 666 ut

173 713 343 766 sicut
373 711 524 781 prius
572 709 945 765 misericordia
1001 724 1126 764 cum
1166 707 1388 764 homine
1434 707 1554 772 fuit,
1583 715 1636 761 et
1666 707 1782 775 ipsa

175 803 242 857 in
279 805 426 859 cmlo
454 803 774 873 permansit,
824 803 898 857 ita
929 819 1075 858 nunc
1105 803 1220 872 ipsa
1253 801 1306 856 in
1351 808 1492 854 terra
1524 815 1648 854 cum
1681 800 1782 853 ho-

174 895 348 949 mine
397 903 734 964 permaneat,
769 903 824 948 et
853 892 1227 948 misericordia
1273 906 1398 946 cum
1448 889 1557 943 Deo
1585 890 1782 944 coelum

175 985 553 1040 conscendat.
588 983 860 1056 Scriptum
892 994 974 1041 est
1003 985 1170 1052 enim,
1203 985 1278 1038 ait
1311 1001 1324 1038 :
1363 1002 1380 1034 ι
1410 980 1783 1038 Misericordia

175 1085 240 1131 et
273 1078 478 1131 veritas
503 1078 806 1146 praecedent
842 1076 1034 1132 faciem
1067 1085 1216 1131 tuam
1251 1073 1426 1143 (Paul.
1455 1074 1776 1144 Lxxxvm).i

179 1166 246 1220 Si
286 1183 422 1238 ergo
462 1167 840 1224 misericordia
873 1167 1168 1238 praecessit,
1199 1174 1254 1221 et
1281 1166 1484 1221 veritas
1531 1181 1785 1235 perman-

175 1255 284 1322 sit,
314 1259 526 1326 justum
574 1275 694 1312 esse
741 1267 800 1312 ut
837 1272 982 1314 nunc
1026 1257 1402 1313 misericordia
1459 1265 1698 1322 maneat,
1730 1265 1785 1311 et

176 1350 400 1404 veritas
435 1351 718 1419 przecedat.
751 1347 903 1406 Tunc
935 1349 1308 1406 misericordia
1353 1364 1552 1420 rogans
1590 1349 1787 1404 verita-

181 1450 303 1494 tem
366 1457 661 1495 memorem
719 1457 840 1496 esse
885 1441 1192 1497 communis
1239 1442 1404 1512 pacti,
1459 1442 1665 1497 scilicet
1716 1457 1784 1496 ne

177 1533 500 1602 quidquam
535 1533 676 1588 ultra
707 1549 1030 1589 concessum
1058 1542 1247 1588 contra
1273 1535 1550 1588 hominem
1591 1533 1784 1589 molia-

181 1635 305 1692 tur,
341 1642 462 1680 cum
494 1625 725 1680 Domino
773 1626 1036 1681 ascendit.
1072 1625 1290 1682 Veritas
1339 1635 1519 1680 autem
1571 1626 1782 1682 intrans

178 1730 288 1771 cor
320 1715 579 1783 hominis,
614 1717 819 1770 invenit
855 1715 926 1771 ibi
952 1715 1136 1770 omnia
1175 1716 1337 1780 mala,
1383 1725 1437 1770 et
1465 1716 1626 1787 digna
1659 1733 1782 1786 pm-

182 1811 302 1876 nis,
334 1821 387 1865 ct
413 1811 651 1865 clamare
674 1809 839 1887 ccepi}
868 1810 935 1864 de
967 1817 1132 1875 terra,
1178 1808 1455 1864 hominem
1489 1825 1776 1887 accusans.

180 1902 569 1960 Misericordia
618 1917 744 1957 vero
777 1883 882 1956 non
914 1901 1208 1957 desistebat
1231 1901 1283 1955 in
1316 1902 1456 1956 curio
1491 1883 1779 1956 Dominum

177 2009 357 2050 orare
389 2009 487 2064 pro
520 1995 740 2049 homine
771 1993 1078 2064 postulans.
1103 1991 1279 2050 Hoino
1317 1993 1369 2047 in
1394 2003 1536 2048 terra
1562 2009 1658 2063 per
1685 2009 1781 2048 ve-

183 2085 410 2140 ritatem
445 2086 779 2152 stimulatus,
815 2100 1072 2155 peccasse
1121 2086 1500 2148 confitebatur.
1543 2096 1596 2141 et
1639 2086 1780 2144 Deus

183 2185 246 2240 in
273 2186 417 2241 ccelo
449 2201 545 2255 per
573 2184 1005 2240 misericordiam
1033 2185 1215 2241 'ﬂexus
1245 2185 1525 2240 confitenti
1556 2186 1782 2240 misere-

186 2277 377 2332 batur.
398 2275 573 2331 iiomo
590 2274 988 2330 confessionem
1021 2276 1090 2331 ad
1119 2278 1347 2332 salutem
1379 2277 1654 2346 propriam
1687 2293 1780 2332 ore

187 2366 450 2432 faciebat,
494 2376 548 2421 et
597 2365 969 2421 misericordia
1014 2367 1266 2436 precibus
1315 2367 1431 2423 suis
1486 2367 1777 2421 Dominum

185 2458 258 2513 ad
300 2457 749 2527 justilicationem
790 2457 1028 2512 hominis
1062 2459 1438 2527 compellebat.
1473 2457 1686 2512 Veritas
1712 2458 1780 2513 de

187 2559 337 2604 terra
365 2566 460 2620 per
491 2550 893 2606 confessionem
925 2550 1166 2605 hominis
1203 2551 1500 2617 oriebatur,
1535 2552 1776 2622 etjusti-

189 2644 266 2697 tia
293 2642 362 2698 de
398 2643 538 2699 cmio
569 2645 928 2714 prospiciens,
970 2660 1064 2714 per
1114 2645 1544 2700 miscricordiam
1586 2645 1677 2700 Dei
1708 2646 1775 2701 ad

190 2745 368 2791 terras
406 2736 742 2791 mittebatur.
787 2735 1002 2792 Veritas
1031 2737 1168 2792 dixit
1219 2738 1370 2807 prius
1415 2738 1774 2806 puniendum,

189 2829 286 2896 qui
321 2828 474 2896 prius
524 2830 726 2882 malum
759 2829 990 2897 fecerat;
1025 2831 1398 2886 misericordia
1426 2830 1563 2885 dixit
1588 2839 1775 2902 postea

189 2917 545 2988 iustificatam
597 2921 953 2987 salvandum,
996 2923 1089 2992 qui
1132 2931 1186 2977 et
1216 2923 1418 2977 malum
1471 2924 1778 2979 confitendo

193 3010 331 3064 bene
357 3009 578 3066 fecerat.
613 3011 717 3068 Per
741 3014 1025 3068 veritatem
1052 3015 1437 3079 accusabatur,
1467 3024 1521 3070 et
1545 3031 1641 3085 per
1675 3017 1778 3070 mi-

193 3103 546 3159 sericordiam
593 3116 814 3176 propter
847 3105 1130 3160 veritatem
1172 3105 1600 3176 jaailieabatur,
1646 3107 1776 3178 quia

193 3195 394 3250 veritas
421 3196 486 3251 de
516 3206 658 3252 terra
689 3207 808 3253 orta
839 3207 942 3264 est,
975 3207 1028 3253 et
1046 3181 1258 3268 justiiia
1289 3199 1356 3254 de
1389 3199 1527 3254 coelo
1555 3216 1778 3271 prospe-

196 3286 292 3340 xit.
326 3285 463 3352 Quia
517 3303 646 3358 ergo
685 3289 1061 3344 misericordia
1095 3305 1218 3344 cum
1266 3289 1375 3343 Deo
1411 3305 1510 3359 pro
1554 3291 1777 3344 homine

196 3386 333 3445 erat,
375 3387 430 3433 et
461 3380 673 3449 justitia
706 3389 761 3434 et
790 3379 991 3435 veritas
1019 3397 1049 3435 a
1081 3379 1191 3436 Deo
1223 3397 1346 3436 cum
1395 3381 1615 3439 homine
1639 3391 1776 3456 erat,

193 3467 306 3541 jam
356 3471 497 3525 inter
522 3471 693 3526 Deum
739 3482 793 3526 et
822 3472 1096 3529 hominem
1130 3489 1227 3546 pro
1266 3473 1475 3546 justitia
1505 3493 1606 3546 pax
1639 3486 1776 3541 erat,

196 3574 250 3620 et
272 3563 514 3623 ascendit
554 3564 766 3638 justilia
831 3565 898 3622 ad
955 3568 1124 3623 Deum
1180 3569 1248 3623 ah
1296 3569 1536 3636 homine,
1591 3586 1778 3639 pacem

199 3662 514 3734 postulans;
557 3670 611 3716 ct
663 3661 948 3716 descendit
1011 3676 1113 3730 pax
1147 3677 1176 3715 a
1209 3659 1320 3715 Deo
1364 3661 1431 3715 ad
1480 3662 1777 3728 hominem,

195 3755 463 3829 justitiam
510 3755 843 3824 amplectens
889 3762 944 3809 et
973 3754 1251 3809 osculans.
1279 3753 1435 3808 Tunc
1463 3753 1539 3808 ait
1562 3754 1774 3824 justitia

201 3849 266 3904 ad
294 3863 480 3919 pacem
513 3866 526 3902 :
555 3845 814 3917 Nunquid
863 3845 1074 3916 optimo
1119 3845 1256 3900 satis
1297 3854 1380 3900 est
1412 3846 1553 3900 mala
1595 3845 1781 3899 dimit-

201 3952 329 4005 tere,
380 3937 486 3994 nisi
543 3938 708 3995 etiam
761 3937 978 3993 studeat
1027 3937 1170 3992 bona
1216 3936 1502 3992 conferre?
1553 3937 1782 3994 Laxavit

203 4041 417 4104 peccata
445 4049 540 4103 per
563 4031 977 4102 indulgentiam,
1007 4046 1154 4086 nunc
1179 4029 1425 4086 conferat
1445 4031 1587 4086 dona
1612 4031 1782 4086 virtu-

203 4135 311 4180 tum
341 4139 437 4194 per
463 4123 715 4195 gratiam.
741 4121 1045 4193 Respondit
1071 4137 1197 4192 pax,
1221 4131 1275 4176 et
1307 4122 1445 4177 dixit
1470 4139 1482 4174 :
1519 4121 1782 4200 llominus

203 4217 347 4272 dabit
394 4216 804 4287 benignitatem,
837 4223 893 4271 et
935 4224 1077 4270 terra
1127 4224 1314 4271 nostra
1351 4215 1498 4271 dabit
1541 4215 1778 4271 fructum

205 4326 357 4366 suum
385 4309 559 4381 (Psal.
595 4309 838 4379 Lxxxiv).
871 4327 888 4360 ι
925 4306 1080 4364 Nunc
1108 4317 1290 4364 autem
1322 4309 1540 4364 interim
1567 4328 1586 4360 ‹
1612 4309 1779 4379 justi-

209 4403 276 4457 tia
309 4411 434 4456 ante
475 4417 600 4456 eum
652 4401 974 4468 ambulabit,
1024 4412 1078 4457 et
1118 4410 1283 4472 ponet
1318 4401 1374 4456 in
1426 4401 1512 4456 via
1559 4417 1781 4472 gressus

209 4507 331 4548 suos
361 4492 562 4563 (ibid.).
598 4513 617 4546 ι
653 4491 809 4560 Quod
833 4493 1061 4548 audiens
1083 4493 1294 4564 justitia
1323 4509 1664 4564 praecurrens
1693 4511 1782 4550 re-

1883 613 2028 666 enim
2082 629 2205 668 cum
2244 614 2408 668 rebus
2465 614 2670 670 nostris
2723 615 2924 671 durare
2972 632 3079 671 non
3134 633 3459 688 possumus,

1881 702 2011 772 quia
2055 711 2150 757 aut
2191 720 2292 758 nos
2317 703 2438 759 illas
2469 704 2754 761 moriendo
2781 706 3106 775 deserimus,
3132 719 3226 764 aut
3257 710 3344 764 ille
3362 725 3462 768 nos
3491 751 3496 756 -

1883 794 2130 850 viventes
2154 796 2418 850 deserunt
2441 813 2538 867 per
2559 796 2877 855 diversitate
2899 817 3050 856 usus.
3083 801 3188 855 Alii
3207 802 3272 856 de
3297 803 3462 858 rebus
3485 825 3490 828 ·

1885 887 2180 942 mundanis
2218 897 2487 958 pereunt,
2553 906 2692 960 quas
2750 892 3002 962 cupidius
3059 894 3278 964 rapiunt
3321 914 3334 949 :
3369 895 3461 951 alii

1885 996 2017 1036 vero
2049 982 2328 1036 salvantur
2348 1021 2363 1046 ,
2395 981 2524 1036 dum
2565 982 2618 1035 in
2646 997 2838 1037 earum
2874 985 3276 1054 pulchritudine
3313 987 3462 1042 Con-

1884 1073 2077 1129 ditoris
2126 1073 2549 1143 pulcherrimam
2603 1075 2998 1144 providentiam
3031 1077 3312 1134 laudantes
3353 1079 3460 1133 mi-

1885 1171 2078 1217 rantur
2098 1203 2114 1229 ,
2159 1162 2243 1216 vel
2273 1163 2403 1216 dum
2431 1177 2528 1232 per
2566 1163 2956 1220 misericordia:
2983 1181 3121 1237 Opus
3149 1184 3216 1222 ex
3244 1168 3326 1224 eis
3343 1183 3458 1224 coe-

1889 1254 2046 1308 lestia
2071 1254 2215 1308 bona
2250 1262 2550 1309 merentur.
2596 1253 2968 1312 Misericordia
3004 1273 3033 1311 a
3080 1258 3460 1328 compatiendo

1884 1347 2074 1401 alienae
2101 1345 2336 1402 miseria:
2363 1347 2688 1410 vocabulum
2717 1350 2912 1414 sortita,
2931 1359 3032 1405 est.
3064 1349 3255 1407 Nullus
3279 1362 3460 1410 autem

1883 1439 1938 1492 in
1967 1438 2144 1494 alieno
2172 1439 2486 1494 misericors
2514 1456 2636 1496 esse
2665 1449 2842 1510 potest
2867 1483 2882 1508 ,
2913 1444 3154 1512 quandiu
3187 1461 3350 1514 prave
3379 1448 3462 1503 vi-

1885 1529 2084 1596 vendo,
2117 1528 2174 1583 in
2199 1545 2256 1585 se
2279 1530 2591 1587 misericors
2629 1547 2736 1586 non
2765 1541 2871 1588 est.
2922 1532 3025 1599 Qui
3066 1534 3210 1589 enim
3237 1537 3340 1592 sibi
3368 1554 3464 1598 ne:

1883 1637 2048 1690 quam
2103 1629 2226 1690 est,
2267 1623 2355 1677 cui
2387 1622 2565 1678 bonus
2593 1624 2722 1680 est?
2767 1622 2926 1679 Nulla
2977 1626 3182 1681 scelera
3225 1628 3460 1683 eleemoo

1883 1713 2034 1785 synis
2084 1728 2246 1782 posse
2301 1715 2537 1782 redimi,
2579 1716 2624 1770 si
2675 1715 2730 1770 in
2787 1718 3024 1786 peccatis
3073 1719 3306 1790 quisque
3349 1736 3464 1790 pero

1885 1803 2169 1858 manserit.
2197 1801 2351 1858 Tunc
2373 1815 2554 1860 autem
2583 1805 3052 1876 eleemosynarum
3078 1807 3256 1863 fructu
3283 1810 3464 1864 indul-

1886 1894 2123 1964 gentiam
2154 1895 2491 1962 conceditur,
2521 1896 2741 1965 quando
2776 1897 2845 1951 ab
2877 1897 3143 1952 scelerum
3177 1915 3341 1969 opere
3373 1901 3464 1958 de-

1886 1985 2106 2040 sinitur.
2147 1984 2351 2040 Verum
2389 1996 2474 2042 est
2500 1988 2630 2058 quia
2665 1995 2887 2057 peccata
2931 1988 3114 2044 omnia
3145 1991 3460 2047 misericor-

1884 2079 1988 2134 dia:
2036 2079 2294 2149 operibus
2319 2089 2707 2150 expurgentur,
2755 2079 2849 2135 sed
2896 2080 2941 2135 si
2969 2080 3081 2151 jam
3113 2091 3302 2137 caveat
3333 2099 3461 2153 pec—

1883 2186 2010 2226 care
2035 2171 2128 2241 qui
2152 2171 2585 2226 misericordiam
2622 2172 2948 2241 impertitur.
2997 2174 3266 2230 Caeterum
3311 2177 3460 2233 nulla

1881 2272 1964 2318 est
1989 2262 2198 2318 delictis
2220 2263 2398 2329 venia,
2429 2262 2650 2333 quando
2686 2263 2767 2318 sic
2791 2263 3035 2333 procedit
3060 2265 3458 2336 misericordia,

1884 2368 1941 2410 ut
1981 2371 2101 2410 eam
2143 2364 2444 2426 sequantur
2499 2365 2741 2426 peccata.
2789 2354 2908 2412 Non
2967 2368 3052 2412 est
3091 2359 3458 2433 eleemosyna,

1881 2461 2004 2517 qua:
2027 2445 2213 2516 gloria:
2231 2445 2404 2515 magis
2438 2460 2628 2510 causa,
2655 2461 2820 2516 quam
2846 2447 3235 2505 misericordiae
3260 2449 3461 2522 imper-

1882 2543 2016 2597 titur
2047 2541 2272 2596 intuitu.
2304 2538 2466 2606 Quali
2497 2539 2644 2593 enim
2670 2539 2972 2595 intentione
3019 2541 3088 2596 ab
3127 2558 3461 2616 unoquoque

1881 2633 2111 2705 largitur
2143 2632 2324 2686 taliter
2347 2639 2402 2686 et
2423 2630 2564 2701 apud
2603 2629 2774 2684 Deum
2817 2631 3101 2700 recipitur.
3161 2633 3266 2700 Qui
3313 2635 3460 2692 enim

1881 2729 1970 2784 hic
2001 2729 2068 2783 de
2097 2727 2242 2782 bono
2268 2742 2432 2798 opere
2457 2725 2672 2781 laudem
2697 2735 3016 2796 praesentem
3043 2725 3266 2796 appetit,
3308 2742 3460 2798 spem

1880 2821 2077 2891 perdit,
2093 2831 2145 2876 et
2159 2820 2386 2893 gloriam
2406 2819 2672 2876 mercedis
2691 2819 2746 2874 in
2764 2817 2949 2874 futuro
2969 2835 3078 2874 non
3095 2820 3305 2890 recipit.
3319 2819 3462 2877 Dum

1879 2914 2025 2969 enim
2057 2930 2222 2970 causa
2264 2913 2542 2984 jactantiae
2581 2927 2788 2983 pauper
2804 2913 3066 2982 pascitur,
3090 2913 3253 2968 etiam
3278 2914 3462 2984 ipsum

1880 3003 2269 3060 misericordia:
2295 3018 2432 3074 opus
2462 3003 2516 3057 in
2537 3011 2817 3072 peccatum
2851 3004 3138 3058 convertit.
3185 3002 3460 3060 lntantum

1883 3097 2356 3170 eleemosynarum
2384 3111 2550 3168 opera
2578 3104 2803 3164 peccata
2844 3096 3200 3168 exstinguunt
3224 3139 3239 3164 ,
3297 3107 3462 3168 atque

1882 3194 2149 3248 intantum
2167 3193 2232 3248 ad
2251 3209 2475 3265 regnum
2494 3193 2663 3249 futuri
2688 3194 2870 3250 saeculi
2893 3195 3202 3265 perficiunt,
3222 3207 3278 3251 ut
3293 3197 3459 3250 etiam

1879 3287 2044 3356 judex
2077 3287 2316 3343 cmlestis
2343 3287 2397 3342 in
2440 3287 2648 3357 judicio
2677 3286 2864 3343 futuro
2907 3287 3152 3356 veniens,
3186 3289 3240 3344 in
3269 3289 3460 3344 dextra

1881 3379 2314 3438 consistentibus
2350 3380 2540 3438 dicat:
2590 3399 2608 3433 ι
2646 3377 2864 3437 Esurivi
2887 3425 2902 3450 ,
2961 3391 3016 3437 et
3052 3383 3278 3438 dedistis
3324 3382 3460 3439 mihi

1883 3473 2253 3540 manducare;
2291 3473 2458 3542 sitivi,
2493 3483 2549 3530 et
2575 3475 2800 3532 dedistis
2835 3475 2968 3529 mihi
2995 3473 3220 3540 bibere;
3255 3474 3454 3544 hospes

1881 3583 2054 3635 eram,
2078 3577 2132 3623 et
2160 3568 2454 3639 Collegistis
2483 3584 2569 3623 me
2594 3587 2610 3636 ;
2650 3568 2854 3635 nudus,
2899 3577 2954 3623 et
2982 3567 3342 3638 cooperuistis
3371 3581 3460 3622 me

1883 3657 2104 3728 (Matth.
2139 3659 2290 3730 xxv).
2323 3678 2342 3710 ι
2360 3657 2571 3725 Quibus
2598 3658 2763 3714 etiam
2787 3659 2923 3716 bene
2945 3657 3215 3729 promittit
3239 3657 3456 3713 dicens:

1887 3769 1906 3803 ι
1933 3749 2142 3818 Venite,
2161 3751 2427 3807 benedicti
2451 3749 2627 3807 Patris
2649 3752 2776 3815 mei,
2803 3751 3059 3821 percipite
3085 3757 3338 3821 paratum
3363 3764 3461 3806 vos

1883 3843 1968 3898 bis
1998 3859 2225 3914 regnum
2262 3842 2464 3912 (ibid.).
2511 3862 2530 3894 ι
2579 3840 2676 3896 His
2699 3850 2881 3896 autem
2913 3858 3054 3912 quos
3086 3843 3232 3897 nulla
3260 3857 3462 3913 praece-

1881 3935 2065 3993 dentia
2096 3935 2564 4004 eleemosynarum
2593 3931 2734 3988 facta
2781 3946 3111 4003 sequuntur,
3159 3934 3460 4004 mterniju-

1883 4028 2024 4084 dicis
2059 4042 2192 4081 voce
2220 4025 2300 4081 sic
2335 4025 2577 4082 dicitur:
2617 4043 2636 4075 ι
2671 4024 2922 4092 Esurivi,
2967 4035 3022 4080 et
3073 4041 3182 4080 non
3233 4026 3460 4081 dedistis

1883 4119 2019 4176 mihi
2069 4117 2427 4182 manducare,
2456 4125 2562 4172 etc.
2593 4115 2772 4187 (ibid.)
2810 4135 2828 4168 ι
2853 4115 3065 4182 Quibus
3110 4116 3256 4186 juste
3281 4115 3414 4171 dicit
3442 4134 3456 4170 :

1889 4231 1908 4264 ι
1948 4207 2218 4266 Discedite
2243 4225 2274 4264 a
2309 4224 2431 4275 me,
2470 4207 2785 4275 maledicti,
2835 4207 2889 4262 in
2939 4207 3119 4278 ignem
3172 4217 3458 4275 mternum,

1883 4304 1976 4376 qui
2011 4312 2235 4374 paratus
2263 4311 2347 4358 est
2366 4301 2585 4357 diabolo
2606 4308 2660 4356 et
2685 4299 2894 4371 angelis
2912 4299 3033 4369 ejus
3063 4299 3261 4370 (ibid.).
3299 4320 3318 4353 ι
3338 4299 3458 4355 Non

1884 4399 2060 4453 solum
2116 4397 2302 4466 itaque
2369 4395 2463 4466 qui
2513 4393 2777 4450 esurienti
2833 4401 2889 4448 ct
2940 4391 3146 4448 sitienti
3194 4401 3250 4447 et
3310 4393 3460 4449 nudo

1885 4488 2210 4546 beneficium
2257 4487 2528 4559 largitatis
2575 4487 2878 4558 impendit,
2920 4485 3006 4540 vel
3049 4486 3095 4540 si
3127 4485 3256 4556 quid
3313 4485 3460 4540 aliud

209 4600 356 4641 versa
403 4594 488 4642 est
535 4586 602 4641 ad
651 4585 953 4653 hominem,
1009 4595 1070 4642 ut
1124 4588 1193 4642 ab
1227 4603 1293 4644 eo
1354 4603 1463 4642 non
1513 4589 1778 4656 discedat,
1813 4614 1858 4669 ι)
1888 4583 2152 4654 indigenti
2192 4582 2458 4652 largitur,
2509 4581 2604 4636 sed
2631 4591 2686 4636 et
2713 4580 2806 4651 qui
2845 4571 3127 4636 inimicum
3152 4577 3328 4650 diligit
3369 4587 3464 4634 :et

209 4676 372 4735 donec
394 4677 656 4734 Dominus
678 4688 844 4750 ponat
874 4679 928 4733 in
953 4679 1038 4734 via
1070 4695 1290 4750 gressus
1319 4697 1472 4749 suos,
1499 4691 1552 4737 et
1575 4682 1776 4738 veniat.

555 4814 630 4869 De
661 4814 990 4870 amatoribus
1027 4816 1422 4872 misericordiar.

277 4949 521 5005 Graviter
549 4949 604 5004 in
629 4949 802 5005 Deum
831 4949 1179 5021 delinquunt,
1217 4953 1311 5022 qui
1358 4953 1577 5009 divitias
1607 4971 1638 5009 a
1671 4954 1782 5010 Deo

213 5059 512 5108 concessas,
559 5058 669 5098 non
703 5043 758 5097 in
790 5043 954 5099 rebus
1000 5043 1353 5109 salutaribus,
1385 5049 1480 5101 sed
1503 5047 1558 5100 in
1590 5048 1782 5103 usibus

214 5136 385 5206 pravis
401 5143 647 5190 utuntur.
668 5133 934 5189 Nesciunt
954 5136 1100 5189 enim
1127 5135 1406 5206 impartire
1429 5139 1780 5208 pauperibus,

215 5228 478 5298 oppressis
525 5227 819 5282 subvenire
857 5227 1194 5297 despiciunt,
1223 5237 1277 5282 et
1325 5228 1450 5284 inde
1485 5231 1658 5302 magis
1683 5248 1782 5286 auo

217 5329 330 5390 gent
361 5320 579 5386 delicta,
617 5320 760 5375 unde
785 5320 1054 5375 redimere
1087 5321 1405 5376 debuerant.
1431 5320 1544 5378 lloc
1568 5331 1780 5379 tantum

218 5410 405 5467 bonum
434 5413 596 5468 habet
630 5415 909 5484 possessio
932 5412 1282 5484 praesentium
1309 5428 1513 5483 rerum,
1538 5416 1584 5470 si
1614 5415 1782 5470 vitam

219 5503 415 5559 reficiat
445 5505 795 5561 miserorum.
829 5504 1058 5577 Propter
1083 5506 1186 5560 hoc
1219 5506 1445 5562 tentatio
1478 5516 1563 5562 est
1593 5508 1782 5563 mundi

222 5595 442 5662 lucrum,
473 5606 734 5668 tantoque
757 5598 964 5668 majora
983 5598 1246 5668 supplicia
1267 5599 1318 5652 in
1347 5597 1532 5652 futuro
1554 5598 1780 5668 dabunt,

221 5697 411 5760 quanto
436 5699 491 5744 et
518 5689 634 5760 ipsa
659 5690 869 5758 majora
902 5697 1048 5744 sunt.
1074 5689 1330 5745 Potentes
1357 5689 1504 5744 enim
1535 5700 1784 5762 potenter

225 5789 477 5835 termenta
523 5782 805 5851 patiuntur
835 5779 986 5852 (Sap.
1030 5780 1127 5851 vi).
1162 5778 1400 5836 Terrena
1441 5783 1624 5838 omnia
1669 5798 1784 5837 ser—

223 5871 382 5927 vando
409 5873 732 5942 amittimus,
757 5873 1032 5946 largiendo
1058 5890 1360 5933 servamus.
1385 5873 1782 5932 Patrimonium

1886 4677 1979 4747 qui
2009 4675 2213 4746 lugenti
2258 4674 2511 4730 allectum
2553 4673 2950 4745 compassionis
2980 4683 3035 4729 et
3067 4672 3460 4730 consolationis

1883 4769 2160 4839 impertit,
2193 4777 2288 4822 aut
2332 4768 2384 4822 in
2442 4766 2775 4837 quibuslibet
2821 4765 3241 4822 necessitatibus
3283 4766 3463 4820 consi-

1883 4862 2017 4916 lium
2075 4860 2337 4927 adhibet,
2390 4861 2794 4930 cleemosynam
2850 4859 3040 4928 procul
3092 4858 3260 4914 dubio
3307 4856 3458 4914 facit.

1883 4951 2019 5007 Nam
2051 4963 2106 5008 et
2139 4952 2462 5022 disciplinae,
2487 4951 2571 5007 vel
2597 4949 2860 5006 doctrina:
2884 4949 3089 5004 bonum
3116 4949 3458 5022 eleemosyna

1883 5053 1988 5109 est,
2014 5051 2068 5097 et
2092 5044 2449 5112 eleemosyna:
2479 5041 2683 5096 carnali
2721 5041 3051 5096 eminentior
3088 5048 3190 5096 est.
3217 5039 3462 5107 Quicun-

1885 5156 1994 5210 que
2023 5153 2132 5193 non
2163 5152 2329 5208 egens
2354 5136 2564 5206 poscit,
2605 5152 2732 5190 cum
2764 5152 2823 5192 se
2852 5135 3184 5207 indigentem
3216 5135 3458 5201 simulet,

1883 5233 2046 5287 etiam
2077 5238 2192 5284 toto
2215 5228 2378 5284 corde
2401 5229 2476 5282 illi
2500 5229 2994 5284 commiserandum
3033 5238 3265 5300 Oportet.
3293 5228 3358 5282 Et
3390 5227 3460 5282 li-

1885 5331 1970 5379 cet
1996 5322 2084 5376 ille
2115 5319 2349 5376 fortasse
2373 5319 2562 5375 falsam
2609 5320 2900 5392 indigentis
2941 5322 3174 5390 speciem
3198 5320 3460 5390 proferat.

1884 5417 1932 5472 is
1976 5424 2154 5470 tamen
2182 5414 2276 5484 qui
2307 5413 2628 5482 simpliciter
2673 5413 2935 5482 impertit,
2968 5413 3206 5468 fructum
3233 5413 3476 5482 justitia-

1885 5523 1994 5563 non
2047 5507 2266 5562 amittit.
2319 5505 2581 5572 Quamvis
2628 5506 2918 5576 quisquam
2951 5504 3022 5558 sit
3052 5519 3240 5574 egens,
3277 5505 3462 5559 nullus

1885 5609 2067 5654 tamen
2100 5598 2243 5654 unde
2279 5598 2483 5654 tribuat
2513 5596 2796 5668 indigenti,
2826 5595 3233 5650 excusationem
3264 5594 3461 5661 inopia:

1884 5698 2065 5762 potest
2114 5690 2410 5746 obtendere
2435 5730 2450 5755 ,
2495 5688 2716 5760 quando
2739 5702 2804 5742 ex
2837 5694 3106 5756 praecepto
3159 5685 3460 5741 Salvatoris

1883 5785 2049 5839 etiam
2077 5782 2301 5839 calicem
2336 5796 2492 5851 aqua:
2529 5779 2735 5851 frigida:
2782 5777 3162 5848 praecipiantur
3197 5777 3461 5848 indigenti

1888 5877 2151 5946 praebere,
2175 5872 2308 5930 Nam
2344 5872 2388 5929 si
2435 5871 2580 5928 aliud
2614 5887 2720 5927 non
2773 5871 3053 5936 habentes,
3081 5869 3317 5942 idipsum
3363 5870 3464 5925 he-
