3948 6440
1638 418 1967 476 WERNERI
2005 420 2298 478 ADBATIS
2336 424 2395 480 S.
2438 420 2662 479 BLASll

504 423 644 481 1045
1638 423 1967 476 WERNERI
2005 423 2298 478 ABBATIS
2336 424 2395 480 S.
2438 423 2662 479 BLASII
3630 431 3753 492 ίομ

503 544 666 615 nigne
691 542 1016 608 tribuamus,
1046 537 1349 594 mercedem
1371 539 1562 609 procul
1586 539 1757 596 dubio
1785 556 1895 597 non
1924 542 2087 597 amit-
2116 550 2161 607 Α
2189 554 2527 600 meruerunt.
2554 541 2864 614 Hypocritze
2891 549 3072 597 autem
3096 541 3364 598 malitiam
3381 558 3539 598 suam
3560 551 3753 608 occulto

502 644 705 691 tamus.
744 635 1011 690 Caeterum
1043 632 1090 687 si
1119 631 1353 701 amplius
1384 644 1767 701 possumus,et
1788 642 2086 705 egestatem
2188 646 2429 706 agentes,
2464 642 2592 690 ante
2620 634 2810 689 oculos
2839 633 3125 689 hominum
3171 636 3411 706 quadam
3444 636 3750 699 innocentia

505 727 815 781 simulando
843 726 1025 781 minus
1049 725 1313 795 largimur
1334 766 1349 791 ,
1377 740 1488 779 non
1515 739 1761 795 egentem
1792 726 1884 781 sed
1917 725 2085 781 Deum

501 818 763 883 fallimus,
788 817 875 871 cui
907 815 1303 871 conscientiam
1337 825 1580 872 nostram
1605 816 1943 872 abscondere
1970 832 2084 872 non

498 924 816 980 possumus.
862 907 994 964 Duas
1028 916 1159 963 sunt
1206 910 1585 981 eleemosynm,
1618 925 1727 965 una
1756 911 2081 981 corporalis,

497 1003 678 1075 egenti
701 1002 833 1057 dare
855 1002 1121 1073 quidquid
1158 1002 1435 1073 potueris,
1479 1002 1645 1057 altera
1674 1002 1964 1073 spiritalis,
1997 1003 2083 1057 di-

499 1094 715 1149 mittere
745 1109 774 1148 a
806 1109 918 1165 quo
944 1094 1108 1149 laesus
1133 1095 1426 1150 exstiteris.
1478 1092 1682 1148 llarum
1715 1094 1891 1164 prima
1923 1094 2083 1148 adhi»

498 1185 672 1240 benda
710 1185 949 1253 miseris,
976 1185 1215 1241 secunda
1242 1186 1419 1241 malis.
1449 1184 1565 1239 Erit
1597 1201 1726 1256 ergo
1756 1186 1900 1256 quod
1933 1201 2080 1240 sem-

498 1292 595 1349 per
644 1278 947 1348 impertias,
991 1265 1102 1335 etsi
1149 1294 1257 1333 non
1290 1280 1599 1349 pecuniam,
1633 1279 1715 1335 vel
1764 1280 1993 1335 salutem
2028 1288 2083 1335 et

497 1370 750 1442 gratiam.
782 1367 942 1427 Nunc
973 1370 1077 1426 erit
1102 1371 1447 1443 eleemosyna
1473 1386 1596 1425 cum
1639 1386 1791 1425 mora
1827 1371 2080 1441 praeben—

497 1460 565 1517 da
592 1505 607 1529 ,
651 1477 720 1517 ne
745 1504 761 1529 ,
798 1462 1097 1518 comitante
1124 1462 1343 1517 tristitia
1364 1504 1378 1529 ,
1405 1477 1616 1518 merces
1653 1472 1837 1533 pereat
1858 1464 2080 1533 dispen-

498 1563 637 1609 sata.
670 1553 826 1609 Tunc
852 1565 1032 1610 autem
1056 1555 1194 1609 bene
1220 1553 1497 1619 tribuitur,
1522 1555 1744 1623 quando
1771 1570 1897 1609 cum
1923 1570 2082 1609 men—

499 1647 571 1700 tis
599 1645 873 1701 hilaritate
900 1646 1192 1716 prtebetur.
1229 1644 1383 1700 Unde
1415 1652 1469 1699 et
1503 1644 1835 1714 Apostolus:
1873 1664 1892 1697 ‹
1928 1644 2077 1699 Hila-

500 1753 611 1791 rem
638 1780 652 1803 ,
704 1738 912 1807 inquit,
960 1738 1207 1793 datorem
1239 1737 1417 1808 diligit
1463 1736 1607 1793 Deus
1641 1736 1731 1808 (II
1758 1736 1881 1791 Cor.
1916 1738 2013 1807 ιιι).
2054 1756 2073 1790 ι

498 1829 848 1885 Metuendum
886 1840 970 1886 est
1025 1830 1211 1901 itaque
1263 1845 1331 1885 ne
1380 1846 1588 1901 pauper
1636 1838 1731 1885 aut
1760 1846 1885 1885 cum
1921 1830 2078 1885 taedio

2185 726 2476 782 sanctitate
2503 740 2563 780 se
2598 724 2838 780 vestiunt
2887 732 2947 778 ut
2996 735 3345 780 venerentur.
3381 724 3595 792 Quibus
3627 730 3747 789 bene

2186 817 2369 872 divina
2391 832 2526 873 voce
2560 817 2765 872 dicitur
2802 833 2815 871 :
2862 834 2881 868 ‹
2912 815 3004 871 Va:
3044 818 3224 885 vobis,
3272 818 3602 889 hypocrita,
3635 825 3745 892 quia

2185 909 2396 966 similes
2430 908 2561 964 facti
2584 909 2719 964 estis
2748 909 3015 979 sepulcris
3036 909 3330 975 dealbatis,
3360 912 3456 980 qui
3484 910 3616 968 foris
3637 917 3742 984 qui-

2183 1001 2308 1055 dem
2334 1011 2598 1071 apparent
2629 1001 2948 1056 bominibus
2980 1002 3250 1071 speciosa,
3298 1003 3448 1057 intus
3482 1020 3606 1061 vero
3637 1019 3743 1064 sunt

2183 1092 2343 1162 plena
2366 1093 2584 1149 ossibus
2608 1104 2950 1149 mortuorum
2981 1092 3200 1157 (Matth.
3227 1098 3413 1164 nni),
3440 1115 3457 1147 ι
3489 1096 3560 1149 ita
3589 1106 3640 1151 et
3661 1114 3741 1156 vos

2184 1184 2322 1240 foris
2344 1186 2565 1255 quidem
2595 1185 2870 1255 apparetis
2911 1184 3228 1240 hominibus
3267 1185 3428 1256 justi,
3473 1186 3615 1242 intus
3635 1204 3741 1245 vero

2183 1277 2330 1347 pleni
2356 1279 2489 1332 estis
2507 1278 2740 1331 avaritia
2764 1286 2816 1331 et
2845 1277 3153 1347 iniquitate.
3176 1275 3486 1347 Dupliciter
3506 1279 3740 1335 damnan-

2181 1380 2273 1425 tur
2302 1370 2619 1441 hypocritze,
2655 1369 2770 1425 sive
2798 1385 2899 1439 pro
2932 1369 3150 1424 occulta
3176 1369 3487 1439 iniquitate,
3520 1371 3626 1426 sive
3656 1388 3738 1442 pro

2183 1471 2367 1533 aperta
2422 1460 2791 1516 simulatione.
2843 1459 2920 1514 Ex
2974 1461 3069 1515 illo
3134 1460 3282 1516 enim
3336 1461 3737 1518 condemnantur

2182 1555 2311 1624 quia
2356 1554 2529 1624 iniqui
2561 1561 2724 1619 sunt,
2754 1569 2820 1609 ex
2845 1553 2954 1609 isto
2977 1554 3106 1624 quia
3130 1554 3434 1608 ostendunt
3463 1555 3603 1623 quod
3645 1570 3735 1611 non

2183 1655 2330 1704 sunt.
2381 1646 2498 1701 Non
2536 1662 2753 1717 semper
2806 1647 2977 1701 latent
3025 1647 3345 1718 hypocritae,
3377 1647 3506 1716 quia
3559 1646 3650 1701 etsi
3690 1648 3734 1702 in

2182 1738 2452 1808 principio
2478 1738 2564 1793 sui
2592 1738 2812 1808 quidem
2845 1752 2953 1791 non
2976 1745 3184 1807 patent,
3216 1737 3373 1807 prius
3399 1747 3579 1791 tamen
3597 1752 3733 1807 quan

2182 1832 2291 1885 vita
2321 1847 2512 1886 eorum
2543 1830 2766 1885 finiatur
2789 1872 2805 1897 ,
2844 1846 3008 1901 quam
3043 1830 3305 1885 simulate
3332 1828 3570 1884 vixerint
3607 1830 3734 1885 dete-

499 1923 735 1993 accipiat
795 1923 977 1978 oblata
1004 1964 1018 1991 ,
1089 1932 1185 1977 aut
1243 1938 1312 1978 ne
1363 1923 1590 1977 omnino
1640 1923 2040 1993 praetermissus
2065 1964 2080 1989 ,
2112 1919 2155 1974 B
2186 1932 2407 1995 guntur.
2456 1922 2632 1978 Omne
2658 1924 2804 1978 enim
2832 1923 3108 1977 sincerum
3143 1931 3453 1993 permanet,
3507 1922 3594 1977 sed
3633 1936 3734 1993 quae

496 2030 738 2070 moerens
768 2015 1054 2085 tristisque
1095 2014 1334 2069 recedat.
1367 2013 1443 2069 De
1479 2014 1686 2084 rapinis
1716 2013 1908 2068 alienis
1934 2013 2077 2068 eice-

495 2122 782 2180 mosynam
814 2106 1012 2173 facere,
1036 2121 1144 2161 non
1173 2116 1259 2162 est
1286 2105 1522 2161 oliicium
1548 2105 1939 2173 miserationis,
1973 2104 2079 2160 sci-

494 2199 620 2253 licet
675 2199 1110 2253 emolumentum
1145 2198 1388 2253 sceleris.
1441 2196 1597 2253 Unde
1650 2206 1704 2252 et
1765 2197 2073 2252 Salomon:

499 2310 521 2342 ι
556 2289 662 2358 Qui
697 2291 875 2357 olfert,
909 2291 1107 2361 inquit,
1139 2290 1470 2345 sacriticium
1519 2290 1588 2345 de
1630 2290 1821 2360 rapina
1872 2303 2078 2359 paupe-

492 2397 620 2437 rum
649 2425 664 2450 ,
702 2392 965 2454 tanquam
996 2383 1040 2438 si
1072 2383 1198 2453 quis
1226 2383 1468 2438 victimet
1496 2382 1666 2437 [ilium
1692 2383 1745 2436 in
1778 2390 2076 2452 conspectu

495 2474 674 2544 patris
714 2475 799 2529 sui
830 2474 1027 2545 (Eccli.
1071 2476 1295 2545 XXXIV).~
1320 2494 1337 2527 ι
1364 2474 1469 2540 Qui
1500 2475 1645 2529 enim
1678 2474 1878 2545 injuste
1913 2473 2074 2540 tollit,

486 2567 637 2637 juste
662 2583 941 2637 nunquam
985 2567 1303 2635 distribuit,
1347 2583 1448 2622 nec
1480 2567 1620 2622 bene
1664 2567 1819 2621 alteri
1874 2568 2077 2637 praebet

494 2657 641 2727 quod
670 2658 739 2712 ab
761 2658 870 2711 alio
896 2658 1038 2713 male
1060 2646 1373 2727 extorquet.
1400 2656 1655 2728 Magnum
1674 2659 1851 2714 scelus
1878 2667 1961 2714 est
1988 2674 2077 2712 res

495 2764 796 2820 pauperum
828 2759 1090 2822 praestare
1134 2749 1420 2817 divitibus,
1458 2759 1514 2806 et
1552 2751 1619 2806 de
1650 2751 1959 2821 sumptibus
1989 2750 2076 2804 in-

493 2857 659 2912 opum
706 2842 989 2913 acquirere
1037 2840 1252 2898 favores
1302 2851 1614 2912 potentum;
1666 2842 1869 2897 arentis
1920 2852 2076 2897 terra:

494 2924 695 3005 aquam
722 2934 930 3001 tollere,
949 2943 1003 2989 et
1024 2934 1249 2988 flumina
1272 2949 1394 3003 qua:
1421 2949 1528 2989 non
1556 2934 1795 3005 indigent
1824 2935 2071 3005 irrigare.

492 3024 896 3097 Nonnunquam
924 3026 1146 3098 largitas
1167 3025 1395 3080 divitum
1424 3025 1656 3095 praedica
1677 3068 1691 3092 ,
1737 3042 1843 3080 non
1872 3025 1939 3080 ad
1964 3026 2075 3080 uti~

491 3120 722 3186 litatem,
755 3120 849 3175 sed
888 3119 956 3175 ad
998 3119 1289 3174 elationem
1318 3118 1634 3173 effunditur.
1672 3118 2076 3188 Comparantur

492 3212 794 3285 hypocritis
820 3253 835 3279 ,
876 3213 970 3283 qui
1009 3228 1117 3268 non
1176 3212 1243 3267 ad
1289 3212 1707 3267 aediﬁcationem
1747 3212 1945 3267 docent
1975 3227 2073 3265 au-

2179 2015 2436 2072 simulata
2479 2024 2627 2079 sunt,
2654 2013 2914 2069 diuturna
2945 2029 3067 2069 esse
3103 2028 3215 2067 non
3248 2020 3506 2083 possunt.
3536 2010 3639 2067 Non
3662 2026 3736 2066 eo-

2178 2124 2302 2163 rum
2342 2106 2685 2178 desperanda
2720 2116 2804 2163 est
2831 2108 3003 2174 salus,
3033 2107 3131 2177 qui
3160 2106 3346 2161 adhuc
3365 2105 3567 2176 aliquid
3587 2115 3730 2160 terre-

2179 2217 2314 2256 num
2369 2200 2631 2271 sapiunt,
2688 2199 2819 2254 dum
2861 2200 3080 2271 possint
3130 2208 3184 2254 et
3239 2199 3296 2253 in
3343 2199 3569 2254 occultis
3602 2212 3734 2270 agere

2185 2293 2329 2349 unde
2379 2292 2769 2363 justiﬁeentur.
2803 2291 2869 2346 Hi
2906 2292 3162 2347 meliores
3192 2301 3327 2346 sunt
3353 2291 3653 2363 bypocritis,
3677 2303 3731 2344 ea

2180 2389 2327 2460 quod
2358 2388 2487 2443 mali
2518 2387 2631 2443 sint
2661 2387 2714 2441 in
2743 2395 2956 2458 aperto,
2980 2396 3035 2442 et
3055 2388 3111 2442 in
3139 2388 3364 2443 occulto
3396 2387 3543 2441 boni.
3582 2384 3731 2456 Hypo-

2183 2481 2333 2537 critte
2365 2495 2496 2535 vero
2540 2478 2753 2533 occulte
2786 2479 2915 2532 mali
2946 2489 3095 2544 sunt,
3150 2487 3207 2533 ct
3254 2479 3434 2533 bonos
3481 2492 3536 2533 se
3578 2475 3729 2546 palam

2178 2571 2491 2627 ostendunt.
2526 2567 2877 2642 llypocritam
2915 2569 3101 2639 justus
3142 2583 3377 2640 arguere
3428 2566 3726 2637 prohibetur,

2178 2678 2248 2717 ne
2289 2662 2531 2717 deterior
2570 2660 2871 2732 castigatus
2906 2661 3126 2726 existat,
3163 2660 3384 2714 dicente
3416 2657 3682 2712 Salomone
3712 2676 3724 2711 :

2186 2773 2203 2804 ι
2234 2752 2353 2808 Noli
2384 2767 2615 2824 arguere
2649 2752 2976 2819 derisorem,
3008 2767 3076 2806 ne
3124 2751 3304 2807 oderit
3337 2759 3389 2806 te
3417 2750 3585 2820 (Prut.
3609 2752 3721 2822 1x)»

2182 2844 2479 2902 Sciendum
2535 2859 2758 2915 quoque
2798 2844 2945 2914 quod
2974 2844 3129 2911 vitia,
3168 2860 3279 2898 non
3313 2843 3579 2907 homines,
3617 2842 3725 2897 odio

2179 2945 2308 2992 sunt
2338 2936 2610 2992 habenda.
2657 2934 2937 2990 Flebiliter
2964 2946 3146 2990 autem
3179 2934 3493 3004 deplorandi
3513 2931 3723 3003 suntqui

2180 3028 2307 3083 odio
2328 3028 2380 3081 in
2412 3025 2580 3082 fratre
2605 3027 2913 3093 tabescunt,
2946 3036 2998 3082 et
3021 3036 3213 3081 contra
3236 3027 3374 3082 alios
3394 3026 3721 3097 perniciosum

2180 3119 2369 3175 odium
2395 3119 2566 3173 animi
2598 3128 2842 3183 semet.
2861 3120 2906 3172 A
2932 3134 3103 3189 regno
3128 3118 3275 3179 enim
3306 3116 3399 3172 Dei
3424 3133 3479 3173 se
3497 3125 3723 3187 separant

2177 3211 2270 3283 qui
2308 3212 2638 3281 semetipsos
2677 3228 2706 3266 a
2746 3212 3015 3267 charitate
3041 3211 3367 3266 dissociant.
3399 3210 3539 3266 Sicut
3566 3219 3724 3265 mater

489 3277 779 3371 dientium,
811 3277 909 3360 sed
929 3305 996 3360 ad
1038 3320 1151 3360 suae
1179 3303 1365 3376 glorise
1395 3304 1833 3375 exaggerandum
1880 3319 2073 3358 cumu-
2100 3277 2141 3334 Ο
2180 3277 2424 3361 ἐπιθείη
2457 3277 2619 3377 grave
2651 3304 2972 3360 hominibus
3015 3304 3291 3359 haereticis
3332 3304 3602 3374 premitur,
3631 3300 3722 3357 sed

491 3397 628 3453 lum.
686 3396 1153 3468 Reprehensihilis
1209 3406 1293 3452 est
1338 3396 1612 3467 superflua
1675 3396 1869 3452 effusio
1910 3395 2077 3466 largi-

491 3490 641 3547 tatis.
684 3489 819 3545 Nam
871 3490 965 3561 qui
1020 3491 1242 3546 modum
1275 3499 1495 3556 servat,
1543 3505 1742 3546 avarus
1786 3489 1922 3545 nulli
1968 3499 2073 3557 est,

490 3582 587 3637 sed
611 3583 867 3638 omnibus
886 3601 899 3649 ;
918 3583 1106 3653 largus
1131 3584 1475 3652 dispensator
1486 3598 1594 3637 non
1617 3582 1776 3638 debet
1798 3597 1919 3638 esse
1946 3597 2076 3654 pro-

492 3673 688 3744 digus,
719 3674 811 3729 sed
869 3674 1163 3730 discretus.
1225 3672 1434 3745 Largiri
1486 3674 1630 3728 enim
1691 3674 1851 3731 debet
1899 3690 2075 3745 quan-

489 3773 608 3819 tum
667 3773 927 3835 oportet,
964 3775 1025 3821 ut
1062 3766 1293 3822 tenendo
1333 3781 1649 3825 mensuram
1692 3767 1926 3823 sutliciat
1953 3768 2075 3839 plu-

495 3859 674 3917 rimis.

1060 3952 1132 4007 De
1174 3955 1484 4025 hypocritis.

564 4038 855 4113 Hypocrita
889 4043 1053 4098 verba
1080 4052 1398 4100 sanctorum
1432 4045 1615 4113 habet,
1640 4046 1806 4101 vitam
1838 4061 1946 4101 non
1976 4047 2073 4102 ha~

488 4134 579 4190 bet
604 4153 619 4202 ;
668 4143 722 4189 et
743 4151 882 4206 quos
924 4152 1019 4206 per
1050 4152 1359 4193 sermonem
1389 4139 1651 4194 doctrina:
1682 4140 1932 4210 genuerit
1960 4155 2070 4195 non

488 4225 928 4296 fovetexemplis,
945 4226 1038 4284 sed
1062 4227 1425 4298 dcserit,quia
1449 4244 1590 4299 quos
1608 4229 1790 4284 verbis
1817 4229 2069 4298 aediﬁcat,

493 4315 602 4370 vita
633 4324 687 4371 et
711 4317 961 4373 moribus
992 4317 1243 4373 destruit.
1278 4317 1586 4389 Hypocritae
1614 4319 1962 4376 simulatores
1984 4322 2071 4377 di-

492 4415 712 4474 cuntur,
744 4409 839 4479 qui
866 4409 1000 4479 justi
1035 4425 1157 4465 esse
1181 4425 1290 4464 non
1320 4420 1594 4481 quaerunt,
1627 4413 1719 4468 sed
1747 4410 1956 4469 tantum
1990 4414 2072 4469 vi-

488 4499 605 4555 deri
658 4502 905 4570 cupiunt.
964 4500 1032 4554 lii
1068 4502 1209 4556 mala
1236 4512 1423 4573 agunt,
1466 4512 1521 4558 et
1554 4490 1694 4560 bona
1726 4488 2067 4577 profitentur.

2179 3407 2362 3454 tamen
2392 3413 2487 3453 eos
2530 3398 2601 3453 ad
2648 3413 2706 3452 se
2751 3398 3038 3453 venientes
3065 3397 3300 3468 benigna
3334 3396 3569 3451 cbaritate
3603 3410 3721 3449 am-

2178 3492 2455 3563 plectitur,
2486 3491 2559 3545 ita
2598 3499 2653 3545 et
2689 3490 2891 3561 singuli
2940 3490 3205 3545 nimirum
3253 3504 3580 3561 quoscunque
3615 3486 3722 3541 iui-

2178 3582 2355 3638 micos
2384 3582 2747 3649 sustinemus,
2785 3591 3121 3638 revertentes
3166 3592 3407 3637 materna
3447 3580 3721 3636 imitatione

2177 3674 2431 3744 amplecti
2494 3674 2676 3729 statim
2734 3673 3021 3730 debemus.
3052 3674 3177 3730 Cito
3231 3684 3316 3730 est
3365 3673 3714 3745 ignoscendum

2178 3766 2398 3836 cuique,
2429 3764 2559 3821 dum
2597 3766 2813 3820 veniam
2857 3767 3117 3836 postulat.
3166 3765 3287 3820 Non
3330 3766 3474 3820 enim
3521 3776 3717 3834 possunt

2177 3866 2396 3929 peccata
2425 3857 2625 3913 dimitti
2650 3859 2722 3926 ci,
2753 3858 2848 3929 qui
2874 3858 2928 3912 in
2951 3874 3010 3913 se
3034 3859 3283 3931 peccanti
3312 3858 3491 3914 debita
3520 3872 3615 3911 non
3644 3853 3711 3908 di-

2175 3953 2362 4007 mittit.
2394 3951 2651 4007 Formam
2694 3953 2841 4007 enim
2882 3952 3041 4007 nobis
3094 3952 3450 4023 indulgentia:
3497 3950 3620 4004 Deus
3655 3963 3709 4003 ex

2176 4048 2377 4103 merito
2419 4046 2756 4102 conditionis
2802 4055 3008 4102 nostra:
3058 4045 3345 4116 imposuit,
3388 4045 3511 4100 dum
3538 4045 3601 4099 ita
3629 4056 3708 4096 nos

2175 4152 2334 4191 orare
2384 4136 2640 4206 prmcepit
2696 4152 2710 4189 :
2768 4154 2785 4186 ι
2824 4135 3046 4190 Dimitte
3082 4135 3244 4189 nobis
3299 4134 3476 4189 debita
3520 4143 3705 4193 nostra.

2175 4230 2318 4285 sicut
2346 4239 2401 4284 et
2431 4244 2533 4283 nos
2559 4228 2892 4284 dimittimus
2914 4228 3262 4284 debitoribus
3292 4227 3495 4283 nostris
3528 4225 3702 4293 (Matth.

2173 4321 2274 4390 vi).
2321 4338 2340 4372 ι
2373 4318 2594 4374 Justum
2642 4330 2730 4375 est
2767 4320 2916 4374 enim
2964 4319 3060 4375 Dei
3111 4320 3387 4390 judicium
3438 4328 3702 4386 tantumque

2172 4412 2443 4485 peccaturi
2467 4429 2496 4467 a
2526 4430 2585 4469 se
2605 4414 2871 4484 indulgeri
2899 4414 3154 4482 ostendit,
3188 4424 3458 4484 quantum
3493 4414 3701 4467 alterutro

2174 4508 2553 4578 unusquisque
2576 4506 2630 4561 in
2658 4524 2717 4563 se
2742 4506 2954 4562 offenso
2989 4507 3254 4577 indulget.
3297 4505 3523 4573 Quidam
3542 4504 3597 4558 de
3613 4500 3700 4555 suis

488 4588 593 4646 Per
621 4592 1039 4647 ostentationem
1067 4593 1268 4663 quippe
1304 4593 1434 4648 boni
1464 4606 1747 4666 apparent,
1771 4614 1868 4668 per
1890 4598 2064 4653 actio—
2097 4619 2141 4673 ι)
2173 4600 2509 4655 confidentes
2540 4599 2773 4667 meritis,
2803 4600 2953 4670 pigre
3000 4600 3055 4654 in
3101 4614 3159 4654 se
3191 4596 3615 4669 delinquentibus
3631 4606 3699 4647 ve-

490 4698 612 4737 nem
641 4698 772 4738 vero
795 4684 924 4738 mali
954 4685 1216 4739 existunt.
1242 4683 1438 4741 Omnia
1491 4697 1724 4758 possunt
1752 4704 1820 4744 ex
1853 4689 2065 4760 simpli-

485 4773 644 4831 cibus
672 4774 803 4830 vitia
831 4776 1153 4846 perpetrari,
1197 4777 1477 4834 simulatio
1521 4790 1575 4835 et
1618 4781 1925 4852 hypocrisis
1955 4797 2065 4837 non

488 4869 867 4936 committitur,
900 4869 1006 4925 nisi
1030 4885 1060 4925 a
1100 4871 1243 4925 male
1277 4874 1474 4928 astutis
1497 4915 1512 4941 ,
1562 4889 1659 4943 per
1712 4873 2062 4929 calliditatem

491 4960 793 5016 valentibus
825 4962 957 5017 vitia
987 4962 1089 5017 sub
1118 4964 1298 5032 specie
1338 4964 1600 5019 virtutum
1627 4966 1825 5032 celare,
1853 4973 1908 5020 et
1954 4981 2064 5020 non

487 5066 674 5105 veram
716 5053 1059 5108 sanctitatem
1090 5054 1347 5124 objicere.
1386 5056 1573 5111 Sancti
1603 5071 1711 5111 non
1743 5055 1924 5112 solum
1948 5055 2065 5127 glo—

492 5144 629 5201 riam
668 5158 833 5213 supra
883 5146 1106 5200 modum
1150 5163 1310 5202 suum
1346 5148 1571 5203 omnino
1631 5163 1739 5203 non
1780 5148 2061 5219 appetunt,

489 5234 582 5294 sed
625 5235 787 5290 etiam
841 5236 945 5292 hoc
991 5237 1168 5308 ipsum
1207 5237 1377 5295 videri
1429 5237 1706 5309 refugiunt
1746 5238 1891 5309 quod
1939 5252 2063 5295 esse

2171 4691 2317 4747 niam
2349 4701 2628 4761 praestant.
2663 4690 2769 4747 Sed
2814 4690 2952 4745 nihil
3004 4690 3220 4759 prolicit
3265 4690 3530 4744 illibatum
3556 4698 3652 4741 esse
3674 4696 3698 4736 ι

2169 4784 2328 4854 culpa
2360 4785 2455 4855 qui
2482 4801 2592 4839 non
2623 4794 2707 4841 est
2731 4792 2959 4856 paratus
2985 4783 3053 4838 ad
3097 4784 3317 4838 veniam
3346 4824 3362 4847 ,
3394 4782 3515 4837 dum
3556 4774 3697 4848 potius

2170 4877 2273 4932 hoc
2323 4893 2520 4949 magna
2566 4877 2640 4949 sit
2682 4879 2874 4948 culpa,
2908 4876 3127 4947 quando
3176 4875 3393 4930 tardius
3436 4873 3699 4928 relaxantur

2167 4965 2411 5023 fraterna
2441 4969 2664 5025 delicta.
2704 4970 2809 5036 Qui
2857 4968 3083 5024 fratrem
3126 4967 3230 5023 sibi
3273 4967 3477 5021 tardius
3504 4957 3699 5018 reconci‘

2171 5059 2292 5125 liat,
2327 5059 2498 5116 Deum
2525 5062 2629 5117 sibi
2656 5063 2867 5118 tardius
2898 5062 3097 5132 placat.
3142 5059 3372 5115 Frustra
3398 5058 3531 5113 enim
3554 5048 3700 5124 propiv

2174 5149 2299 5204 tiari
2330 5150 2435 5205 sibi
2466 5151 2636 5209 Deum
2675 5154 2893 5225 quaerit,
2919 5152 3014 5224 qui
3045 5151 3157 5209 cito
3187 5152 3411 5222 placare
3437 5149 3532 5205 sibi
3552 5140 3701 5217 pretiv

2171 5258 2320 5299 mum
2349 5246 2593 5317 negligit,

2094 5382 2165 5400 --1

1538 5520 2135 5617 DOMINICA
2208 5528 2702 5631 QUINTA.

1794 5716 2163 5783 Secundum
2193 5720 2451 5783 Lucam.

570 5885 593 5931 t
618 5870 752 5933 Cum
779 5875 950 5930 turba
976 5876 1248 5933 irruerent
1270 5877 1336 5934 ad
1362 5877 1569 5955 Iesum,
1588 5892 1648 5940 ut
1670 5882 1921 5941 audirent
1944 5902 2063 5942 ver-

2172 5888 2303 5943 bum
2334 5887 2448 5956 Dei,
2484 5895 2535 5945 et
2565 5888 2678 5958 ipse
2702 5888 2884 5945 stabat
2929 5901 3087 5946 secus
3112 5896 3365 5958 stagnum
3396 5873 3686 5942 Genesareth
