3948 6456
248 426 375 486 1043

1135 407 1708 466 DEFLORATIONES
1745 408 1845 465 SS.
1886 406 2194 466 PA'I‘RUM.
2241 442 2305 452 —-
2343 409 2468 465 LlD.
2514 409 2577 467 ll.

3335 414 3474 471 1046

237 544 381 621 (Luc.
411 535 485 607 v).
531 552 549 585 ι
594 529 855 600 Stagnum
899 528 1235 621 Genesareth
1279 527 1418 584 idem
1454 528 1643 582 dicunt
1670 543 1790 581 esse
1821 532 1863 587 A
1897 537 2063 584 totam
2096 538 2310 585 noctem
2363 531 2695 597 laborantes,
2737 529 2870 585 nihil
2912 527 3179 598 cepimus,
3230 526 3284 581 in
3315 519 3482 581 verbo

230 619 367 711 quod
398 641 545 684 mare
577 622 826 687 Galilazaz,
857 621 941 675 vel
974 636 1125 675 mare
1154 619 1479 675 'l‘ibcriadis.
1512 619 1617 675 Sed
1640 635 1792 673 mare

1894 628 2073 674 autem
2120 630 2212 676 tuo
2239 621 2432 677 laxabo
2454 631 2586 677 rete.
2621 642 2638 675 ι
2674 620 2785 676 Nisi
2829 620 3092 676 Dominus
3123 635 3217 674 cor
3242 618 3484 674 illustra-

231 709 450 785 Calilaea:
477 716 762 786 adjacellle
789 711 1068 782 provincia
1111 720 1196 767 est
1218 712 1424 766 dictum
1454 726 1603 765 mare
1627 709 1792 765 Tibe-
1892 713 2029 767 verit
2058 711 2387 778 auditorum,
2411 714 2599 769 doctor
2620 714 2674 768 in
2706 724 2862 768 nocte
2890 712 3118 776 laborat;
3146 709 3251 765 nisi
3277 711 3330 763 in
3360 725 3486 781 gra-

231 816 391 875 riadis
419 828 450 867 a
478 807 731 881 proxima
764 804 1003 860 civitate.
1028 803 1204 857 Porro
1226 802 1468 858 Genesar
1481 801 1670 857 Grmco
1696 816 1794 855 vo-

231 906 413 968 cabulo
447 899 607 973 quasi
650 897 751 952 sibi
782 912 973 950 auram
1003 896 1202 951 dicitur
1238 911 1268 949 a
1308 894 1639 965 proprietate
1688 893 1793 949 laci

234 1000 424 1072 ipsius,
467 991 560 1063 qui
605 1005 636 1044 a
667 987 1035 1057 crispantibus
1068 984 1227 1055 aquis
1267 986 1335 1040 de
1379 1001 1437 1041 se
1484 984 1797 1056 frequenter

233 1105 384 1148 auras
406 1085 624 1142 excitat.
652 1082 808 1152 Aqua
838 1079 1059 1150 quidem
1098 1079 1273 1135 dulcis
1298 1088 1402 1145 est,
1432 1078 1525 1135 sed
1560 1077 1797 1134 llebra‘aa

234 1184 418 1252 lingua:
462 1172 857 1231 consuetudine
901 1171 1083 1226 omnis
1130 1186 1397 1241 aquarum
1425 1170 1794 1241 congregatio,

234 1276 339 1332 sive
376 1270 550 1326 dulcis
576 1268 690 1322 sive
720 1266 861 1322 salsa
881 1306 895 1330 ,
925 1280 1075 1320 mare
1102 1274 1467 1334 nuncupatur.
1499 1263 1602 1332 Qui
1646 1264 1798 1320 lacus

235 1363 561 1423 interfluente
597 1357 835 1414 Jordane
881 1374 948 1412 ιι.
991 1357 1180 1413 stadiis
1217 1356 1269 1411 in
1302 1357 1715 1427 longitudinem,
1745 1364 1800 1411 et

233 1475 296 1514 ιι.
346 1451 651 1510 extenditur
708 1450 763 1503 in
804 1448 1168 1504 latitudinem.
1216 1447 1353 1515 Quia
1387 1463 1517 1518 ergo
1547 1457 1799 1518 stagnum

234 1549 340 1605 sive
378 1558 528 1601 mare
555 1556 796 1613 praesens
830 1541 1089 1597 sazculum
1121 1540 1412 1610 designat,
1449 1538 1594 1593 Deus
1640 1553 1800 1593 secus

233 1653 373 1715 mare
394 1643 535 1703 stat,
572 1642 861 1704 postquam
892 1632 1244 1688 stabilitatem
1289 1639 1565 1703 perpetua:
1601 1629 1801 1701 quietis

235 1730 358 1786 adiit
390 1726 600 1783 devicta
648 1724 984 1780 mortalitate
1028 1724 1262 1780 labentis
1291 1723 1433 1778 vitm.
1492 1722 1800 1777 Turbarum

235 1828 525 1879 conventus
561 1819 802 1889 gentium
845 1818 898 1871 in
948 1817 1106 1872 ﬁdem
1152 1814 1597 1871 concurrentium
1641 1824 1800 1886 typus

233 1922 349 1977 est,
403 1910 469 1966 de
521 1910 724 1979 quibus
779 1908 857 1963 ait
915 1926 928 1963 :
992 1927 1011 1959 ι
1046 1906 1111 1962 Et
1138 1906 1309 1962 ﬁuent
1336 1906 1403 1962 ad
1441 1921 1564 1961 eum
1608 1921 1801 1961 omnes

233 2014 428 2076 gentes,
480 2010 534 2056 et
588 2001 746 2056 ibunt
790 1999 975 2071 p0puli
1009 2000 1166 2054 multi
1217 2009 1272 2055 et
1318 1999 1539 2054 dicent:
1573 1996 1799 2064 Venite,

233 2094 582 2151 ascendamns
613 2093 666 2147 in
695 2100 936 2147 montem
972 2090 1190 2146 Domini
1218 2090 1356 2162 (Isa.
1384 2091 1467 2162 ιι).
1500 2109 1519 2142 ι

298 2204 315 2236 ι
349 2184 411 2238 Et
440 2182 576 2239 vidit
612 2183 750 2239 duas
799 2197 966 2237 naves
1007 2189 1215 2237 stantes
1257 2196 1418 2237 secus
1464 2188 1739 2252 stagnum.
1779 2198 1797 2233 ι

208 2268 351 2331 Dua:
378 2290 541 2331 naves
595 2276 944 2331 circumcisio
994 2282 1121 2330 sunt
1163 2282 1218 2329 et
1260 2272 1606 2344 praeputium.
1656 2270 1805 2338 Quas

227 2365 377 2423 Jesus
398 2365 553 2431 vidit,
583 2367 711 2436 quia
754 2366 820 2421 de
860 2375 1093 2436 utroque
1132 2364 1333 2435 populo
1380 2364 1473 2434 qui
1536 2363 1647 2418 sint
1684 2362 1804 2432 ejus

229 2456 370 2512 novit
399 2455 487 2527 (11
513 2455 656 2510 Tim.
690 2455 772 2525 ιι),
808 2463 862 2510 et
885 2454 1312 2510 misericorditer
1340 2454 1407 2508 ad
1449 2452 1644 2507 futurae
1683 2455 1805 2505 vita:

231 2549 642 2620 tanquillitatem
672 2549 830 2620 quasi
853 2548 919 2603 ad
941 2549 1095 2603 littus
1123 2546 1392 2618 provehit.

297 2661 315 2693 ‹
356 2641 665 2697 Piscatores
694 2649 873 2696 autem
904 2639 1296 2695 descenderant
1338 2647 1392 2694 et
1425 2636 1681 2693 lavabant
1722 2652 1807 2692 re-

229 2734 315 2789 tia.
338 2753 356 2786 ι
407 2732 723 2788 Piscatores
751 2741 876 2789 sunt
903 2731 1176 2798 doctores,
1213 2730 1306 2801 qui
1339 2744 1439 2785 nos
1486 2730 1690 2785 retibus
1738 2730 1805 2784 ﬁ-

225 2826 307 2881 dei
332 2824 782 2895 comprehensos,
813 2830 868 2878 et
906 2822 972 2878 de
1006 2821 1278 2892 profundo
1312 2821 1379 2876 ad
1421 2822 1605 2875 lumen
1635 2821 1807 2876 elatos

184 2958 190 2965 ς
225 2926 373 2975 terra:
400 2916 704 2971 viventium
730 2916 889 2986 quasi
933 2915 1102 2971 littori
1132 2915 1424 2972 advehunt.
1463 2912 1629 2981 Quasi
1659 2914 1805 2969 enim

226 3008 353 3064 retia
381 3017 510 3064 sunt
555 3008 857 3078 complexae
897 3008 1166 3063 dictiones
1220 3005 1632 3077 praedicantium
1674 3006 1806 3061 reti-

225 3108 403 3154 nentes
424 3114 522 3155 eos
543 3099 603 3154 in
636 3099 741 3155 ﬁde
762 3115 902 3170 quos
929 3099 1170 3170 capiunt.
1210 3096 1364 3152 Retia
1389 3112 1627 3168 namque
1648 3096 1807 3168 quasi

219 3190 499 3247 retinentia
539 3199 675 3246 sunt
711 3179 922 3246 vocata.
957 3189 1084 3246 Haec
1112 3190 1247 3244 retia
1280 3189 1446 3245 modo
1466 3189 1722 3243 laxantur
1751 3186 1805 3241 in

216 3292 510 3355 capturam,
571 3286 734 3341 modo
786 3285 896 3340 lota
949 3285 1239 3355 plicantur,
1293 3283 1420 3353 quia
1473 3297 1621 3336 nunc
1652 3294 1808 3335 exer-

213 3379 372 3433 cenda
399 3387 485 3433 est
509 3376 765 3433 doctoris
790 3375 996 3447 lingua,
1026 3390 1173 3430 nunc
1191 3374 1391 3430 suimet
1423 3388 1551 3427 cura
1575 3372 1805 3443 agenda.

286 3488 304 3521 ι
339 3467 672 3524 Ascendens
700 3475 880 3521 autem
912 3468 965 3520 in
997 3480 1161 3520 unam
1200 3478 1392 3519 navem
1424 3477 1546 3532 qua:
1572 3471 1690 3516 erat
1714 3460 1806 3515 Si-

213 3561 386 3617 monis
440 3559 668 3630 rogavit
713 3574 840 3614 eum
890 3575 920 3613 a
949 3566 1092 3612 terra
1130 3556 1391 3611 reducere
1424 3553 1703 3623 pusillum.
1742 3552 1810 3606 Et

214 3654 402 3710 sedens
431 3653 678 3709 docebat
703 3652 769 3707 de
801 3651 1051 3706 navicula
1080 3651 1289 3705 turbas.
1315 3667 1333 3701 ›
1361 3646 1528 3702 Navis
1566 3644 1809 3702 Simonis

210 3756 290 3801 est
311 3746 519 3818 primiti
532 3762 601 3800 va
622 3745 885 3810 Ecclesia,
916 3744 984 3799 de
1009 3758 1117 3813 qua
1137 3741 1340 3797 Paulus
1361 3740 1468 3794 ait:
1502 3758 1519 3789 ι
1543 3738 1645 3806 Qui
1676 3755 1823 3809 ope-.

211 3850 359 3896 ratus
380 3851 467 3896 est
497 3839 672 3896 Petro
696 3839 749 3894 in
780 3838 1085 3909 apostolatu
1127 3833 1581 3896 circumcisionis,
1618 3848 1808 3903 opera-

211 3942 295 3989 tus
319 3942 403 3989 est
430 3943 489 3989 et
536 3932 672 3987 mihi
724 3932 865 3987 inter
894 3938 1080 4002 gentes
1110 3925 1261 4000 '(Cal.
1310 3928 1435 3998 11).»
1502 3924 1619 3980 Una
1666 3925 1810 3980 dicta

212 4026 336 4095 quia
377 4044 396 4078 ι
431 4023 815 4080 multitudinis
859 4022 1199 4079 credentium
1248 4027 1367 4074 erat
1413 4033 1507 4073 cor
1552 4033 1721 4072 unum
1757 4027 1811 4073 et

208 4116 389 4172 anima
420 4131 541 4171 una
570 4115 710 4186 (Act.
736 4115 830 4184 ιν).
868 4133 886 4166 ι
928 4112 1006 4168 De
1036 4127 1141 4184 qua
1184 4110 1411 4166 docebat
1443 4097 1651 4175 turbas,
1682 4108 1811 4179 quia

211 4211 546 4266 auctoritate
573 4209 750 4280 ipsius
779 4207 1037 4264 Ecclesia:
1062 4206 1219 4261 docet
1252 4218 1424 4274 usque
1478 4202 1639 4258 hodie
1682 4217 1812 4273 gen-

209 4314 306 4359 108.

284 4417 301 4448 ι
344 4396 420 4451 Ut
479 4394 724 4452 cessavit
770 4402 949 4449 autem
997 4390 1147 4462 loqui
1191 4389 1328 4444 dixit
1375 4388 1440 4444 ad
1490 4389 1810 4443 Simonem:

212 4511 232 4543 ι
264 4492 380 4548 Due
421 4493 478 4547 in
507 4491 704 4556 altum,
728 4499 781 4546 et
808 4491 986 4545 laxate
1006 4488 1138 4542 retia
1167 4493 1347 4541 vestra
1372 4484 1426 4538 in
1456 4493 1757 4554 capturam.
1787 4499 1806 4532 ι

1894 806 1968 861 tia
1986 821 2219 875 superna
2247 806 2441 861 laxata:
2463 805 2663 861 fuerint
2684 804 3098 875 disputationes,
3123 800 3322 856 frustm
3346 815 3485 869 pra:-

1895 895 2108 950 dicator
2131 896 2338 966 jaculat
2362 912 2544 962 voces,
2574 896 2701 967 quia
2742 896 2875 949 ﬁdes
2906 910 3011 949 non
3043 892 3191 948 verbi
3216 889 3485 962 sapientia

1895 990 2162 1059 provenit,
2182 989 2274 1045 sed
2297 1004 2523 1044 munere
2545 989 2750 1043 divino.
2772 987 2968 1041 Aliter:
3000 1005 3016 1035 ι
3045 984 3369 1054 Praeceptor,
3382 987 3485 1053 ‘per

1896 1090 2066 1136 totam
2093 1090 2306 1136 noctem
2333 1079 2755 1145 laboravimus,»
2776 1088 2879 1133 etc.
2897 1078 3130 1132 Sanctus
3156 1074 3350 1129 Petrus
3372 1081 3484 1128 tota

1898 1183 2057 1228 nocte
2097 1173 2150 1227 in
2196 1173 2496 1243 piscatione
2536 1171 2788 1227 laborans
2831 1169 2965 1223 nihil
3022 1168 3184 1238 cepit,
3217 1166 3272 1220 in
3319 1163 3486 1220 verbo

1899 1270 2079 1318 autem
2110 1262 2323 1316 Domini
2363 1271 2473 1316 rete
2512 1261 2726 1325 laxans,
2782 1259 3187 1314 multitudinem
3246 1255 3485 1326 piscium

1900 1351 2186 1406 conclusit.
2221 1351 2298 1406 Ita
2330 1366 2429 1406 nos
2457 1367 2580 1405 cum
2614 1346 2759 1404 vitiis
2787 1359 2841 1404 et
2867 1349 3104 1419 peccatis
3126 1346 3488 1402 contenebra-

1900 1444 1972 1499 tis
1998 1443 2376 1515 praedicamus,
2409 1442 2565 1512 quasi
2609 1443 2662 1496 in
2702 1450 2858 1496 nocte
2903 1439 3107 1494 frustra
3138 1438 3487 1504 ilaboramus,

1901 1544 1955 1591 et
1997 1535 2119 1589 ideo
2164 1534 2300 1589 nihil
2347 1534 2616 1603 capimus,
2646 1531 2739 1587 sed
2784 1530 2949 1585 verba
2977 1530 3253 1583 incassum
3310 1527 3491 1583 fundi,-

1903 1644 2051 1695 mus,
2073 1628 2202 1699 quia
2238 1626 2496 1682 nimirum
2526 1639 2708 1681 sermo
2734 1622 2828 1677 Dei
2851 1623 2905 1677 in
2935 1622 3041 1676 hoc
3068 1637 3174 1675 non
3205 1620 3370 1690 capit,
3395 1619 3491 1688 qui

1903 1730 2116 1777 tantum
2166 1730 2381 1776 terrena
2430 1718 2592 1788 sapit.
2641 1714 2700 1769 In
2753 1715 2858 1770 hoc
2906 1714 3073 1769 verbo
3111 1711 3328 1765 Domini
3378 1718 3492 1764 rete

1905 1817 2197 1880 laxamus,
2246 1815 2374 1869 dum
2432 1810 2633 1883 populo
2692 1807 2899 1879 justitia
2949 1804 3211 1862 esurienti
3262 1803 3492 1858 verbum

1906 1908 2029 1963 vitae
2061 1904 2530 1961 administramus.
2586 1900 2740 1955 Tunc
2768 1898 3174 1953 multitudinem
3204 1893 3489 1951 concludi-

1904 2014 2049 2061 mus,
2074 1993 2296 2067 quando
2330 1993 2595 2064 plurimos
2618 1999 2729 2046 rete
2751 1988 3023 2044 sermonis
3045 1995 3232 2058 captos
3264 1987 3333 2041 de
3357 2000 3492 2057 gur-

1904 2089 2014 2161 gite
2042 2095 2390 2158 peccatorum
2439 2083 2505 2138 ad
2555 2083 2708 2137 littus
2751 2079 3086 2151 pcenitentiae
3114 2077 3488 2149 producimus.

1904 2181 2035 2237 Inde
2063 2180 2194 2235 dicit
2229 2177 2514 2247 Scriptura
2547 2193 2560 2230 :
2603 2193 2621 2226 ι
2654 2173 2902 2243 Loquere
2941 2170 3166 2225 verbum
3215 2169 3338 2223 auri
3388 2184 3492 2223 au-

1905 2274 2072 2332 dienti
2118 2272 2310 2344 (Eccli.
2343 2271 2493 2340 xxv).
2527 2289 2546 2321 ι
2602 2268 2837 2323 lnaniter
2868 2265 3013 2322 enim
3052 2262 3349 2335 perstrepit
3386 2276 3496 2315 vox

1907 2367 2176 2438 loquentis
2229 2385 2242 2419 :
2292 2365 2385 2420 ubi
2440 2377 2629 2418 aversa
2686 2369 2771 2417 est
2827 2373 2982 2414 mens
3038 2356 3330 2413 audientis.
3390 2353 3496 2409 Se-

1907 2461 2094 2532 quitur
2120 2476 2134 2514 :

1984 2573 2003 2606 ‹
2054 2552 2120 2606 Et
2167 2566 2291 2606 cum
2345 2550 2460 2605 haec
2495 2547 2775 2610 fecissent,
2826 2545 3214 2601 concluserunt
3261 2540 3496 2612 piscium

1908 2642 2314 2699 multitudinem
2362 2639 2666 2710 copiosam.
2725 2634 3103 2704 Rumpebatur
3149 2639 3331 2686 autem
3384 2636 3499 2683 rete

1907 2750 2120 2792 eorum.
2163 2753 2181 2786 ι
2231 2731 2363 2787 Rcte
2411 2729 2782 2800 rumpebatur,
2835 2725 2962 2796 quia
3007 2738 3152 2778 nunc
3186 2723 3253 2777 ad
3283 2720 3501 2776 confes-

1909 2827 2119 2883 sionem
2150 2824 2274 2880 ﬁdei
2307 2832 2383 2882 tot
2411 2839 2535 2879 cum
2567 2817 2758 2877 electis
2786 2819 2951 2873 etiam
2996 2815 3211 2886 reprobi
3266 2815 3492 2877 intrant,

1909 2928 1970 2976 ut
2026 2918 2327 2974 haeresibus
2377 2914 2619 2970 Ecclesia
2676 2912 2975 2968 scindatur.
3034 2907 3325 2977 Rumpitur
3359 2914 3497 2970 rete,

1910 3012 2005 3069 sed
2033 3028 2143 3067 non
2186 3010 2388 3065 labitur
2441 3006 2629 3079 piscis,
2674 3006 2802 3077 quia
2855 3018 2985 3058 suos
3033 2999 3301 3056 Dominus
3333 2997 3499 3053 etiam

1912 3102 2052 3157 inter
2089 3098 2531 3172 persequentium
2572 3095 2826 3152 scandala
2867 3100 3066 3148 servat.

1988 3213 2007 3246 ι
2044 3193 2109 3249 Et
2147 3197 2460 3248 annuerunt
2486 3187 2651 3244 sociis
2689 3185 2784 3257 qui
2817 3183 3054 3239 erantin
3097 3180 3203 3237 alia
3245 3178 3390 3245 navi,
3440 3185 3502 3232 ut

1909 3288 2157 3343 venirent
2177 3293 2233 3341 et
2254 3284 2578 3355 adjuvarent
2598 3295 2711 3335 eos.
2735 3297 2754 3329 ι
2790 3277 2909 3331 Alia
2947 3274 3111 3330 navis
3131 3281 3215 3329 est
3252 3269 3500 3326 Ecclesia

1910 3381 1976 3436 de
2007 3378 2280 3451 gentibus,
2313 3375 2443 3451 quia
2482 3388 2591 3428 non
2634 3381 2763 3427 sunt
2803 3368 2868 3423 de
2898 3366 3083 3422 Judaea
3111 3374 3191 3420 tot
3215 3360 3496 3428 credituri,

1908 3481 2043 3546 quot
2068 3472 2135 3527 ad
2169 3470 2333 3525 vitam
2361 3476 2489 3524 sunt
2514 3462 2899 3537 praedestinati.
2933 3459 3068 3514 Rcte
3104 3458 3249 3513 enim
3286 3454 3496 3524 rumpi-

1910 3545 2000 3620 tur
2028 3564 2082 3618 in
2106 3560 2351 3617 Ecclesia
2383 3553 2844 3619 circumcisionis,
2875 3550 3133 3621 quoniam
3164 3545 3333 3601 ludas
3367 3559 3499 3616 pro-

1909 3657 2054 3713 ditor
2076 3662 2131 3709 et
2156 3652 2345 3708 Simon
2378 3649 2570 3721 Magus
2599 3648 2778 3718 pisces
2804 3641 3149 3715 nequissimi,
3179 3649 3233 3695 et
3253 3638 3499 3693 Ananiae

1908 3759 1963 3805 et
1994 3745 2246 3817 Sapliira,
2290 3753 2344 3799 et
2385 3741 2540 3797 multi
2589 3740 2677 3795 alii
2716 3738 2963 3793 abierunt
3016 3748 3160 3788 retro
3202 3740 3498 3801 antequam

1910 3841 2187 3896 Barnabas
2215 3846 2271 3897 et
2290 3836 2495 3891 Paulus
2518 3833 2586 3889 ad
2610 3833 2850 3904 gentium
2875 3828 3238 3901 apostolatum
3268 3824 3503 3881 fuissent

1911 3931 2196 4005 segregati.

1988 4045 2005 4075 ι
2045 4023 2109 4078 Ει
2162 4027 2427 4077 venerunt
2473 4028 2526 4074 et
2570 4016 2929 4086 impleverunt
2966 4013 3155 4067 ambas
3192 4010 3496 4066 naviculas.

1912 4121 1986 4175 ita
2033 4125 2091 4173 ut
2126 4131 2261 4186 pene
2291 4118 2685 4183 mergerentur.
2713 4127 2731 4159 ι
2786 4104 2911 4160 Haec
2947 4102 3191 4173 impletio
3226 4115 3401 4170 usque
3441 4100 3499 4163 in

1913 4214 1968 4268 in
1996 4211 2157 4266 ﬁnem
2192 4206 2373 4264 saeculi
2410 4202 2626 4261 crescit.
2660 4199 2998 4270 Mcrguntur,
3029 4196 3134 4251 hoc
3159 4202 3242 4250 est
3267 4193 3324 4247 in
3364 4193 3489 4249 sub-

1914 4301 2185 4359 mersione
2231 4303 2570 4369 premuntur.
2621 4289 2739 4344 Non
2788 4287 2934 4343 enim
2992 4293 3121 4341 sunt
3177 4284 3499 4347 submersa,

1912 4395 2007 4452 scd
2056 4392 2387 4464 periclitatre.
2440 4384 2595 4442 Unde
2637 4378 2976 4452 Apostolus:
3016 4397 3034 4429 ι
3067 4376 3126 4432 1η
3188 4374 3501 4431 novissimis

1913 4486 2105 4542 diebus
2139 4491 2299 4538 erunt
2346 4488 2591 4547 tempora
2624 4473 2955 4545 periculosa,
3004 4477 3059 4525 et
3110 4468 3361 4523 homines
3414 4480 3502 4521 se-

206 4585 362 4651 Quod
403 4584 698 4640 Simonem
727 4582 939 4653 rogavit
960 4594 1153 4635 navem
1192 4593 1221 4633 a
1253 4586 1394 4632 terra
1423 4576 1682 4631 reducere
1711 4588 1811 4643 pu-
1842 4598 1886 4653 ι)
1916 4578 2064 4649 ipsos
2093 4582 2339 4630 amantes
2371 4568 2460 4642 (II
2493 4567 2632 4622 Tim.
2666 4567 2770 4635 ιιι).
2803 4584 2822 4617 ι
2879 4561 3046 4633 Mergi
3075 4575 3205 4628 ergo
3231 4572 3397 4613 naves
3417 4566 3504 4612 est

206 4676 416 4745 sillum,
458 4675 739 4747 signiﬁcat
758 4674 842 4729 vel
881 4677 1178 4741 temperate
1220 4666 1481 4724 utendum
1524 4664 1692 4719 verbo
1743 4664 1812 4718 ad

207 4775 425 4841 turbas,
458 4790 535 4830 ne.
565 4773 618 4827 in
647 4770 914 4842 profunda
967 4774 1433 4825 sacramentorum
1470 4763 1685 4819 interim
1721 4777 1813 4815 ca-

204 4874 316 4931 tur,
353 4875 420 4923 ut
448 4865 753 4922 'auditores
786 4878 893 4917 non
936 4860 1272 4931 intelligant,
1322 4857 1404 4911 vel
1440 4855 1497 4909 in
1547 4852 1815 4924 proximis

205 4959 547 5032 regionibus
594 4955 1022 5022 praedicandum,
1052 4950 1283 5022 utquod
1335 4948 1555 5015 dicitur,
1601 4947 1708 5001 duc
1757 4944 1812 4998 in

202 5051 406 5115 altum,
438 5051 515 5106 ad
544 5050 865 5105 remotiores
889 5054 1073 5117 gentes
1102 5042 1385 5114 pertineat,
1408 5039 1607 5110 quibus
1627 5045 1814 5109 postea

202 5144 636 5217 praedicandum
688 5151 790 5198 est.
849 5139 1087 5195 Joannes
1137 5130 1815 5208 Chrysostomus:llabe-

204 5255 335 5294 Inus
358 5254 470 5309 pro
502 5252 640 5291 nave
683 5234 1007 5298 Ecclesium,
1043 5247 1142 5301 pro
1165 5226 1549 5303 gubernaculis
1572 5240 1813 5291 crucem,

202 5347 310 5401 pro
355 5331 739 5401 gubernatore
794 5328 1097 5390 Christum,
1145 5337 1244 5392 pro
1298 5329 1513 5391 proreta
1572 5317 1812 5383 Patrem,

201 5439 308 5493 pro
343 5431 525 5476 vento
562 5420 822 5494 Spiritum
855 5427 1127 5479 sanctum,
1159 5430 1258 5485 pro
1288 5414 1406 5468 velo
1442 5411 1694 5482 gratiam,
1719 5425 1818 5479 pro

200 5516 405 5571 nautis
432 5514 741 5584 apostolos,
773 5528 872 5583 pro
922 5508 1305 5580 navigantibus
1354 5504 1668 5575 prophetas,
1720 5516 1818 5571 pro

202 5623 368 5662 mare
402 5606 583 5662 Vetus
612 5605 1043 5668 Testamentum,
1065 5610 1118 5656 et
1144 5599 1375 5653 Novum.
1399 5594 1820 5651 Committamus

199 5714 346 5771 ergo
396 5713 518 5753 nos
557 5698 731 5769 pelagi
773 5697 938 5767 hujus
977 5692 1269 5765 profundo,
1302 5690 1368 5744 ad
1399 5686 1818 5759 perquirendam

200 5792 261 5848 in
296 5790 622 5860 Scripturis
643 5789 841 5845 divinis
860 5789 1206 5856 margaritam
1241 5784 1514 5838 latentem.

284 5903 305 5936 ι
349 5881 429 5936 Et
496 5880 829 5954 respondens
878 5878 1067 5935 Simon
1119 5876 1256 5936 dixit
1297 5872 1665 5947 :Pracceptor,
1724 5884 1821 5943 per

1917 4670 2170 4725 homines
2218 4665 2271 4719 in
2322 4662 2581 4719 saeculum
2631 4657 2834 4724 relabi,
2883 4669 3022 4726 quos
3073 4652 3267 4706 Petrus
3322 4650 3503 4705 adhuc

1919 4763 1973 4818 in
2003 4761 2314 4816 inﬁrmitate
2341 4755 2551 4826 positus
2587 4749 2923 4808 demonstrat
2952 4748 3036 4801 his
3065 4743 3245 4799 verbis
3272 4760 3284 4797 :

1997 4875 2014 4907 ι
2045 4852 2197 4920 Quod
2251 4865 2376 4905 cum
2412 4847 2619 4900 videret
2669 4842 2859 4897 Simon
2899 4838 3114 4902 Petrus,
3154 4833 3387 4905 procidit
3431 4832 3499 4885 ad

1919 4961 2094 5019 genua
2123 4943 2250 4998 Jesu
2286 4942 2511 4995 dicens:
2543 4936 2643 4990 Exi
2685 4950 2715 4988 a
2764 4948 2850 4987 me
2880 4931 3005 5002 quia
3038 4930 3208 4984 homo
3245 4933 3507 4998 peccator

1920 5054 2064 5104 sum,
2097 5034 2343 5090 Domine.
2378 5029 2580 5099 Stupor
2617 5026 2763 5082 enim
2800 5020 3233 5079 circumdederat
3271 5033 3420 5084 eum,
3448 5030 3505 5072 et

1920 5143 2111 5183 omnes
2133 5125 2225 5196 qui
2259 5139 2382 5178 cum
2412 5121 2503 5174 illo
2526 5124 2683 5173 erant
2726 5117 2780 5171 in
2809 5121 3031 5184 captura
3073 5110 3307 5181 piscium
3335 5123 3501 5179 quam

1921 5226 2193 5289 ceperant.
2264 5213 2528 5269 Similiter
2577 5217 2758 5264 autem
2806 5205 3071 5261 Iacobum
3131 5212 3185 5259 et
3235 5200 3502 5256 Joannem

1921 5315 2061 5367 ﬁlios
2101 5308 2345 5364 Zebedzei
2380 5305 2472 5376 qui
2515 5311 2671 5359 erant
2714 5300 2849 5355 socii
2884 5297 3147 5354 Simonis.
3183 5314 3200 5346 ι
3241 5293 3505 5349 Carnales

1922 5405 1975 5460 in
2005 5402 2246 5459 Ecclesia
2271 5399 2509 5470 regimen
2537 5393 2920 5466 spiritualium,
2952 5391 3005 5444 in
3039 5387 3239 5459 quibus
3267 5384 3503 5439 maxime

1920 5500 2122 5557 Christi
2145 5511 2380 5568 persona
2411 5492 2633 5558 eminet,
2656 5506 2688 5544 a
2710 5504 2771 5544 se
2807 5482 3209 5557 quodammodo
3233 5478 3505 5549 repellunt

1921 5606 2030 5648 non
2063 5590 2267 5659 lingua,
2315 5584 2410 5642 sed
2445 5583 2691 5638 moribus
2711 5580 2779 5634 'et
2819 5575 3051 5643 actione,
3089 5573 3342 5627 timentes
3389 5582 3503 5623 non

1920 5695 2084 5754 posse
2111 5679 2223 5750 pati
2262 5675 2503 5749 regimen
2554 5686 2768 5738 eorum,
2799 5677 2855 5724 et
2892 5679 3071 5723 tamen
3117 5679 3213 5719 eos
3262 5660 3503 5715 maxime

1924 5752 2215 5839 honorant,
2242 5769 2369 5825 licet
2408 5768 2476 5822 ab
2510 5765 2591 5820 eis
2620 5762 2865 5818 moribus
2891 5768 2943 5814 et
2975 5756 3132 5813 factis
3153 5752 3498 5810 dissentiant:

1925 5860 2403 5924 Honoriﬁcentiam
2434 5852 2754 5930 signiﬁcavit
2791 5848 2984 5905 Petrus
3022 5847 3220 5903 cadens
3247 5843 3313 5900 ad
3338 5842 3502 5914 pedes
