3950 6380
483 334 627 396 1047

1623 339 1950 402 WERNERI
1987 344 2280 402 ABBATIS
2318 344 2376 402 S.
2418 344 2640 402 BLASll

3646 347 3799 403 seu

484 453 730 525 Domini;
771 470 951 512 mores
984 467 1163 513 autem
1217 457 1512 516 dissimiles
1559 460 1614 515 in
1648 476 1717 517 eo
1762 460 1908 532 quod
1936 459 2012 515 ait
2041 478 2057 515 :
2088 461 2134 519 Α
2160 460 2310 515 natio
2333 459 2401 516 de
2426 458 2840 531 superponendo
2867 459 3046 531 gladio
3073 459 3377 529 materiali,
3398 459 3453 516 si
3480 475 3603 517 non
3631 463 3795 517 sui-

485 567 508 602 ί
545 547 646 604 Exi
667 564 700 605 a
723 564 831 617 me,
853 550 980 620 quia
1011 550 1178 606 homo
1201 561 1455 622 peccator
1484 569 1628 609 sum.
1655 574 1673 605 ι
1696 552 1959 610 Dominus
1985 562 2059 609 ta-

480 656 605 697 men
637 658 745 696 non
777 642 1003 698 recessit
1028 643 1098 698 ab
1128 658 1217 711 eo,
1244 645 1390 716 quod
1442 645 1712 717 significat
1749 639 2057 716 spirituales

478 730 628 785 viros
650 745 758 784 non
788 731 984 786 debere
1014 734 1346 789 commoveri
1387 735 1626 806 peccatis
1670 737 1955 792 turbarum
1996 744 2056 792 ut

474 823 729 879 deserant
764 838 968 881 munus
1007 825 1459 882 ecclesiasticum.

552 932 572 965 ι
601 912 669 969 Et
701 915 777 970 ait
805 915 873 970 ad
919 915 1198 972 Simonem
1229 916 1390 973 :Noli
1425 919 1634 975 timere.
1674 917 1754 974 Ex
1795 918 1902 976 hoc
1937 920 2054 990 jam

472 1005 729 1063 homines
772 1007 883 1063 eris
907 1009 1149 1080 capiens.
1182 1010 1442 1069 Carnales
1475 1011 1819 1068 confortandi
1848 1021 1978 1068 sunt
2021 1029 2054 1069 a

468 1099 850 1171 spiritualibus
878 1117 947 1158 ne
968 1103 1035 1158 de
1062 1104 1397 1160 conscientia
1437 1105 1610 1176 culpae
1641 1122 1753 1161 sua».
1776 1106 2050 1173 timentes,

468 1200 527 1249 et
554 1193 788 1248 aliorum
820 1194 1129 1250 innocentia
1151 1203 1450 1265 stupentes,
1482 1198 1785 1253 sanctitatis
1808 1197 1909 1253 iter
1936 1197 2052 1252 for-

472 1284 681 1340 mident
723 1285 964 1357 aggredi.
1016 1284 1171 1353 Quod
1215 1295 1396 1342 autem
1445 1288 1734 1358 sequitur:
1765 1308 1783 1340 ι
1818 1288 1897 1343 Ex
1948 1290 2053 1346 hoc

466 1375 584 1446 jam
629 1376 879 1431 homines
905 1376 1014 1432 eris
1047 1378 1290 1447 capiens,
1326 1396 1347 1430 ι
1385 1378 1454 1434 ad
1482 1377 1703 1435 Petrum
1746 1379 2054 1450 specialiter

472 1468 754 1539 pertinet:
791 1469 878 1524 cui
920 1468 1187 1526 Dominus
1229 1470 1454 1540 exponit
1502 1472 1647 1542 quod
1695 1480 1920 1541 captura
1970 1472 2053 1543 pio

470 1560 649 1619 scium
690 1562 1033 1632 signiﬁcabat
1066 1572 1347 1634 capturam
1381 1564 1661 1620 hominum
1700 1581 1798 1636 per
1828 1581 1975 1621 eum.

545 1671 566 1705 ι
600 1652 667 1709 Et
701 1655 1050 1711 crediderunt
1074 1656 1130 1711 in
1151 1672 1276 1711 eum
1299 1656 1552 1728 discipuli
1583 1658 1721 1728 ejus.
1754 1657 1823 1713 Et
1843 1658 2049 1715 subdu-

466 1745 572 1800 ctis
597 1746 664 1801 ad
695 1755 895 1802 terram
926 1748 1157 1804 navibus
1186 1747 1391 1804 relictis
1422 1750 1681 1807 omnibus
1710 1752 1882 1807 secuti
1918 1760 2047 1807 sunt

464 1850 614 1891 enim.
651 1855 673 1888 ι
735 1835 903 1892 Multa
952 1836 1290 1909 reliquerunt
1338 1840 1431 1910 qui
1481 1841 1537 1896 in
1577 1840 1681 1897 hoc
1731 1841 1934 1896 saeculo
1972 1841 2049 1895 nil

464 1944 652 1984 amare
677 1929 1022 1986 studuerunt.
1051 1930 1217 1987 Multa
1239 1933 1575 2004 reliquerunt
1631 1935 1727 2005 qui
1777 1934 2049 1990 desideria

466 2021 702 2077 habendi
726 2022 1153 2094 dereliquerunt.
1185 2023 1243 2079 ln
1267 2024 1352 2080 his
1374 2026 1634 2082 docemur
1658 2024 1936 2081 Christum
1961 2041 2049 2081 se-

461 2114 581 2183 qui,
604 2121 659 2169 et
688 2115 968 2172 saecularis
1005 2116 1130 2173 vita:
1171 2117 1560 2184 sollicitudine,
1593 2133 1657 2174 ac
1682 2126 1924 2190 paternae
1949 2119 2049 2174 do-

464 2221 590 2262 mus
621 2207 1013 2263 consuetudine
1039 2224 1148 2264 non
1178 2210 1370 2265 teneri.

534 2293 671 2351 Nota
710 2297 838 2366 quia
865 2297 986 2352 viso
1008 2297 1274 2354 miraculo
1298 2299 1365 2355 de
1394 2309 1619 2371 captura
1650 2301 1883 2372 piscium
1921 2310 2046 2357 tan-

462 2403 629 2457 quam
663 2388 877 2445 tirmius
902 2391 1186 2446 credentes
1209 2391 1303 2462 qui
1326 2394 1683 2461 vocabantur,
1722 2409 1830 2449 non
1864 2394 2044 2450 solum

462 2478 692 2543 retibus,
720 2481 834 2548 sed,
860 2481 1117 2538 omnibus
1152 2483 1376 2550 relictis,
1404 2486 1573 2541 secuti
1602 2494 1731 2542 sunt
1755 2486 1942 2543 Iesum
1976 2486 2045 2542 ad

463 2569 795 2625 manendum
818 2585 942 2625 cum
974 2571 1088 2625 illo.
1121 2570 1298 2629 Naves
1327 2582 1509 2629 autem
1537 2575 1740 2631 idcirco
1769 2576 2047 2631 subduxe-

463 2669 593 2716 runt
616 2661 682 2717 ad
706 2671 930 2730 terram,
958 2663 1085 2718 licet
1111 2679 1219 2719 non
1250 2675 1436 2735 postea
1479 2667 1704 2722 redituri
1726 2669 1792 2723 ad
1824 2668 2044 2738 propria

462 2760 527 2807 ut
552 2751 634 2808 sic
658 2752 877 2810 cautius
920 2766 1269 2811 servarentur
1317 2755 1385 2811 ad
1416 2773 1598 2822 usum,
1647 2774 1936 2829 quousque
1987 2759 2045 2814 in

460 2841 697 2910 alicujus
758 2844 1163 2915 possessionem
1229 2846 1544 2905 transirent.
1607 2848 1842 2906 Docebat
1895 2850 2043 2906 enim

458 2935 737 3005 apostolus
760 2952 899 3008 quos
942 2936 1086 2994 Deus
1142 2937 1374 2995 formam
1407 2955 1550 2997 verre
1602 2941 1882 3013 religionis
1929 2950 2044 2999 toto

458 3027 664 3083 mundo
688 3030 1076 3096 constituebat,
1111 3046 1221 3087 non
1244 3033 1495 3102 superbe,
1527 3049 1636 3090 non
1680 3035 1862 3092 minus
1883 3045 2044 3093 caute

2159 550 2234 606 cit
2255 551 2535 621 spiritalis.
2568 550 2666 607 llic
2702 560 2880 606 tamen
2909 552 3061 608 canis
3086 551 3220 607 fune
3244 552 3542 608 tenendus
3568 562 3695 616 est,
3724 570 3793 609 ne

2158 646 2461 717 impetuose
2488 645 2783 715 discurrat,
2811 646 2938 717 quia
2965 646 3158 702 danda:
3194 653 3332 702 sunt
3363 645 3653 712 inducis,
3706 645 3793 701 fa-

2157 739 2362 795 cienda:
2390 739 2704 795 vocationes
2734 755 2834 810 pro
2866 739 3026 794 modo
3048 738 3196 805 facti,
3221 747 3277 795 et
3296 739 3595 810 dignitate
3648 756 3787 809 per-

2157 845 2322 886 sonae.
2355 829 2558 886 Baculo
2588 829 3167 887 exeommunicationis
3194 831 3425 886 arcendi
3454 839 3599 886 sunt
3642 830 3779 902 lupi.

2158 920 2215 976 Si
2243 922 2441 976 iterum
2469 922 2615 993 quod
2642 922 2869 977 debetur
2895 921 3070 976 amori
3101 920 3219 989 Dei,
3262 931 3323 977 et
3368 922 3617 977 utilitati
3648 940 3779 994 pro-

2155 1012 2309 1078 ximi,
2344 1022 2398 1068 et
2415 1013 2562 1084 quod
2586 1022 2669 1069 est
2693 1013 2920 1083 justitite
2947 1012 3120 1080 canis,
3150 1021 3210 1068 ut
3251 1012 3558 1084 impendet
3590 1015 3773 1069 amori

2154 1104 2241 1159 vel
2286 1104 2431 1173 odio,
2471 1104 2729 1159 utendum
2764 1115 2848 1160 est
2881 1103 3095 1169 baculo,
3142 1102 3195 1157 id
3230 1111 3318 1158 est
3353 1119 3477 1157 non
3524 1110 3615 1158 est
3646 1103 3775 1159 sii-

2154 1192 2259 1264 ipsi
2289 1194 2641 1264 parcendum,
2663 1193 2791 1263 quia
2813 1193 2994 1263 justus
3029 1193 3203 1263 primo
3233 1202 3552 1248 accusator
3570 1204 3663 1248 est
3684 1194 3765 1248 sui

2155 1282 2337 1355 (Prov.
2374 1287 2553 1356 xvm).
2586 1282 2750 1356 Virga
2793 1292 2992 1340 tenerae
3039 1284 3409 1340 correctionis
3471 1284 3765 1356 tangent

2153 1384 2284 1432 sunt
2331 1392 2482 1444 oves,
2513 1376 2567 1431 id
2614 1385 2698 1431 est
2748 1375 3044 1446 simplices,
3077 1391 3146 1431 ne
3190 1376 3485 1432 aberrent.
3524 1375 3588 1431 ιιι
3631 1393 3761 1449 per:

2152 1467 2310 1523 debet
2330 1467 2531 1523 habere
2551 1483 2746 1538 panem
2774 1467 2922 1523 verbi
2947 1467 3043 1522 Dei
3072 1468 3449 1534 reconditum,
3482 1478 3548 1523 ut
3574 1469 3651 1524 sit
3670 1487 3761 1541 pa-

2149 1564 2304 1612 ratus
2331 1557 2596 1613 rationem
2622 1557 2845 1613 reddere
2876 1557 3026 1612 omni
3056 1559 3326 1627 poscenti.
3360 1556 3557 1614 Nares
3576 1559 3760 1630 itaque

2151 1657 2279 1704 sunt
2320 1648 2710 1714 archidiaconi,
2740 1649 2832 1719 qui
2860 1649 3042 1719 sagaci
3071 1649 3301 1704 odoratu
3358 1649 3581 1705 debent
3622 1652 3755 1706 olfa-

2150 1753 2274 1795 cere
2299 1739 2463 1794 vitam
2510 1738 2874 1803 subditorum,
2928 1749 2981 1794 et
3028 1739 3097 1794 ad
3145 1739 3479 1810 episcopum
3530 1742 3755 1797 referre.

2148 1829 2325 1885 Aures
2348 1839 2477 1885 sunt
2497 1829 2736 1896 diaconi,
2768 1829 2861 1899 qui
2893 1829 3090 1885 debent
3122 1829 3313 1885 audire
3340 1830 3592 1899 judicia,
3622 1842 3685 1887 ut
3704 1844 3755 1889 et

2149 1921 2451 1979 secundum
2500 1922 2646 1993 quod
2693 1923 2963 1976 audierint
3001 1922 3266 1991 judicent.
3322 1920 3497 1978 Unde
3540 1942 3557 1977 :
3602 1923 3755 1990 Quod

2148 2015 2332 2083 audio,
2359 2030 2468 2070 non
2491 2014 2636 2085 quod
2663 2014 2774 2080 odi,
2816 2028 2923 2068 non
2948 2012 3093 2084 quod
3135 2027 3284 2067 amo.
3328 2010 3411 2068 Os
3455 2021 3521 2067 et
3572 2015 3753 2085 lingua

2148 2116 2273 2163 sunt
2302 2105 2626 2178 presbyteri,
2670 2104 2950 2171 diacones,
2984 2103 3381 2174 praedicatores
3431 2104 3601 2159 verbi
3638 2104 3753 2162 Dei.

2147 2201 2242 2273 qui
2281 2201 2362 2257 sic
2396 2214 2519 2256 esse
2562 2198 2839 2264 deberent,
2884 2197 2979 2252 sed
3032 2197 3196 2253 modo
3252 2197 3449 2251 omnia
3483 2213 3753 2253 conversa

2148 2301 2298 2361 sunt,
2323 2302 2378 2348 et
2405 2298 2812 2363 praeposterata.
2843 2287 2996 2345 Oculi
3040 2304 3150 2344 non
3200 2299 3335 2344 sunt
3389 2290 3599 2355 erecti,
3648 2290 3752 2344 im

2147 2386 2480 2443 inclinantur
2513 2385 2581 2440 ad
2616 2399 2865 2451 munera,
2898 2383 2965 2437 ad
2997 2381 3206 2447 odium,
3235 2384 3306 2436 ad
3350 2398 3644 2438 amorem.
3698 2381 3751 2437 lu

2145 2479 2225 2536 eis
2251 2488 2333 2534 est
2357 2477 2501 2549 quod
2536 2475 2734 2532 dicitur
2766 2492 2780 2529 :
2813 2492 2832 2525 ι
2867 2473 3124 2529 Tenebras
3155 2482 3313 2528 erant
3355 2489 3543 2543 super
3564 2474 3751 2529 faciem

2145 2569 2328 2643 abyssi
2366 2568 2518 2640 (Gen.
2543 2567 2605 2637 ι).
2633 2586 2651 2619 ι
2672 2565 2731 2621 ln
2765 2566 2846 2621 eis
2876 2564 3043 2621 facies
3065 2563 3259 2620 Lazari
3295 2565 3475 2635 ligata
3504 2566 3747 2622 sudario.

2145 2662 2205 2719 In
2226 2663 2306 2719 eis
2334 2669 2462 2717 sunt
2486 2658 2630 2715 oculi
2665 2657 3036 2731 apostolorum
3069 2661 3264 2712 somno
3288 2659 3545 2728 gravati.
3587 2656 3648 2714 In
3672 2660 3751 2716 eis

2144 2764 2229 2811 est
2270 2754 2469 2809 Saulus
2525 2765 2786 2821 squamas
2831 2750 3039 2806 habens
3096 2765 3263 2819 super
3305 2751 3539 2806 oculos.
3585 2749 3749 2808 Nares

2145 2847 2448 2904 amiserunt
2479 2843 2793 2909 odoratum,
2823 2849 3077 2912 putantes
3126 2841 3334 2896 bonum
3396 2842 3645 2909 malum,
3698 2854 3751 2899 et

2144 2953 2460 2995 econverso.
2503 2934 2747 2990 Tuentur
2778 2947 2918 3004 quos
2952 2933 3161 3000 volunt,
3206 2944 3449 3004 gravant
3476 2951 3631 3005 qua
3656 2951 3747 2989 re.

2142 3033 2281 3088 lunt.
2311 3032 2485 3085 Aures
2512 3037 2828 3099 pervertunt
2856 3024 3085 3096 judicia,
3126 3041 3191 3081 os
3230 3034 3288 3080 et
3322 3026 3527 3097 lingua
3565 3030 3743 3083 silent.

458 3117 724 3175 mundum
776 3130 1122 3179 contemnere
1156 3143 1170 3179 :
1206 3126 1353 3196 quod
1403 3126 1634 3198 legimus
1686 3129 2040 3199 philosophos
2068 3148 2111 3206 ρ
2142 3124 2359 3188 Pectus,
2398 3122 2646 3186 dorsum,
2688 3118 2931 3186 brachia,
2963 3126 3016 3173 et
3061 3133 3258 3172 manus
3291 3115 3576 3174 Ecclesia:
3624 3128 3747 3175 sunt

457 3208 671 3266 fseisse.
703 3210 896 3274 Crates
937 3214 1084 3270 enim
1126 3215 1438 3285 Thebanus,
1489 3227 1547 3273 ut
1575 3219 1650 3275 ait
1676 3218 2037 3292 Hieronymus

456 3302 524 3361 ad
566 3301 939 3374 Iovinianum,
983 3307 1225 3378 projecto
1274 3308 1330 3364 in
1367 3310 1506 3365 mari
1552 3326 1664 3367 non
1709 3327 1877 3382 parvo
1915 3312 2037 3367 auri

455 3394 733 3464 pondere:
769 3416 789 3450 ι
821 3397 1000 3466 Abite,
1023 3398 1220 3471 inquit,
1245 3416 1463 3471 pessum
1493 3402 1650 3456 malae
1690 3401 2033 3473 cupiditates.

456 3485 570 3559 Ego
595 3503 695 3546 vos
716 3505 980 3562 mergam,
1015 3507 1084 3547 ne
1111 3493 1228 3563 ipse
1248 3508 1465 3562 mergar
1491 3508 1524 3548 a
1558 3493 1734 3548 vobis.
1768 3512 1790 3545 ι

869 3581 1103 3637 SERMO
1141 3581 1230 3635 DE
1273 3581 1630 3639 ECCLESIA.

525 3669 781 3727 Christus
807 3680 862 3726 et
886 3670 1151 3741 Ecclesia,
1178 3689 1287 3744 qua
1311 3674 1626 3743 designatur
1654 3676 1710 3731 in
1734 3676 1855 3733 istis
1874 3692 2039 3733 evan-

455 3759 645 3828 gelicis
673 3760 923 3828 navibus,
955 3777 1124 3817 unum
1159 3778 1362 3834 corpus
1392 3765 1750 3821 constituunt.
1787 3765 2038 3824 Christus

456 3851 642 3921 itaque
664 3860 750 3906 est
778 3859 961 3922 caput,
1006 3868 1205 3923 corpus
1239 3868 1371 3910 vero
1405 3853 1669 3911 Ecclesia.
1726 3854 1860 3911 Nam
1896 3858 2040 3916 sicut

457 3944 513 3997 in
568 3943 745 4015 capite
774 3944 884 4000 vita
915 3954 971 3999 et
994 3945 1261 4015 vegetatio
1316 3946 1482 4003 totius
1535 3948 1803 4019 corporis,
1859 3948 1933 4004 ita
1982 3949 2036 4004 in

454 4038 675 4095 Christo
696 4040 804 4095 vita
826 4047 878 4095 et
902 4048 1391 4096 sustentamentum
1426 4039 1698 4098 Ecclesiae.
1727 4040 1851 4099 Haec
1871 4043 1917 4099 si
1946 4059 2039 4099 ve-

455 4129 518 4185 lit
550 4130 713 4200 capiti
744 4128 1101 4198 eonformari,
1143 4130 1275 4187 etei
1313 4131 1540 4199 servire,
1586 4147 1685 4202 pro
1724 4131 2039 4189 diversitate

447 4236 811 4293 personarum
850 4234 905 4278 et
926 4221 1225 4278 ciliciorum
1250 4223 1339 4278 (iet
1364 4239 1532 4278 unum
1561 4238 1686 4279 cum
1716 4226 1852 4280 eoin
1882 4234 2038 4280 :eter-

456 4329 612 4370 num.
646 4312 821 4385 Hujus
847 4298 1093 4385 corporis
1119 4315 1263 4371 oculi
1292 4315 1388 4387 qui
1425 4315 1625 4372 debent
1653 4318 1914 4373 membris
1949 4316 2038 4371 in-

454 4408 750 4465 ferioribus
784 4408 1088 4480 providere,
1128 4418 1259 4464 sunt
1284 4409 1545 4479 episcopi,
1575 4409 1668 4479 qui
1700 4424 1811 4466 non
1857 4410 2037 4466 solum

2140 3219 2360 3275 milites.
2390 3213 2449 3268 In
2487 3221 2702 3282 pectore
2720 3218 2804 3266 est
2825 3225 2940 3278 cor,
2978 3211 3033 3264 in
3077 3224 3189 3280 quo
3222 3219 3308 3265 est
3355 3211 3632 3266 audacia.
3682 3211 3745 3267 Hi

2139 3309 2396 3365 audacter
2429 3302 2626 3359 debent
2657 3301 2946 3357 defendere
2972 3301 3251 3355 ministros
3279 3299 3581 3357 Ecclesiae.
3621 3302 3745 3358 Dor-

2139 3416 2262 3456 sum
2285 3397 2537 3469 congruit
2558 3395 2817 3451 oneribus
2854 3393 3155 3464 portandis,
3193 3393 3427 3449 brachia
3460 3395 3735 3461 iuvandis,

2138 3508 2335 3549 manus
2358 3487 2783 3546 contrectandis.
2816 3484 2883 3542 Hi
2910 3487 3110 3541 debent
3147 3494 3387 3555 portare,
3420 3489 3737 3553 sustollere,

2138 3592 2475 3642 contrectare
2501 3582 2787 3651 diligenter
2806 3576 3174 3635 ecclesiastica
3219 3592 3415 3632 onera.
3470 3578 3585 3634 Sed
3631 3580 3739 3635 haec

2130 3680 2323 3737 .omuia
2358 3691 2622 3734 conversa
2677 3681 2823 3730 sunt.
2883 3671 3058 3740 Quam
3102 3672 3307 3742 iniqua:
3361 3688 3579 3727 manus
3621 3689 3739 3743 qua:

2137 3772 2387 3844 proprios
2421 3768 2707 3824 tenebrant
2732 3775 2786 3821 et
2813 3773 3013 3820 eruunt
3056 3764 3265 3830 oculos,
3297 3780 3448 3833 quos
3477 3764 3737 3819 deberent

2138 3865 2473 3933 abstergere,
2504 3859 2832 3915 obtruncant
2863 3871 3025 3911 nares
3071 3871 3212 3926 quos
3242 3855 3515 3910 deberent
3544 3872 3738 3910 emun-

2139 3971 2285 4028 gere,
2314 3959 2601 4023 amputant
2625 3965 2791 4005 aures
2824 3963 2964 4019 quas
2990 3946 3251 4003 deberent
3285 3962 3558 4016 purgare,
3591 3948 3735 4002 clau-

2138 4050 2275 4105 dunt
2319 4062 2384 4102 os
2420 4044 2510 4100 cui
2558 4043 2818 4099 deberent
2847 4040 3189 4096 ministrare!
3240 4037 3367 4094 Haec
3422 4050 3619 4096 autem
3656 4049 3735 4098 est

2138 4141 2249 4196 vita
2276 4137 2624 4202 clericorum,
2647 4133 2743 4204 qui
2770 4133 2984 4205 litigant
3027 4132 3083 4186 in
3124 4130 3409 4197 conviviis,
3446 4147 3516 4187 ac
3560 4133 3733 4188 disce-

2138 4234 2408 4305 ptationes
2447 4231 2647 4285 habent
2670 4230 2727 4284 in
2751 4226 2926 4282 trulis.
2975 4224 3178 4281 Venter
3233 4234 3445 4291 autem,
3493 4228 3593 4295 qui
3640 4240 3732 4296 pro

2140 4323 2452 4381 infirmitate
2499 4337 2599 4378 sua
2650 4319 2758 4376 vile
2801 4318 3051 4384 habetur,
3096 4324 3151 4373 et
3194 4326 3280 4373 est
3321 4319 3729 4387 receptaculum

2142 4427 2349 4474 tantum
2390 4415 2663 4480 ciborum,
2687 4420 2743 4468 et
2769 4411 3118 4467 nutritorium
3155 4408 3426 4480 corporis,
3476 4409 3731 4479 decoquit

453 4502 619 4569 oculi,
661 4501 757 4559 sed
793 4500 958 4556 etiam
1007 4508 1254 4570 pastores
1309 4509 1364 4555 et
1414 4500 1638 4569 subditi,
1691 4516 1801 4557 non
1858 4502 2037 4558 solum

2144 4510 2312 4575 cibos,
2336 4505 2565 4579 porrigit
2590 4503 2783 4559 vitales
2812 4517 3010 4558 succos
3031 4499 3406 4573 superioribus
3427 4509 3485 4555 et
3511 4499 3731 4555 inferio-

450 4595 823 4651 membrorum
865 4593 1109 4661 nomine,
1140 4593 1234 4651 sed
1261 4592 1454 4649 borum
1479 4603 1729 4664 respectu
1756 4594 2033 4650 dicuntur.

451 4683 680 4741 Multum
710 4684 938 4741 interest
984 4682 1126 4739 inter
1158 4692 1430 4754 pastorem
1460 4692 1515 4740 et
1540 4699 1719 4753 ovem,
1754 4685 2036 4756 praelatum

453 4785 511 4832 et
542 4776 844 4835 subditum.
875 4775 968 4833 ille
997 4776 1155 4849 regit,
1185 4774 1290 4834 iste
1318 4777 1557 4849 regitur;
1590 4777 1680 4834 ille
1708 4780 1901 4850 pascit.
1934 4778 2036 4834 iste

450 4871 714 4940 pascitur.
749 4870 819 4926 Et
857 4871 999 4928 sicut
1050 4879 1239 4943 pastor
1281 4879 1477 4943 praeest
1524 4871 1719 4928 ovibus
1774 4871 2035 4943 dignitate

451 4962 783 5028 creationis,
834 4964 964 5034 quia
1011 4964 1295 5021 rationalis
1346 4973 1400 5020 et
1452 4973 1668 5021 erectus
1697 4964 1763 5019 ad
1809 4963 2033 5034 coelum,

453 5067 585 5107 oves
612 5062 792 5109 autem
826 5070 1013 5125 prome
1044 5057 1113 5112 ad
1157 5058 1510 5128 pascendum,
1557 5058 1629 5113 ita
1667 5058 1906 5129 episcopi
1941 5059 2035 5113 de-

452 5145 585 5201 bent
610 5143 717 5200 dici
742 5144 1035 5202 rationales
1059 5155 1113 5201 et
1135 5148 1356 5203 discreti
1383 5149 1789 5218 comparatione
1841 5148 2032 5205 subdi-

453 5247 656 5293 torum.
706 5234 772 5291 Hi
798 5235 997 5293 debent
1034 5235 1236 5294 habere
1279 5252 1490 5306 canem,
1533 5237 1716 5293 funem
1747 5239 1813 5295 ad
1841 5248 2032 5295 tenen~

451 5330 584 5386 dum
631 5330 808 5398 illum,
836 5328 1091 5385 baculum
1115 5329 1182 5383 ad
1211 5329 1504 5385 arcendum
1530 5337 1645 5385 tum
1675 5329 1885 5401 lupum,
1917 5338 2032 5385 tum

451 5421 618 5479 etiam
648 5430 703 5477 et
729 5435 944 5489 canem,
976 5420 1024 5478 si
1058 5434 1197 5491 opus
1222 5418 1406 5476 fuerit.
1460 5418 1681 5493 Virgam
1712 5437 1930 5493 quoque
1963 5421 2034 5477 ad

451 5514 720 5584 regendas
740 5529 891 5581 oves,
918 5529 1041 5585 qum
1069 5527 1179 5569 non
1210 5522 1442 5585 possunt
1473 5503 1729 5571 baculum
1766 5515 1898 5586 pati,
1931 5530 2030 5586 pe-

451 5620 570 5661 ram
596 5603 687 5661 ubi
712 5612 891 5676 portet
928 5620 1123 5679 panem
1154 5619 1337 5661 suum.
1393 5603 1453 5661 in
1493 5604 1737 5662 Ecclesia
1767 5605 1864 5663 Dei
1906 5614 2035 5663 sunt

449 5695 755 5767 pmdones,
791 5697 901 5771 lupi
935 5700 1162 5767 scilicet.
1190 5707 1381 5757 contra
1405 5715 1546 5772 quos
1571 5700 1916 5761 necessarius
1949 5709 2033 5757 est

447 5786 624 5855 canis,
652 5788 704 5844 id
728 5798 813 5848 est
831 5790 1061 5851 latratus
1091 5807 1295 5864 asperae
1314 5790 1695 5864 correptionis,
1724 5798 1778 5845 et
1802 5791 2033 5847 commi-

2139 4601 2294 4667 ribus
2328 4596 2611 4653 membris.
2656 4592 2797 4650 Sunt
2844 4593 3099 4649 monachi
3146 4602 3201 4648 et
3254 4592 3503 4648 eremitze
3527 4634 3544 4658 ,
3596 4607 3731 4664 quos

2142 4690 2380 4747 mundus
2407 4686 2666 4758 despicit,
2699 4693 2755 4740 et
2798 4700 3018 4750 manus,
3061 4682 3115 4738 id
3160 4691 3245 4737 est
3277 4682 3487 4737 milites
3542 4681 3728 4753 oppri-

2140 4791 2318 4841 munt.
2362 4780 2429 4836 Hi
2460 4780 2745 4851 .recipiunt
2784 4778 2967 4834 cibum
3021 4775 3279 4847 spiritalis
3326 4773 3600 4829 doctrina
3629 4790 3647 4827 :
3677 4775 3729 4829 hi

2140 4862 2632 4934 sustentamentum
2689 4870 2965 4936 Ecclesiae,
3015 4867 3304 4941 signiﬁcati
3355 4880 3455 4936 per
3506 4865 3727 4938 Moysen

2139 4976 2386 5025 orantem
2417 4966 2472 5020 in
2502 4973 2708 5031 monte,
2759 4979 2857 5035 per
2887 4962 3195 5017 Samuelem
3245 4959 3615 5015 exeubantem
3674 4958 3727 5011 in

2138 5060 2361 5129 templo,
2413 5074 2507 5128 per
2536 5056 2712 5112 Eliam
2745 5065 3046 5111 morantem
3081 5053 3135 5107 in
3174 5053 3412 5107 deserto.
3454 5048 3525 5104 Hi
3564 5048 3730 5120 porri-

2140 5160 2276 5225 gunt
2304 5151 2577 5221 spiritales
2611 5163 2807 5205 succos
2855 5145 3232 5217 superioribus
3272 5150 3327 5198 et
3375 5141 3729 5198 inferioribus

2139 5244 2419 5301 membris.
2447 5241 2544 5298 llis
2566 5240 2822 5298 convenit
2844 5238 2994 5311 quod
3028 5238 3227 5293 dicitur
3253 5236 3563 5290 humanum
3590 5248 3725 5305 pau-

2140 5334 2219 5390 cis
2250 5333 2380 5387 vivit
2399 5347 2592 5403 genus,
2623 5332 2751 5401 quia
2781 5330 2888 5386 nisi
2918 5330 2975 5385 bi
3005 5335 3207 5395 essent,
3230 5327 3471 5382 mundus
3507 5327 3723 5397 periret,

2138 5426 2224 5482 vel
2248 5424 2496 5491 fulmine,
2527 5424 2611 5480 vel
2646 5423 2798 5478 hiatu
2826 5432 3004 5478 terrae.
3055 5420 3228 5478 Pedes
3256 5419 3350 5492 qui
3379 5428 3561 5474 totum
3610 5434 3725 5475 coro

2139 5531 2242 5589 pus
2271 5523 2509 5586 portant,
2541 5522 2670 5570 sunt
2694 5512 2907 5580 rustici,
2940 5512 3008 5568 de
3034 5527 3267 5583 quorum
3300 5511 3489 5565 labore
3540 5509 3724 5564 vivunt

2139 5627 2335 5668 omnes
2361 5610 2622 5682 praedicti.
2660 5609 2772 5666 llos
2800 5625 3016 5677 manus,
3067 5609 3122 5666 id
3150 5618 3234 5666 est
3281 5606 3488 5663 milites
3536 5620 3722 5678 perse-

2138 5710 2383 5772 quuntur
2412 5701 2623 5772 rapina,
2661 5700 2861 5772 gladio,
2893 5699 3168 5767 incendio,
3198 5700 3253 5755 in
3290 5712 3575 5755 carcerem
3610 5696 3721 5754 mit-

2138 5800 2291 5860 tunt,
2345 5793 2697 5863 compedibus
2751 5792 3033 5865 deputant,
3074 5792 3141 5848 ad
3184 5791 3593 5864 redemptione:
3633 5805 3720 5847 co-
