  <div class='ocr_page' id='page_1' title='image "/cluster/home/n/w/nwhite01/storage/ocr_20150623/157/hvd.32044010248185/530.png"; bbox 0 0 3950 6380; ppageno 0'>
   <div class='ocr_carea' id='block_1_1' title="bbox 145 330 303 391">
    <p class='ocr_par' dir='ltr' id='par_1_1' title="bbox 145 330 303 391">
     <span class='ocr_line' id='line_1_1' title="bbox 145 330 303 391; baseline 0.019 -3"><span class='ocrx_word' id='word_1_1' title='bbox 145 330 303 391; x_wconf 70' lang='grc' dir='ltr'><strong>ιοιθ</strong></span> 
     </span>
    </p>
   </div>
   <div class='ocr_carea' id='block_1_2' title="bbox 1093 328 2542 389">
    <p class='ocr_par' dir='ltr' id='par_1_2' title="bbox 1093 328 2542 389">
     <span class='ocr_line' id='line_1_2' title="bbox 1093 328 2542 389; baseline -0.001 -3"><span class='ocrx_word' id='word_1_2' title='bbox 1093 329 1671 389; x_wconf 65' lang='grc' dir='ltr'><strong>υειτιοιιΑτιοΝεε</strong></span> <span class='ocrx_word' id='word_1_3' title='bbox 1708 332 1809 389; x_wconf 87' lang='lat' dir='ltr'><strong>SS.</strong></span> <span class='ocrx_word' id='word_1_4' title='bbox 1851 329 2165 387; x_wconf 69' lang='lat' dir='ltr'><strong>PATBUM.</strong></span> <span class='ocrx_word' id='word_1_5' title='bbox 2206 361 2274 370; x_wconf 88' lang='lat'><strong><em>—</em></strong></span> <span class='ocrx_word' id='word_1_6' title='bbox 2312 329 2441 384; x_wconf 81' lang='lat' dir='ltr'><strong>LIB.</strong></span> <span class='ocrx_word' id='word_1_7' title='bbox 2483 328 2542 385; x_wconf 84' lang='lat' dir='ltr'><strong>ll.</strong></span> 
     </span>
    </p>
   </div>
   <div class='ocr_carea' id='block_1_3' title="bbox 1910 184 1941 217">
    <p class='ocr_par' dir='ltr' id='par_1_3' title="bbox 1910 184 1941 217">
     <span class='ocr_line' id='line_1_3' title="bbox 1910 184 1941 217; baseline 0 0"><span class='ocrx_word' id='word_1_8' title='bbox 1910 184 1941 217; x_wconf 79' lang='grc' dir='ltr'><strong><em>Ι</em></strong></span> 
     </span>
    </p>
   </div>
   <div class='ocr_carea' id='block_1_4' title="bbox 3292 331 3433 388">
    <p class='ocr_par' dir='ltr' id='par_1_4' title="bbox 3292 331 3433 388">
     <span class='ocr_line' id='line_1_4' title="bbox 3292 331 3433 388; baseline 0 0"><span class='ocrx_word' id='word_1_9' title='bbox 3292 331 3433 388; x_wconf 69' lang='grc'><strong>1050</strong></span> 
     </span>
    </p>
   </div>
   <div class='ocr_carea' id='block_1_5' title="bbox 143 440 3432 527">
    <p class='ocr_par' dir='ltr' id='par_1_5' title="bbox 143 440 3432 527">
     <span class='ocr_line' id='line_1_5' title="bbox 143 440 3432 527; baseline 0.002 -27"><span class='ocrx_word' id='word_1_10' title='bbox 143 451 310 518; x_wconf 88' lang='lat' dir='ltr'><strong>gunt.</strong></span> <span class='ocrx_word' id='word_1_11' title='bbox 352 441 477 501; x_wconf 59' lang='lat' dir='ltr'><strong>Haec</strong></span> <span class='ocrx_word' id='word_1_12' title='bbox 505 451 592 501; x_wconf 85' lang='lat' dir='ltr'><strong>est</strong></span> <span class='ocrx_word' id='word_1_13' title='bbox 637 443 1037 527; x_wconf 30' lang='lat' dir='ltr'><strong>concatenatio.</strong></span> <span class='ocrx_word' id='word_1_14' title='bbox 1059 443 1338 515; x_wconf 68' lang='lat' dir='ltr'><strong>Ecclesiae,</strong></span> <span class='ocrx_word' id='word_1_15' title='bbox 1370 446 1417 502; x_wconf 88' lang='lat' dir='ltr'><strong>si</strong></span> <span class='ocrx_word' id='word_1_16' title='bbox 1449 446 1614 519; x_wconf 89' lang='lat' dir='ltr'><strong>capiti</strong></span> <span class='ocrx_word' id='word_1_17' title='bbox 1646 462 1749 503; x_wconf 91' lang='lat' dir='ltr'><strong>suo</strong></span> <span class='ocrx_word' id='word_1_18' title='bbox 1776 452 1822 511; x_wconf 80' lang='grc' dir='ltr'>Λ</span> <span class='ocrx_word' id='word_1_19' title='bbox 1854 444 2166 503; x_wconf 89' lang='lat' dir='ltr'><strong>necessaria</strong></span> <span class='ocrx_word' id='word_1_20' title='bbox 2211 450 2451 499; x_wconf 88' lang='lat' dir='ltr'><strong>tractant</strong></span> <span class='ocrx_word' id='word_1_21' title='bbox 2486 457 2615 513; x_wconf 87' lang='lat' dir='ltr'><strong>pars</strong></span> <span class='ocrx_word' id='word_1_22' title='bbox 2647 440 2915 513; x_wconf 63' lang='lat' dir='ltr'><strong>’corports</strong></span> <span class='ocrx_word' id='word_1_23' title='bbox 2966 442 3171 502; x_wconf 78' lang='lat' dir='ltr'><strong>Christi</strong></span> <span class='ocrx_word' id='word_1_24' title='bbox 3206 447 3432 508; x_wconf 84' lang='lat' dir='ltr'><strong>sinistra</strong></span> 
     </span>
    </p>
   </div>
   <div class='ocr_carea' id='block_1_6' title="bbox 142 537 489 594">
    <p class='ocr_par' dir='ltr' id='par_1_6' title="bbox 142 537 489 594">
     <span class='ocr_line' id='line_1_6' title="bbox 142 537 489 594; baseline -0.003 -1"><span class='ocrx_word' id='word_1_25' title='bbox 142 538 285 594; x_wconf 81' lang='lat' dir='ltr'><strong>velit</strong></span> <span class='ocrx_word' id='word_1_26' title='bbox 324 537 489 593; x_wconf 88' lang='lat' dir='ltr'><strong>uniri.</strong></span> 
     </span>
    </p>
   </div>
   <div class='ocr_carea' id='block_1_7' title="bbox 698 626 1214 684">
    <p class='ocr_par' dir='ltr' id='par_1_7' title="bbox 698 626 1214 684">
     <span class='ocr_line' id='line_1_7' title="bbox 698 626 1214 684; baseline 0.002 -1"><span class='ocrx_word' id='word_1_27' title='bbox 698 626 835 683; x_wconf 81' lang='lat' dir='ltr'><strong>Item</strong></span> <span class='ocrx_word' id='word_1_28' title='bbox 859 627 924 683; x_wconf 83' lang='lat' dir='ltr'><strong>de</strong></span> <span class='ocrx_word' id='word_1_29' title='bbox 955 626 1214 684; x_wconf 76' lang='lat' dir='ltr'><strong>Ecclesia.</strong></span> 
     </span>
    </p>
   </div>
   <div class='ocr_carea' id='block_1_8' title="bbox 220 720 1745 792">
    <p class='ocr_par' dir='ltr' id='par_1_8' title="bbox 220 720 1745 792">
     <span class='ocr_line' id='line_1_8' title="bbox 220 720 1745 792; baseline 0.001 -17"><span class='ocrx_word' id='word_1_30' title='bbox 220 720 469 778; x_wconf 81' lang='lat' dir='ltr'><strong>Ecclesia</strong></span> <span class='ocrx_word' id='word_1_31' title='bbox 494 730 683 777; x_wconf 90' lang='lat' dir='ltr'><strong>saneta</strong></span> <span class='ocrx_word' id='word_1_32' title='bbox 710 737 909 792; x_wconf 93' lang='lat' dir='ltr'><strong>corpus</strong></span> <span class='ocrx_word' id='word_1_33' title='bbox 933 721 1138 776; x_wconf 79' lang='lat' dir='ltr'><strong>Christi</strong></span> <span class='ocrx_word' id='word_1_34' title='bbox 1167 729 1271 785; x_wconf 83' lang='lat' dir='ltr'><strong>est,</strong></span> <span class='ocrx_word' id='word_1_35' title='bbox 1304 736 1415 776; x_wconf 91' lang='lat' dir='ltr'><strong>uno</strong></span> <span class='ocrx_word' id='word_1_36' title='bbox 1442 720 1640 791; x_wconf 83' lang='lat' dir='ltr'><strong>spiritu</strong></span> <span class='ocrx_word' id='word_1_37' title='bbox 1662 721 1745 776; x_wconf 89' lang='lat' dir='ltr'><strong>vi-</strong></span> 
     </span>
    </p>
   </div>
   <div class='ocr_carea' id='block_1_9' title="bbox 139 811 1744 883">
    <p class='ocr_par' dir='ltr' id='par_1_9' title="bbox 139 811 1744 883">
     <span class='ocr_line' id='line_1_9' title="bbox 139 811 1744 883; baseline -0.001 -15"><span class='ocrx_word' id='word_1_38' title='bbox 139 812 371 868; x_wconf 87' lang='lat' dir='ltr'><strong>viﬁcata</strong></span> <span class='ocrx_word' id='word_1_39' title='bbox 400 822 455 869; x_wconf 90' lang='lat' dir='ltr'><strong>et</strong></span> <span class='ocrx_word' id='word_1_40' title='bbox 478 814 629 868; x_wconf 85' lang='lat' dir='ltr'><strong>unita</strong></span> <span class='ocrx_word' id='word_1_41' title='bbox 662 812 766 868; x_wconf 92' lang='lat' dir='ltr'><strong>ﬁde</strong></span> <span class='ocrx_word' id='word_1_42' title='bbox 796 829 903 868; x_wconf 89' lang='lat' dir='ltr'><strong>una</strong></span> <span class='ocrx_word' id='word_1_43' title='bbox 935 822 990 869; x_wconf 90' lang='lat' dir='ltr'><strong>et</strong></span> <span class='ocrx_word' id='word_1_44' title='bbox 1019 813 1377 869; x_wconf 90' lang='lat' dir='ltr'><strong>sanctilicata.</strong></span> <span class='ocrx_word' id='word_1_45' title='bbox 1422 811 1595 883; x_wconf 84' lang='lat' dir='ltr'><strong>Hujus</strong></span> <span class='ocrx_word' id='word_1_46' title='bbox 1621 828 1744 868; x_wconf 86' lang='lat' dir='ltr'><strong>cor-</strong></span> 
     </span>
    </p>
   </div>
   <div class='ocr_carea' id='block_1_10' title="bbox 138 904 1739 978">
    <p class='ocr_par' dir='ltr' id='par_1_10' title="bbox 138 904 1739 978">
     <span class='ocr_line' id='line_1_10' title="bbox 138 904 1739 978; baseline 0 -19"><span class='ocrx_word' id='word_1_47' title='bbox 138 904 305 975; x_wconf 84' lang='lat' dir='ltr'><strong>poris</strong></span> <span class='ocrx_word' id='word_1_48' title='bbox 363 905 611 961; x_wconf 89' lang='lat' dir='ltr'><strong>membra</strong></span> <span class='ocrx_word' id='word_1_49' title='bbox 670 906 869 978; x_wconf 79' lang='lat' dir='ltr'><strong>singuli</strong></span> <span class='ocrx_word' id='word_1_50' title='bbox 932 906 1136 978; x_wconf 83' lang='lat' dir='ltr'><strong>quique</strong></span> <span class='ocrx_word' id='word_1_51' title='bbox 1188 904 1427 960; x_wconf 73' lang='lat' dir='ltr'><strong>ﬁdelium</strong></span> <span class='ocrx_word' id='word_1_52' title='bbox 1478 905 1739 972; x_wconf 80' lang='lat' dir='ltr'><strong>existunt,</strong></span> 
     </span>
    </p>
   </div>
   <div class='ocr_carea' id='block_1_11' title="bbox 138 997 1734 1069">
    <p class='ocr_par' dir='ltr' id='par_1_11' title="bbox 138 997 1734 1069">
     <span class='ocr_line' id='line_1_11' title="bbox 138 997 1734 1069; baseline -0.001 -17"><span class='ocrx_word' id='word_1_53' title='bbox 138 1011 348 1054; x_wconf 90' lang='lat' dir='ltr'><strong>omnes</strong></span> <span class='ocrx_word' id='word_1_54' title='bbox 375 1014 574 1069; x_wconf 89' lang='lat' dir='ltr'><strong>corpus</strong></span> <span class='ocrx_word' id='word_1_55' title='bbox 605 1014 776 1054; x_wconf 92' lang='lat' dir='ltr'><strong>unum</strong></span> <span class='ocrx_word' id='word_1_56' title='bbox 820 1008 1041 1069; x_wconf 85' lang='lat' dir='ltr'><strong>propter</strong></span> <span class='ocrx_word' id='word_1_57' title='bbox 1090 997 1339 1069; x_wconf 84' lang='lat' dir='ltr'><strong>spiritum</strong></span> <span class='ocrx_word' id='word_1_58' title='bbox 1380 1013 1549 1051; x_wconf 88' lang='lat' dir='ltr'><strong>unum</strong></span> <span class='ocrx_word' id='word_1_59' title='bbox 1577 1005 1633 1051; x_wconf 91' lang='lat' dir='ltr'><strong>et</strong></span> <span class='ocrx_word' id='word_1_60' title='bbox 1674 997 1734 1051; x_wconf 86' lang='lat' dir='ltr'><strong>ﬁ-</strong></span> 
     </span>
    </p>
   </div>
   <div class='ocr_carea' id='block_1_12' title="bbox 136 1088 1738 1159">
    <p class='ocr_par' dir='ltr' id='par_1_12' title="bbox 136 1088 1738 1159">
     <span class='ocr_line' id='line_1_12' title="bbox 136 1088 1738 1159; baseline -0.001 -15"><span class='ocrx_word' id='word_1_61' title='bbox 136 1089 275 1145; x_wconf 87' lang='lat' dir='ltr'><strong>dem</strong></span> <span class='ocrx_word' id='word_1_62' title='bbox 315 1105 505 1145; x_wconf 87' lang='lat' dir='ltr'><strong>unam.</strong></span> <span class='ocrx_word' id='word_1_63' title='bbox 553 1088 1022 1158; x_wconf 87' lang='lat' dir='ltr'><strong>Quemadmodum</strong></span> <span class='ocrx_word' id='word_1_64' title='bbox 1058 1098 1239 1145; x_wconf 91' lang='lat' dir='ltr'><strong>autem</strong></span> <span class='ocrx_word' id='word_1_65' title='bbox 1291 1089 1345 1144; x_wconf 93' lang='lat' dir='ltr'><strong>in</strong></span> <span class='ocrx_word' id='word_1_66' title='bbox 1375 1103 1603 1159; x_wconf 86' lang='lat' dir='ltr'><strong>corpore</strong></span> <span class='ocrx_word' id='word_1_67' title='bbox 1636 1089 1738 1143; x_wconf 91' lang='lat' dir='ltr'><strong>hu-</strong></span> 
     </span>
    </p>
   </div>
   <div class='ocr_carea' id='block_1_13' title="bbox 136 1181 1741 1253">
    <p class='ocr_par' dir='ltr' id='par_1_13' title="bbox 136 1181 1741 1253">
     <span class='ocr_line' id='line_1_13' title="bbox 136 1181 1741 1253; baseline 0.001 -19"><span class='ocrx_word' id='word_1_68' title='bbox 136 1194 316 1235; x_wconf 85' lang='lat' dir='ltr'><strong>mano</strong></span> <span class='ocrx_word' id='word_1_69' title='bbox 351 1181 564 1252; x_wconf 88' lang='lat' dir='ltr'><strong>singula</strong></span> <span class='ocrx_word' id='word_1_70' title='bbox 606 1197 840 1253; x_wconf 74' lang='lat' dir='ltr'><strong>quaeque</strong></span> <span class='ocrx_word' id='word_1_71' title='bbox 885 1182 1128 1237; x_wconf 87' lang='lat' dir='ltr'><strong>membra</strong></span> <span class='ocrx_word' id='word_1_72' title='bbox 1171 1181 1389 1252; x_wconf 89' lang='lat' dir='ltr'><strong>propria</strong></span> <span class='ocrx_word' id='word_1_73' title='bbox 1413 1197 1478 1236; x_wconf 87' lang='lat' dir='ltr'><strong>ac</strong></span> <span class='ocrx_word' id='word_1_74' title='bbox 1505 1181 1741 1236; x_wconf 89' lang='lat' dir='ltr'><strong>discreta</strong></span> 
     </span>
    </p>
   </div>
   <div class='ocr_carea' id='block_1_14' title="bbox 136 1270 1741 1344">
    <p class='ocr_par' dir='ltr' id='par_1_14' title="bbox 136 1270 1741 1344">
     <span class='ocr_line' id='line_1_14' title="bbox 136 1270 1741 1344; baseline 0.001 -18"><span class='ocrx_word' id='word_1_75' title='bbox 136 1270 326 1329; x_wconf 82' lang='lat' dir='ltr'><strong>oﬂlcia</strong></span> <span class='ocrx_word' id='word_1_76' title='bbox 381 1272 622 1341; x_wconf 84' lang='lat' dir='ltr'><strong>habent,</strong></span> <span class='ocrx_word' id='word_1_77' title='bbox 680 1285 733 1329; x_wconf 86' lang='lat' dir='ltr'><strong>et</strong></span> <span class='ocrx_word' id='word_1_78' title='bbox 782 1282 965 1329; x_wconf 89' lang='lat' dir='ltr'><strong>tamen</strong></span> <span class='ocrx_word' id='word_1_79' title='bbox 1008 1274 1437 1344; x_wconf 83' lang='lat' dir='ltr'><strong>unumquodque</strong></span> <span class='ocrx_word' id='word_1_80' title='bbox 1476 1288 1584 1328; x_wconf 92' lang='lat' dir='ltr'><strong>non</strong></span> <span class='ocrx_word' id='word_1_81' title='bbox 1637 1274 1741 1329; x_wconf 90' lang='lat' dir='ltr'><strong>soli</strong></span> 
     </span>
    </p>
   </div>
   <div class='ocr_carea' id='block_1_15' title="bbox 136 1350 1743 1436">
    <p class='ocr_par' dir='ltr' id='par_1_15' title="bbox 136 1350 1743 1436">
     <span class='ocr_line' id='line_1_15' title="bbox 136 1350 1743 1436; baseline 0 -17"><span class='ocrx_word' id='word_1_82' title='bbox 136 1364 251 1419; x_wconf 85' lang='lat' dir='ltr'><strong>sibi</strong></span> <span class='ocrx_word' id='word_1_83' title='bbox 276 1363 389 1436; x_wconf 90' lang='lat' dir='ltr'><strong>agit</strong></span> <span class='ocrx_word' id='word_1_84' title='bbox 412 1364 557 1434; x_wconf 88' lang='lat' dir='ltr'><strong>quod</strong></span> <span class='ocrx_word' id='word_1_85' title='bbox 600 1364 777 1420; x_wconf 89' lang='lat' dir='ltr'><strong>solum</strong></span> <span class='ocrx_word' id='word_1_86' title='bbox 824 1365 954 1435; x_wconf 88' lang='lat' dir='ltr'><strong>agit,</strong></span> <span class='ocrx_word' id='word_1_87' title='bbox 986 1365 1066 1420; x_wconf 93' lang='lat' dir='ltr'><strong>sic</strong></span> <span class='ocrx_word' id='word_1_88' title='bbox 1109 1365 1163 1418; x_wconf 93' lang='lat' dir='ltr'><strong>in</strong></span> <span class='ocrx_word' id='word_1_89' title='bbox 1195 1380 1424 1435; x_wconf 83' lang='lat' dir='ltr'><strong>corpore</strong></span> <span class='ocrx_word' id='word_1_90' title='bbox 1445 1365 1586 1419; x_wconf 84' lang='lat' dir='ltr'><strong>dona</strong></span> <span class='ocrx_word' id='word_1_91' title='bbox 1618 1350 1743 1435; x_wconf 75' lang='lat' dir='ltr'><strong>gra-</strong></span> 
     </span>
    </p>
   </div>
   <div class='ocr_carea' id='block_1_16' title="bbox 136 1455 1741 1527">
    <p class='ocr_par' dir='ltr' id='par_1_16' title="bbox 136 1455 1741 1527">
     <span class='ocr_line' id='line_1_16' title="bbox 136 1455 1741 1527; baseline 0.001 -16"><span class='ocrx_word' id='word_1_92' title='bbox 136 1456 349 1511; x_wconf 87' lang='lat' dir='ltr'><strong>tiarum</strong></span> <span class='ocrx_word' id='word_1_93' title='bbox 395 1455 685 1511; x_wconf 89' lang='lat' dir='ltr'><strong>distributa</strong></span> <span class='ocrx_word' id='word_1_94' title='bbox 727 1464 854 1511; x_wconf 89' lang='lat' dir='ltr'><strong>sunt</strong></span> <span class='ocrx_word' id='word_1_95' title='bbox 877 1464 931 1512; x_wconf 90' lang='lat' dir='ltr'><strong>et</strong></span> <span class='ocrx_word' id='word_1_96' title='bbox 953 1466 1156 1523; x_wconf 91' lang='lat' dir='ltr'><strong>tamen,</strong></span> <span class='ocrx_word' id='word_1_97' title='bbox 1211 1457 1592 1527; x_wconf 82' lang='lat' dir='ltr'><strong>unusquisque</strong></span> <span class='ocrx_word' id='word_1_98' title='bbox 1628 1472 1741 1512; x_wconf 91' lang='lat' dir='ltr'><strong>non</strong></span> 
     </span>
    </p>
   </div>
   <div class='ocr_carea' id='block_1_17' title="bbox 136 1547 1737 1619">
    <p class='ocr_par' dir='ltr' id='par_1_17' title="bbox 136 1547 1737 1619">
     <span class='ocr_line' id='line_1_17' title="bbox 136 1547 1737 1619; baseline 0.001 -16"><span class='ocrx_word' id='word_1_99' title='bbox 136 1548 249 1603; x_wconf 67' lang='lat' dir='ltr'><strong>sibi</strong></span> <span class='ocrx_word' id='word_1_100' title='bbox 289 1548 393 1604; x_wconf 92' lang='lat' dir='ltr'><strong>soli</strong></span> <span class='ocrx_word' id='word_1_101' title='bbox 417 1548 581 1604; x_wconf 82' lang='lat' dir='ltr'><strong>habet</strong></span> <span class='ocrx_word' id='word_1_102' title='bbox 603 1548 766 1604; x_wconf 89' lang='lat' dir='ltr'><strong>etiam</strong></span> <span class='ocrx_word' id='word_1_103' title='bbox 806 1547 860 1604; x_wconf 87' lang='lat' dir='ltr'><strong>id</strong></span> <span class='ocrx_word' id='word_1_104' title='bbox 886 1548 1032 1619; x_wconf 89' lang='lat' dir='ltr'><strong>quod</strong></span> <span class='ocrx_word' id='word_1_105' title='bbox 1066 1549 1217 1604; x_wconf 93' lang='lat' dir='ltr'><strong>solus</strong></span> <span class='ocrx_word' id='word_1_106' title='bbox 1244 1548 1424 1603; x_wconf 87' lang='lat' dir='ltr'><strong>habet.</strong></span> <span class='ocrx_word' id='word_1_107' title='bbox 1456 1547 1568 1604; x_wconf 90' lang='lat' dir='ltr'><strong>Soli</strong></span> <span class='ocrx_word' id='word_1_108' title='bbox 1590 1549 1737 1605; x_wconf 89' lang='lat' dir='ltr'><strong>enim</strong></span> 
     </span>
    </p>
   </div>
   <div class='ocr_carea' id='block_1_18' title="bbox 134 1638 1735 1706">
    <p class='ocr_par' dir='ltr' id='par_1_18' title="bbox 134 1638 1735 1706">
     <span class='ocr_line' id='line_1_18' title="bbox 134 1638 1735 1706; baseline 0.001 -13"><span class='ocrx_word' id='word_1_109' title='bbox 134 1639 291 1694; x_wconf 90' lang='lat' dir='ltr'><strong>oculi</strong></span> <span class='ocrx_word' id='word_1_110' title='bbox 324 1638 527 1706; x_wconf 89' lang='lat' dir='ltr'><strong>vident,</strong></span> <span class='ocrx_word' id='word_1_111' title='bbox 564 1646 619 1694; x_wconf 89' lang='lat' dir='ltr'><strong>et</strong></span> <span class='ocrx_word' id='word_1_112' title='bbox 664 1647 843 1694; x_wconf 88' lang='lat' dir='ltr'><strong>tamen</strong></span> <span class='ocrx_word' id='word_1_113' title='bbox 876 1638 981 1693; x_wconf 87' lang='lat' dir='ltr'><strong>sibi</strong></span> <span class='ocrx_word' id='word_1_114' title='bbox 1007 1639 1352 1694; x_wconf 87' lang='lat' dir='ltr'><strong>solummodo</strong></span> <span class='ocrx_word' id='word_1_115' title='bbox 1381 1654 1488 1695; x_wconf 91' lang='lat' dir='ltr'><strong>non</strong></span> <span class='ocrx_word' id='word_1_116' title='bbox 1530 1640 1735 1705; x_wconf 85' lang='lat' dir='ltr'><strong>vident,</strong></span> 
     </span>
    </p>
   </div>
   <div class='ocr_carea' id='block_1_19' title="bbox 133 1728 1738 1802">
    <p class='ocr_par' dir='ltr' id='par_1_19' title="bbox 133 1728 1738 1802">
     <span class='ocr_line' id='line_1_19' title="bbox 133 1728 1738 1802; baseline 0.001 -16"><span class='ocrx_word' id='word_1_117' title='bbox 133 1731 232 1786; x_wconf 72' lang='lat' dir='ltr'><strong>sed</strong></span> <span class='ocrx_word' id='word_1_118' title='bbox 271 1730 368 1787; x_wconf 90' lang='lat' dir='ltr'><strong>toti</strong></span> <span class='ocrx_word' id='word_1_119' title='bbox 399 1731 636 1802; x_wconf 86' lang='lat' dir='ltr'><strong>corpori.</strong></span> <span class='ocrx_word' id='word_1_120' title='bbox 679 1728 820 1785; x_wconf 68' lang='lat' dir='ltr'><strong>Sola:</strong></span> <span class='ocrx_word' id='word_1_121' title='bbox 840 1745 1001 1785; x_wconf 86' lang='lat' dir='ltr'><strong>aures</strong></span> <span class='ocrx_word' id='word_1_122' title='bbox 1027 1731 1277 1797; x_wconf 91' lang='lat' dir='ltr'><strong>audiunt,</strong></span> <span class='ocrx_word' id='word_1_123' title='bbox 1309 1747 1410 1787; x_wconf 89' lang='lat' dir='ltr'><strong>nec</strong></span> <span class='ocrx_word' id='word_1_124' title='bbox 1434 1740 1613 1787; x_wconf 90' lang='lat' dir='ltr'><strong>tamen</strong></span> <span class='ocrx_word' id='word_1_125' title='bbox 1648 1747 1738 1788; x_wconf 88' lang='lat' dir='ltr'><strong>so-</strong></span> 
     </span>
    </p>
   </div>
   <div class='ocr_carea' id='block_1_20' title="bbox 1848 535 3433 609">
    <p class='ocr_par' dir='ltr' id='par_1_20' title="bbox 1848 535 3433 609">
     <span class='ocr_line' id='line_1_20' title="bbox 1848 535 3433 609; baseline 0.003 -14"><span class='ocrx_word' id='word_1_126' title='bbox 1848 546 1979 595; x_wconf 91' lang='lat' dir='ltr'><strong>sunt</strong></span> <span class='ocrx_word' id='word_1_127' title='bbox 2004 556 2017 593; x_wconf 90' lang='lat'>:</span> <span class='ocrx_word' id='word_1_128' title='bbox 2049 536 2235 593; x_wconf 90' lang='lat' dir='ltr'><strong>clerici</strong></span> <span class='ocrx_word' id='word_1_129' title='bbox 2261 552 2392 593; x_wconf 89' lang='lat' dir='ltr'><strong>vero</strong></span> <span class='ocrx_word' id='word_1_130' title='bbox 2422 535 2683 607; x_wconf 86' lang='lat' dir='ltr'><strong>quoniam</strong></span> <span class='ocrx_word' id='word_1_131' title='bbox 2710 552 2774 591; x_wconf 90' lang='lat' dir='ltr'><strong>ea</strong></span> <span class='ocrx_word' id='word_1_132' title='bbox 2797 537 3001 608; x_wconf 65' lang='lat' dir='ltr'><strong>quaead</strong></span> <span class='ocrx_word' id='word_1_133' title='bbox 3030 540 3326 609; x_wconf 85' lang='lat' dir='ltr'><strong>spiritalem</strong></span> <span class='ocrx_word' id='word_1_134' title='bbox 3351 545 3433 599; x_wconf 88' lang='lat' dir='ltr'><strong>vi-</strong></span> 
     </span>
    </p>
   </div>
   <div class='ocr_carea' id='block_1_21' title="bbox 1848 626 3433 701">
    <p class='ocr_par' dir='ltr' id='par_1_21' title="bbox 1848 626 3433 701">
     <span class='ocr_line' id='line_1_21' title="bbox 1848 626 3433 701; baseline 0.004 -17"><span class='ocrx_word' id='word_1_135' title='bbox 1848 638 1956 684; x_wconf 89' lang='lat' dir='ltr'><strong>tam</strong></span> <span class='ocrx_word' id='word_1_136' title='bbox 1991 629 2260 698; x_wconf 88' lang='lat' dir='ltr'><strong>pertinent</strong></span> <span class='ocrx_word' id='word_1_137' title='bbox 2298 626 2639 698; x_wconf 87' lang='lat' dir='ltr'><strong>dispensant,</strong></span> <span class='ocrx_word' id='word_1_138' title='bbox 2693 628 2851 698; x_wconf 89' lang='lat' dir='ltr'><strong>quasi</strong></span> <span class='ocrx_word' id='word_1_139' title='bbox 2899 627 3089 683; x_wconf 84' lang='lat' dir='ltr'><strong>dextra</strong></span> <span class='ocrx_word' id='word_1_140' title='bbox 3127 646 3254 701; x_wconf 88' lang='lat' dir='ltr'><strong>pars</strong></span> <span class='ocrx_word' id='word_1_141' title='bbox 3305 646 3433 691; x_wconf 89' lang='lat' dir='ltr'><strong>sunt</strong></span> 
     </span>
    </p>
   </div>
   <div class='ocr_carea' id='block_1_22' title="bbox 1845 718 3432 795">
    <p class='ocr_par' dir='ltr' id='par_1_22' title="bbox 1845 718 3432 795">
     <span class='ocr_line' id='line_1_22' title="bbox 1845 718 3432 795; baseline 0.005 -19"><span class='ocrx_word' id='word_1_142' title='bbox 1845 721 2094 791; x_wconf 88' lang='lat' dir='ltr'><strong>corporis</strong></span> <span class='ocrx_word' id='word_1_143' title='bbox 2118 718 2342 777; x_wconf 89' lang='lat' dir='ltr'><strong>Christi.</strong></span> <span class='ocrx_word' id='word_1_144' title='bbox 2372 719 2439 775; x_wconf 90' lang='lat' dir='ltr'><strong>Et</strong></span> <span class='ocrx_word' id='word_1_145' title='bbox 2469 728 2683 775; x_wconf 90' lang='lat' dir='ltr'><strong>constat</strong></span> <span class='ocrx_word' id='word_1_146' title='bbox 2712 735 2778 775; x_wconf 78' lang='lat' dir='ltr'><strong>ex</strong></span> <span class='ocrx_word' id='word_1_147' title='bbox 2828 720 2914 776; x_wconf 82' lang='lat' dir='ltr'><strong>his</strong></span> <span class='ocrx_word' id='word_1_148' title='bbox 2943 721 3157 777; x_wconf 89' lang='lat' dir='ltr'><strong>duabus</strong></span> <span class='ocrx_word' id='word_1_149' title='bbox 3184 726 3432 795; x_wconf 86' lang='lat' dir='ltr'><strong>partibus</strong></span> 
     </span>
    </p>
   </div>
   <div class='ocr_carea' id='block_1_23' title="bbox 1845 812 3429 884">
    <p class='ocr_par' dir='ltr' id='par_1_23' title="bbox 1845 812 3429 884">
     <span class='ocr_line' id='line_1_23' title="bbox 1845 812 3429 884; baseline 0.004 -15"><span class='ocrx_word' id='word_1_150' title='bbox 1845 823 2021 870; x_wconf 87' lang='lat' dir='ltr'><strong>totum</strong></span> <span class='ocrx_word' id='word_1_151' title='bbox 2064 829 2266 884; x_wconf 88' lang='lat' dir='ltr'><strong>corpus</strong></span> <span class='ocrx_word' id='word_1_152' title='bbox 2307 812 2513 868; x_wconf 87' lang='lat' dir='ltr'><strong>Christi</strong></span> <span class='ocrx_word' id='word_1_153' title='bbox 2542 830 2555 866; x_wconf 77' lang='grc' dir='ltr'><strong>ε</strong></span> <span class='ocrx_word' id='word_1_154' title='bbox 2589 812 2736 883; x_wconf 87' lang='lat' dir='ltr'><strong>quod</strong></span> <span class='ocrx_word' id='word_1_155' title='bbox 2778 823 2863 868; x_wconf 88' lang='lat' dir='ltr'><strong>est</strong></span> <span class='ocrx_word' id='word_1_156' title='bbox 2894 815 3148 869; x_wconf 85' lang='lat' dir='ltr'><strong>universa</strong></span> <span class='ocrx_word' id='word_1_157' title='bbox 3178 817 3429 875; x_wconf 83' lang='lat' dir='ltr'><strong>ecclesia.</strong></span> 
     </span>
    </p>
   </div>
   <div class='ocr_carea' id='block_1_24' title="bbox 1845 904 3431 976">
    <p class='ocr_par' dir='ltr' id='par_1_24' title="bbox 1845 904 3431 976">
     <span class='ocr_line' id='line_1_24' title="bbox 1845 904 3431 976; baseline 0.004 -15"><span class='ocrx_word' id='word_1_158' title='bbox 1845 905 2043 961; x_wconf 82' lang='lat' dir='ltr'><strong>Laicus</strong></span> <span class='ocrx_word' id='word_1_159' title='bbox 2092 906 2478 976; x_wconf 84' lang='lat' dir='ltr'><strong>interpretatur</strong></span> <span class='ocrx_word' id='word_1_160' title='bbox 2523 904 2819 975; x_wconf 66' lang='grc' dir='ltr'><strong>βορηίην-ἕο.</strong></span> <span class='ocrx_word' id='word_1_161' title='bbox 2877 904 3062 962; x_wconf 61' lang='lat' dir='ltr'><strong>Graece</strong></span> <span class='ocrx_word' id='word_1_162' title='bbox 3109 908 3253 962; x_wconf 88' lang='lat' dir='ltr'><strong>enim</strong></span> <span class='ocrx_word' id='word_1_163' title='bbox 3314 910 3431 968; x_wconf 90' lang='lat' dir='ltr'><strong>laos</strong></span> 
     </span>
    </p>
   </div>
   <div class='ocr_carea' id='block_1_25' title="bbox 1843 992 3432 1068">
    <p class='ocr_par' dir='ltr' id='par_1_25' title="bbox 1843 992 3432 1068">
     <span class='ocr_line' id='line_1_25' title="bbox 1843 992 3432 1068; baseline 0.005 -19"><span class='ocrx_word' id='word_1_164' title='bbox 1843 995 2010 1052; x_wconf 85' lang='lat' dir='ltr'><strong>latine</strong></span> <span class='ocrx_word' id='word_1_165' title='bbox 2028 997 2229 1052; x_wconf 86' lang='lat' dir='ltr'><strong>dicitur</strong></span> <span class='ocrx_word' id='word_1_166' title='bbox 2251 996 2506 1067; x_wconf 90' lang='lat' dir='ltr'><strong>populus.</strong></span> <span class='ocrx_word' id='word_1_167' title='bbox 2534 992 2689 1050; x_wconf 91' lang='lat' dir='ltr'><strong>Unde</strong></span> <span class='ocrx_word' id='word_1_168' title='bbox 2704 1006 2758 1050; x_wconf 91' lang='lat' dir='ltr'><strong>et</strong></span> <span class='ocrx_word' id='word_1_169' title='bbox 2775 995 3011 1053; x_wconf 79' lang='lat' dir='ltr'><strong>basileus</strong></span> <span class='ocrx_word' id='word_1_170' title='bbox 3032 1013 3125 1052; x_wconf 81' lang='lat' dir='ltr'><strong>rex</strong></span> <span class='ocrx_word' id='word_1_171' title='bbox 3137 998 3356 1068; x_wconf 89' lang='lat' dir='ltr'><strong>dicitur,</strong></span> <span class='ocrx_word' id='word_1_172' title='bbox 3378 1011 3432 1057; x_wconf 91' lang='lat' dir='ltr'><strong>et</strong></span> 
     </span>
    </p>
   </div>
   <div class='ocr_carea' id='block_1_26' title="bbox 1842 1086 3430 1158">
    <p class='ocr_par' dir='ltr' id='par_1_26' title="bbox 1842 1086 3430 1158">
     <span class='ocr_line' id='line_1_26' title="bbox 1842 1086 3430 1158; baseline 0.003 -16"><span class='ocrx_word' id='word_1_173' title='bbox 1842 1087 2021 1143; x_wconf 83' lang='lat' dir='ltr'><strong>dictus</strong></span> <span class='ocrx_word' id='word_1_174' title='bbox 2053 1096 2274 1158; x_wconf 85' lang='lat' dir='ltr'><strong>putatur</strong></span> <span class='ocrx_word' id='word_1_175' title='bbox 2292 1086 2450 1158; x_wconf 87' lang='lat' dir='ltr'><strong>quasi</strong></span> <span class='ocrx_word' id='word_1_176' title='bbox 2484 1086 2739 1153; x_wconf 89' lang='lat' dir='ltr'><strong>basilaos,</strong></span> <span class='ocrx_word' id='word_1_177' title='bbox 2763 1086 2816 1141; x_wconf 90' lang='lat' dir='ltr'><strong>id</strong></span> <span class='ocrx_word' id='word_1_178' title='bbox 2838 1096 2923 1142; x_wconf 89' lang='lat' dir='ltr'><strong>est</strong></span> <span class='ocrx_word' id='word_1_179' title='bbox 2960 1097 3430 1146; x_wconf 70' lang='lat' dir='ltr'><strong>suatentamentum</strong></span> 
     </span>
    </p>
   </div>
   <div class='ocr_carea' id='block_1_27' title="bbox 1841 1178 3429 1253">
    <p class='ocr_par' dir='ltr' id='par_1_27' title="bbox 1841 1178 3429 1253">
     <span class='ocr_line' id='line_1_27' title="bbox 1841 1178 3429 1253; baseline 0.006 -22"><span class='ocrx_word' id='word_1_180' title='bbox 1841 1179 2043 1250; x_wconf 81' lang='lat' dir='ltr'><strong>populi.</strong></span> <span class='ocrx_word' id='word_1_181' title='bbox 2079 1179 2327 1235; x_wconf 90' lang='lat' dir='ltr'><strong>Clericus</strong></span> <span class='ocrx_word' id='word_1_182' title='bbox 2350 1179 2550 1234; x_wconf 89' lang='lat' dir='ltr'><strong>dicitur</strong></span> <span class='ocrx_word' id='word_1_183' title='bbox 2578 1195 2607 1233; x_wconf 90' lang='lat' dir='ltr'><strong>a</strong></span> <span class='ocrx_word' id='word_1_184' title='bbox 2634 1178 2825 1235; x_wconf 76' lang='lat' dir='ltr'><strong>Gra:eo</strong></span> <span class='ocrx_word' id='word_1_185' title='bbox 2875 1180 3052 1236; x_wconf 87' lang='lat' dir='ltr'><strong>cleros</strong></span> <span class='ocrx_word' id='word_1_186' title='bbox 3087 1184 3233 1253; x_wconf 88' lang='lat' dir='ltr'><strong>quod</strong></span> <span class='ocrx_word' id='word_1_187' title='bbox 3258 1185 3429 1240; x_wconf 89' lang='lat' dir='ltr'><strong>inter-</strong></span> 
     </span>
    </p>
   </div>
   <div class='ocr_carea' id='block_1_28' title="bbox 1841 1270 3430 1344">
    <p class='ocr_par' dir='ltr' id='par_1_28' title="bbox 1841 1270 3430 1344">
     <span class='ocr_line' id='line_1_28' title="bbox 1841 1270 3430 1344; baseline 0.006 -19"><span class='ocrx_word' id='word_1_188' title='bbox 1841 1281 2112 1342; x_wconf 90' lang='lat' dir='ltr'><strong>pretatum</strong></span> <span class='ocrx_word' id='word_1_189' title='bbox 2142 1281 2299 1327; x_wconf 90' lang='lat' dir='ltr'><strong>sonat</strong></span> <span class='ocrx_word' id='word_1_190' title='bbox 2338 1279 2552 1335; x_wconf 81' lang='lat' dir='ltr'><strong>sortem,</strong></span> <span class='ocrx_word' id='word_1_191' title='bbox 2583 1270 2881 1342; x_wconf 64' lang='lat' dir='ltr'><strong>sivezquod</strong></span> <span class='ocrx_word' id='word_1_192' title='bbox 2911 1272 3027 1344; x_wconf 88' lang='lat' dir='ltr'><strong>ipse</strong></span> <span class='ocrx_word' id='word_1_193' title='bbox 3057 1284 3205 1330; x_wconf 89' lang='lat' dir='ltr'><strong>sorte</strong></span> <span class='ocrx_word' id='word_1_194' title='bbox 3224 1276 3430 1334; x_wconf 88' lang='lat' dir='ltr'><strong>electus</strong></span> 
     </span>
    </p>
   </div>
   <div class='ocr_carea' id='block_1_29' title="bbox 1842 1362 3430 1436">
    <p class='ocr_par' dir='ltr' id='par_1_29' title="bbox 1842 1362 3430 1436">
     <span class='ocr_line' id='line_1_29' title="bbox 1842 1362 3430 1436; baseline 0.004 -19"><span class='ocrx_word' id='word_1_195' title='bbox 1842 1362 1914 1417; x_wconf 88' lang='lat' dir='ltr'><strong>sit</strong></span> <span class='ocrx_word' id='word_1_196' title='bbox 1942 1379 1971 1417; x_wconf 91' lang='lat' dir='ltr'><strong>a</strong></span> <span class='ocrx_word' id='word_1_197' title='bbox 1998 1362 2129 1430; x_wconf 91' lang='lat' dir='ltr'><strong>Deo,</strong></span> <span class='ocrx_word' id='word_1_198' title='bbox 2160 1371 2214 1418; x_wconf 88' lang='lat' dir='ltr'><strong>ct</strong></span> <span class='ocrx_word' id='word_1_199' title='bbox 2242 1363 2307 1417; x_wconf 87' lang='lat' dir='ltr'><strong>ad</strong></span> <span class='ocrx_word' id='word_1_200' title='bbox 2332 1362 2613 1418; x_wconf 80' lang='lat' dir='ltr'><strong>servitium</strong></span> <span class='ocrx_word' id='word_1_201' title='bbox 2646 1362 2763 1430; x_wconf 89' lang='lat' dir='ltr'><strong>Dei,</strong></span> <span class='ocrx_word' id='word_1_202' title='bbox 2795 1364 2908 1419; x_wconf 87' lang='lat' dir='ltr'><strong>sive</strong></span> <span class='ocrx_word' id='word_1_203' title='bbox 2937 1365 3086 1435; x_wconf 91' lang='lat' dir='ltr'><strong>quod</strong></span> <span class='ocrx_word' id='word_1_204' title='bbox 3135 1366 3250 1436; x_wconf 91' lang='lat' dir='ltr'><strong>ipse</strong></span> <span class='ocrx_word' id='word_1_205' title='bbox 3284 1366 3430 1424; x_wconf 86' lang='lat' dir='ltr'><strong>Deus</strong></span> 
     </span>
    </p>
   </div>
   <div class='ocr_carea' id='block_1_30' title="bbox 1841 1454 3425 1524">
    <p class='ocr_par' dir='ltr' id='par_1_30' title="bbox 1841 1454 3425 1524">
     <span class='ocr_line' id='line_1_30' title="bbox 1841 1454 3425 1524; baseline 0.004 -16"><span class='ocrx_word' id='word_1_206' title='bbox 1841 1468 1963 1510; x_wconf 90' lang='lat' dir='ltr'><strong>sors</strong></span> <span class='ocrx_word' id='word_1_207' title='bbox 1990 1454 2138 1509; x_wconf 91' lang='lat' dir='ltr'><strong>illius</strong></span> <span class='ocrx_word' id='word_1_208' title='bbox 2166 1455 2257 1520; x_wconf 91' lang='lat' dir='ltr'><strong>sit,</strong></span> <span class='ocrx_word' id='word_1_209' title='bbox 2288 1464 2342 1509; x_wconf 89' lang='lat' dir='ltr'><strong>et</strong></span> <span class='ocrx_word' id='word_1_210' title='bbox 2381 1454 2526 1524; x_wconf 88' lang='lat' dir='ltr'><strong>quod</strong></span> <span class='ocrx_word' id='word_1_211' title='bbox 2554 1455 2858 1524; x_wconf 89' lang='lat' dir='ltr'><strong>portionem</strong></span> <span class='ocrx_word' id='word_1_212' title='bbox 2883 1456 3043 1511; x_wconf 90' lang='lat' dir='ltr'><strong>aliam</strong></span> <span class='ocrx_word' id='word_1_213' title='bbox 3070 1456 3123 1512; x_wconf 92' lang='lat' dir='ltr'><strong>in</strong></span> <span class='ocrx_word' id='word_1_214' title='bbox 3150 1467 3293 1513; x_wconf 87' lang='lat' dir='ltr'><strong>terra</strong></span> <span class='ocrx_word' id='word_1_215' title='bbox 3325 1458 3425 1515; x_wconf 88' lang='lat' dir='ltr'><strong>ha-</strong></span> 
     </span>
    </p>
   </div>
   <div class='ocr_carea' id='block_1_31' title="bbox 1839 1529 3427 1619">
    <p class='ocr_par' dir='ltr' id='par_1_31' title="bbox 1839 1529 3427 1619">
     <span class='ocr_line' id='line_1_31' title="bbox 1839 1529 3427 1619; baseline 0.003 -19"><span class='ocrx_word' id='word_1_216' title='bbox 1839 1542 1967 1600; x_wconf 91' lang='lat' dir='ltr'><strong>bere</strong></span> <span class='ocrx_word' id='word_1_217' title='bbox 1994 1560 2104 1599; x_wconf 89' lang='lat' dir='ltr'><strong>non</strong></span> <span class='ocrx_word' id='word_1_218' title='bbox 2130 1544 2323 1599; x_wconf 87' lang='lat' dir='ltr'><strong>debeat</strong></span> <span class='ocrx_word' id='word_1_219' title='bbox 2342 1544 2574 1600; x_wconf 89' lang='lat' dir='ltr'><strong>clericus</strong></span> <span class='ocrx_word' id='word_1_220' title='bbox 2594 1545 2697 1600; x_wconf 87' lang='lat' dir='ltr'><strong>nisi</strong></span> <span class='ocrx_word' id='word_1_221' title='bbox 2722 1529 2912 1612; x_wconf 80' lang='lat' dir='ltr'><strong>Deum,</strong></span> <span class='ocrx_word' id='word_1_222' title='bbox 2933 1555 2986 1601; x_wconf 90' lang='lat' dir='ltr'><strong>et</strong></span> <span class='ocrx_word' id='word_1_223' title='bbox 3006 1562 3069 1602; x_wconf 92' lang='lat' dir='ltr'><strong>ea</strong></span> <span class='ocrx_word' id='word_1_224' title='bbox 3092 1564 3214 1619; x_wconf 74' lang='lat' dir='ltr'><strong>qua:</strong></span> <span class='ocrx_word' id='word_1_225' title='bbox 3235 1548 3302 1604; x_wconf 89' lang='lat' dir='ltr'><strong>ad</strong></span> <span class='ocrx_word' id='word_1_226' title='bbox 3332 1547 3427 1605; x_wconf 89' lang='lat' dir='ltr'><strong>Dei</strong></span> 
     </span>
    </p>
   </div>
   <div class='ocr_carea' id='block_1_32' title="bbox 1840 1635 3430 1707">
    <p class='ocr_par' dir='ltr' id='par_1_32' title="bbox 1840 1635 3430 1707">
     <span class='ocr_line' id='line_1_32' title="bbox 1840 1635 3430 1707; baseline 0.004 -16"><span class='ocrx_word' id='word_1_227' title='bbox 1840 1648 2050 1707; x_wconf 86' lang='lat' dir='ltr'><strong>partem</strong></span> <span class='ocrx_word' id='word_1_228' title='bbox 2078 1645 2348 1707; x_wconf 88' lang='lat' dir='ltr'><strong>spectant.</strong></span> <span class='ocrx_word' id='word_1_229' title='bbox 2376 1635 2478 1692; x_wconf 92' lang='lat' dir='ltr'><strong>Cui</strong></span> <span class='ocrx_word' id='word_1_230' title='bbox 2503 1646 2766 1692; x_wconf 90' lang='lat' dir='ltr'><strong>statutum</strong></span> <span class='ocrx_word' id='word_1_231' title='bbox 2810 1647 2895 1693; x_wconf 89' lang='lat' dir='ltr'><strong>est</strong></span> <span class='ocrx_word' id='word_1_232' title='bbox 2921 1638 3148 1696; x_wconf 87' lang='lat' dir='ltr'><strong>decimis</strong></span> <span class='ocrx_word' id='word_1_233' title='bbox 3185 1650 3240 1696; x_wconf 87' lang='lat' dir='ltr'><strong>et</strong></span> <span class='ocrx_word' id='word_1_234' title='bbox 3275 1641 3430 1697; x_wconf 86' lang='lat' dir='ltr'><strong>obla-</strong></span> 
     </span>
    </p>
   </div>
   <div class='ocr_carea' id='block_1_33' title="bbox 1839 1725 3060 1797">
    <p class='ocr_par' dir='ltr' id='par_1_33' title="bbox 1839 1725 3060 1797">
     <span class='ocr_line' id='line_1_33' title="bbox 1839 1725 3060 1797; baseline 0 -14"><span class='ocrx_word' id='word_1_235' title='bbox 1839 1727 2083 1783; x_wconf 88' lang='lat' dir='ltr'><strong>tionibus</strong></span> <span class='ocrx_word' id='word_1_236' title='bbox 2109 1743 2231 1797; x_wconf 79' lang='lat' dir='ltr'><strong>qua:</strong></span> <span class='ocrx_word' id='word_1_237' title='bbox 2254 1725 2364 1782; x_wconf 89' lang='lat' dir='ltr'><strong>Deo</strong></span> <span class='ocrx_word' id='word_1_238' title='bbox 2392 1726 2716 1792; x_wconf 74' lang='lat' dir='ltr'><strong>offeruntur,</strong></span> <span class='ocrx_word' id='word_1_239' title='bbox 2742 1730 3060 1783; x_wconf 87' lang='lat' dir='ltr'><strong>sustentari.</strong></span> 
     </span>
    </p>
   </div>
   <div class='ocr_carea' id='block_1_34' title="bbox 132 1807 3429 1894">
    <p class='ocr_par' dir='ltr' id='par_1_34' title="bbox 132 1807 3429 1894">
     <span class='ocr_line' id='line_1_34' title="bbox 132 1807 3429 1894; baseline 0.002 -20"><span class='ocrx_word' id='word_1_240' title='bbox 132 1820 424 1877; x_wconf 89' lang='lat' dir='ltr'><strong>lummodo</strong></span> <span class='ocrx_word' id='word_1_241' title='bbox 451 1821 554 1877; x_wconf 89' lang='lat' dir='ltr'><strong>sibi</strong></span> <span class='ocrx_word' id='word_1_242' title='bbox 593 1821 843 1883; x_wconf 86' lang='lat' dir='ltr'><strong>audiunt,</strong></span> <span class='ocrx_word' id='word_1_243' title='bbox 871 1820 965 1877; x_wconf 89' lang='lat' dir='ltr'><strong>sed</strong></span> <span class='ocrx_word' id='word_1_244' title='bbox 1015 1821 1113 1875; x_wconf 93' lang='lat' dir='ltr'><strong>toti</strong></span> <span class='ocrx_word' id='word_1_245' title='bbox 1144 1823 1386 1893; x_wconf 86' lang='lat' dir='ltr'><strong>corpori.</strong></span> <span class='ocrx_word' id='word_1_246' title='bbox 1421 1824 1533 1878; x_wconf 92' lang='lat' dir='ltr'><strong>Soli</strong></span> <span class='ocrx_word' id='word_1_247' title='bbox 1563 1824 1731 1894; x_wconf 80' lang='lat' dir='ltr'><strong>pedes</strong></span> <span class='ocrx_word' id='word_1_248' title='bbox 1765 1807 1806 1865; x_wconf 75' lang='grc' dir='ltr'><strong><em>Β</em></strong></span> <span class='ocrx_word' id='word_1_249' title='bbox 1907 1819 2090 1876; x_wconf 90' lang='lat' dir='ltr'><strong>Laicis</strong></span> <span class='ocrx_word' id='word_1_250' title='bbox 2119 1818 2450 1875; x_wconf 90' lang='lat' dir='ltr'><strong>Christianis</strong></span> <span class='ocrx_word' id='word_1_251' title='bbox 2482 1819 2731 1875; x_wconf 87' lang='lat' dir='ltr'><strong>ﬁdelibus</strong></span> <span class='ocrx_word' id='word_1_252' title='bbox 2752 1829 2963 1876; x_wconf 92' lang='lat' dir='ltr'><strong>terrena</strong></span> <span class='ocrx_word' id='word_1_253' title='bbox 2998 1823 3276 1892; x_wconf 89' lang='lat' dir='ltr'><strong>possidere</strong></span> <span class='ocrx_word' id='word_1_254' title='bbox 3293 1839 3429 1881; x_wconf 87' lang='lat' dir='ltr'><strong>con-</strong></span> 
     </span>
    </p>
   </div>
   <div class='ocr_carea' id='block_1_35' title="bbox 132 1913 1734 1978">
    <p class='ocr_par' dir='ltr' id='par_1_35' title="bbox 132 1913 1734 1978">
     <span class='ocr_line' id='line_1_35' title="bbox 132 1913 1734 1978; baseline 0.001 -10"><span class='ocrx_word' id='word_1_255' title='bbox 132 1914 444 1978; x_wconf 88' lang='lat' dir='ltr'><strong>ambulant,</strong></span> <span class='ocrx_word' id='word_1_256' title='bbox 496 1924 551 1969; x_wconf 92' lang='lat' dir='ltr'><strong>et</strong></span> <span class='ocrx_word' id='word_1_257' title='bbox 592 1929 701 1968; x_wconf 91' lang='lat' dir='ltr'><strong>non</strong></span> <span class='ocrx_word' id='word_1_258' title='bbox 758 1913 862 1969; x_wconf 90' lang='lat' dir='ltr'><strong>sibi</strong></span> <span class='ocrx_word' id='word_1_259' title='bbox 916 1920 1098 1968; x_wconf 89' lang='lat' dir='ltr'><strong>tamen</strong></span> <span class='ocrx_word' id='word_1_260' title='bbox 1147 1914 1494 1969; x_wconf 79' lang='lat' dir='ltr'><strong>solummodo</strong></span> <span class='ocrx_word' id='word_1_261' title='bbox 1540 1915 1734 1970; x_wconf 86' lang='lat' dir='ltr'><strong>ambu-</strong></span> 
     </span>
    </p>
   </div>
   <div class='ocr_carea' id='block_1_36' title="bbox 131 2004 1734 2076">
    <p class='ocr_par' dir='ltr' id='par_1_36' title="bbox 131 2004 1734 2076">
     <span class='ocr_line' id='line_1_36' title="bbox 131 2004 1734 2076; baseline 0.001 -16"><span class='ocrx_word' id='word_1_262' title='bbox 131 2006 275 2074; x_wconf 85' lang='lat' dir='ltr'><strong>lant,</strong></span> <span class='ocrx_word' id='word_1_263' title='bbox 322 2005 416 2061; x_wconf 91' lang='lat' dir='ltr'><strong>sed</strong></span> <span class='ocrx_word' id='word_1_264' title='bbox 474 2005 570 2060; x_wconf 90' lang='lat' dir='ltr'><strong>toti</strong></span> <span class='ocrx_word' id='word_1_265' title='bbox 623 2004 860 2076; x_wconf 92' lang='lat' dir='ltr'><strong>corpori,</strong></span> <span class='ocrx_word' id='word_1_266' title='bbox 910 2013 966 2060; x_wconf 90' lang='lat' dir='ltr'><strong>et</strong></span> <span class='ocrx_word' id='word_1_267' title='bbox 1013 2005 1081 2060; x_wconf 90' lang='lat' dir='ltr'><strong>ad</strong></span> <span class='ocrx_word' id='word_1_268' title='bbox 1112 2006 1261 2062; x_wconf 91' lang='lat' dir='ltr'><strong>hunc</strong></span> <span class='ocrx_word' id='word_1_269' title='bbox 1285 2007 1507 2062; x_wconf 90' lang='lat' dir='ltr'><strong>modum</strong></span> <span class='ocrx_word' id='word_1_270' title='bbox 1535 2023 1734 2063; x_wconf 92' lang='lat' dir='ltr'><strong>unum-</strong></span> 
     </span>
    </p>
   </div>
   <div class='ocr_carea' id='block_1_37' title="bbox 131 2096 1731 2167">
    <p class='ocr_par' dir='ltr' id='par_1_37' title="bbox 131 2096 1731 2167">
     <span class='ocr_line' id='line_1_37' title="bbox 131 2096 1731 2167; baseline 0.004 -18"><span class='ocrx_word' id='word_1_271' title='bbox 131 2098 398 2167; x_wconf 89' lang='lat' dir='ltr'><strong>quodque</strong></span> <span class='ocrx_word' id='word_1_272' title='bbox 447 2097 607 2152; x_wconf 86' lang='lat' dir='ltr'><strong>habet</strong></span> <span class='ocrx_word' id='word_1_273' title='bbox 671 2097 850 2152; x_wconf 89' lang='lat' dir='ltr'><strong>solum</strong></span> <span class='ocrx_word' id='word_1_274' title='bbox 908 2096 965 2151; x_wconf 87' lang='lat' dir='ltr'><strong>in</strong></span> <span class='ocrx_word' id='word_1_275' title='bbox 1043 2114 1142 2165; x_wconf 91' lang='lat' dir='ltr'><strong>se,</strong></span> <span class='ocrx_word' id='word_1_276' title='bbox 1212 2113 1321 2153; x_wconf 93' lang='lat' dir='ltr'><strong>non</strong></span> <span class='ocrx_word' id='word_1_277' title='bbox 1383 2098 1731 2155; x_wconf 86' lang='lat' dir='ltr'><strong>solummodo</strong></span> 
     </span>
    </p>
   </div>
   <div class='ocr_carea' id='block_1_38' title="bbox 132 2189 1726 2261">
    <p class='ocr_par' dir='ltr' id='par_1_38' title="bbox 132 2189 1726 2261">
     <span class='ocr_line' id='line_1_38' title="bbox 132 2189 1726 2261; baseline 0.002 -18"><span class='ocrx_word' id='word_1_278' title='bbox 132 2189 303 2243; x_wconf 85' lang='lat' dir='ltr'><strong>habet</strong></span> <span class='ocrx_word' id='word_1_279' title='bbox 344 2205 439 2259; x_wconf 91' lang='lat' dir='ltr'><strong>per</strong></span> <span class='ocrx_word' id='word_1_280' title='bbox 483 2204 543 2244; x_wconf 93' lang='lat' dir='ltr'><strong>se</strong></span> <span class='ocrx_word' id='word_1_281' title='bbox 587 2198 861 2259; x_wconf 88' lang='lat' dir='ltr'><strong>quatenus</strong></span> <span class='ocrx_word' id='word_1_282' title='bbox 903 2191 1206 2247; x_wconf 90' lang='lat' dir='ltr'><strong>secundum</strong></span> <span class='ocrx_word' id='word_1_283' title='bbox 1259 2189 1726 2261; x_wconf 88' lang='lat' dir='ltr'><strong>dispensationem</strong></span> 
     </span>
    </p>
   </div>
   <div class='ocr_carea' id='block_1_39' title="bbox 131 2281 1728 2354">
    <p class='ocr_par' dir='ltr' id='par_1_39' title="bbox 131 2281 1728 2354">
     <span class='ocr_line' id='line_1_39' title="bbox 131 2281 1728 2354; baseline 0.003 -20"><span class='ocrx_word' id='word_1_284' title='bbox 131 2281 332 2350; x_wconf 90' lang='lat' dir='ltr'><strong>optimi</strong></span> <span class='ocrx_word' id='word_1_285' title='bbox 372 2281 648 2352; x_wconf 89' lang='lat' dir='ltr'><strong>largitoris</strong></span> <span class='ocrx_word' id='word_1_286' title='bbox 675 2293 731 2338; x_wconf 87' lang='lat' dir='ltr'><strong>et</strong></span> <span class='ocrx_word' id='word_1_287' title='bbox 762 2282 1139 2339; x_wconf 90' lang='lat' dir='ltr'><strong>distributoris</strong></span> <span class='ocrx_word' id='word_1_288' title='bbox 1187 2283 1579 2354; x_wconf 88' lang='lat' dir='ltr'><strong>sapientissimi</strong></span> <span class='ocrx_word' id='word_1_289' title='bbox 1609 2284 1728 2339; x_wconf 87' lang='lat' dir='ltr'><strong>sin-</strong></span> 
     </span>
    </p>
   </div>
   <div class='ocr_carea' id='block_1_40' title="bbox 131 2372 1728 2447">
    <p class='ocr_par' dir='ltr' id='par_1_40' title="bbox 131 2372 1728 2447">
     <span class='ocr_line' id='line_1_40' title="bbox 131 2372 1728 2447; baseline 0.003 -20"><span class='ocrx_word' id='word_1_290' title='bbox 131 2373 260 2445; x_wconf 86' lang='lat' dir='ltr'><strong>gula</strong></span> <span class='ocrx_word' id='word_1_291' title='bbox 277 2372 641 2429; x_wconf 87' lang='lat' dir='ltr'><strong>sintomnium</strong></span> <span class='ocrx_word' id='word_1_292' title='bbox 655 2382 708 2429; x_wconf 89' lang='lat' dir='ltr'><strong>et</strong></span> <span class='ocrx_word' id='word_1_293' title='bbox 723 2374 908 2430; x_wconf 89' lang='lat' dir='ltr'><strong>omnia</strong></span> <span class='ocrx_word' id='word_1_294' title='bbox 922 2375 1284 2447; x_wconf 85' lang='lat' dir='ltr'><strong>singulorum.</strong></span> <span class='ocrx_word' id='word_1_295' title='bbox 1310 2374 1571 2446; x_wconf 88' lang='lat' dir='ltr'><strong>Quisquis</strong></span> <span class='ocrx_word' id='word_1_296' title='bbox 1597 2390 1728 2447; x_wconf 87' lang='lat' dir='ltr'><strong>ergo</strong></span> 
     </span>
    </p>
   </div>
   <div class='ocr_carea' id='block_1_41' title="bbox 131 2462 1728 2536">
    <p class='ocr_par' dir='ltr' id='par_1_41' title="bbox 131 2462 1728 2536">
     <span class='ocr_line' id='line_1_41' title="bbox 131 2462 1728 2536; baseline 0.003 -18"><span class='ocrx_word' id='word_1_297' title='bbox 131 2462 342 2518; x_wconf 87' lang='lat' dir='ltr'><strong>donum</strong></span> <span class='ocrx_word' id='word_1_298' title='bbox 367 2463 558 2535; x_wconf 69' lang='lat' dir='ltr'><strong>gratiae</strong></span> <span class='ocrx_word' id='word_1_299' title='bbox 588 2462 684 2519; x_wconf 91' lang='lat' dir='ltr'><strong>Dei</strong></span> <span class='ocrx_word' id='word_1_300' title='bbox 714 2464 995 2536; x_wconf 86' lang='lat' dir='ltr'><strong>percipere</strong></span> <span class='ocrx_word' id='word_1_301' title='bbox 1016 2466 1237 2533; x_wconf 90' lang='lat' dir='ltr'><strong>meruit,</strong></span> <span class='ocrx_word' id='word_1_302' title='bbox 1276 2467 1415 2521; x_wconf 87' lang='lat' dir='ltr'><strong>sciat</strong></span> <span class='ocrx_word' id='word_1_303' title='bbox 1439 2482 1547 2522; x_wconf 87' lang='lat' dir='ltr'><strong>non</strong></span> <span class='ocrx_word' id='word_1_304' title='bbox 1574 2467 1641 2521; x_wconf 89' lang='lat' dir='ltr'><strong>ad</strong></span> <span class='ocrx_word' id='word_1_305' title='bbox 1667 2481 1728 2522; x_wconf 88' lang='lat' dir='ltr'><strong>se</strong></span> 
     </span>
    </p>
   </div>
   <div class='ocr_carea' id='block_1_42' title="bbox 133 2555 1723 2627">
    <p class='ocr_par' dir='ltr' id='par_1_42' title="bbox 133 2555 1723 2627">
     <span class='ocr_line' id='line_1_42' title="bbox 133 2555 1723 2627; baseline 0.001 -17"><span class='ocrx_word' id='word_1_306' title='bbox 133 2555 313 2610; x_wconf 88' lang='lat' dir='ltr'><strong>solum</strong></span> <span class='ocrx_word' id='word_1_307' title='bbox 341 2556 613 2626; x_wconf 87' lang='lat' dir='ltr'><strong>pertinere</strong></span> <span class='ocrx_word' id='word_1_308' title='bbox 660 2556 807 2627; x_wconf 86' lang='lat' dir='ltr'><strong>quod</strong></span> <span class='ocrx_word' id='word_1_309' title='bbox 851 2557 1013 2613; x_wconf 88' lang='lat' dir='ltr'><strong>habet</strong></span> <span class='ocrx_word' id='word_1_310' title='bbox 1057 2559 1223 2614; x_wconf 90' lang='lat' dir='ltr'><strong>etiam</strong></span> <span class='ocrx_word' id='word_1_311' title='bbox 1270 2559 1317 2615; x_wconf 88' lang='lat' dir='ltr'><strong>si</strong></span> <span class='ocrx_word' id='word_1_312' title='bbox 1358 2559 1511 2614; x_wconf 90' lang='lat' dir='ltr'><strong>solus</strong></span> <span class='ocrx_word' id='word_1_313' title='bbox 1540 2559 1723 2613; x_wconf 90' lang='lat' dir='ltr'><strong>habet.</strong></span> 
     </span>
    </p>
   </div>
   <div class='ocr_carea' id='block_1_43' title="bbox 134 2646 1727 2719">
    <p class='ocr_par' dir='ltr' id='par_1_43' title="bbox 134 2646 1727 2719">
     <span class='ocr_line' id='line_1_43' title="bbox 134 2646 1727 2719; baseline 0.001 -16"><span class='ocrx_word' id='word_1_314' title='bbox 134 2647 253 2705; x_wconf 87' lang='lat' dir='ltr'><strong>llac</strong></span> <span class='ocrx_word' id='word_1_315' title='bbox 295 2646 479 2719; x_wconf 86' lang='lat' dir='ltr'><strong>itaque</strong></span> <span class='ocrx_word' id='word_1_316' title='bbox 528 2649 887 2707; x_wconf 90' lang='lat' dir='ltr'><strong>similitudine</strong></span> <span class='ocrx_word' id='word_1_317' title='bbox 954 2650 1198 2708; x_wconf 85' lang='lat' dir='ltr'><strong>Ecclesia</strong></span> <span class='ocrx_word' id='word_1_318' title='bbox 1267 2660 1488 2717; x_wconf 86' lang='lat' dir='ltr'><strong>sancta,</strong></span> <span class='ocrx_word' id='word_1_319' title='bbox 1540 2651 1595 2706; x_wconf 89' lang='lat' dir='ltr'><strong>id</strong></span> <span class='ocrx_word' id='word_1_320' title='bbox 1642 2659 1727 2706; x_wconf 91' lang='lat' dir='ltr'><strong>est</strong></span> 
     </span>
    </p>
   </div>
   <div class='ocr_carea' id='block_1_44' title="bbox 134 2739 1726 2814">
    <p class='ocr_par' dir='ltr' id='par_1_44' title="bbox 134 2739 1726 2814">
     <span class='ocr_line' id='line_1_44' title="bbox 134 2739 1726 2814; baseline 0.002 -19"><span class='ocrx_word' id='word_1_321' title='bbox 134 2739 465 2795; x_wconf 81' lang='lat' dir='ltr'><strong>universitas</strong></span> <span class='ocrx_word' id='word_1_322' title='bbox 506 2740 744 2796; x_wconf 90' lang='lat' dir='ltr'><strong>ﬁdelium</strong></span> <span class='ocrx_word' id='word_1_323' title='bbox 767 2757 969 2814; x_wconf 91' lang='lat' dir='ltr'><strong>corpus</strong></span> <span class='ocrx_word' id='word_1_324' title='bbox 1005 2741 1208 2799; x_wconf 91' lang='lat' dir='ltr'><strong>Christi</strong></span> <span class='ocrx_word' id='word_1_325' title='bbox 1245 2753 1470 2800; x_wconf 82' lang='lat' dir='ltr'><strong>vocatur</strong></span> <span class='ocrx_word' id='word_1_326' title='bbox 1504 2752 1726 2814; x_wconf 86' lang='lat' dir='ltr'><strong>propter</strong></span> 
     </span>
    </p>
   </div>
   <div class='ocr_carea' id='block_1_45' title="bbox 132 2831 1723 2908">
    <p class='ocr_par' dir='ltr' id='par_1_45' title="bbox 132 2831 1723 2908">
     <span class='ocr_line' id='line_1_45' title="bbox 132 2831 1723 2908; baseline 0.001 -19"><span class='ocrx_word' id='word_1_327' title='bbox 132 2833 384 2904; x_wconf 87' lang='lat' dir='ltr'><strong>spiritum</strong></span> <span class='ocrx_word' id='word_1_328' title='bbox 416 2831 623 2890; x_wconf 91' lang='lat' dir='ltr'><strong>Christi</strong></span> <span class='ocrx_word' id='word_1_329' title='bbox 660 2851 822 2907; x_wconf 89' lang='lat' dir='ltr'><strong>quem</strong></span> <span class='ocrx_word' id='word_1_330' title='bbox 848 2837 1076 2908; x_wconf 87' lang='lat' dir='ltr'><strong>accepit.</strong></span> <span class='ocrx_word' id='word_1_331' title='bbox 1108 2836 1280 2908; x_wconf 87' lang='lat' dir='ltr'><strong>Cujus</strong></span> <span class='ocrx_word' id='word_1_332' title='bbox 1302 2837 1647 2908; x_wconf 87' lang='lat' dir='ltr'><strong>participatio</strong></span> <span class='ocrx_word' id='word_1_333' title='bbox 1667 2836 1723 2891; x_wconf 93' lang='lat' dir='ltr'><strong>in</strong></span> 
     </span>
    </p>
   </div>
   <div class='ocr_carea' id='block_1_46' title="bbox 133 2926 1723 3000">
    <p class='ocr_par' dir='ltr' id='par_1_46' title="bbox 133 2926 1723 3000">
     <span class='ocr_line' id='line_1_46' title="bbox 133 2926 1723 3000; baseline 0.004 -20"><span class='ocrx_word' id='word_1_334' title='bbox 133 2927 353 2982; x_wconf 92' lang='lat' dir='ltr'><strong>nomine</strong></span> <span class='ocrx_word' id='word_1_335' title='bbox 396 2926 735 2998; x_wconf 82' lang='lat' dir='ltr'><strong>designatur,</strong></span> <span class='ocrx_word' id='word_1_336' title='bbox 781 2930 1002 3000; x_wconf 84' lang='lat' dir='ltr'><strong>quando</strong></span> <span class='ocrx_word' id='word_1_337' title='bbox 1047 2945 1078 2985; x_wconf 91' lang='lat' dir='ltr'><strong>a</strong></span> <span class='ocrx_word' id='word_1_338' title='bbox 1106 2928 1328 2985; x_wconf 89' lang='lat' dir='ltr'><strong>Christo</strong></span> <span class='ocrx_word' id='word_1_339' title='bbox 1373 2928 1723 2986; x_wconf 88' lang='lat' dir='ltr'><strong>Christianus</strong></span> 
     </span>
    </p>
   </div>
   <div class='ocr_carea' id='block_1_47' title="bbox 131 3016 1723 3092">
    <p class='ocr_par' dir='ltr' id='par_1_47' title="bbox 131 3016 1723 3092">
     <span class='ocr_line' id='line_1_47' title="bbox 131 3016 1723 3092; baseline 0.003 -21"><span class='ocrx_word' id='word_1_340' title='bbox 131 3016 455 3086; x_wconf 88' lang='lat' dir='ltr'><strong>appellatur.</strong></span> <span class='ocrx_word' id='word_1_341' title='bbox 483 3016 599 3074; x_wconf 92' lang='lat' dir='ltr'><strong>lloc</strong></span> <span class='ocrx_word' id='word_1_342' title='bbox 619 3019 802 3090; x_wconf 90' lang='lat' dir='ltr'><strong>itaque</strong></span> <span class='ocrx_word' id='word_1_343' title='bbox 826 3035 1026 3076; x_wconf 90' lang='lat' dir='ltr'><strong>nomen</strong></span> <span class='ocrx_word' id='word_1_344' title='bbox 1062 3021 1245 3092; x_wconf 86' lang='lat' dir='ltr'><strong>signat</strong></span> <span class='ocrx_word' id='word_1_345' title='bbox 1275 3021 1522 3076; x_wconf 89' lang='lat' dir='ltr'><strong>membra</strong></span> <span class='ocrx_word' id='word_1_346' title='bbox 1561 3020 1723 3076; x_wconf 86' lang='lat' dir='ltr'><strong>Chri-</strong></span> 
     </span>
    </p>
   </div>
   <div class='ocr_carea' id='block_1_48' title="bbox 132 3109 1723 3181">
    <p class='ocr_par' dir='ltr' id='par_1_48' title="bbox 132 3109 1723 3181">
     <span class='ocr_line' id='line_1_48' title="bbox 132 3109 1723 3181; baseline 0.001 -16"><span class='ocrx_word' id='word_1_347' title='bbox 132 3110 200 3165; x_wconf 89' lang='lat' dir='ltr'><strong>sti</strong></span> <span class='ocrx_word' id='word_1_348' title='bbox 226 3109 605 3181; x_wconf 89' lang='lat' dir='ltr'><strong>participantia</strong></span> <span class='ocrx_word' id='word_1_349' title='bbox 629 3111 844 3181; x_wconf 89' lang='lat' dir='ltr'><strong>spiritui</strong></span> <span class='ocrx_word' id='word_1_350' title='bbox 871 3111 1098 3180; x_wconf 90' lang='lat' dir='ltr'><strong>Christi,</strong></span> <span class='ocrx_word' id='word_1_351' title='bbox 1129 3122 1189 3168; x_wconf 92' lang='lat' dir='ltr'><strong>ut</strong></span> <span class='ocrx_word' id='word_1_352' title='bbox 1219 3112 1289 3168; x_wconf 93' lang='lat' dir='ltr'><strong>ab</strong></span> <span class='ocrx_word' id='word_1_353' title='bbox 1322 3122 1489 3169; x_wconf 88' lang='lat' dir='ltr'><strong>uncto</strong></span> <span class='ocrx_word' id='word_1_354' title='bbox 1520 3113 1592 3169; x_wconf 92' lang='lat' dir='ltr'><strong>sit</strong></span> <span class='ocrx_word' id='word_1_355' title='bbox 1619 3129 1723 3168; x_wconf 88' lang='lat' dir='ltr'><strong>un-</strong></span> 
     </span>
    </p>
   </div>
   <div class='ocr_carea' id='block_1_49' title="bbox 131 3201 1718 3273">
    <p class='ocr_par' dir='ltr' id='par_1_49' title="bbox 131 3201 1718 3273">
     <span class='ocr_line' id='line_1_49' title="bbox 131 3201 1718 3273; baseline 0.003 -17"><span class='ocrx_word' id='word_1_356' title='bbox 131 3210 273 3268; x_wconf 87' lang='lat' dir='ltr'><strong>ctus,</strong></span> <span class='ocrx_word' id='word_1_357' title='bbox 318 3202 473 3273; x_wconf 90' lang='lat' dir='ltr'><strong>quia</strong></span> <span class='ocrx_word' id='word_1_358' title='bbox 518 3201 741 3258; x_wconf 89' lang='lat' dir='ltr'><strong>Christo</strong></span> <span class='ocrx_word' id='word_1_359' title='bbox 790 3204 992 3259; x_wconf 90' lang='lat' dir='ltr'><strong>dicitur</strong></span> <span class='ocrx_word' id='word_1_360' title='bbox 1038 3202 1408 3261; x_wconf 88' lang='lat' dir='ltr'><strong>Christianus.</strong></span> <span class='ocrx_word' id='word_1_361' title='bbox 1463 3204 1718 3260; x_wconf 90' lang='lat' dir='ltr'><strong>Christus</strong></span> 
     </span>
    </p>
   </div>
   <div class='ocr_carea' id='block_1_50' title="bbox 129 3293 1716 3367">
    <p class='ocr_par' dir='ltr' id='par_1_50' title="bbox 129 3293 1716 3367">
     <span class='ocr_line' id='line_1_50' title="bbox 129 3293 1716 3367; baseline 0.004 -21"><span class='ocrx_word' id='word_1_362' title='bbox 129 3293 328 3365; x_wconf 89' lang='lat' dir='ltr'><strong>quippe</strong></span> <span class='ocrx_word' id='word_1_363' title='bbox 358 3304 555 3351; x_wconf 93' lang='lat' dir='ltr'><strong>unctus</strong></span> <span class='ocrx_word' id='word_1_364' title='bbox 579 3297 633 3351; x_wconf 91' lang='lat' dir='ltr'><strong>in</strong></span> <span class='ocrx_word' id='word_1_365' title='bbox 654 3305 896 3367; x_wconf 89' lang='lat' dir='ltr'><strong>tempore</strong></span> <span class='ocrx_word' id='word_1_366' title='bbox 920 3297 1013 3353; x_wconf 83' lang='lat' dir='ltr'><strong>illo</strong></span> <span class='ocrx_word' id='word_1_367' title='bbox 1041 3298 1297 3353; x_wconf 89' lang='lat' dir='ltr'><strong>videlicet</strong></span> <span class='ocrx_word' id='word_1_368' title='bbox 1329 3297 1450 3353; x_wconf 86' lang='lat' dir='ltr'><strong>oleo</strong></span> <span class='ocrx_word' id='word_1_369' title='bbox 1493 3297 1716 3364; x_wconf 75' lang='lat' dir='ltr'><strong>laetitiae,</strong></span> 
     </span>
    </p>
   </div>
   <div class='ocr_carea' id='block_1_51' title="bbox 129 3386 1719 3461">
    <p class='ocr_par' dir='ltr' id='par_1_51' title="bbox 129 3386 1719 3461">
     <span class='ocr_line' id='line_1_51' title="bbox 129 3386 1719 3461; baseline 0.002 -22"><span class='ocrx_word' id='word_1_370' title='bbox 129 3386 276 3455; x_wconf 89' lang='lat' dir='ltr'><strong>quod</strong></span> <span class='ocrx_word' id='word_1_371' title='bbox 305 3402 415 3457; x_wconf 77' lang='lat' dir='ltr'><strong>prae</strong></span> <span class='ocrx_word' id='word_1_372' title='bbox 436 3388 648 3443; x_wconf 64' lang='lat' dir='ltr'><strong>caeteris</strong></span> <span class='ocrx_word' id='word_1_373' title='bbox 674 3388 1035 3459; x_wconf 87' lang='lat' dir='ltr'><strong>participibus</strong></span> <span class='ocrx_word' id='word_1_374' title='bbox 1057 3389 1172 3445; x_wconf 86' lang='lat' dir='ltr'><strong>suis</strong></span> <span class='ocrx_word' id='word_1_375' title='bbox 1210 3390 1514 3446; x_wconf 89' lang='lat' dir='ltr'><strong>secundum</strong></span> <span class='ocrx_word' id='word_1_376' title='bbox 1542 3388 1719 3461; x_wconf 89' lang='lat' dir='ltr'><strong>pleni-</strong></span> 
     </span>
    </p>
   </div>
   <div class='ocr_carea' id='block_1_52' title="bbox 131 3476 1717 3552">
    <p class='ocr_par' dir='ltr' id='par_1_52' title="bbox 131 3476 1717 3552">
     <span class='ocr_line' id='line_1_52' title="bbox 131 3476 1717 3552; baseline 0.004 -22"><span class='ocrx_word' id='word_1_377' title='bbox 131 3476 372 3532; x_wconf 85' lang='lat' dir='ltr'><strong>tudinem</strong></span> <span class='ocrx_word' id='word_1_378' title='bbox 424 3478 653 3548; x_wconf 91' lang='lat' dir='ltr'><strong>accepit,</strong></span> <span class='ocrx_word' id='word_1_379' title='bbox 685 3486 740 3534; x_wconf 91' lang='lat' dir='ltr'><strong>et</strong></span> <span class='ocrx_word' id='word_1_380' title='bbox 762 3479 976 3534; x_wconf 91' lang='lat' dir='ltr'><strong>cunctis</strong></span> <span class='ocrx_word' id='word_1_381' title='bbox 1000 3480 1359 3551; x_wconf 86' lang='lat' dir='ltr'><strong>participibus</strong></span> <span class='ocrx_word' id='word_1_382' title='bbox 1412 3480 1530 3536; x_wconf 90' lang='lat' dir='ltr'><strong>suis</strong></span> <span class='ocrx_word' id='word_1_383' title='bbox 1556 3481 1717 3552; x_wconf 89' lang='lat' dir='ltr'><strong>quasi</strong></span> 
     </span>
    </p>
   </div>
   <div class='ocr_carea' id='block_1_53' title="bbox 127 3568 1719 3641">
    <p class='ocr_par' dir='ltr' id='par_1_53' title="bbox 127 3568 1719 3641">
     <span class='ocr_line' id='line_1_53' title="bbox 127 3568 1719 3641; baseline 0.003 -19"><span class='ocrx_word' id='word_1_384' title='bbox 127 3576 293 3638; x_wconf 90' lang='lat' dir='ltr'><strong>caput</strong></span> <span class='ocrx_word' id='word_1_385' title='bbox 311 3568 572 3624; x_wconf 90' lang='lat' dir='ltr'><strong>membris</strong></span> <span class='ocrx_word' id='word_1_386' title='bbox 594 3568 895 3625; x_wconf 90' lang='lat' dir='ltr'><strong>secundum</strong></span> <span class='ocrx_word' id='word_1_387' title='bbox 920 3571 1387 3641; x_wconf 87' lang='lat' dir='ltr'><strong>participationem</strong></span> <span class='ocrx_word' id='word_1_388' title='bbox 1421 3571 1719 3627; x_wconf 87' lang='lat' dir='ltr'><strong>trausl&#39;udit</strong></span> 
     </span>
    </p>
   </div>
   <div class='ocr_carea' id='block_1_54' title="bbox 130 3660 1716 3736">
    <p class='ocr_par' dir='ltr' id='par_1_54' title="bbox 130 3660 1716 3736">
     <span class='ocr_line' id='line_1_54' title="bbox 130 3660 1716 3736; baseline 0.001 -20"><span class='ocrx_word' id='word_1_389' title='bbox 130 3662 304 3736; x_wconf 73' lang='lat' dir='ltr'><strong>(Psal.</strong></span> <span class='ocrx_word' id='word_1_390' title='bbox 358 3661 531 3733; x_wconf 72' lang='lat' dir='ltr'><strong>XLIV).</strong></span> <span class='ocrx_word' id='word_1_391' title='bbox 577 3660 731 3718; x_wconf 91' lang='lat' dir='ltr'><strong>Sicut</strong></span> <span class='ocrx_word' id='word_1_392' title='bbox 758 3670 1098 3733; x_wconf 83' lang='lat' dir='ltr'><strong>unguentum</strong></span> <span class='ocrx_word' id='word_1_393' title='bbox 1132 3663 1186 3717; x_wconf 92' lang='lat' dir='ltr'><strong>in</strong></span> <span class='ocrx_word' id='word_1_394' title='bbox 1228 3663 1404 3733; x_wconf 76' lang='lat' dir='ltr'><strong>capite</strong></span> <span class='ocrx_word' id='word_1_395' title='bbox 1443 3662 1591 3733; x_wconf 90' lang='lat' dir='ltr'><strong>quod</strong></span> <span class='ocrx_word' id='word_1_396' title='bbox 1618 3663 1716 3718; x_wconf 87' lang='lat' dir='ltr'><strong>de-</strong></span> 
     </span>
    </p>
   </div>
   <div class='ocr_carea' id='block_1_55' title="bbox 128 3754 1715 3824">
    <p class='ocr_par' dir='ltr' id='par_1_55' title="bbox 128 3754 1715 3824">
     <span class='ocr_line' id='line_1_55' title="bbox 128 3754 1715 3824; baseline -0.003 -11"><span class='ocrx_word' id='word_1_397' title='bbox 128 3754 340 3813; x_wconf 88' lang='lat' dir='ltr'><strong>scendit</strong></span> <span class='ocrx_word' id='word_1_398' title='bbox 359 3770 391 3810; x_wconf 95' lang='lat' dir='ltr'><strong>a</strong></span> <span class='ocrx_word' id='word_1_399' title='bbox 426 3754 603 3824; x_wconf 90' lang='lat' dir='ltr'><strong>capite</strong></span> <span class='ocrx_word' id='word_1_400' title='bbox 625 3754 680 3809; x_wconf 94' lang='lat' dir='ltr'><strong>in</strong></span> <span class='ocrx_word' id='word_1_401' title='bbox 704 3754 952 3820; x_wconf 89' lang='lat' dir='ltr'><strong>barbam,</strong></span> <span class='ocrx_word' id='word_1_402' title='bbox 982 3763 1036 3809; x_wconf 89' lang='lat' dir='ltr'><strong>et</strong></span> <span class='ocrx_word' id='word_1_403' title='bbox 1060 3754 1253 3809; x_wconf 89' lang='lat' dir='ltr'><strong>deinde</strong></span> <span class='ocrx_word' id='word_1_404' title='bbox 1282 3769 1458 3824; x_wconf 89' lang='lat' dir='ltr'><strong>usque</strong></span> <span class='ocrx_word' id='word_1_405' title='bbox 1484 3754 1538 3807; x_wconf 90' lang='lat' dir='ltr'><strong>in</strong></span> <span class='ocrx_word' id='word_1_406' title='bbox 1561 3769 1715 3809; x_wconf 87' lang='lat' dir='ltr'><strong>oram</strong></span> 
     </span>
    </p>
   </div>
   <div class='ocr_carea' id='block_1_56' title="bbox 133 3844 1718 3919">
    <p class='ocr_par' dir='ltr' id='par_1_56' title="bbox 133 3844 1718 3919">
     <span class='ocr_line' id='line_1_56' title="bbox 133 3844 1718 3919; baseline -0.002 -17"><span class='ocrx_word' id='word_1_407' title='bbox 133 3845 307 3919; x_wconf 76' lang='lat' dir='ltr'><strong>(Psal.</strong></span> <span class='ocrx_word' id='word_1_408' title='bbox 327 3846 563 3918; x_wconf 75' lang='lat' dir='ltr'><strong>cum),</strong></span> <span class='ocrx_word' id='word_1_409' title='bbox 589 3846 694 3901; x_wconf 92' lang='lat' dir='ltr'><strong>hoc</strong></span> <span class='ocrx_word' id='word_1_410' title='bbox 714 3853 801 3900; x_wconf 88' lang='lat' dir='ltr'><strong>est</strong></span> <span class='ocrx_word' id='word_1_411' title='bbox 842 3845 1245 3900; x_wconf 75' lang='lat' dir='ltr'><strong>extremitatem</strong></span> <span class='ocrx_word' id='word_1_412' title='bbox 1275 3845 1588 3902; x_wconf 88' lang='lat' dir='ltr'><strong>vestimenti</strong></span> <span class='ocrx_word' id='word_1_413' title='bbox 1623 3844 1718 3900; x_wconf 88' lang='lat' dir='ltr'><strong>dc-</strong></span> 
     </span>
    </p>
   </div>
   <div class='ocr_carea' id='block_1_57' title="bbox 133 3934 1715 4003">
    <p class='ocr_par' dir='ltr' id='par_1_57' title="bbox 133 3934 1715 4003">
     <span class='ocr_line' id='line_1_57' title="bbox 133 3934 1715 4003; baseline -0.001 -10"><span class='ocrx_word' id='word_1_414' title='bbox 133 3937 307 4003; x_wconf 79' lang='lat' dir='ltr'><strong>tluxit,</strong></span> <span class='ocrx_word' id='word_1_415' title='bbox 339 3945 401 3993; x_wconf 91' lang='lat' dir='ltr'><strong>ut</strong></span> <span class='ocrx_word' id='word_1_416' title='bbox 446 3936 514 3992; x_wconf 93' lang='lat' dir='ltr'><strong>ad</strong></span> <span class='ocrx_word' id='word_1_417' title='bbox 549 3946 724 3992; x_wconf 90' lang='lat' dir='ltr'><strong>totum</strong></span> <span class='ocrx_word' id='word_1_418' title='bbox 770 3935 1054 4003; x_wconf 80' lang='lat' dir='ltr'><strong>deﬂueret,</strong></span> <span class='ocrx_word' id='word_1_419' title='bbox 1101 3946 1156 3990; x_wconf 92' lang='lat' dir='ltr'><strong>et</strong></span> <span class='ocrx_word' id='word_1_420' title='bbox 1189 3944 1363 3990; x_wconf 89' lang='lat' dir='ltr'><strong>totum</strong></span> <span class='ocrx_word' id='word_1_421' title='bbox 1396 3934 1715 3991; x_wconf 81' lang='lat' dir='ltr'><strong>viviﬁcaret.</strong></span> 
     </span>
    </p>
   </div>
   <div class='ocr_carea' id='block_1_58' title="bbox 133 4025 1716 4099">
    <p class='ocr_par' dir='ltr' id='par_1_58' title="bbox 133 4025 1716 4099">
     <span class='ocr_line' id='line_1_58' title="bbox 133 4025 1716 4099; baseline -0.003 -13"><span class='ocrx_word' id='word_1_422' title='bbox 133 4029 359 4097; x_wconf 80' lang='lat' dir='ltr'><strong>Quando</strong></span> <span class='ocrx_word' id='word_1_423' title='bbox 413 4028 580 4099; x_wconf 80' lang='lat' dir='ltr'><strong>igitur</strong></span> <span class='ocrx_word' id='word_1_424' title='bbox 641 4026 994 4083; x_wconf 89' lang='lat' dir='ltr'><strong>Christianus</strong></span> <span class='ocrx_word' id='word_1_425' title='bbox 1063 4025 1332 4095; x_wconf 82' lang='lat' dir='ltr'><strong>elliceris,</strong></span> <span class='ocrx_word' id='word_1_426' title='bbox 1406 4026 1716 4081; x_wconf 88' lang='lat' dir='ltr'><strong>membrum</strong></span> 
     </span>
    </p>
   </div>
   <div class='ocr_carea' id='block_1_59' title="bbox 133 4118 1714 4191">
    <p class='ocr_par' dir='ltr' id='par_1_59' title="bbox 133 4118 1714 4191">
     <span class='ocr_line' id='line_1_59' title="bbox 133 4118 1714 4191; baseline -0.002 -15"><span class='ocrx_word' id='word_1_427' title='bbox 133 4121 332 4177; x_wconf 89' lang='lat' dir='ltr'><strong>Christi</strong></span> <span class='ocrx_word' id='word_1_428' title='bbox 357 4119 612 4187; x_wconf 84' lang='lat' dir='ltr'><strong>et&#39;ﬁceris,</strong></span> <span class='ocrx_word' id='word_1_429' title='bbox 644 4120 956 4175; x_wconf 88' lang='lat' dir='ltr'><strong>membrum</strong></span> <span class='ocrx_word' id='word_1_430' title='bbox 976 4119 1225 4191; x_wconf 90' lang='lat' dir='ltr'><strong>corporis</strong></span> <span class='ocrx_word' id='word_1_431' title='bbox 1261 4118 1466 4174; x_wconf 88' lang='lat' dir='ltr'><strong>Christi</strong></span> <span class='ocrx_word' id='word_1_432' title='bbox 1489 4119 1714 4190; x_wconf 87' lang='lat' dir='ltr'><strong>partici-</strong></span> 
     </span>
    </p>
   </div>
   <div class='ocr_carea' id='block_1_60' title="bbox 132 4207 1714 4283">
    <p class='ocr_par' dir='ltr' id='par_1_60' title="bbox 132 4207 1714 4283">
     <span class='ocr_line' id='line_1_60' title="bbox 132 4207 1714 4283; baseline 0 -19"><span class='ocrx_word' id='word_1_433' title='bbox 132 4227 266 4282; x_wconf 83' lang='lat' dir='ltr'><strong>pans</strong></span> <span class='ocrx_word' id='word_1_434' title='bbox 294 4211 513 4283; x_wconf 87' lang='lat' dir='ltr'><strong>spiritui</strong></span> <span class='ocrx_word' id='word_1_435' title='bbox 556 4210 785 4267; x_wconf 88' lang='lat' dir='ltr'><strong>Christi.</strong></span> <span class='ocrx_word' id='word_1_436' title='bbox 839 4209 981 4278; x_wconf 88' lang='lat' dir='ltr'><strong>Quid</strong></span> <span class='ocrx_word' id='word_1_437' title='bbox 1029 4219 1115 4266; x_wconf 91' lang='lat' dir='ltr'><strong>est</strong></span> <span class='ocrx_word' id='word_1_438' title='bbox 1154 4224 1286 4281; x_wconf 90' lang='lat' dir='ltr'><strong>ergo</strong></span> <span class='ocrx_word' id='word_1_439' title='bbox 1314 4207 1578 4277; x_wconf 88' lang='lat' dir='ltr'><strong>Ecclesia,</strong></span> <span class='ocrx_word' id='word_1_440' title='bbox 1606 4209 1714 4265; x_wconf 88' lang='lat' dir='ltr'><strong>nisi</strong></span> 
     </span>
    </p>
   </div>
   <div class='ocr_carea' id='block_1_61' title="bbox 133 4297 1717 4367">
    <p class='ocr_par' dir='ltr' id='par_1_61' title="bbox 133 4297 1717 4367">
     <span class='ocr_line' id='line_1_61' title="bbox 133 4297 1717 4367; baseline -0.003 -11"><span class='ocrx_word' id='word_1_441' title='bbox 133 4302 421 4357; x_wconf 89' lang='lat' dir='ltr'><strong>multitudo</strong></span> <span class='ocrx_word' id='word_1_442' title='bbox 451 4301 715 4367; x_wconf 79' lang='lat' dir='ltr'><strong>ﬁdelium,</strong></span> <span class='ocrx_word' id='word_1_443' title='bbox 740 4301 1072 4357; x_wconf 85' lang='lat' dir='ltr'><strong>universitas</strong></span> <span class='ocrx_word' id='word_1_444' title='bbox 1099 4300 1561 4356; x_wconf 88' lang='lat' dir='ltr'><strong>Christianorum.</strong></span> <span class='ocrx_word' id='word_1_445' title='bbox 1587 4297 1717 4353; x_wconf 84' lang='lat' dir='ltr'><strong>Uni-</strong></span> 
     </span>
    </p>
   </div>
   <div class='ocr_carea' id='block_1_62' title="bbox 133 4393 1716 4464">
    <p class='ocr_par' dir='ltr' id='par_1_62' title="bbox 133 4393 1716 4464">
     <span class='ocr_line' id='line_1_62' title="bbox 133 4393 1716 4464; baseline 0.001 -19"><span class='ocrx_word' id='word_1_446' title='bbox 133 4394 358 4449; x_wconf 90' lang='lat' dir='ltr'><strong>versitas</strong></span> <span class='ocrx_word' id='word_1_447' title='bbox 401 4395 518 4451; x_wconf 86' lang='lat' dir='ltr'><strong>haec</strong></span> <span class='ocrx_word' id='word_1_448' title='bbox 568 4394 710 4450; x_wconf 90' lang='lat' dir='ltr'><strong>duos</strong></span> <span class='ocrx_word' id='word_1_449' title='bbox 760 4393 985 4449; x_wconf 84' lang='lat' dir='ltr'><strong>ordines</strong></span> <span class='ocrx_word' id='word_1_450' title='bbox 1033 4393 1437 4464; x_wconf 90' lang='lat' dir='ltr'><strong>complectitur,</strong></span> <span class='ocrx_word' id='word_1_451' title='bbox 1470 4393 1641 4449; x_wconf 84' lang='lat' dir='ltr'><strong>laicos</strong></span> <span class='ocrx_word' id='word_1_452' title='bbox 1660 4400 1716 4447; x_wconf 89' lang='lat' dir='ltr'><strong>et</strong></span> 
     </span>
    </p>
   </div>
   <div class='ocr_carea' id='block_1_63' title="bbox 132 4482 1787 4580">
    <p class='ocr_par' dir='ltr' id='par_1_63' title="bbox 132 4482 1787 4580">
     <span class='ocr_line' id='line_1_63' title="bbox 132 4482 1787 4580; baseline -0.002 -39"><span class='ocrx_word' id='word_1_453' title='bbox 132 4484 376 4552; x_wconf 85' lang='lat' dir='ltr'><strong>clericos,</strong></span> <span class='ocrx_word' id='word_1_454' title='bbox 393 4485 552 4557; x_wconf 91' lang='lat' dir='ltr'><strong>quasi</strong></span> <span class='ocrx_word' id='word_1_455' title='bbox 573 4486 685 4541; x_wconf 91' lang='lat' dir='ltr'><strong>duo</strong></span> <span class='ocrx_word' id='word_1_456' title='bbox 708 4485 879 4540; x_wconf 86' lang='lat' dir='ltr'><strong>latera</strong></span> <span class='ocrx_word' id='word_1_457' title='bbox 895 4485 1144 4554; x_wconf 90' lang='lat' dir='ltr'><strong>corporis</strong></span> <span class='ocrx_word' id='word_1_458' title='bbox 1168 4484 1351 4540; x_wconf 89' lang='lat' dir='ltr'><strong>unius.</strong></span> <span class='ocrx_word' id='word_1_459' title='bbox 1370 4483 1539 4551; x_wconf 87' lang='lat' dir='ltr'><strong>Quasi</strong></span> <span class='ocrx_word' id='word_1_460' title='bbox 1560 4482 1709 4538; x_wconf 91' lang='lat' dir='ltr'><strong>enim</strong></span> <span class='ocrx_word' id='word_1_461' title='bbox 1741 4524 1787 4580; x_wconf 68' lang='grc' dir='ltr'><strong>Β</strong></span> 
     </span>
    </p>
   </div>
   <div class='ocr_carea' id='block_1_64' title="bbox 132 4574 1712 4649">
    <p class='ocr_par' dir='ltr' id='par_1_64' title="bbox 132 4574 1712 4649">
     <span class='ocr_line' id='line_1_64' title="bbox 132 4574 1712 4649; baseline -0.001 -17"><span class='ocrx_word' id='word_1_462' title='bbox 132 4578 196 4632; x_wconf 88' lang='lat' dir='ltr'><strong>ad</strong></span> <span class='ocrx_word' id='word_1_463' title='bbox 216 4578 492 4634; x_wconf 87' lang='lat' dir='ltr'><strong>sinistram</strong></span> <span class='ocrx_word' id='word_1_464' title='bbox 511 4587 640 4635; x_wconf 91' lang='lat' dir='ltr'><strong>sunt</strong></span> <span class='ocrx_word' id='word_1_465' title='bbox 663 4577 787 4634; x_wconf 89' lang='lat' dir='ltr'><strong>laici</strong></span> <span class='ocrx_word' id='word_1_466' title='bbox 815 4577 910 4649; x_wconf 89' lang='lat' dir='ltr'><strong>qui</strong></span> <span class='ocrx_word' id='word_1_467' title='bbox 934 4577 1058 4634; x_wconf 77' lang='lat' dir='ltr'><strong>vitae</strong></span> <span class='ocrx_word' id='word_1_468' title='bbox 1072 4576 1357 4649; x_wconf 67' lang='lat' dir='ltr'><strong>praesentis</strong></span> <span class='ocrx_word' id='word_1_469' title='bbox 1386 4574 1712 4632; x_wconf 89' lang='lat' dir='ltr'><strong>necessitate</strong></span> 
     </span>
    </p>
   </div>
   <div class='ocr_carea' id='block_1_65' title="bbox 132 4668 1709 4740">
    <p class='ocr_par' dir='ltr' id='par_1_65' title="bbox 132 4668 1709 4740">
     <span class='ocr_line' id='line_1_65' title="bbox 132 4668 1709 4740; baseline -0.002 -14"><span class='ocrx_word' id='word_1_470' title='bbox 132 4670 390 4726; x_wconf 85' lang='lat' dir='ltr'><strong>serviunt.</strong></span> <span class='ocrx_word' id='word_1_471' title='bbox 431 4668 551 4726; x_wconf 88' lang='lat' dir='ltr'><strong>Non</strong></span> <span class='ocrx_word' id='word_1_472' title='bbox 584 4670 659 4726; x_wconf 89' lang='lat' dir='ltr'><strong>ita</strong></span> <span class='ocrx_word' id='word_1_473' title='bbox 689 4670 815 4726; x_wconf 91' lang='lat' dir='ltr'><strong>dico</strong></span> <span class='ocrx_word' id='word_1_474' title='bbox 843 4671 910 4725; x_wconf 90' lang='lat' dir='ltr'><strong>ad</strong></span> <span class='ocrx_word' id='word_1_475' title='bbox 934 4670 1215 4726; x_wconf 85' lang='lat' dir='ltr'><strong>sinistram</strong></span> <span class='ocrx_word' id='word_1_476' title='bbox 1246 4668 1709 4740; x_wconf 89' lang='lat' dir='ltr'><strong>quemadmodum</strong></span> 
     </span>
    </p>
   </div>
   <div class='ocr_carea' id='block_1_66' title="bbox 131 4759 1708 4833">
    <p class='ocr_par' dir='ltr' id='par_1_66' title="bbox 131 4759 1708 4833">
     <span class='ocr_line' id='line_1_66' title="bbox 131 4759 1708 4833; baseline 0 -17"><span class='ocrx_word' id='word_1_477' title='bbox 131 4762 204 4817; x_wconf 90' lang='lat' dir='ltr'><strong>illi</strong></span> <span class='ocrx_word' id='word_1_478' title='bbox 233 4762 300 4818; x_wconf 89' lang='lat' dir='ltr'><strong>ad</strong></span> <span class='ocrx_word' id='word_1_479' title='bbox 341 4762 622 4819; x_wconf 90' lang='lat' dir='ltr'><strong>sinistram</strong></span> <span class='ocrx_word' id='word_1_480' title='bbox 668 4771 998 4830; x_wconf 91' lang='lat' dir='ltr'><strong>statuentur,</strong></span> <span class='ocrx_word' id='word_1_481' title='bbox 1021 4762 1225 4833; x_wconf 86' lang='lat' dir='ltr'><strong>quibus</strong></span> <span class='ocrx_word' id='word_1_482' title='bbox 1265 4762 1519 4818; x_wconf 89' lang='lat' dir='ltr'><strong>dicetur:</strong></span> <span class='ocrx_word' id='word_1_483' title='bbox 1561 4779 1582 4812; x_wconf 69' lang='grc' dir='ltr'>ς</span> <span class='ocrx_word' id='word_1_484' title='bbox 1610 4759 1708 4826; x_wconf 88' lang='lat' dir='ltr'><strong>Ite,</strong></span> 
     </span>
    </p>
   </div>
   <div class='ocr_carea' id='block_1_67' title="bbox 130 4855 1712 4928">
    <p class='ocr_par' dir='ltr' id='par_1_67' title="bbox 130 4855 1712 4928">
     <span class='ocr_line' id='line_1_67' title="bbox 130 4855 1712 4928; baseline 0 -19"><span class='ocrx_word' id='word_1_485' title='bbox 130 4855 417 4923; x_wconf 87' lang='lat' dir='ltr'><strong>maledicti,</strong></span> <span class='ocrx_word' id='word_1_486' title='bbox 448 4855 503 4910; x_wconf 90' lang='lat' dir='ltr'><strong>in</strong></span> <span class='ocrx_word' id='word_1_487' title='bbox 532 4856 711 4927; x_wconf 86' lang='lat' dir='ltr'><strong>ignem</strong></span> <span class='ocrx_word' id='word_1_488' title='bbox 742 4867 1007 4913; x_wconf 71' lang='lat' dir='ltr'><strong>aeternum</strong></span> <span class='ocrx_word' id='word_1_489' title='bbox 1059 4856 1282 4928; x_wconf 73' lang='lat' dir='ltr'><strong>(Manli.</strong></span> <span class='ocrx_word' id='word_1_490' title='bbox 1312 4856 1463 4927; x_wconf 78' lang='lat' dir='ltr'><strong>xxv).</strong></span> <span class='ocrx_word' id='word_1_491' title='bbox 1504 4877 1524 4909; x_wconf 75' lang='grc' dir='ltr'><strong><em>ι</em></strong></span> <span class='ocrx_word' id='word_1_492' title='bbox 1555 4855 1712 4911; x_wconf 80' lang='lat' dir='ltr'><strong>Absit</strong></span> 
     </span>
    </p>
   </div>
   <div class='ocr_carea' id='block_1_68' title="bbox 130 4947 1708 5020">
    <p class='ocr_par' dir='ltr' id='par_1_68' title="bbox 130 4947 1708 5020">
     <span class='ocr_line' id='line_1_68' title="bbox 130 4947 1708 5020; baseline 0.001 -17"><span class='ocrx_word' id='word_1_493' title='bbox 130 4963 161 5003; x_wconf 89' lang='lat' dir='ltr'><strong>a</strong></span> <span class='ocrx_word' id='word_1_494' title='bbox 184 4964 267 5004; x_wconf 94' lang='lat' dir='ltr'><strong>me</strong></span> <span class='ocrx_word' id='word_1_495' title='bbox 295 4957 356 5005; x_wconf 90' lang='lat' dir='ltr'><strong>ut</strong></span> <span class='ocrx_word' id='word_1_496' title='bbox 394 4949 570 5006; x_wconf 91' lang='lat' dir='ltr'><strong>bonos</strong></span> <span class='ocrx_word' id='word_1_497' title='bbox 599 4949 771 5007; x_wconf 91' lang='lat' dir='ltr'><strong>laicos</strong></span> <span class='ocrx_word' id='word_1_498' title='bbox 795 4950 869 5005; x_wconf 90' lang='lat' dir='ltr'><strong>ibi</strong></span> <span class='ocrx_word' id='word_1_499' title='bbox 906 4958 1146 5005; x_wconf 89' lang='lat' dir='ltr'><strong>statuere</strong></span> <span class='ocrx_word' id='word_1_500' title='bbox 1178 4951 1542 5020; x_wconf 70' lang='lat' dir='ltr'><strong>praesumant!</strong></span> <span class='ocrx_word' id='word_1_501' title='bbox 1570 4947 1708 5004; x_wconf 85' lang='lat' dir='ltr'><strong>Nam</strong></span> 
     </span>
    </p>
   </div>
   <div class='ocr_carea' id='block_1_69' title="bbox 129 5028 1706 5109">
    <p class='ocr_par' dir='ltr' id='par_1_69' title="bbox 129 5028 1706 5109">
     <span class='ocr_line' id='line_1_69' title="bbox 129 5028 1706 5109; baseline 0 -16"><span class='ocrx_word' id='word_1_502' title='bbox 129 5028 370 5109; x_wconf 52' lang='lat' dir='ltr'><strong>qui&#39;boni</strong></span> <span class='ocrx_word' id='word_1_503' title='bbox 400 5048 585 5107; x_wconf 89' lang='lat' dir='ltr'><strong>erunt,</strong></span> <span class='ocrx_word' id='word_1_504' title='bbox 615 5041 729 5097; x_wconf 84' lang='lat' dir='ltr'><strong>sive</strong></span> <span class='ocrx_word' id='word_1_505' title='bbox 756 5039 881 5095; x_wconf 89' lang='lat' dir='ltr'><strong>laici</strong></span> <span class='ocrx_word' id='word_1_506' title='bbox 911 5038 1026 5094; x_wconf 87' lang='lat' dir='ltr'><strong>sive</strong></span> <span class='ocrx_word' id='word_1_507' title='bbox 1053 5038 1259 5104; x_wconf 90' lang='lat' dir='ltr'><strong>clerici,</strong></span> <span class='ocrx_word' id='word_1_508' title='bbox 1290 5038 1364 5093; x_wconf 87' lang='lat' dir='ltr'><strong>ibi</strong></span> <span class='ocrx_word' id='word_1_509' title='bbox 1388 5052 1499 5093; x_wconf 90' lang='lat' dir='ltr'><strong>non</strong></span> <span class='ocrx_word' id='word_1_510' title='bbox 1523 5047 1706 5106; x_wconf 91' lang='lat' dir='ltr'><strong>erunt,</strong></span> 
     </span>
    </p>
   </div>
   <div class='ocr_carea' id='block_1_70' title="bbox 129 5129 1706 5203">
    <p class='ocr_par' dir='ltr' id='par_1_70' title="bbox 129 5129 1706 5203">
     <span class='ocr_line' id='line_1_70' title="bbox 129 5129 1706 5203; baseline 0 -17"><span class='ocrx_word' id='word_1_511' title='bbox 129 5140 182 5186; x_wconf 90' lang='lat' dir='ltr'><strong>et</strong></span> <span class='ocrx_word' id='word_1_512' title='bbox 205 5130 298 5203; x_wconf 88' lang='lat' dir='ltr'><strong>qui</strong></span> <span class='ocrx_word' id='word_1_513' title='bbox 341 5132 470 5187; x_wconf 89' lang='lat' dir='ltr'><strong>mali</strong></span> <span class='ocrx_word' id='word_1_514' title='bbox 501 5140 685 5200; x_wconf 90' lang='lat' dir='ltr'><strong>erunt,</strong></span> <span class='ocrx_word' id='word_1_515' title='bbox 714 5132 828 5189; x_wconf 84' lang='lat' dir='ltr'><strong>sive</strong></span> <span class='ocrx_word' id='word_1_516' title='bbox 855 5131 982 5187; x_wconf 89' lang='lat' dir='ltr'><strong>laici</strong></span> <span class='ocrx_word' id='word_1_517' title='bbox 1033 5131 1149 5188; x_wconf 89' lang='lat' dir='ltr'><strong>sive</strong></span> <span class='ocrx_word' id='word_1_518' title='bbox 1185 5129 1390 5198; x_wconf 89' lang='lat' dir='ltr'><strong>clerici,</strong></span> <span class='ocrx_word' id='word_1_519' title='bbox 1420 5129 1495 5185; x_wconf 91' lang='lat' dir='ltr'><strong>ibi</strong></span> <span class='ocrx_word' id='word_1_520' title='bbox 1523 5138 1706 5186; x_wconf 84' lang='lat' dir='ltr'><strong>erunt.</strong></span> 
     </span>
    </p>
   </div>
   <div class='ocr_carea' id='block_1_71' title="bbox 127 5219 1708 5298">
    <p class='ocr_par' dir='ltr' id='par_1_71' title="bbox 127 5219 1708 5298">
     <span class='ocr_line' id='line_1_71' title="bbox 127 5219 1708 5298; baseline -0.001 -21"><span class='ocrx_word' id='word_1_521' title='bbox 127 5219 243 5278; x_wconf 85' lang='lat' dir='ltr'><strong>Non</strong></span> <span class='ocrx_word' id='word_1_522' title='bbox 270 5237 402 5298; x_wconf 86' lang='lat' dir='ltr'><strong>ergo</strong></span> <span class='ocrx_word' id='word_1_523' title='bbox 427 5224 496 5280; x_wconf 91' lang='lat' dir='ltr'><strong>ad</strong></span> <span class='ocrx_word' id='word_1_524' title='bbox 523 5224 669 5279; x_wconf 88' lang='lat' dir='ltr'><strong>illam</strong></span> <span class='ocrx_word' id='word_1_525' title='bbox 702 5223 983 5280; x_wconf 88' lang='lat' dir='ltr'><strong>sinistram</strong></span> <span class='ocrx_word' id='word_1_526' title='bbox 1012 5223 1183 5280; x_wconf 92' lang='lat' dir='ltr'><strong>laicos</strong></span> <span class='ocrx_word' id='word_1_527' title='bbox 1210 5220 1574 5289; x_wconf 83' lang='lat' dir='ltr'><strong>Christianos,</strong></span> <span class='ocrx_word' id='word_1_528' title='bbox 1612 5221 1708 5293; x_wconf 89' lang='lat' dir='ltr'><strong>qui</strong></span> 
     </span>
    </p>
   </div>
   <div class='ocr_carea' id='block_1_72' title="bbox 129 5314 1707 5385">
    <p class='ocr_par' dir='ltr' id='par_1_72' title="bbox 129 5314 1707 5385">
     <span class='ocr_line' id='line_1_72' title="bbox 129 5314 1707 5385; baseline 0.001 -16"><span class='ocrx_word' id='word_1_529' title='bbox 129 5329 250 5371; x_wconf 88' lang='lat' dir='ltr'><strong>vere</strong></span> <span class='ocrx_word' id='word_1_530' title='bbox 281 5314 580 5373; x_wconf 91' lang='lat' dir='ltr'><strong>Christiani</strong></span> <span class='ocrx_word' id='word_1_531' title='bbox 624 5324 774 5385; x_wconf 87' lang='lat' dir='ltr'><strong>sunt,</strong></span> <span class='ocrx_word' id='word_1_532' title='bbox 826 5317 1127 5385; x_wconf 89' lang='lat' dir='ltr'><strong>constituo,</strong></span> <span class='ocrx_word' id='word_1_533' title='bbox 1159 5316 1254 5372; x_wconf 91' lang='lat' dir='ltr'><strong>sed</strong></span> <span class='ocrx_word' id='word_1_534' title='bbox 1290 5315 1360 5371; x_wconf 91' lang='lat' dir='ltr'><strong>ad</strong></span> <span class='ocrx_word' id='word_1_535' title='bbox 1390 5315 1540 5371; x_wconf 89' lang='lat' dir='ltr'><strong>illam</strong></span> <span class='ocrx_word' id='word_1_536' title='bbox 1570 5314 1707 5371; x_wconf 92' lang='lat' dir='ltr'><strong>sini-</strong></span> 
     </span>
    </p>
   </div>
   <div class='ocr_carea' id='block_1_73' title="bbox 127 5409 1707 5482">
    <p class='ocr_par' dir='ltr' id='par_1_73' title="bbox 127 5409 1707 5482">
     <span class='ocr_line' id='line_1_73' title="bbox 127 5409 1707 5482; baseline 0.001 -17"><span class='ocrx_word' id='word_1_537' title='bbox 127 5417 292 5465; x_wconf 82' lang='lat' dir='ltr'><strong>stram</strong></span> <span class='ocrx_word' id='word_1_538' title='bbox 320 5410 389 5467; x_wconf 92' lang='lat' dir='ltr'><strong>de</strong></span> <span class='ocrx_word' id='word_1_539' title='bbox 410 5427 519 5482; x_wconf 90' lang='lat' dir='ltr'><strong>qua</strong></span> <span class='ocrx_word' id='word_1_540' title='bbox 543 5411 779 5468; x_wconf 88' lang='lat' dir='ltr'><strong>dicitur:</strong></span> <span class='ocrx_word' id='word_1_541' title='bbox 813 5431 831 5463; x_wconf 74' lang='grc' dir='ltr'>ι</span> <span class='ocrx_word' id='word_1_542' title='bbox 862 5410 920 5466; x_wconf 90' lang='lat' dir='ltr'><strong>ln</strong></span> <span class='ocrx_word' id='word_1_543' title='bbox 952 5411 1142 5467; x_wconf 82' lang='lat' dir='ltr'><strong>dextra</strong></span> <span class='ocrx_word' id='word_1_544' title='bbox 1171 5409 1292 5482; x_wconf 86' lang='lat' dir='ltr'><strong>ejus</strong></span> <span class='ocrx_word' id='word_1_545' title='bbox 1313 5409 1707 5481; x_wconf 80' lang='lat' dir='ltr'><strong>longanimitas</strong></span> 
     </span>
    </p>
   </div>
   <div class='ocr_carea' id='block_1_74' title="bbox 125 5500 1702 5574">
    <p class='ocr_par' dir='ltr' id='par_1_74' title="bbox 125 5500 1702 5574">
     <span class='ocr_line' id='line_1_74' title="bbox 125 5500 1702 5574; baseline 0 -18"><span class='ocrx_word' id='word_1_546' title='bbox 125 5501 277 5571; x_wconf 65' lang='lat' dir='ltr'><strong>vitai;</strong></span> <span class='ocrx_word' id='word_1_547' title='bbox 309 5502 366 5559; x_wconf 91' lang='lat' dir='ltr'><strong>in</strong></span> <span class='ocrx_word' id='word_1_548' title='bbox 385 5504 607 5561; x_wconf 88' lang='lat' dir='ltr'><strong>sinistra</strong></span> <span class='ocrx_word' id='word_1_549' title='bbox 637 5513 821 5560; x_wconf 84' lang='lat' dir='ltr'><strong>autem</strong></span> <span class='ocrx_word' id='word_1_550' title='bbox 848 5503 970 5574; x_wconf 88' lang='lat' dir='ltr'><strong>ejus</strong></span> <span class='ocrx_word' id='word_1_551' title='bbox 990 5502 1196 5558; x_wconf 78' lang='lat' dir='ltr'><strong>divitia:</strong></span> <span class='ocrx_word' id='word_1_552' title='bbox 1225 5512 1279 5557; x_wconf 90' lang='lat' dir='ltr'><strong>et</strong></span> <span class='ocrx_word' id='word_1_553' title='bbox 1308 5501 1485 5574; x_wconf 86' lang='lat' dir='ltr'><strong>gloria</strong></span> <span class='ocrx_word' id='word_1_554' title='bbox 1516 5500 1702 5570; x_wconf 81' lang='lat' dir='ltr'><strong>(Prov.</strong></span> 
     </span>
    </p>
   </div>
   <div class='ocr_carea' id='block_1_75' title="bbox 125 5594 1702 5668">
    <p class='ocr_par' dir='ltr' id='par_1_75' title="bbox 125 5594 1702 5668">
     <span class='ocr_line' id='line_1_75' title="bbox 125 5594 1702 5668; baseline -0.001 -19"><span class='ocrx_word' id='word_1_555' title='bbox 125 5606 228 5665; x_wconf 84' lang='lat' dir='ltr'><strong>Ill).</strong></span> <span class='ocrx_word' id='word_1_556' title='bbox 257 5614 277 5649; x_wconf 78' lang='grc' dir='ltr'><strong><em>ι</em></strong></span> <span class='ocrx_word' id='word_1_557' title='bbox 299 5594 406 5664; x_wconf 89' lang='lat' dir='ltr'><strong>Qui</strong></span> <span class='ocrx_word' id='word_1_558' title='bbox 439 5598 585 5654; x_wconf 89' lang='lat' dir='ltr'><strong>enim</strong></span> <span class='ocrx_word' id='word_1_559' title='bbox 616 5596 684 5654; x_wconf 90' lang='lat' dir='ltr'><strong>ad</strong></span> <span class='ocrx_word' id='word_1_560' title='bbox 709 5596 990 5654; x_wconf 81' lang='lat' dir='ltr'><strong>sinistram</strong></span> <span class='ocrx_word' id='word_1_561' title='bbox 1014 5596 1070 5652; x_wconf 91' lang='lat' dir='ltr'><strong>in</strong></span> <span class='ocrx_word' id='word_1_562' title='bbox 1100 5610 1333 5668; x_wconf 89' lang='lat' dir='ltr'><strong>corpore</strong></span> <span class='ocrx_word' id='word_1_563' title='bbox 1351 5603 1456 5662; x_wconf 91' lang='lat' dir='ltr'><strong>est,</strong></span> <span class='ocrx_word' id='word_1_564' title='bbox 1485 5594 1552 5650; x_wconf 88' lang='lat' dir='ltr'><strong>de</strong></span> <span class='ocrx_word' id='word_1_565' title='bbox 1575 5608 1702 5649; x_wconf 92' lang='lat' dir='ltr'><strong>cor-</strong></span> 
     </span>
    </p>
   </div>
   <div class='ocr_carea' id='block_1_76' title="bbox 122 5685 1697 5762">
    <p class='ocr_par' dir='ltr' id='par_1_76' title="bbox 122 5685 1697 5762">
     <span class='ocr_line' id='line_1_76' title="bbox 122 5685 1697 5762; baseline 0 -21"><span class='ocrx_word' id='word_1_566' title='bbox 122 5700 252 5756; x_wconf 87' lang='lat' dir='ltr'><strong>pore</strong></span> <span class='ocrx_word' id='word_1_567' title='bbox 268 5695 374 5755; x_wconf 85' lang='lat' dir='ltr'><strong>est,</strong></span> <span class='ocrx_word' id='word_1_568' title='bbox 404 5697 461 5745; x_wconf 88' lang='lat' dir='ltr'><strong>et</strong></span> <span class='ocrx_word' id='word_1_569' title='bbox 486 5689 691 5746; x_wconf 88' lang='lat' dir='ltr'><strong>bonum</strong></span> <span class='ocrx_word' id='word_1_570' title='bbox 724 5697 830 5757; x_wconf 88' lang='lat' dir='ltr'><strong>est,</strong></span> <span class='ocrx_word' id='word_1_571' title='bbox 854 5687 1107 5762; x_wconf 88' lang='lat' dir='ltr'><strong>quamvis</strong></span> <span class='ocrx_word' id='word_1_572' title='bbox 1149 5688 1416 5761; x_wconf 88' lang='lat' dir='ltr'><strong>optimum</strong></span> <span class='ocrx_word' id='word_1_573' title='bbox 1461 5702 1570 5742; x_wconf 93' lang='lat' dir='ltr'><strong>non</strong></span> <span class='ocrx_word' id='word_1_574' title='bbox 1608 5685 1697 5742; x_wconf 91' lang='lat' dir='ltr'><strong>sit.</strong></span> 
     </span>
    </p>
   </div>
   <div class='ocr_carea' id='block_1_77' title="bbox 122 5773 1700 5853">
    <p class='ocr_par' dir='ltr' id='par_1_77' title="bbox 122 5773 1700 5853">
     <span class='ocr_line' id='line_1_77' title="bbox 122 5773 1700 5853; baseline 0.004 -22"><span class='ocrx_word' id='word_1_575' title='bbox 122 5773 267 5833; x_wconf 86' lang='lat' dir='ltr'><strong>Laici</strong></span> <span class='ocrx_word' id='word_1_576' title='bbox 287 5793 419 5852; x_wconf 81' lang='lat' dir='ltr'><strong>ergo</strong></span> <span class='ocrx_word' id='word_1_577' title='bbox 444 5779 766 5849; x_wconf 83' lang='lat' dir='ltr'><strong>Christiani,</strong></span> <span class='ocrx_word' id='word_1_578' title='bbox 789 5796 899 5853; x_wconf 89' lang='lat' dir='ltr'><strong>qua</strong></span> <span class='ocrx_word' id='word_1_579' title='bbox 948 5789 1163 5838; x_wconf 88' lang='lat' dir='ltr'><strong>terrena</strong></span> <span class='ocrx_word' id='word_1_580' title='bbox 1211 5789 1267 5837; x_wconf 90' lang='lat' dir='ltr'><strong>et</strong></span> <span class='ocrx_word' id='word_1_581' title='bbox 1316 5788 1548 5836; x_wconf 72' lang='lat' dir='ltr'><strong>terrena:</strong></span> <span class='ocrx_word' id='word_1_582' title='bbox 1578 5779 1700 5837; x_wconf 69' lang='lat' dir='ltr'><strong>vitae</strong></span> 
     </span>
    </p>
   </div>
   <div class='ocr_carea' id='block_1_78' title="bbox 1837 1912 3425 1983">
    <p class='ocr_par' dir='ltr' id='par_1_78' title="bbox 1837 1912 3425 1983">
     <span class='ocr_line' id='line_1_78' title="bbox 1837 1912 3425 1983; baseline 0.001 -12"><span class='ocrx_word' id='word_1_583' title='bbox 1837 1913 2071 1980; x_wconf 76' lang='lat' dir='ltr'><strong>ceditur,</strong></span> <span class='ocrx_word' id='word_1_584' title='bbox 2100 1913 2316 1968; x_wconf 88' lang='lat' dir='ltr'><strong>clericis</strong></span> <span class='ocrx_word' id='word_1_585' title='bbox 2346 1926 2475 1967; x_wconf 72' lang='lat' dir='ltr'><strong>vero</strong></span> <span class='ocrx_word' id='word_1_586' title='bbox 2502 1912 2806 1983; x_wconf 89' lang='lat' dir='ltr'><strong>spiritualia</strong></span> <span class='ocrx_word' id='word_1_587' title='bbox 2838 1921 3049 1968; x_wconf 90' lang='lat' dir='ltr'><strong>tantum</strong></span> <span class='ocrx_word' id='word_1_588' title='bbox 3075 1917 3425 1972; x_wconf 83' lang='lat' dir='ltr'><strong>committun-</strong></span> 
     </span>
    </p>
   </div>
   <div class='ocr_carea' id='block_1_79' title="bbox 1834 2005 3420 2078">
    <p class='ocr_par' dir='ltr' id='par_1_79' title="bbox 1834 2005 3420 2078">
     <span class='ocr_line' id='line_1_79' title="bbox 1834 2005 3420 2078; baseline 0.003 -17"><span class='ocrx_word' id='word_1_589' title='bbox 1834 2013 1946 2074; x_wconf 90' lang='lat' dir='ltr'><strong>tur,</strong></span> <span class='ocrx_word' id='word_1_590' title='bbox 1979 2005 2442 2077; x_wconf 90' lang='lat' dir='ltr'><strong>quemadmodum</strong></span> <span class='ocrx_word' id='word_1_591' title='bbox 2474 2006 2606 2059; x_wconf 86' lang='lat' dir='ltr'><strong>olim</strong></span> <span class='ocrx_word' id='word_1_592' title='bbox 2648 2006 2703 2059; x_wconf 84' lang='lat' dir='ltr'><strong>in</strong></span> <span class='ocrx_word' id='word_1_593' title='bbox 2735 2005 2828 2060; x_wconf 91' lang='lat' dir='ltr'><strong>illo</strong></span> <span class='ocrx_word' id='word_1_594' title='bbox 2877 2006 3080 2076; x_wconf 90' lang='lat' dir='ltr'><strong>populo</strong></span> <span class='ocrx_word' id='word_1_595' title='bbox 3110 2008 3292 2078; x_wconf 88' lang='lat' dir='ltr'><strong>priore</strong></span> <span class='ocrx_word' id='word_1_596' title='bbox 3312 2024 3420 2066; x_wconf 67' lang='lat' dir='ltr'><strong>ete-</strong></span> 
     </span>
    </p>
   </div>
   <div class='ocr_carea' id='block_1_80' title="bbox 1836 2097 3422 2172">
    <p class='ocr_par' dir='ltr' id='par_1_80' title="bbox 1836 2097 3422 2172">
     <span class='ocr_line' id='line_1_80' title="bbox 1836 2097 3422 2172; baseline 0.003 -20"><span class='ocrx_word' id='word_1_597' title='bbox 1836 2105 1963 2152; x_wconf 73' lang='lat' dir='ltr'><strong>terae</strong></span> <span class='ocrx_word' id='word_1_598' title='bbox 1985 2097 2178 2161; x_wconf 60' lang='lat' dir='ltr'><strong>turbae,</strong></span> <span class='ocrx_word' id='word_1_599' title='bbox 2212 2113 2335 2169; x_wconf 66' lang='lat' dir='ltr'><strong>quae</strong></span> <span class='ocrx_word' id='word_1_600' title='bbox 2367 2107 2551 2169; x_wconf 85' lang='lat' dir='ltr'><strong>typum</strong></span> <span class='ocrx_word' id='word_1_601' title='bbox 2577 2097 2842 2153; x_wconf 90' lang='lat' dir='ltr'><strong>laicorum</strong></span> <span class='ocrx_word' id='word_1_602' title='bbox 2866 2098 3247 2169; x_wconf 56' lang='lat' dir='ltr'><strong>praeferebant,</strong></span> <span class='ocrx_word' id='word_1_603' title='bbox 3289 2118 3422 2172; x_wconf 85' lang='lat' dir='ltr'><strong>por-</strong></span> 
     </span>
    </p>
   </div>
   <div class='ocr_carea' id='block_1_81' title="bbox 1833 2188 3419 2260">
    <p class='ocr_par' dir='ltr' id='par_1_81' title="bbox 1833 2188 3419 2260">
     <span class='ocr_line' id='line_1_81' title="bbox 1833 2188 3419 2260; baseline 0.003 -18"><span class='ocrx_word' id='word_1_604' title='bbox 1833 2188 2010 2245; x_wconf 89' lang='lat' dir='ltr'><strong>tiones</strong></span> <span class='ocrx_word' id='word_1_605' title='bbox 2070 2191 2126 2244; x_wconf 90' lang='lat' dir='ltr'><strong>in</strong></span> <span class='ocrx_word' id='word_1_606' title='bbox 2176 2190 2491 2245; x_wconf 69' lang='lat' dir='ltr'><strong>haereditate</strong></span> <span class='ocrx_word' id='word_1_607' title='bbox 2520 2199 2870 2260; x_wconf 86' lang='lat' dir='ltr'><strong>acceperunt,</strong></span> <span class='ocrx_word' id='word_1_608' title='bbox 2913 2192 3029 2247; x_wconf 90' lang='lat' dir='ltr'><strong>sola</strong></span> <span class='ocrx_word' id='word_1_609' title='bbox 3062 2192 3238 2248; x_wconf 88' lang='lat' dir='ltr'><strong>tribus</strong></span> <span class='ocrx_word' id='word_1_610' title='bbox 3266 2192 3419 2256; x_wconf 80' lang='lat' dir='ltr'><strong>Levi,</strong></span> 
     </span>
    </p>
   </div>
   <div class='ocr_carea' id='block_1_82' title="bbox 1832 2278 3421 2350">
    <p class='ocr_par' dir='ltr' id='par_1_82' title="bbox 1832 2278 3421 2350">
     <span class='ocr_line' id='line_1_82' title="bbox 1832 2278 3421 2350; baseline 0.005 -18"><span class='ocrx_word' id='word_1_611' title='bbox 1832 2294 1955 2350; x_wconf 67' lang='lat' dir='ltr'><strong>quae</strong></span> <span class='ocrx_word' id='word_1_612' title='bbox 1992 2278 2224 2334; x_wconf 90' lang='lat' dir='ltr'><strong>clericos</strong></span> <span class='ocrx_word' id='word_1_613' title='bbox 2277 2279 2545 2347; x_wconf 78' lang='lat' dir='ltr'><strong>ﬁgurabat</strong></span> <span class='ocrx_word' id='word_1_614' title='bbox 2596 2281 2827 2336; x_wconf 89' lang='lat' dir='ltr'><strong>decimis</strong></span> <span class='ocrx_word' id='word_1_615' title='bbox 2874 2290 2927 2336; x_wconf 90' lang='lat' dir='ltr'><strong>et</strong></span> <span class='ocrx_word' id='word_1_616' title='bbox 2958 2281 3331 2338; x_wconf 86' lang='lat' dir='ltr'><strong>oblationibus</strong></span> <span class='ocrx_word' id='word_1_617' title='bbox 3366 2293 3421 2340; x_wconf 93' lang='lat' dir='ltr'><strong>et</strong></span> 
     </span>
    </p>
   </div>
   <div class='ocr_carea' id='block_1_83' title="bbox 1830 2368 3418 2445">
    <p class='ocr_par' dir='ltr' id='par_1_83' title="bbox 1830 2368 3418 2445">
     <span class='ocr_line' id='line_1_83' title="bbox 1830 2368 3418 2445; baseline 0.003 -20"><span class='ocrx_word' id='word_1_618' title='bbox 1830 2368 2224 2425; x_wconf 88' lang='lat' dir='ltr'><strong>sacriﬁciorum</strong></span> <span class='ocrx_word' id='word_1_619' title='bbox 2256 2370 2492 2425; x_wconf 89' lang='lat' dir='ltr'><strong>victimis</strong></span> <span class='ocrx_word' id='word_1_620' title='bbox 2517 2374 2861 2441; x_wconf 89' lang='lat' dir='ltr'><strong>pascebatur.</strong></span> <span class='ocrx_word' id='word_1_621' title='bbox 2888 2372 3116 2428; x_wconf 89' lang='lat' dir='ltr'><strong>Gemina</strong></span> <span class='ocrx_word' id='word_1_622' title='bbox 3147 2374 3418 2445; x_wconf 76' lang='lat' dir='ltr'><strong>siquidem</strong></span> 
     </span>
    </p>
   </div>
   <div class='ocr_carea' id='block_1_84' title="bbox 1828 2459 3421 2535">
    <p class='ocr_par' dir='ltr' id='par_1_84' title="bbox 1828 2459 3421 2535">
     <span class='ocr_line' id='line_1_84' title="bbox 1828 2459 3421 2535; baseline 0.005 -20"><span class='ocrx_word' id='word_1_623' title='bbox 1828 2469 1912 2515; x_wconf 88' lang='lat' dir='ltr'><strong>est</strong></span> <span class='ocrx_word' id='word_1_624' title='bbox 1938 2459 2194 2516; x_wconf 77' lang='lat' dir='ltr'><strong>Ecclesia:</strong></span> <span class='ocrx_word' id='word_1_625' title='bbox 2217 2461 2583 2531; x_wconf 89' lang='lat' dir='ltr'><strong>pulchritudo,</strong></span> <span class='ocrx_word' id='word_1_626' title='bbox 2608 2480 2716 2519; x_wconf 87' lang='lat' dir='ltr'><strong>una</strong></span> <span class='ocrx_word' id='word_1_627' title='bbox 2742 2480 2905 2535; x_wconf 86' lang='lat' dir='ltr'><strong>quam</strong></span> <span class='ocrx_word' id='word_1_628' title='bbox 2929 2465 3016 2520; x_wconf 91' lang='lat' dir='ltr'><strong>hic</strong></span> <span class='ocrx_word' id='word_1_629' title='bbox 3038 2466 3172 2521; x_wconf 90' lang='lat' dir='ltr'><strong>bene</strong></span> <span class='ocrx_word' id='word_1_630' title='bbox 3194 2468 3421 2525; x_wconf 85' lang='lat' dir='ltr'><strong>vivendo</strong></span> 
     </span>
    </p>
   </div>
   <div class='ocr_carea' id='block_1_85' title="bbox 1830 2552 3425 2625">
    <p class='ocr_par' dir='ltr' id='par_1_85' title="bbox 1830 2552 3425 2625">
     <span class='ocr_line' id='line_1_85' title="bbox 1830 2552 3425 2625; baseline 0.006 -19"><span class='ocrx_word' id='word_1_631' title='bbox 1830 2553 2203 2622; x_wconf 88' lang='lat' dir='ltr'><strong>consequitur,</strong></span> <span class='ocrx_word' id='word_1_632' title='bbox 2236 2552 2404 2607; x_wconf 88' lang='lat' dir='ltr'><strong>altera</strong></span> <span class='ocrx_word' id='word_1_633' title='bbox 2435 2569 2535 2625; x_wconf 88' lang='lat' dir='ltr'><strong>per</strong></span> <span class='ocrx_word' id='word_1_634' title='bbox 2579 2570 2745 2625; x_wconf 90' lang='lat' dir='ltr'><strong>quam</strong></span> <span class='ocrx_word' id='word_1_635' title='bbox 2788 2557 2916 2612; x_wconf 90' lang='lat' dir='ltr'><strong>illuc</strong></span> <span class='ocrx_word' id='word_1_636' title='bbox 2959 2575 3026 2613; x_wconf 75' lang='lat' dir='ltr'><strong>ex</strong></span> <span class='ocrx_word' id='word_1_637' title='bbox 3071 2560 3425 2618; x_wconf 78' lang='lat' dir='ltr'><strong>tribulatione</strong></span> 
     </span>
    </p>
   </div>
   <div class='ocr_carea' id='block_1_86' title="bbox 1828 2642 3410 2722">
    <p class='ocr_par' dir='ltr' id='par_1_86' title="bbox 1828 2642 3410 2722">
     <span class='ocr_line' id='line_1_86' title="bbox 1828 2642 3410 2722; baseline 0.008 -27"><span class='ocrx_word' id='word_1_638' title='bbox 1828 2642 2240 2714; x_wconf 88' lang='lat' dir='ltr'><strong>glorilicabitur.</strong></span> <span class='ocrx_word' id='word_1_639' title='bbox 2260 2642 2515 2701; x_wconf 69' lang='lat' dir='ltr'><strong>Ecclesia:</strong></span> <span class='ocrx_word' id='word_1_640' title='bbox 2531 2658 2751 2716; x_wconf 90' lang='lat' dir='ltr'><strong>propter</strong></span> <span class='ocrx_word' id='word_1_641' title='bbox 2768 2647 3044 2704; x_wconf 89' lang='lat' dir='ltr'><strong>Christum</strong></span> <span class='ocrx_word' id='word_1_642' title='bbox 3067 2652 3295 2722; x_wconf 73' lang='lat' dir='ltr'><strong>gemina:</strong></span> <span class='ocrx_word' id='word_1_643' title='bbox 3318 2653 3410 2708; x_wconf 85' lang='lat' dir='ltr'><strong>tri-</strong></span> 
     </span>
    </p>
   </div>
   <div class='ocr_carea' id='block_1_87' title="bbox 1829 2733 3417 2814">
    <p class='ocr_par' dir='ltr' id='par_1_87' title="bbox 1829 2733 3417 2814">
     <span class='ocr_line' id='line_1_87' title="bbox 1829 2733 3417 2814; baseline 0.006 -25"><span class='ocrx_word' id='word_1_644' title='bbox 1829 2733 2140 2789; x_wconf 88' lang='lat' dir='ltr'><strong>bulatioues</strong></span> <span class='ocrx_word' id='word_1_645' title='bbox 2166 2733 2429 2803; x_wconf 78' lang='lat' dir='ltr'><strong>existunt,</strong></span> <span class='ocrx_word' id='word_1_646' title='bbox 2459 2737 2511 2792; x_wconf 92' lang='lat' dir='ltr'><strong>id</strong></span> <span class='ocrx_word' id='word_1_647' title='bbox 2539 2747 2623 2793; x_wconf 90' lang='lat' dir='ltr'><strong>est</strong></span> <span class='ocrx_word' id='word_1_648' title='bbox 2648 2738 2763 2794; x_wconf 86' lang='lat' dir='ltr'><strong>sive</strong></span> <span class='ocrx_word' id='word_1_649' title='bbox 2809 2755 2952 2811; x_wconf 87' lang='lat' dir='ltr'><strong>quos</strong></span> <span class='ocrx_word' id='word_1_650' title='bbox 2981 2758 3011 2796; x_wconf 86' lang='lat' dir='ltr'><strong>a</strong></span> <span class='ocrx_word' id='word_1_651' title='bbox 3037 2743 3267 2813; x_wconf 88' lang='lat' dir='ltr'><strong>paganis</strong></span> <span class='ocrx_word' id='word_1_652' title='bbox 3296 2759 3417 2814; x_wconf 81' lang='lat' dir='ltr'><strong>per-</strong></span> 
     </span>
    </p>
   </div>
   <div class='ocr_carea' id='block_1_88' title="bbox 1826 2826 3418 2904">
    <p class='ocr_par' dir='ltr' id='par_1_88' title="bbox 1826 2826 3418 2904">
     <span class='ocr_line' id='line_1_88' title="bbox 1826 2826 3418 2904; baseline 0.006 -23"><span class='ocrx_word' id='word_1_653' title='bbox 1826 2826 1953 2881; x_wconf 89' lang='lat' dir='ltr'><strong>tulit</strong></span> <span class='ocrx_word' id='word_1_654' title='bbox 2010 2826 2066 2880; x_wconf 93' lang='lat' dir='ltr'><strong>in</strong></span> <span class='ocrx_word' id='word_1_655' title='bbox 2125 2827 2478 2898; x_wconf 80' lang='lat' dir='ltr'><strong>martyribus,</strong></span> <span class='ocrx_word' id='word_1_656' title='bbox 2527 2829 2642 2885; x_wconf 86' lang='lat' dir='ltr'><strong>sive</strong></span> <span class='ocrx_word' id='word_1_657' title='bbox 2671 2845 2812 2899; x_wconf 77' lang='lat' dir='ltr'><strong>QUOS</strong></span> <span class='ocrx_word' id='word_1_658' title='bbox 2858 2832 3241 2903; x_wconf 50' lang='lat' dir='ltr'><strong>ab,h:ereticis</strong></span> <span class='ocrx_word' id='word_1_659' title='bbox 3289 2850 3418 2904; x_wconf 90' lang='lat' dir='ltr'><strong>per-</strong></span> 
     </span>
    </p>
   </div>
   <div class='ocr_carea' id='block_1_89' title="bbox 1824 2915 3418 2995">
    <p class='ocr_par' dir='ltr' id='par_1_89' title="bbox 1824 2915 3418 2995">
     <span class='ocr_line' id='line_1_89' title="bbox 1824 2915 3418 2995; baseline 0.007 -24"><span class='ocrx_word' id='word_1_660' title='bbox 1824 2915 1931 2973; x_wconf 82' lang='lat' dir='ltr'><strong>fert</strong></span> <span class='ocrx_word' id='word_1_661' title='bbox 1958 2917 2015 2972; x_wconf 91' lang='lat' dir='ltr'><strong>in</strong></span> <span class='ocrx_word' id='word_1_662' title='bbox 2069 2918 2262 2975; x_wconf 90' lang='lat' dir='ltr'><strong>divisis</strong></span> <span class='ocrx_word' id='word_1_663' title='bbox 2317 2922 2839 2978; x_wconf 89' lang='lat' dir='ltr'><strong>concertationibus.</strong></span> <span class='ocrx_word' id='word_1_664' title='bbox 2906 2921 3178 2995; x_wconf 91' lang='lat' dir='ltr'><strong>Utrosque</strong></span> <span class='ocrx_word' id='word_1_665' title='bbox 3234 2936 3418 2982; x_wconf 88' lang='lat' dir='ltr'><strong>autem</strong></span> 
     </span>
    </p>
   </div>
   <div class='ocr_carea' id='block_1_90' title="bbox 1823 3007 3418 3085">
    <p class='ocr_par' dir='ltr' id='par_1_90' title="bbox 1823 3007 3418 3085">
     <span class='ocr_line' id='line_1_90' title="bbox 1823 3007 3418 3085; baseline 0.006 -24"><span class='ocrx_word' id='word_1_666' title='bbox 1823 3022 1920 3078; x_wconf 89' lang='lat' dir='ltr'><strong>per</strong></span> <span class='ocrx_word' id='word_1_667' title='bbox 1943 3008 2173 3079; x_wconf 88' lang='lat' dir='ltr'><strong>gratiam</strong></span> <span class='ocrx_word' id='word_1_668' title='bbox 2221 3007 2318 3065; x_wconf 87' lang='lat' dir='ltr'><strong>Dei</strong></span> <span class='ocrx_word' id='word_1_669' title='bbox 2361 3020 2656 3081; x_wconf 75' lang='lat' dir='ltr'><strong>exsuperat</strong></span> <span class='ocrx_word' id='word_1_670' title='bbox 2703 3012 2902 3081; x_wconf 89' lang='lat' dir='ltr'><strong>partim</strong></span> <span class='ocrx_word' id='word_1_671' title='bbox 2956 3012 3179 3069; x_wconf 79' lang='lat' dir='ltr'><strong>ferendo</strong></span> <span class='ocrx_word' id='word_1_672' title='bbox 3220 3016 3418 3085; x_wconf 88' lang='lat' dir='ltr'><strong>partim</strong></span> 
     </span>
    </p>
   </div>
   <div class='ocr_carea' id='block_1_91' title="bbox 1822 3099 3419 3165">
    <p class='ocr_par' dir='ltr' id='par_1_91' title="bbox 1822 3099 3419 3165">
     <span class='ocr_line' id='line_1_91' title="bbox 1822 3099 3419 3165; baseline 0.006 -11"><span class='ocrx_word' id='word_1_673' title='bbox 1822 3099 2150 3157; x_wconf 88' lang='lat' dir='ltr'><strong>resistendo.</strong></span> <span class='ocrx_word' id='word_1_674' title='bbox 2210 3100 2411 3157; x_wconf 88' lang='lat' dir='ltr'><strong>Sancta</strong></span> <span class='ocrx_word' id='word_1_675' title='bbox 2457 3101 2703 3158; x_wconf 80' lang='lat' dir='ltr'><strong>Ecclesia</strong></span> <span class='ocrx_word' id='word_1_676' title='bbox 2750 3102 3033 3160; x_wconf 85' lang='lat' dir='ltr'><strong>Catholica</strong></span> <span class='ocrx_word' id='word_1_677' title='bbox 3089 3106 3231 3162; x_wconf 90' lang='lat' dir='ltr'><strong>sicut</strong></span> <span class='ocrx_word' id='word_1_678' title='bbox 3275 3109 3419 3165; x_wconf 90' lang='lat' dir='ltr'><strong>male</strong></span> 
     </span>
    </p>
   </div>
   <div class='ocr_carea' id='block_1_92' title="bbox 1747 3177 3417 3266">
    <p class='ocr_par' dir='ltr' id='par_1_92' title="bbox 1747 3177 3417 3266">
     <span class='ocr_line' id='line_1_92' title="bbox 1747 3177 3417 3266; baseline 0.007 -20"><span class='ocrx_word' id='word_1_679' title='bbox 1747 3177 1789 3235; x_wconf 62' lang='grc' dir='ltr'><strong>(ἶ</strong></span> <span class='ocrx_word' id='word_1_680' title='bbox 1822 3192 2067 3250; x_wconf 82' lang='lat' dir='ltr'><strong>viventes</strong></span> <span class='ocrx_word' id='word_1_681' title='bbox 2094 3194 2147 3249; x_wconf 91' lang='lat' dir='ltr'><strong>in</strong></span> <span class='ocrx_word' id='word_1_682' title='bbox 2183 3210 2242 3250; x_wconf 88' lang='lat' dir='ltr'><strong>se</strong></span> <span class='ocrx_word' id='word_1_683' title='bbox 2281 3195 2477 3250; x_wconf 86' lang='lat' dir='ltr'><strong>tolerat</strong></span> <span class='ocrx_word' id='word_1_684' title='bbox 2517 3196 2806 3266; x_wconf 87' lang='lat' dir='ltr'><strong>patienter,</strong></span> <span class='ocrx_word' id='word_1_685' title='bbox 2838 3196 2911 3251; x_wconf 90' lang='lat' dir='ltr'><strong>ita</strong></span> <span class='ocrx_word' id='word_1_686' title='bbox 2959 3197 3101 3252; x_wconf 89' lang='lat' dir='ltr'><strong>male</strong></span> <span class='ocrx_word' id='word_1_687' title='bbox 3131 3197 3417 3257; x_wconf 82' lang='lat' dir='ltr'><strong>credentes</strong></span> 
     </span>
    </p>
   </div>
   <div class='ocr_carea' id='block_1_93' title="bbox 1821 3285 3416 3361">
    <p class='ocr_par' dir='ltr' id='par_1_93' title="bbox 1821 3285 3416 3361">
     <span class='ocr_line' id='line_1_93' title="bbox 1821 3285 3416 3361; baseline 0.004 -22"><span class='ocrx_word' id='word_1_688' title='bbox 1821 3299 1853 3339; x_wconf 89' lang='lat' dir='ltr'><strong>a</strong></span> <span class='ocrx_word' id='word_1_689' title='bbox 1901 3300 1960 3341; x_wconf 90' lang='lat' dir='ltr'><strong>se</strong></span> <span class='ocrx_word' id='word_1_690' title='bbox 2020 3286 2251 3357; x_wconf 91' lang='lat' dir='ltr'><strong>repellit.</strong></span> <span class='ocrx_word' id='word_1_691' title='bbox 2311 3285 2511 3342; x_wconf 86' lang='lat' dir='ltr'><strong>Sancta</strong></span> <span class='ocrx_word' id='word_1_692' title='bbox 2565 3287 2808 3343; x_wconf 87' lang='lat' dir='ltr'><strong>Ecclesia</strong></span> <span class='ocrx_word' id='word_1_693' title='bbox 2861 3297 3052 3343; x_wconf 89' lang='lat' dir='ltr'><strong>contra</strong></span> <span class='ocrx_word' id='word_1_694' title='bbox 3129 3290 3416 3361; x_wconf 83' lang='lat' dir='ltr'><strong>gentilium</strong></span> 
     </span>
    </p>
   </div>
   <div class='ocr_carea' id='block_1_94' title="bbox 1820 3377 3417 3453">
    <p class='ocr_par' dir='ltr' id='par_1_94' title="bbox 1820 3377 3417 3453">
     <span class='ocr_line' id='line_1_94' title="bbox 1820 3377 3417 3453; baseline 0.006 -23"><span class='ocrx_word' id='word_1_695' title='bbox 1820 3384 1982 3448; x_wconf 91' lang='lat' dir='ltr'><strong>atque</strong></span> <span class='ocrx_word' id='word_1_696' title='bbox 2008 3377 2389 3434; x_wconf 72' lang='lat' dir='ltr'><strong>hazreticorum</strong></span> <span class='ocrx_word' id='word_1_697' title='bbox 2410 3379 2791 3449; x_wconf 87' lang='lat' dir='ltr'><strong>pervicaciam,</strong></span> <span class='ocrx_word' id='word_1_698' title='bbox 2816 3395 3166 3451; x_wconf 90' lang='lat' dir='ltr'><strong>summopere</strong></span> <span class='ocrx_word' id='word_1_699' title='bbox 3194 3381 3417 3453; x_wconf 86' lang='lat' dir='ltr'><strong>sapien-</strong></span> 
     </span>
    </p>
   </div>
   <div class='ocr_carea' id='block_1_95' title="bbox 1818 3469 3413 3542">
    <p class='ocr_par' dir='ltr' id='par_1_95' title="bbox 1818 3469 3413 3542">
     <span class='ocr_line' id='line_1_95' title="bbox 1818 3469 3413 3542; baseline 0.004 -18"><span class='ocrx_word' id='word_1_700' title='bbox 1818 3469 1908 3525; x_wconf 73' lang='lat' dir='ltr'><strong>tia:</strong></span> <span class='ocrx_word' id='word_1_701' title='bbox 1926 3478 1979 3524; x_wconf 91' lang='lat' dir='ltr'><strong>et</strong></span> <span class='ocrx_word' id='word_1_702' title='bbox 2006 3471 2283 3540; x_wconf 66' lang='lat' dir='ltr'><strong>patientiae</strong></span> <span class='ocrx_word' id='word_1_703' title='bbox 2313 3471 2513 3527; x_wconf 85' lang='lat' dir='ltr'><strong>studet.</strong></span> <span class='ocrx_word' id='word_1_704' title='bbox 2552 3471 2655 3526; x_wconf 86' lang='lat' dir='ltr'><strong>Sed</strong></span> <span class='ocrx_word' id='word_1_705' title='bbox 2682 3480 2967 3527; x_wconf 82' lang='lat' dir='ltr'><strong>exercetur</strong></span> <span class='ocrx_word' id='word_1_706' title='bbox 2989 3472 3254 3542; x_wconf 85' lang='lat' dir='ltr'><strong>sapientia</strong></span> <span class='ocrx_word' id='word_1_707' title='bbox 3284 3488 3413 3530; x_wconf 87' lang='lat' dir='ltr'><strong>eum</strong></span> 
     </span>
    </p>
   </div>
   <div class='ocr_carea' id='block_1_96' title="bbox 1819 3564 3416 3637">
    <p class='ocr_par' dir='ltr' id='par_1_96' title="bbox 1819 3564 3416 3637">
     <span class='ocr_line' id='line_1_96' title="bbox 1819 3564 3416 3637; baseline 0.003 -21"><span class='ocrx_word' id='word_1_708' title='bbox 1819 3571 2059 3617; x_wconf 90' lang='lat' dir='ltr'><strong>tentatur</strong></span> <span class='ocrx_word' id='word_1_709' title='bbox 2080 3565 2291 3632; x_wconf 87' lang='lat' dir='ltr'><strong>verbis;</strong></span> <span class='ocrx_word' id='word_1_710' title='bbox 2310 3573 2595 3621; x_wconf 76' lang='lat' dir='ltr'><strong>exercetur</strong></span> <span class='ocrx_word' id='word_1_711' title='bbox 2618 3564 2874 3635; x_wconf 76' lang='lat' dir='ltr'><strong>patientia</strong></span> <span class='ocrx_word' id='word_1_712' title='bbox 2892 3580 3016 3621; x_wconf 88' lang='lat' dir='ltr'><strong>cum</strong></span> <span class='ocrx_word' id='word_1_713' title='bbox 3038 3574 3275 3620; x_wconf 78' lang='lat' dir='ltr'><strong>tentatur</strong></span> <span class='ocrx_word' id='word_1_714' title='bbox 3299 3565 3416 3637; x_wconf 77' lang='lat' dir='ltr'><strong>gla-</strong></span> 
     </span>
    </p>
   </div>
   <div class='ocr_carea' id='block_1_97' title="bbox 1818 3654 3413 3731">
    <p class='ocr_par' dir='ltr' id='par_1_97' title="bbox 1818 3654 3413 3731">
     <span class='ocr_line' id='line_1_97' title="bbox 1818 3654 3413 3731; baseline 0.004 -22"><span class='ocrx_word' id='word_1_715' title='bbox 1818 3654 1942 3709; x_wconf 91' lang='lat' dir='ltr'><strong>diis.</strong></span> <span class='ocrx_word' id='word_1_716' title='bbox 1967 3654 2146 3712; x_wconf 90' lang='lat' dir='ltr'><strong>Causa</strong></span> <span class='ocrx_word' id='word_1_717' title='bbox 2176 3658 2460 3727; x_wconf 89' lang='lat' dir='ltr'><strong>pravitatis</strong></span> <span class='ocrx_word' id='word_1_718' title='bbox 2508 3659 2778 3713; x_wconf 68' lang='lat' dir='ltr'><strong>hzerctieze</strong></span> <span class='ocrx_word' id='word_1_719' title='bbox 2823 3657 3089 3714; x_wconf 87' lang='lat' dir='ltr'><strong>doctrinis</strong></span> <span class='ocrx_word' id='word_1_720' title='bbox 3118 3668 3413 3731; x_wconf 85' lang='lat' dir='ltr'><strong>propagata</strong></span> 
     </span>
    </p>
   </div>
   <div class='ocr_carea' id='block_1_98' title="bbox 1818 3747 3413 3822">
    <p class='ocr_par' dir='ltr' id='par_1_98' title="bbox 1818 3747 3413 3822">
     <span class='ocr_line' id='line_1_98' title="bbox 1818 3747 3413 3822; baseline 0.004 -19"><span class='ocrx_word' id='word_1_721' title='bbox 1818 3757 1903 3803; x_wconf 88' lang='lat' dir='ltr'><strong>est</strong></span> <span class='ocrx_word' id='word_1_722' title='bbox 1941 3747 2208 3806; x_wconf 83' lang='lat' dir='ltr'><strong>Ecclesia.</strong></span> <span class='ocrx_word' id='word_1_723' title='bbox 2254 3749 2389 3807; x_wconf 89' lang='lat' dir='ltr'><strong>Nam</strong></span> <span class='ocrx_word' id='word_1_724' title='bbox 2435 3762 2594 3806; x_wconf 87' lang='lat' dir='ltr'><strong>antea</strong></span> <span class='ocrx_word' id='word_1_725' title='bbox 2641 3752 2878 3822; x_wconf 87' lang='lat' dir='ltr'><strong>simplici</strong></span> <span class='ocrx_word' id='word_1_726' title='bbox 2930 3753 3270 3809; x_wconf 87' lang='lat' dir='ltr'><strong>tantumdem</strong></span> <span class='ocrx_word' id='word_1_727' title='bbox 3304 3754 3413 3810; x_wconf 89' lang='lat' dir='ltr'><strong>llde</strong></span> 
     </span>
    </p>
   </div>
   <div class='ocr_carea' id='block_1_99' title="bbox 1817 3839 3410 3917">
    <p class='ocr_par' dir='ltr' id='par_1_99' title="bbox 1817 3839 3410 3917">
     <span class='ocr_line' id='line_1_99' title="bbox 1817 3839 3410 3917; baseline 0.004 -23"><span class='ocrx_word' id='word_1_728' title='bbox 1817 3840 2049 3911; x_wconf 77' lang='lat' dir='ltr'><strong>vigebat.</strong></span> <span class='ocrx_word' id='word_1_729' title='bbox 2100 3839 2495 3897; x_wconf 83' lang='lat' dir='ltr'><strong>llaercticorum</strong></span> <span class='ocrx_word' id='word_1_730' title='bbox 2557 3842 2724 3913; x_wconf 85' lang='lat' dir='ltr'><strong>igitur</strong></span> <span class='ocrx_word' id='word_1_731' title='bbox 2783 3845 3075 3900; x_wconf 85' lang='lat' dir='ltr'><strong>occasione</strong></span> <span class='ocrx_word' id='word_1_732' title='bbox 3124 3847 3410 3917; x_wconf 86' lang='lat' dir='ltr'><strong>propagati</strong></span> 
     </span>
    </p>
   </div>
   <div class='ocr_carea' id='block_1_100' title="bbox 1816 3931 3412 4002">
    <p class='ocr_par' dir='ltr' id='par_1_100' title="bbox 1816 3931 3412 4002">
     <span class='ocr_line' id='line_1_100' title="bbox 1816 3931 3412 4002; baseline 0.003 -15"><span class='ocrx_word' id='word_1_733' title='bbox 1816 3941 1946 3987; x_wconf 88' lang='lat' dir='ltr'><strong>sunt</strong></span> <span class='ocrx_word' id='word_1_734' title='bbox 1981 3931 2235 3986; x_wconf 86' lang='lat' dir='ltr'><strong>doctores</strong></span> <span class='ocrx_word' id='word_1_735' title='bbox 2266 3931 2321 3986; x_wconf 84' lang='lat' dir='ltr'><strong>in</strong></span> <span class='ocrx_word' id='word_1_736' title='bbox 2350 3933 2455 3987; x_wconf 85' lang='lat' dir='ltr'><strong>lide</strong></span> <span class='ocrx_word' id='word_1_737' title='bbox 2478 3942 2533 3986; x_wconf 91' lang='lat' dir='ltr'><strong>et</strong></span> <span class='ocrx_word' id='word_1_738' title='bbox 2581 3948 2677 4002; x_wconf 89' lang='lat' dir='ltr'><strong>per</strong></span> <span class='ocrx_word' id='word_1_739' title='bbox 2717 3949 2949 3988; x_wconf 90' lang='lat' dir='ltr'><strong>acumen</strong></span> <span class='ocrx_word' id='word_1_740' title='bbox 2990 3936 3278 3991; x_wconf 66' lang='lat' dir='ltr'><strong>haeresium</strong></span> <span class='ocrx_word' id='word_1_741' title='bbox 3311 3936 3412 3992; x_wconf 90' lang='lat' dir='ltr'><strong>Ec-</strong></span> 
     </span>
    </p>
   </div>
   <div class='ocr_carea' id='block_1_101' title="bbox 1815 4021 3403 4094">
    <p class='ocr_par' dir='ltr' id='par_1_101' title="bbox 1815 4021 3403 4094">
     <span class='ocr_line' id='line_1_101' title="bbox 1815 4021 3403 4094; baseline 0.003 -17"><span class='ocrx_word' id='word_1_742' title='bbox 1815 4021 1997 4078; x_wconf 72' lang='lat' dir='ltr'><strong>clesia:</strong></span> <span class='ocrx_word' id='word_1_743' title='bbox 2020 4022 2265 4094; x_wconf 87' lang='lat' dir='ltr'><strong>magistri</strong></span> <span class='ocrx_word' id='word_1_744' title='bbox 2289 4031 2600 4078; x_wconf 90' lang='lat' dir='ltr'><strong>creverunt.</strong></span> <span class='ocrx_word' id='word_1_745' title='bbox 2635 4021 2776 4077; x_wconf 87' lang='lat' dir='ltr'><strong>Nam</strong></span> <span class='ocrx_word' id='word_1_746' title='bbox 2818 4034 2948 4079; x_wconf 91' lang='lat' dir='ltr'><strong>tunc</strong></span> <span class='ocrx_word' id='word_1_747' title='bbox 2991 4025 3195 4081; x_wconf 91' lang='lat' dir='ltr'><strong>clarius</strong></span> <span class='ocrx_word' id='word_1_748' title='bbox 3223 4027 3403 4083; x_wconf 85' lang='lat' dir='ltr'><strong>mani-</strong></span> 
     </span>
    </p>
   </div>
   <div class='ocr_carea' id='block_1_102' title="bbox 1814 4114 3407 4189">
    <p class='ocr_par' dir='ltr' id='par_1_102' title="bbox 1814 4114 3407 4189">
     <span class='ocr_line' id='line_1_102' title="bbox 1814 4114 3407 4189; baseline 0.005 -20"><span class='ocrx_word' id='word_1_749' title='bbox 1814 4114 2045 4170; x_wconf 79' lang='lat' dir='ltr'><strong>festatur</strong></span> <span class='ocrx_word' id='word_1_750' title='bbox 2074 4115 2317 4171; x_wconf 89' lang='lat' dir='ltr'><strong>veritatis</strong></span> <span class='ocrx_word' id='word_1_751' title='bbox 2343 4115 2578 4170; x_wconf 90' lang='lat' dir='ltr'><strong>assertio</strong></span> <span class='ocrx_word' id='word_1_752' title='bbox 2627 4117 2849 4187; x_wconf 88' lang='lat' dir='ltr'><strong>quando</strong></span> <span class='ocrx_word' id='word_1_753' title='bbox 2884 4118 3121 4187; x_wconf 78' lang='lat' dir='ltr'><strong>patuerit</strong></span> <span class='ocrx_word' id='word_1_754' title='bbox 3153 4119 3407 4189; x_wconf 68' lang='lat' dir='ltr'><strong>quaelibet</strong></span> 
     </span>
    </p>
   </div>
   <div class='ocr_carea' id='block_1_103' title="bbox 1814 4205 3407 4280">
    <p class='ocr_par' dir='ltr' id='par_1_103' title="bbox 1814 4205 3407 4280">
     <span class='ocr_line' id='line_1_103' title="bbox 1814 4205 3407 4280; baseline 0.004 -18"><span class='ocrx_word' id='word_1_755' title='bbox 1814 4205 2106 4262; x_wconf 88' lang='lat' dir='ltr'><strong>dissensio.</strong></span> <span class='ocrx_word' id='word_1_756' title='bbox 2141 4205 2343 4263; x_wconf 87' lang='lat' dir='ltr'><strong>Sancta</strong></span> <span class='ocrx_word' id='word_1_757' title='bbox 2390 4205 2634 4264; x_wconf 87' lang='lat' dir='ltr'><strong>Ecclesia</strong></span> <span class='ocrx_word' id='word_1_758' title='bbox 2690 4208 2814 4264; x_wconf 84' lang='lat' dir='ltr'><strong>ideo</strong></span> <span class='ocrx_word' id='word_1_759' title='bbox 2852 4208 3053 4265; x_wconf 87' lang='lat' dir='ltr'><strong>dicitur</strong></span> <span class='ocrx_word' id='word_1_760' title='bbox 3102 4208 3407 4280; x_wconf 80' lang='lat' dir='ltr'><strong>Catholica,</strong></span> 
     </span>
    </p>
   </div>
   <div class='ocr_carea' id='block_1_104' title="bbox 1814 4298 3406 4371">
    <p class='ocr_par' dir='ltr' id='par_1_104' title="bbox 1814 4298 3406 4371">
     <span class='ocr_line' id='line_1_104' title="bbox 1814 4298 3406 4371; baseline 0.004 -19"><span class='ocrx_word' id='word_1_761' title='bbox 1814 4313 1914 4368; x_wconf 91' lang='lat' dir='ltr'><strong>pro</strong></span> <span class='ocrx_word' id='word_1_762' title='bbox 1939 4313 2006 4353; x_wconf 91' lang='lat' dir='ltr'><strong>eo</strong></span> <span class='ocrx_word' id='word_1_763' title='bbox 2028 4298 2174 4368; x_wconf 84' lang='lat' dir='ltr'><strong>quod</strong></span> <span class='ocrx_word' id='word_1_764' title='bbox 2209 4299 2591 4354; x_wconf 88' lang='lat' dir='ltr'><strong>universaliter</strong></span> <span class='ocrx_word' id='word_1_765' title='bbox 2614 4316 2710 4371; x_wconf 89' lang='lat' dir='ltr'><strong>per</strong></span> <span class='ocrx_word' id='word_1_766' title='bbox 2754 4316 2974 4357; x_wconf 89' lang='lat' dir='ltr'><strong>omnem</strong></span> <span class='ocrx_word' id='word_1_767' title='bbox 3021 4303 3095 4358; x_wconf 89' lang='lat' dir='ltr'><strong>sit</strong></span> <span class='ocrx_word' id='word_1_768' title='bbox 3138 4304 3406 4361; x_wconf 90' lang='lat' dir='ltr'><strong>mundum</strong></span> 
     </span>
    </p>
   </div>
   <div class='ocr_carea' id='block_1_105' title="bbox 1813 4386 3408 4466">
    <p class='ocr_par' dir='ltr' id='par_1_105' title="bbox 1813 4386 3408 4466">
     <span class='ocr_line' id='line_1_105' title="bbox 1813 4386 3408 4466; baseline 0.006 -22"><span class='ocrx_word' id='word_1_769' title='bbox 1813 4388 2034 4444; x_wconf 79' lang='lat' dir='ltr'><strong>diffusa.</strong></span> <span class='ocrx_word' id='word_1_770' title='bbox 2064 4386 2200 4444; x_wconf 82' lang='lat' dir='ltr'><strong>Nam</strong></span> <span class='ocrx_word' id='word_1_771' title='bbox 2225 4390 2608 4447; x_wconf 61' lang='lat' dir='ltr'><strong>haereticorum</strong></span> <span class='ocrx_word' id='word_1_772' title='bbox 2634 4391 2893 4449; x_wconf 71' lang='lat' dir='ltr'><strong>Ecclesia:</strong></span> <span class='ocrx_word' id='word_1_773' title='bbox 2908 4394 2963 4449; x_wconf 90' lang='lat' dir='ltr'><strong>in</strong></span> <span class='ocrx_word' id='word_1_774' title='bbox 2982 4396 3230 4466; x_wconf 88' lang='lat' dir='ltr'><strong>partibus</strong></span> <span class='ocrx_word' id='word_1_775' title='bbox 3245 4413 3408 4453; x_wconf 89' lang='lat' dir='ltr'><strong>mun-</strong></span> 
     </span>
    </p>
   </div>
   <div class='ocr_carea' id='block_1_106' title="bbox 1815 4479 3407 4558">
    <p class='ocr_par' dir='ltr' id='par_1_106' title="bbox 1815 4479 3407 4558">
     <span class='ocr_line' id='line_1_106' title="bbox 1815 4479 3407 4558; baseline 0.004 -20"><span class='ocrx_word' id='word_1_776' title='bbox 1815 4479 1872 4538; x_wconf 91' lang='lat' dir='ltr'><strong>di</strong></span> <span class='ocrx_word' id='word_1_777' title='bbox 1912 4489 2306 4550; x_wconf 88' lang='lat' dir='ltr'><strong>coarctantur;</strong></span> <span class='ocrx_word' id='word_1_778' title='bbox 2350 4482 2443 4539; x_wconf 91' lang='lat' dir='ltr'><strong>hic</strong></span> <span class='ocrx_word' id='word_1_779' title='bbox 2483 4499 2613 4540; x_wconf 90' lang='lat' dir='ltr'><strong>vero</strong></span> <span class='ocrx_word' id='word_1_780' title='bbox 2653 4486 2711 4540; x_wconf 92' lang='lat' dir='ltr'><strong>in</strong></span> <span class='ocrx_word' id='word_1_781' title='bbox 2759 4494 2874 4542; x_wconf 91' lang='lat' dir='ltr'><strong>toto</strong></span> <span class='ocrx_word' id='word_1_782' title='bbox 2904 4486 3037 4543; x_wconf 87' lang='lat' dir='ltr'><strong>orbe</strong></span> <span class='ocrx_word' id='word_1_783' title='bbox 3079 4489 3407 4558; x_wconf 79' lang='lat' dir='ltr'><strong>expanditur</strong></span> 
     </span>
    </p>
   </div>
   <div class='ocr_carea' id='block_1_107' title="bbox 1816 4572 3406 4651">
    <p class='ocr_par' dir='ltr' id='par_1_107' title="bbox 1816 4572 3406 4651">
     <span class='ocr_line' id='line_1_107' title="bbox 1816 4572 3406 4651; baseline 0.006 -21"><span class='ocrx_word' id='word_1_784' title='bbox 1816 4573 2034 4630; x_wconf 76' lang='lat' dir='ltr'><strong>diﬁ‘usa.</strong></span> <span class='ocrx_word' id='word_1_785' title='bbox 2076 4572 2321 4632; x_wconf 63' lang='lat' dir='ltr'><strong>liaareses</strong></span> <span class='ocrx_word' id='word_1_786' title='bbox 2349 4584 2445 4631; x_wconf 89' lang='lat' dir='ltr'><strong>aut</strong></span> <span class='ocrx_word' id='word_1_787' title='bbox 2485 4576 2541 4631; x_wconf 89' lang='lat' dir='ltr'><strong>in</strong></span> <span class='ocrx_word' id='word_1_788' title='bbox 2591 4578 2780 4649; x_wconf 84' lang='lat' dir='ltr'><strong>aliquo</strong></span> <span class='ocrx_word' id='word_1_789' title='bbox 2825 4579 3028 4651; x_wconf 86' lang='lat' dir='ltr'><strong>angulo</strong></span> <span class='ocrx_word' id='word_1_790' title='bbox 3077 4581 3265 4636; x_wconf 90' lang='lat' dir='ltr'><strong>mundi</strong></span> <span class='ocrx_word' id='word_1_791' title='bbox 3311 4592 3406 4639; x_wconf 89' lang='lat' dir='ltr'><strong>aut</strong></span> 
     </span>
    </p>
   </div>
   <div class='ocr_carea' id='block_1_108' title="bbox 1815 4668 3408 4740">
    <p class='ocr_par' dir='ltr' id='par_1_108' title="bbox 1815 4668 3408 4740">
     <span class='ocr_line' id='line_1_108' title="bbox 1815 4668 3408 4740; baseline 0.004 -17"><span class='ocrx_word' id='word_1_792' title='bbox 1815 4668 1870 4723; x_wconf 91' lang='lat' dir='ltr'><strong>in</strong></span> <span class='ocrx_word' id='word_1_793' title='bbox 1903 4684 2013 4724; x_wconf 89' lang='lat' dir='ltr'><strong>una</strong></span> <span class='ocrx_word' id='word_1_794' title='bbox 2040 4678 2198 4740; x_wconf 86' lang='lat' dir='ltr'><strong>gente</strong></span> <span class='ocrx_word' id='word_1_795' title='bbox 2221 4668 2579 4726; x_wconf 89' lang='lat' dir='ltr'><strong>inveniuntur</strong></span> <span class='ocrx_word' id='word_1_796' title='bbox 2604 4672 2835 4739; x_wconf 87' lang='lat' dir='ltr'><strong>versari,</strong></span> <span class='ocrx_word' id='word_1_797' title='bbox 2875 4671 3119 4729; x_wconf 90' lang='lat' dir='ltr'><strong>Ecclesia</strong></span> <span class='ocrx_word' id='word_1_798' title='bbox 3142 4688 3271 4729; x_wconf 91' lang='lat' dir='ltr'><strong>vero</strong></span> <span class='ocrx_word' id='word_1_799' title='bbox 3300 4672 3408 4730; x_wconf 78' lang='lat' dir='ltr'><strong>Ca-</strong></span> 
     </span>
    </p>
   </div>
   <div class='ocr_carea' id='block_1_109' title="bbox 1813 4761 3405 4832">
    <p class='ocr_par' dir='ltr' id='par_1_109' title="bbox 1813 4761 3405 4832">
     <span class='ocr_line' id='line_1_109' title="bbox 1813 4761 3405 4832; baseline 0.003 -15"><span class='ocrx_word' id='word_1_800' title='bbox 1813 4761 2038 4827; x_wconf 89' lang='lat' dir='ltr'><strong>tholica,</strong></span> <span class='ocrx_word' id='word_1_801' title='bbox 2069 4761 2213 4817; x_wconf 88' lang='lat' dir='ltr'><strong>sicut</strong></span> <span class='ocrx_word' id='word_1_802' title='bbox 2232 4777 2330 4832; x_wconf 91' lang='lat' dir='ltr'><strong>per</strong></span> <span class='ocrx_word' id='word_1_803' title='bbox 2353 4771 2528 4818; x_wconf 81' lang='lat' dir='ltr'><strong>totum</strong></span> <span class='ocrx_word' id='word_1_804' title='bbox 2561 4764 2829 4819; x_wconf 85' lang='lat' dir='ltr'><strong>mundum</strong></span> <span class='ocrx_word' id='word_1_805' title='bbox 2860 4764 3194 4831; x_wconf 78' lang='lat' dir='ltr'><strong>extenditur,</strong></span> <span class='ocrx_word' id='word_1_806' title='bbox 3239 4765 3313 4820; x_wconf 90' lang='lat' dir='ltr'><strong>ita</strong></span> <span class='ocrx_word' id='word_1_807' title='bbox 3347 4774 3405 4822; x_wconf 86' lang='lat' dir='ltr'><strong>et</strong></span> 
     </span>
    </p>
   </div>
   <div class='ocr_carea' id='block_1_110' title="bbox 1811 4855 3404 4926">
    <p class='ocr_par' dir='ltr' id='par_1_110' title="bbox 1811 4855 3404 4926">
     <span class='ocr_line' id='line_1_110' title="bbox 1811 4855 3404 4926; baseline 0.004 -16"><span class='ocrx_word' id='word_1_808' title='bbox 1811 4856 2061 4910; x_wconf 90' lang='lat' dir='ltr'><strong>omnium</strong></span> <span class='ocrx_word' id='word_1_809' title='bbox 2112 4855 2356 4926; x_wconf 88' lang='lat' dir='ltr'><strong>gentium</strong></span> <span class='ocrx_word' id='word_1_810' title='bbox 2405 4858 2666 4912; x_wconf 89' lang='lat' dir='ltr'><strong>societate</strong></span> <span class='ocrx_word' id='word_1_811' title='bbox 2707 4858 3068 4913; x_wconf 88' lang='lat' dir='ltr'><strong>construitur.</strong></span> <span class='ocrx_word' id='word_1_812' title='bbox 3126 4856 3231 4925; x_wconf 90' lang='lat' dir='ltr'><strong>Qui</strong></span> <span class='ocrx_word' id='word_1_813' title='bbox 3273 4871 3404 4916; x_wconf 88' lang='lat' dir='ltr'><strong>sunt</strong></span> 
     </span>
    </p>
   </div>
   <div class='ocr_carea' id='block_1_111' title="bbox 1812 4944 3402 5019">
    <p class='ocr_par' dir='ltr' id='par_1_111' title="bbox 1812 4944 3402 5019">
     <span class='ocr_line' id='line_1_111' title="bbox 1812 4944 3402 5019; baseline 0.004 -17"><span class='ocrx_word' id='word_1_814' title='bbox 1812 4944 2076 5013; x_wconf 73' lang='lat' dir='ltr'><strong>haeretici,</strong></span> <span class='ocrx_word' id='word_1_815' title='bbox 2107 4945 2214 5001; x_wconf 91' lang='lat' dir='ltr'><strong>nisi</strong></span> <span class='ocrx_word' id='word_1_816' title='bbox 2243 4947 2361 5017; x_wconf 90' lang='lat' dir='ltr'><strong>qui,</strong></span> <span class='ocrx_word' id='word_1_817' title='bbox 2391 4947 2585 5003; x_wconf 87' lang='lat' dir='ltr'><strong>relicta</strong></span> <span class='ocrx_word' id='word_1_818' title='bbox 2612 4945 2706 5003; x_wconf 90' lang='lat' dir='ltr'><strong>Dei</strong></span> <span class='ocrx_word' id='word_1_819' title='bbox 2738 4946 3007 5016; x_wconf 84' lang='lat' dir='ltr'><strong>Ecclesia,</strong></span> <span class='ocrx_word' id='word_1_820' title='bbox 3035 4948 3275 5019; x_wconf 87' lang='lat' dir='ltr'><strong>privatas</strong></span> <span class='ocrx_word' id='word_1_821' title='bbox 3291 4951 3402 5008; x_wconf 86' lang='lat' dir='ltr'><strong>ele-</strong></span> 
     </span>
    </p>
   </div>
   <div class='ocr_carea' id='block_1_112' title="bbox 1811 5038 3401 5112">
    <p class='ocr_par' dir='ltr' id='par_1_112' title="bbox 1811 5038 3401 5112">
     <span class='ocr_line' id='line_1_112' title="bbox 1811 5038 3401 5112; baseline 0.004 -18"><span class='ocrx_word' id='word_1_822' title='bbox 1811 5048 2009 5110; x_wconf 89' lang='lat' dir='ltr'><strong>gerunt</strong></span> <span class='ocrx_word' id='word_1_823' title='bbox 2036 5040 2348 5096; x_wconf 89' lang='lat' dir='ltr'><strong>societates.</strong></span> <span class='ocrx_word' id='word_1_824' title='bbox 2380 5038 2457 5096; x_wconf 91' lang='lat' dir='ltr'><strong>De</strong></span> <span class='ocrx_word' id='word_1_825' title='bbox 2482 5042 2687 5112; x_wconf 89' lang='lat' dir='ltr'><strong>quibus</strong></span> <span class='ocrx_word' id='word_1_826' title='bbox 2732 5039 3000 5097; x_wconf 90' lang='lat' dir='ltr'><strong>Dominus</strong></span> <span class='ocrx_word' id='word_1_827' title='bbox 3036 5041 3200 5098; x_wconf 87' lang='lat' dir='ltr'><strong>dicit:</strong></span> <span class='ocrx_word' id='word_1_828' title='bbox 3230 5062 3248 5096; x_wconf 78' lang='grc' dir='ltr'>ι</span> <span class='ocrx_word' id='word_1_829' title='bbox 3282 5043 3401 5101; x_wconf 92' lang='lat' dir='ltr'><strong>Duo</strong></span> 
     </span>
    </p>
   </div>
   <div class='ocr_carea' id='block_1_113' title="bbox 1811 5133 3400 5208">
    <p class='ocr_par' dir='ltr' id='par_1_113' title="bbox 1811 5133 3400 5208">
     <span class='ocr_line' id='line_1_113' title="bbox 1811 5133 3400 5208; baseline 0.004 -20"><span class='ocrx_word' id='word_1_830' title='bbox 1811 5135 1957 5189; x_wconf 89' lang='lat' dir='ltr'><strong>mala</strong></span> <span class='ocrx_word' id='word_1_831' title='bbox 1988 5133 2119 5189; x_wconf 82' lang='lat' dir='ltr'><strong>fecit</strong></span> <span class='ocrx_word' id='word_1_832' title='bbox 2146 5135 2382 5205; x_wconf 91' lang='lat' dir='ltr'><strong>populus</strong></span> <span class='ocrx_word' id='word_1_833' title='bbox 2407 5151 2597 5191; x_wconf 87' lang='lat' dir='ltr'><strong>meus:</strong></span> <span class='ocrx_word' id='word_1_834' title='bbox 2630 5134 2715 5191; x_wconf 78' lang='lat' dir='ltr'><strong>Me</strong></span> <span class='ocrx_word' id='word_1_835' title='bbox 2761 5136 3173 5208; x_wconf 89' lang='lat' dir='ltr'><strong>dcreliquerunt</strong></span> <span class='ocrx_word' id='word_1_836' title='bbox 3194 5137 3400 5195; x_wconf 81' lang='lat' dir='ltr'><strong>fontem</strong></span> 
     </span>
    </p>
   </div>
   <div class='ocr_carea' id='block_1_114' title="bbox 1810 5225 3402 5300">
    <p class='ocr_par' dir='ltr' id='par_1_114' title="bbox 1810 5225 3402 5300">
     <span class='ocr_line' id='line_1_114' title="bbox 1810 5225 3402 5300; baseline 0.005 -21"><span class='ocrx_word' id='word_1_837' title='bbox 1810 5239 1967 5295; x_wconf 56' lang='lat' dir='ltr'><strong>aqua).</strong></span> <span class='ocrx_word' id='word_1_838' title='bbox 1993 5225 2150 5293; x_wconf 67' lang='lat' dir='ltr'><strong>vivae,</strong></span> <span class='ocrx_word' id='word_1_839' title='bbox 2174 5234 2229 5281; x_wconf 92' lang='lat' dir='ltr'><strong>et</strong></span> <span class='ocrx_word' id='word_1_840' title='bbox 2250 5226 2507 5282; x_wconf 74' lang='lat' dir='ltr'><strong>foderunt</strong></span> <span class='ocrx_word' id='word_1_841' title='bbox 2532 5227 2637 5284; x_wconf 85' lang='lat' dir='ltr'><strong>sibi</strong></span> <span class='ocrx_word' id='word_1_842' title='bbox 2668 5228 2937 5285; x_wconf 87' lang='lat' dir='ltr'><strong>cisternas</strong></span> <span class='ocrx_word' id='word_1_843' title='bbox 2969 5245 3093 5300; x_wconf 66' lang='lat' dir='ltr'><strong>quae</strong></span> <span class='ocrx_word' id='word_1_844' title='bbox 3121 5231 3402 5287; x_wconf 87' lang='lat' dir='ltr'><strong>continere</strong></span> 
     </span>
    </p>
   </div>
   <div class='ocr_carea' id='block_1_115' title="bbox 1809 5317 3397 5393">
    <p class='ocr_par' dir='ltr' id='par_1_115' title="bbox 1809 5317 3397 5393">
     <span class='ocr_line' id='line_1_115' title="bbox 1809 5317 3397 5393; baseline 0.003 -21"><span class='ocrx_word' id='word_1_845' title='bbox 1809 5332 1919 5373; x_wconf 88' lang='lat' dir='ltr'><strong>non</strong></span> <span class='ocrx_word' id='word_1_846' title='bbox 1945 5317 2127 5373; x_wconf 89' lang='lat' dir='ltr'><strong>valent</strong></span> <span class='ocrx_word' id='word_1_847' title='bbox 2156 5334 2329 5391; x_wconf 90' lang='lat' dir='ltr'><strong>aquas</strong></span> <span class='ocrx_word' id='word_1_848' title='bbox 2358 5319 2492 5391; x_wconf 84' lang='lat' dir='ltr'><strong>(Jer.</strong></span> <span class='ocrx_word' id='word_1_849' title='bbox 2518 5322 2638 5391; x_wconf 71' lang='grc'><strong>11).)</strong></span> <span class='ocrx_word' id='word_1_850' title='bbox 2670 5320 2850 5376; x_wconf 91' lang='lat' dir='ltr'><strong>Causa</strong></span> <span class='ocrx_word' id='word_1_851' title='bbox 2881 5321 3106 5377; x_wconf 72' lang='lat' dir='ltr'><strong>haeresis</strong></span> <span class='ocrx_word' id='word_1_852' title='bbox 3132 5322 3204 5377; x_wconf 92' lang='lat' dir='ltr'><strong>ob</strong></span> <span class='ocrx_word' id='word_1_853' title='bbox 3232 5338 3397 5393; x_wconf 88' lang='lat' dir='ltr'><strong>quam</strong></span> 
     </span>
    </p>
   </div>
   <div class='ocr_carea' id='block_1_116' title="bbox 1808 5409 3405 5485">
    <p class='ocr_par' dir='ltr' id='par_1_116' title="bbox 1808 5409 3405 5485">
     <span class='ocr_line' id='line_1_116' title="bbox 1808 5409 3405 5485; baseline 0.002 -21"><span class='ocrx_word' id='word_1_854' title='bbox 1808 5424 1923 5465; x_wconf 87' lang='lat' dir='ltr'><strong>rem</strong></span> <span class='ocrx_word' id='word_1_855' title='bbox 1960 5409 2115 5475; x_wconf 87' lang='lat' dir='ltr'><strong>ﬁt,ad</strong></span> <span class='ocrx_word' id='word_1_856' title='bbox 2141 5411 2590 5469; x_wconf 78' lang='lat' dir='ltr'><strong>exercitationem</strong></span> <span class='ocrx_word' id='word_1_857' title='bbox 2643 5412 2788 5468; x_wconf 90' lang='lat' dir='ltr'><strong>ﬁdei.</strong></span> <span class='ocrx_word' id='word_1_858' title='bbox 2829 5411 2926 5468; x_wconf 83' lang='lat' dir='ltr'><strong>Vis</strong></span> <span class='ocrx_word' id='word_1_859' title='bbox 2949 5428 3080 5484; x_wconf 88' lang='lat' dir='ltr'><strong>ergo</strong></span> <span class='ocrx_word' id='word_1_860' title='bbox 3106 5428 3202 5483; x_wconf 89' lang='lat' dir='ltr'><strong>per</strong></span> <span class='ocrx_word' id='word_1_861' title='bbox 3230 5429 3405 5485; x_wconf 81' lang='lat' dir='ltr'><strong>quam</strong></span> 
     </span>
    </p>
   </div>
   <div class='ocr_carea' id='block_1_117' title="bbox 1808 5502 3395 5576">
    <p class='ocr_par' dir='ltr' id='par_1_117' title="bbox 1808 5502 3395 5576">
     <span class='ocr_line' id='line_1_117' title="bbox 1808 5502 3395 5576; baseline 0.001 -19"><span class='ocrx_word' id='word_1_862' title='bbox 1808 5503 1888 5567; x_wconf 85' lang='lat' dir='ltr'><strong>lit,</strong></span> <span class='ocrx_word' id='word_1_863' title='bbox 1934 5502 2247 5558; x_wconf 87' lang='lat' dir='ltr'><strong>obscuritas</strong></span> <span class='ocrx_word' id='word_1_864' title='bbox 2285 5512 2370 5559; x_wconf 92' lang='lat' dir='ltr'><strong>est</strong></span> <span class='ocrx_word' id='word_1_865' title='bbox 2407 5504 2717 5561; x_wconf 89' lang='lat' dir='ltr'><strong>divinarum</strong></span> <span class='ocrx_word' id='word_1_866' title='bbox 2753 5503 3260 5576; x_wconf 87' lang='lat' dir='ltr'><strong>Scripturarum,in</strong></span> <span class='ocrx_word' id='word_1_867' title='bbox 3287 5520 3395 5575; x_wconf 90' lang='lat' dir='ltr'><strong>qua</strong></span> 
     </span>
    </p>
   </div>
   <div class='ocr_carea' id='block_1_118' title="bbox 1809 5594 3397 5670">
    <p class='ocr_par' dir='ltr' id='par_1_118' title="bbox 1809 5594 3397 5670">
     <span class='ocr_line' id='line_1_118' title="bbox 1809 5594 3397 5670; baseline -0.001 -20"><span class='ocrx_word' id='word_1_868' title='bbox 1809 5596 2110 5665; x_wconf 89' lang='lat' dir='ltr'><strong>caligantes</strong></span> <span class='ocrx_word' id='word_1_869' title='bbox 2138 5594 2379 5651; x_wconf 67' lang='lat' dir='ltr'><strong>haeretici</strong></span> <span class='ocrx_word' id='word_1_870' title='bbox 2403 5638 2417 5662; x_wconf 95' lang='lat'><strong>,</strong></span> <span class='ocrx_word' id='word_1_871' title='bbox 2443 5597 2591 5653; x_wconf 87' lang='lat' dir='ltr'><strong>aliud</strong></span> <span class='ocrx_word' id='word_1_872' title='bbox 2622 5613 2787 5670; x_wconf 92' lang='lat' dir='ltr'><strong>quam</strong></span> <span class='ocrx_word' id='word_1_873' title='bbox 2812 5611 2871 5653; x_wconf 87' lang='lat' dir='ltr'><strong>se</strong></span> <span class='ocrx_word' id='word_1_874' title='bbox 2893 5611 2981 5650; x_wconf 89' lang='lat' dir='ltr'><strong>res</strong></span> <span class='ocrx_word' id='word_1_875' title='bbox 3008 5595 3171 5649; x_wconf 90' lang='lat' dir='ltr'><strong>habet</strong></span> <span class='ocrx_word' id='word_1_876' title='bbox 3194 5594 3397 5652; x_wconf 80' lang='lat' dir='ltr'><strong>intelli-</strong></span> 
     </span>
    </p>
   </div>
   <div class='ocr_carea' id='block_1_119' title="bbox 1805 5685 3393 5760">
    <p class='ocr_par' dir='ltr' id='par_1_119' title="bbox 1805 5685 3393 5760">
     <span class='ocr_line' id='line_1_119' title="bbox 1805 5685 3393 5760; baseline 0.002 -20"><span class='ocrx_word' id='word_1_877' title='bbox 1805 5694 1961 5758; x_wconf 86' lang='lat' dir='ltr'><strong>gunt.</strong></span> <span class='ocrx_word' id='word_1_878' title='bbox 2001 5685 2111 5743; x_wconf 87' lang='lat' dir='ltr'><strong>Nec</strong></span> <span class='ocrx_word' id='word_1_879' title='bbox 2136 5703 2260 5744; x_wconf 91' lang='lat' dir='ltr'><strong>esse</strong></span> <span class='ocrx_word' id='word_1_880' title='bbox 2288 5700 2521 5760; x_wconf 72' lang='lat' dir='ltr'><strong>possunt</strong></span> <span class='ocrx_word' id='word_1_881' title='bbox 2569 5690 2826 5753; x_wconf 65' lang='lat' dir='ltr'><strong>haereses,</strong></span> <span class='ocrx_word' id='word_1_882' title='bbox 2870 5687 2999 5758; x_wconf 88' lang='lat' dir='ltr'><strong>quia</strong></span> <span class='ocrx_word' id='word_1_883' title='bbox 3036 5688 3215 5757; x_wconf 91' lang='lat' dir='ltr'><strong>ipsum</strong></span> <span class='ocrx_word' id='word_1_884' title='bbox 3243 5687 3393 5760; x_wconf 87' lang='lat' dir='ltr'><strong>quod</strong></span> 
     </span>
    </p>
   </div>
   <div class='ocr_carea' id='block_1_120' title="bbox 1806 5777 3392 5853">
    <p class='ocr_par' dir='ltr' id='par_1_120' title="bbox 1806 5777 3392 5853">
     <span class='ocr_line' id='line_1_120' title="bbox 1806 5777 3392 5853; baseline 0.003 -20"><span class='ocrx_word' id='word_1_885' title='bbox 1806 5778 2047 5835; x_wconf 74' lang='lat' dir='ltr'><strong>existunt</strong></span> <span class='ocrx_word' id='word_1_886' title='bbox 2092 5779 2351 5849; x_wconf 69' lang='lat' dir='ltr'><strong>haereses,</strong></span> <span class='ocrx_word' id='word_1_887' title='bbox 2399 5781 2510 5853; x_wconf 90' lang='lat' dir='ltr'><strong>jam</strong></span> <span class='ocrx_word' id='word_1_888' title='bbox 2552 5796 2660 5836; x_wconf 88' lang='lat' dir='ltr'><strong>non</strong></span> <span class='ocrx_word' id='word_1_889' title='bbox 2716 5788 2864 5837; x_wconf 89' lang='lat' dir='ltr'><strong>sunt.</strong></span> <span class='ocrx_word' id='word_1_890' title='bbox 2903 5777 3043 5836; x_wconf 80' lang='lat' dir='ltr'><strong>Male</strong></span> <span class='ocrx_word' id='word_1_891' title='bbox 3086 5781 3233 5836; x_wconf 87' lang='lat' dir='ltr'><strong>enim</strong></span> <span class='ocrx_word' id='word_1_892' title='bbox 3264 5795 3392 5837; x_wconf 78' lang='lat' dir='ltr'><strong>scn-</strong></span> 
     </span>
    </p>
   </div>
  </div>
