3948 6444
2010 194 2035 221 \

545 403 682 462 1051
1672 393 2010 453 .WERNERI
2048 398 2086 450 Α

2196 394 2338 450 λτιδ
2378 394 2436 451 S.
2479 393 2700 451 BLASlI
3646 398 3757 462 505!

542 514 728 570 tiendo
752 514 1042 570 essentiam
1086 526 1195 566 non
1232 509 1552 582 acquirunt;
1590 507 1659 563 ad
1706 508 1938 563 nihilum
1968 508 2114 564 enim
2143 510 2192 567 Α
2217 506 2347 562 dare
2377 508 2623 565 subditos
2649 513 2916 581 poterant,
2943 510 3067 566 inde
3094 509 3279 581 potius
3325 510 3625 570 vulnerant.
3659 517 3759 578 Ideo

544 609 771 661 tendunt
820 603 1080 669 haeretici,
1131 602 1336 674 ingenti
1387 601 1569 657 studio
1594 600 1875 656 mendacia
1904 616 2005 657 sua
2034 600 2118 655 di-
2219 599 2337 656 sine
2361 617 2616 656 mensura
2649 601 2929 657 ulciscitur
2971 601 3162 673 culpas
3209 605 3533 674 praepositus
3574 606 3757 667 iracun.

542 704 722 762 scunt,
745 704 796 750 et
818 696 1000 750 labore
1024 695 1349 762 vehementi,
1383 710 1450 750 ne
1481 694 1547 749 ad
1571 694 1835 748 unitatem
1861 693 2117 749 Ecclesia:
2218 690 2341 755 dus,
2365 693 2493 761 quia
2523 706 2619 746 cor
2649 692 2768 761 ejus
2808 691 3115 760 dispersum
3160 691 3216 744 in
3272 707 3455 746 rerum
3505 697 3647 752 curis
3672 714 3757 757 non

541 787 779 839 veniant.
818 785 1114 839 decertant.
1140 783 1215 838 De
1248 784 1448 854 quibus
1488 799 1585 853 per
1622 783 1942 853 prophetam
1985 799 2119 836 con-
2217 782 2490 852 colligitur
2516 784 2568 837 in
2601 799 2841 838 amorem
2870 786 3031 840 unius
3064 784 3303 841 deitatis.
3336 784 3488 843 Mens
3529 791 3664 845 enim
3689 810 3760 848 so-

540 891 671 946 grue
690 875 921 930 dicitur:
952 893 972 926 ε
1009 874 1581 945 Docueruntlinguam
1607 890 1762 929 suam
1789 873 1937 944 loqui
1965 889 2116 928 men-
2217 869 2329 924 luta
2365 873 2419 926 in
2458 874 2687 929 diversis
2745 890 2854 929 non
2894 877 3217 946 astringitur
3258 889 3451 931 catena
3492 879 3756 951 charitatis,

538 966 774 1031 dacium,
799 974 935 1020 etut
958 967 1140 1037 inique
1161 975 1383 1037 agerent
1405 967 1789 1021 laboraverunt
1814 965 1946 1035 (ler.
1978 965 2110 1034 ix),i
2218 963 2312 1017 sed
2338 964 2479 1019 male
2514 965 2692 1020 laxata
2720 968 2859 1021 male
2887 966 2953 1021 ad
2987 983 3204 1023 omnem
3239 970 3579 1025 occasionem
3608 989 3757 1032 move-

536 1057 665 1112 dum
714 1057 957 1113 vicissim
1014 1058 1253 1114 haeretici
1304 1073 1364 1113 se
1409 1068 1602 1113 mutuo
1631 1058 1872 1112 lacerant
1898 1057 2116 1127 quando
2217 1062 2323 1108 tur.
2363 1055 2547 1111 Bonus
2581 1070 2760 1113 rector
2788 1059 2984 1128 estqui
3017 1059 3070 1112 in
3101 1057 3407 1116 humilitate
3429 1061 3752 1135 disciplinam,

536 1151 855 1204 alterutrum
887 1165 1005 1205 sese
1055 1150 1108 1204 in
1169 1150 1418 1221 proprias
1453 1159 1628 1205 sectas
1679 1149 1964 1203 inducunt.
2024 1148 2116 1205 Sic
2215 1156 2267 1202 et
2291 1163 2386 1217 per
2433 1150 2776 1220 disciplinam
2834 1168 2943 1206 non
2991 1151 3222 1208 incurrit
3268 1153 3599 1223 superbiam.
3642 1157 3754 1215 Elati

536 1249 717 1295 tamen
747 1241 979 1296 invicem
1011 1242 1274 1297 collidunt
1311 1259 1450 1309 sese,
1497 1249 1765 1297 utcontra
1816 1241 2112 1297 Ecclesiam
2214 1250 2397 1295 autem
2429 1251 2677 1311 pastores
2700 1244 2884 1313 plebes
2907 1245 3189 1316 tyrannice
3240 1252 3520 1315 premunt,
3560 1265 3656 1305 non
3685 1268 3753 1309 re-

534 1337 654 1405 pari
695 1336 897 1391 erroris
936 1336 1127 1406 spiritu
1162 1338 1459 1403 decertent,
1496 1344 1548 1389 et
1579 1336 1671 1405 qui
1725 1335 1954 1389 invicem
1987 1342 2115 1390 sunt
2215 1342 2348 1402 gum
2377 1333 2503 1403 quia
2552 1350 2659 1388 non
2709 1334 2802 1389 Dei
2857 1337 2949 1391 sed
3001 1352 3158 1392 suam
3200 1337 3429 1408 gloriam
3485 1354 3516 1393 a
3558 1342 3750 1401 subditis

536 1424 694 1479 divisi
745 1426 799 1479 in
868 1426 1254 1481 adversitatem
1314 1426 1600 1491 Ecclesiae,
1659 1425 1823 1479 simul
1878 1426 2115 1480 existant
2213 1422 2458 1493 exigunt.
2488 1421 2639 1477 Multi
2677 1433 2804 1478 sunt
2846 1426 2937 1496 qui
2967 1426 3135 1480 verbo
3166 1426 3431 1481 doctrinae
3461 1443 3565 1483 non
3608 1430 3751 1487 humi-

536 1516 695 1570 uniti.
724 1515 816 1572 Eis
840 1526 1018 1572 autem
1038 1519 1258 1589 quibus,
1292 1534 1388 1588 pro
1404 1534 1469 1573 eo
1489 1518 1632 1587 quod
1662 1526 1870 1572 tantum
1899 1518 2114 1572 valeant
2214 1511 2293 1567 les
2322 1513 2413 1567 sed
2440 1522 2758 1583 arrOgantes
2807 1516 3069 1581 existunt,
3111 1517 3319 1586 quique
3352 1517 3470 1586 ipsa
3503 1528 3636 1574 recta
3657 1538 3752 1593 qua

536 1606 794 1677 haereses,
817 1612 1070 1667 videntur
1094 1614 1291 1668 habere
1320 1613 1623 1680 veritatem,
1648 1613 1750 1667 hoc
1780 1612 2113 1681 responden-
2213 1603 2532 1672 pnedicnni.
2558 1620 2667 1659 ιιοιι
2700 1606 2882 1660 ειυάίο
2913 1607 3291 1673 οοιτεοῑίοηῖες
3325 1609 3418 1664 50d
3450 1610 3580 1664 νὶιίο
3600 1613 3752 1668 Clitio-

534 1699 664 1754 dum
695 1710 777 1757 est
807 1722 819 1757 :
848 1703 988 1759 Num
1033 1705 1153 1759 ideo
1189 1705 1351 1760 saluti
1375 1706 1721 1776 pra-ponendi
1753 1715 1881 1760 sunt
1912 1704 2109 1773 morbi,

533 1793 662 1862 quia
696 1794 1013 1867 plerumque
1047 1797 1117 1851 ita
1146 1799 1470 1868 generaliter
1502 1798 1767 1853 mundum
1820 1808 2107 1869 occupant,

531 1891 593 1939 ut
615 1900 837 1953 parvum
862 1888 1041 1943 locum
1077 1889 1241 1942 saluti
1264 1888 1612 1959 relinquant?

531 1992 610 2049 De
632 1995 998 2053 ecclesiasticis
1039 2000 1366 2066 doctoribus,
1419 2001 1482 2055 de
1536 2000 1779 2054 doctrina
1828 2009 1879 2054 et
1926 2017 2106 2055 eorum

1178 2071 1448 2140 exemplis.

600 2155 1014 2216 Ecclesiasticus
1072 2162 1265 2217 doctor
1310 2173 1417 2217 tam
1472 2162 1719 2217 doctrina
1774 2179 1935 2233 quam
1996 2164 2106 2219 vita

528 2247 737 2302 clarere
773 2249 948 2304 debet.
1001 2249 1136 2305 Nam
1187 2252 1437 2307 doctrina
1467 2251 1588 2307 sine
1615 2251 1723 2305 vita
1757 2261 2103 2323 arrogantem

528 2342 744 2409 reddit;
776 2344 884 2398 vita
916 2345 1034 2400 sine
1064 2346 1309 2402 doctrina
1345 2347 1590 2402 inutilem
1615 2346 1764 2402 facit.
1793 2346 2104 2403 Sacerdotis

528 2433 839 2503 praedicatio
871 2437 1128 2505 operibus
1171 2437 1546 2493 confirmanda
1600 2446 1705 2503 est,
1758 2437 1828 2492 ita
1861 2446 1919 2492 ut
1958 2436 2104 2507 quod

527 2522 685 2578 docet
728 2525 914 2593 verbo,
973 2530 1275 2582 instruatur
1308 2529 1575 2598 exemplo.
1633 2526 1770 2582 Vera
1826 2536 1910 2583 est
1957 2529 2102 2583 enim

529 2612 620 2667 illa
675 2612 942 2683 doctrina,
983 2633 1147 2687 quam
1205 2618 1419 2673 vivendi
1454 2618 1700 2688 sequitur
1744 2617 1941 2672 forma.
1966 2614 2102 2673 Nam

528 2703 660 2756 nihil
689 2704 904 2775 turpius
943 2715 1028 2760 est
1067 2723 1232 2777 quam
1263 2707 1310 2763 si
1359 2708 1563 2761 bonum
1614 2708 1758 2777 quod
1808 2707 2104 2777 quisquam

527 2794 784 2863 praedicat
823 2796 1040 2865 explere
1079 2813 1243 2867 opere
1286 2798 1527 2869 negligit.
1590 2796 1745 2851 Tunc
1791 2798 2102 2868 praedicatio

526 2888 728 2943 utiliter
771 2889 1082 2959 profertur,
1132 2892 1351 2962 quando
1420 2892 1711 2947 eﬂicaciter
1755 2892 2100 2963 adimpletur.

528 2975 912 3050 Unusquisque
961 2981 1153 3036 doctor
1189 2991 1243 3036 et
1284 2982 1441 3036 home
1503 2983 1771 3048 actionis,
1822 2991 1875 3037 et
1948 2978 2104 3037 bonae

524 3072 929 3145 praedicationis
957 3074 1153 3132 habere
1207 3075 1366 3130 debet
1408 3075 1670 3130 studium.
1704 3073 1839 3128 Nam
1868 3074 2100 3129 alterum

2213 1694 2300 1750 nis
2322 1696 2668 1751 annuntiant.
2698 1696 2849 1751 Multi
2882 1707 3009 1753 sunt
3037 1699 3131 1768 qui
3156 1714 3266 1754 non
3290 1716 3356 1755 ex
3384 1703 3626 1757 consultu
3650 1705 3753 1760 adi-

2213 1782 2432 1849 ticandi,
2471 1785 2564 1839 sed
2594 1801 2658 1839 ex
2693 1794 2907 1841 tumore
2949 1788 3297 1857 superbiendi
3341 1791 3573 1847 docent:
3602 1809 3685 1848 nec
3704 1806 3753 1850 ut

2213 1876 2430 1946 prosint
2459 1877 2732 1947 sapientes
2779 1889 2926 1942 sunt,
2957 1881 3052 1935 sed
3100 1889 3160 1935 ut
3190 1882 3463 1951 sapientes
3509 1885 3754 1943 videantur

2211 1965 2410 2020 docere
2456 1966 2696 2021 student.
2746 1966 3061 2024 JEstimatio
3103 1986 3269 2040 prava
3308 1975 3663 2044 arrogantium
3683 1993 3751 2032 sa-

2210 2059 2490 2113 cerdotum
2519 2075 2616 2129 per
2640 2075 2803 2130 quam
2832 2061 3119 2116 imitantur
3146 2074 3368 2119 sanctos
3404 2066 3579 2136 rigore
3616 2068 3749 2123 disci.

2209 2151 2390 2221 plinze,
2418 2162 2471 2206 et
2500 2153 2653 2222 sequi
2702 2154 2981 2224 negligant
3009 2155 3294 2211 charitatis
3318 2156 3663 2227 aﬂ‘ectionem,
3687 2164 3750 2214 vi-

2209 2240 2324 2295 deri
2355 2242 2795 2313 appetuntrigidi
2831 2245 3140 2311 severitate,
3180 2257 3234 2301 et
3288 2246 3518 2302 formam
3567 2252 3749 2305 humili-

2210 2331 2335 2386 tatis
2361 2343 2689 2401 prtesentare
2719 2345 3016 2404 nequeunt,
3049 2345 3109 2390 ut
3130 2339 3304 2408 magis
3326 2341 3591 2396 terribiles
3612 2359 3744 2412 quam

2207 2423 2367 2479 mites
2394 2424 2698 2480 videantur.
2748 2425 2976 2497 Superbi
3021 2428 3276 2499 doctores
3296 2431 3580 2488 vulnerare
3602 2435 3749 2503 potius

2207 2530 2371 2585 quam
2411 2516 2702 2571 emendare
2732 2528 2972 2586 norunt,
3028 2518 3321 2575 Salomone
3360 2528 3744 2596 attestante,qui

2206 2606 2316 2661 ait:
2348 2626 2367 2659 ‹
2400 2607 2457 2661 In
2477 2624 2571 2663 ore
2596 2609 2743 2662 stulti
2767 2610 2918 2681 virga
2949 2612 3219 2680 superbize
3242 2611 3428 2683 (Prov.
3458 2618 3587 2686 xw).
3608 2637 3623 2667 ι
3642 2619 3745 2688 quia

2204 2700 2536 2770 increpando
2567 2701 2739 2772 rigide
2770 2701 2992 2768 feriunt,
3017 2712 3072 2758 et
3093 2706 3331 2774 compati
3364 2707 3631 2763 humiliter
3669 2726 3746 2764 ne-

2205 2793 2404 2846 sciunt.
2438 2792 2583 2849 Bene
2624 2793 2785 2848 alieni
2835 2795 3045 2864 peccati
3086 2797 3328 2851 curanda
3375 2799 3502 2853 vitia
3550 2800 3748 2870 suscipit

2205 2883 2299 2953 qui
2336 2883 2439 2939 hoc
2465 2900 2530 2939 ex
2577 2885 2760 2940 cordis
2791 2885 3083 2942 dilectione
3130 2896 3183 2942 et
3226 2888 3422 2944 humili
3449 2892 3746 2946 conscientia

2204 2974 2351 3029 facit.
2377 2975 2646 3031 Caeterum
2672 2978 2765 3048 qui
2790 2979 3194 3050 delinquentem
3225 2982 3458 3052 superbo
3483 2983 3562 3038 vel
3581 2983 3747 3038 odioso

2204 3069 2388 3123 animo
2421 3070 2664 3138 corripit,
2716 3086 2824 3125 non
2877 3073 3151 3140 emendat,
3201 3074 3295 3129 sed
3330 3076 3570 3143 percutit.
3601 3074 3749 3141 Quid-

527 3166 644 3220 sine
669 3168 840 3222 altero
864 3183 972 3223 non
1005 3168 1135 3223 facit
1163 3166 1481 3238 perfectum,
1510 3166 1602 3220 sed
1633 3166 1899 3235 praecedet
1916 3165 2101 3235 justus
2128 3201 2175 3258 Ο
2206 3161 2336 3230 quid
2360 3161 2504 3215 enim
2528 3172 2817 3231 protervus
2838 3164 2921 3218 vel
2950 3164 3267 3236 indignatus
3292 3166 3502 3222 animus
3531 3167 3749 3237 protule-

524 3254 663 3310 bene
700 3274 881 3328 agere,
913 3266 974 3312 ut
1004 3268 1293 3327 sequenter
1334 3259 1507 3328 possit
1532 3256 1667 3311 bene
1699 3256 1915 3310 docere.
1945 3254 2099 3310 Sicut

523 3346 581 3402 in
608 3348 935 3403 numismate
959 3349 1257 3413 metallum,
1283 3358 1335 3402 et
1368 3348 1580 3417 pondus
1617 3356 1670 3402 et
1697 3346 1869 3417 ﬁgura
1914 3345 2097 3415 inqui-

525 3438 683 3505 ritur,
717 3439 789 3493 ita
812 3439 865 3493 in
893 3439 1041 3493 omni
1077 3440 1299 3495 doctore
1326 3439 1696 3493 ecclesiastico
1740 3437 1869 3507 quid
1895 3451 2096 3507 sequa-

523 3538 634 3594 tur,
658 3531 786 3600 quid
809 3530 1022 3595 doceat,
1049 3531 1324 3600 quomodo
1343 3530 1507 3583 vivat.
1529 3528 1631 3583 Per
1655 3529 1969 3598 qualitatem
1996 3530 2098 3601 igi-

525 3626 615 3673 tur
640 3620 841 3672 metalli
866 3620 1130 3685 doctrina,
1157 3636 1253 3689 per
1281 3620 1506 3689 figuram
1534 3620 1831 3675 similitudo
1855 3631 2093 3691 patrum,

524 3724 621 3779 per
655 3708 867 3778 pondus
897 3708 1175 3765 humilitas
1220 3709 1553 3781 designatur.
1605 3710 1707 3777 Qui
1739 3727 1868 3766 vero
1906 3714 1975 3768 ab
2009 3714 2096 3771 his

524 3799 700 3853 tribus
728 3799 1133 3868 discrepaverit,
1179 3818 1286 3856 non
1336 3803 1633 3868 metallum,
1677 3804 1768 3858 sed
1800 3813 1943 3860 terra
1970 3807 2090 3862 erit.

584 3888 855 3945 interdum
916 3892 1155 3947 doctoris
1216 3894 1350 3949 vitio
1418 3911 1580 3949 verax
1657 3897 1773 3967 ipsa
1847 3898 2093 3953 doctrina

521 3979 749 4044 vilescit,
804 3990 857 4036 et
923 3983 1015 4052 qui
1071 3999 1177 4038 non
1230 3984 1359 4039 vivit
1411 3986 1553 4041 sicut
1605 3987 1781 4053 docet,
1838 3990 2096 4057 prmdicat

519 4071 797 4126 veritatem
825 4075 1283 4145 contemptibilem
1314 4075 1461 4130 facit.
1504 4077 1679 4133 Areus
1700 4094 1988 4147 pervorsus
2012 4089 2095 4134 est

517 4161 699 4234 lingua
742 4166 1123 4236 magistrorum
1167 4169 1481 4223 docentium
1526 4168 1664 4224 bene
1704 4179 1759 4224 et
1791 4171 2090 4227 viventium

523 4257 682 4323 male,
714 4264 768 4312 et
789 4259 909 4313 ideo
937 4261 1092 4330 quasi
1125 4276 1191 4314 ex
1227 4277 1483 4331 perverso
1518 4278 1648 4318 arcu
1679 4265 1907 4334 sagittas
1933 4267 2092 4319 emit-

524 4355 664 4415 tunt,
692 4347 820 4403 dum
850 4367 1003 4405 suam
1033 4367 1253 4420 pravam
1281 4352 1444 4406 vitam
1478 4369 1706 4423 propere
1734 4356 1931 4425 lingua:
1959 4372 2089 4411 arcu

520 4439 857 4496 confodiunt.
896 4441 998 4508 Qui
1025 4443 1159 4496 bene
1193 4443 1368 4509 docet,
1402 4452 1455 4498 et
1482 4445 1621 4499 male
1655 4447 1805 4510 vivit,
1836 4448 1976 4518 quod
2007 4448 2091 4502 di-

2206 3253 2275 3308 rit
2320 3251 2476 3308 furor
2500 3264 2583 3309 est
2624 3255 3001 3328 objurgantis;
3049 3272 3160 3311 non
3192 3258 3405 3314 dilectio
3430 3261 3748 3331 corrigentis.

2554 3412 2561 3417 Α
2889 3362 3108 3403 nmsro.

2273 3431 2394 3507 Non
2422 3435 2678 3491 omnibus
2719 3451 2825 3491 una
2868 3437 3169 3507 eademque
3209 3438 3438 3493 doctrina
3482 3448 3564 3493 est
3603 3440 3753 3496 adhi-

2202 3504 2397 3590 heitda,
2429 3526 2521 3579 sed
2554 3542 2651 3600 pro
2681 3528 2941 3597 qualitate
2977 3504 3191 3583 morum
3223 3530 3429 3585 diversa
3458 3532 3755 3588 exhortatio

2202 3617 2305 3671 erit
2333 3617 2626 3672 dictorum.
2653 3617 2785 3672 Nam
2809 3620 3073 3689 quosdam
3103 3621 3406 3691 increpatio
3426 3622 3579 3687 dura,
3603 3640 3755 3694 quos-

2200 3706 2324 3762 dam
2371 3722 2502 3761 vero
2543 3707 2847 3763 exhortatio
2892 3710 3090 3765 blanda
3134 3712 3381 3783 corrigit.
3416 3712 3565 3768 Sicut
3614 3714 3754 3784 periti

2199 3798 2395 3853 medici
2442 3799 2508 3853 ad
2542 3799 2724 3854 varios
2764 3801 3011 3870 corporis
3043 3802 3266 3858 morbos
3292 3805 3510 3860 diverso
3538 3807 3753 3861 medica-

2200 3889 2345 3942 mine
2370 3890 2634 3955 serviunt,
2662 3890 2733 3945 ita
2761 3899 2840 3957 ut,
2861 3892 3017 3961 juxta
3041 3894 3329 3950 vulnerum
3345 3897 3751 3963 varietatesnntr

2196 3976 2374 4032 dicina
2407 3979 2620 4034 diversa
2665 3980 2755 4045 sit,
2788 3982 2860 4036 ita
2903 3990 2956 4035 et
3004 3982 3194 4038 doctor
3238 3983 3499 4041 Ecclesiae
3548 3987 3750 4057 singulis

2195 4071 2505 4141 quibusque
2552 4087 2855 4143 congruum
2907 4075 3167 4131 doctrina:
3200 4078 3504 4133 remedium
3535 4079 3749 4143 adhibet,

2195 4168 2249 4215 et
2301 4161 2432 4230 quid
2469 4161 2666 4232 cuique
2702 4171 2966 4233 oporteat,
3010 4180 3109 4234 pro
3164 4168 3344 4221 aetatis
3396 4184 3650 4237 processu
3698 4184 3751 4223 ac

2194 4252 2531 4324 professione
2558 4256 2920 4310 annuntiabit.
2947 4254 3061 4309 Non
3100 4258 3363 4313 omnibus
3406 4276 3470 4314 ea
3501 4276 3619 4331 quae
3644 4266 3747 4314 sunt

2193 4345 2400 4412 clausa,
2455 4347 2745 4415 aperienda
2787 4355 2933 4401 sunt.
2982 4347 3119 4403 Sunt
3153 4349 3299 4403 enim
3336 4352 3515 4417 multi,
3555 4351 3642 4421 qui
3680 4368 3750 4406 ca-

2194 4451 2322 4506 pere
2350 4452 2460 4491 non
2491 4445 2740 4506 possunt.
2780 4436 2991 4503 Quibus
3024 4440 3070 4495 si
3103 4440 3400 4496 indiscrete
3427 4442 3750 4497 manifesten-

518 4528 594 4583 cit
627 4530 761 4584 bene
802 4530 1109 4585 viventibus
1156 4532 1368 4601 proficit
1396 4550 1410 4600 ;
1443 4536 1587 4603 quod
1618 4549 1744 4590 vero
1773 4538 1910 4591 male
1935 4539 2084 4602 vivit,

2196 4537 2302 4593 tur,
2350 4529 2532 4583 statim
2583 4538 2676 4584 aut
2731 4530 3027 4585 detrahunt
3078 4541 3174 4586 aut
3226 4534 3529 4614 negligunt.
3591 4532 3748 4588 Prima

517 4619 755 4689 seipsum
796 4620 1013 4676 occidit.
1043 4619 1098 4676 Si
1125 4623 1379 4678 sacerdos
1406 4623 1725 4695 dignissime
1747 4627 1876 4697 agit,
1912 4636 1970 4681 ut
1994 4644 2086 4682 sa-

514 4712 786 4767 cerdotem
838 4712 1011 4777 decet,
1052 4698 1424 4769 ministerium
1478 4716 1595 4785 ejus
1633 4725 1686 4770 et
1738 4718 1836 4787 ipsi
1880 4727 1934 4773 et
1967 4720 2088 4776 aliis

517 4801 649 4857 utile
671 4811 771 4858 est.
797 4801 1018 4873 lndigne
1055 4813 1234 4858 autem
1290 4806 1498 4872 vivens,
1540 4806 1662 4861 aliis
1692 4809 1910 4878 quidem
1936 4811 2087 4867 utilis

513 4899 599 4949 eSt
622 4894 895 4964 loquendo
919 4914 933 4958 ;
960 4912 1017 4951 se
1039 4906 1217 4951 autem
1250 4897 1505 4953 interficit
1531 4900 1671 4954 male
1718 4902 1949 4957 vivendo
1979 4922 1990 4957 :
2022 4920 2087 4959 ac

513 5000 611 5057 per
637 4986 741 5040 hoc
779 4987 922 5056 quod
978 4987 1032 5040 in
1064 4989 1155 5041 illo
1179 4999 1453 5044 mortuum
1497 4999 1598 5056 est,
1649 4995 1930 5062 preprium
1963 4996 2085 5063 ejus

512 5083 624 5141 est;
650 5076 795 5146 quod
823 5091 952 5131 vero
975 5078 1109 5132 vivit
1141 5079 1194 5132 in
1219 5095 1302 5144 eo,
1334 5081 1456 5135 ideo
1478 5097 1693 5136 sacrum
1719 5084 2081 5141 ministerium

512 5164 749 5220 alienum
774 5174 874 5221 est.
908 5165 1009 5234 Qui
1060 5169 1194 5224 bene
1227 5170 1384 5225 docet
1411 5180 1464 5226 et
1507 5172 1647 5226 male
1689 5173 1842 5239 vivit,
1871 5176 2084 5231 videtur

512 5265 573 5311 ut
592 5271 803 5323 cereus,
827 5259 919 5328 qui
947 5258 1067 5314 aliis
1097 5260 1300 5314 bonum
1323 5261 1563 5329 exponit,
1596 5261 1768 5317 lucem
1793 5276 2077 5334 praestare;

509 5364 570 5406 se
597 5364 725 5404 vero
747 5350 800 5404 in
830 5351 991 5406 malis
1033 5351 1148 5405 suis
1188 5366 1528 5416 consumere,
1579 5365 1739 5424 atque
1766 5358 2081 5427 exstingue-

2189 4624 2389 4693 quippe
2415 4623 2712 4693 prudentia:
2733 4622 2907 4679 virtus
2926 4633 3009 4679 est
3035 4640 3154 4678 eam
3191 4640 3358 4695 quam
3384 4612 3581 4683 docere
3610 4640 3748 4697 apor-

2191 4723 2299 4769 teat
2334 4715 2603 4769 aestimare
2632 4730 2941 4782 personam.
2993 4714 3242 4770 Rudibus
3271 4718 3492 4786 pepulis
3523 4732 3619 4772 seu
3648 4731 3753 4770 car-

2189 4807 2404 4862 nalibus
2431 4807 2590 4876 plana
2642 4817 2805 4877 atque
2831 4807 3165 4872 communia,
3203 4824 3313 4861 non
3346 4824 3563 4864 summa
3608 4816 3751 4875 atque

2188 4898 2357 4953 ardua
2391 4897 2733 4967 praedicanda
2782 4908 2929 4965 sunt,
2975 4913 3042 4952 ne
3085 4898 3457 4954 immensitate
3505 4899 3755 4954 doctrinae

2187 4990 2564 5060 opprimantur
2612 4990 2794 5059 potius
2841 5005 3004 5059 quam
3057 4988 3399 5044 erudiantur.
3442 4990 3754 5045 Carnalibus

2185 5082 2384 5152 quippe
2419 5082 2638 5147 animis,
2682 5097 2786 5136 nec.
2830 5082 2937 5136 alta
2978 5082 3143 5136 nimis
3177 5083 3246 5136 de
3288 5082 3632 5147 coelestibus,
3666 5093 3759 5136 nec

2187 5181 2400 5229 terrena
2448 5175 2704 5229 convenit
2751 5174 3084 5245 praedicare,
3135 5173 3228 5230 sed
3279 5174 3658 5241 mediocriter,
3705 5180 3757 5227 ut

2182 5266 2311 5321 vitia
2345 5282 2534 5321 eorum
2587 5282 2877 5337 moresque
2922 5282 3110 5322 eorum
3162 5268 3479 5323 desiderant
3525 5267 3755 5324 edoceri.

2181 5358 2393 5414 Corvus
2420 5359 2548 5413 dum
2580 5354 2759 5429 pullos
2806 5376 2937 5416 suos
2961 5361 3159 5415 viderit
3203 5360 3315 5415 albi
3344 5360 3577 5424 coloris,
3604 5360 3758 5415 nullis

2180 5466 2276 5507 eos
2310 5452 2448 5507 cibis
2477 5452 2591 5517 alit,
2623 5451 2715 5506 sed
2759 5461 2968 5506 tantum
3017 5453 3264 5517 attendit,
3315 5453 3490 5507 donec
3537 5460 3761 5522 paterno

2179 5543 2361 5599 colore
2390 5544 2720 5614 nigrescant,
2746 5552 2801 5598 et
2834 5545 2916 5599 sic
2946 5545 3068 5599 illos
3101 5543 3371 5613 frequenti
3399 5544 3529 5599 cibo
3570 5543 3757 5599 reﬁcit.

2177 5632 2254 5689 Ita
2282 5643 2336 5689 et
2375 5644 2632 5691 strenuus
2677 5636 2870 5690 doctor
2898 5634 3173 5702 Ecclesiae,
3218 5636 3327 5692 nisi
3356 5650 3452 5691 eos
3486 5650 3640 5706 quos
3666 5634 3758 5689 ὼε

2176 5728 2352 5783 cuerit
2412 5727 2607 5782 viderit
2662 5727 2729 5782 ad
2775 5743 2931 5784 suam
2975 5728 3386 5783 similitudinem
3435 5726 3759 5796 poenitentia

2160 5814 2539 5893 confessionis
2574 5832 2840 5885 crescere,
2873 5825 2947 5887 et,
2994 5818 3168 5872 nitore
3197 5814 3446 5873 saeculari
3480 5815 3762 5887 deposito.

510 5454 587 5494 re.
617 5439 719 5507 Qui
755 5442 891 5497 bene
937 5443 1097 5498 docet
1121 5452 1173 5497 et
1214 5444 1353 5498 male
1392 5444 1543 5512 vivit,
1592 5446 1795 5500 bonum
1830 5450 1973 5503 malo
1999 5449 2081 5503 vi-

505 5531 666 5584 detur
696 5532 1045 5602 conjungere,
1075 5531 1249 5587 lucem
1276 5533 1510 5589 tenebris
1559 5537 1935 5606 commiscere,
1986 5554 2079 5595 ve-

508 5614 722 5670 ritatem
749 5617 1030 5671 mendacio
1060 5624 1289 5672 mutare.

578 5705 825 5762 Iracundi
873 5709 1122 5764 doctores
1144 5725 1240 5778 per
1281 5710 1487 5764 rabiem
1538 5711 1742 5769 furoris
1775 5714 2076 5787 disciplina:

506 5796 728 5851 modum
760 5798 824 5855 ad
851 5797 1243 5855 immanitatem
1266 5809 1613 5869 convertunt,
1641 5812 1693 5859 et
1726 5806 1865 5862 unde
1889 5823 2073 5864 emen-
