3948 6442
166 350 309 413 I053

1095 352 1666 415 DEFLORATIONES
1705 358 1805 418 SS.
1844 362 2153 426 PATRUM.
2192 401 2266 413 -—
2302 370 2430 427 LIB.
2473 370 2537 429 II.

3294 387 3432 446 I054

171 472 586 572 lamentationis
623 474 885 572 habiturn
918 475 984 532 de
1011 480 1219 572 peccati
1260 481 1636 540 recordatione
1665 486 1752 540 in-
1783 491 1826 549 Α
1854 482 2117 548 doctrinze
2148 494 2372 550 verbum
2400 496 2549 563 dare,
2583 499 2667 553 vel
2714 500 2798 556 cui
2832 500 3066 569 auferre,
3098 517 3151 560 et
3195 506 3316 572 hoc,
3339 516 3437 565 aug

170 566 359 635 duere,
388 575 583 637 utputa
615 568 974 624 exterioribus
1000 570 1198 637 adhuc,
1226 572 1281 627 id
1314 583 1398 629 est
1417 576 1750 645 carnalibus,

169 673 279 712 non
322 658 503 728 aperit
550 657 919 728 intelligentiae
946 660 1205 729 spiritalis
1253 664 1606 732 profundiora
1636 682 1755 738 my-

170 751 360 816 steria,
394 766 485 816 ne,
514 750 644 806 dum
681 751 864 805 audita
896 767 1004 806 non
1045 753 1290 823 capiunt,
1335 754 1460 825 plus
1491 756 1755 827 incipiant

170 850 544 909 contemnere,
580 857 745 911 quam
776 843 1023 897 venerari
1056 845 1311 899 mandata
1347 847 1609 903 coelestia.
1641 849 1756 904 Ali-

171 919 555 1003 teragendum
597 942 681 986 est
713 948 839 1003 erga
875 948 971 988 eos
996 934 1089 1004 qui
1121 944 1308 990 nostro
1339 938 1755 995 committuntur

170 1025 450 1096 regimini,
480 1025 524 1080 si
548 1024 850 1091 oﬂ‘endunt,
895 1034 1058 1095 atque
1092 1024 1249 1081 aliter
1277 1042 1401 1082 cum
1434 1026 1522 1083 his
1546 1029 1639 1099 qui
1664 1046 1758 1084 no—

169 1116 258 1172 bis
286 1116 567 1172 commissi
609 1130 718 1171 non
757 1124 904 1172 sunt.
937 1114 1041 1182 Qui
1080 1115 1216 1186 justi
1265 1125 1412 1182 sunt,
1461 1120 1755 1174 venerandi

172 1215 333 1274 sunt;
371 1207 418 1263 si
466 1222 596 1261 vero
629 1206 976 1277 delinquunt,
1001 1222 1101 1276 pro
1125 1206 1241 1261 sola
1281 1208 1564 1277 charitate,
1596 1212 1758 1267 utlo-

172 1314 275 1354 cus
307 1307 412 1365 est,
456 1297 786 1367 corripiendi
820 1307 980 1365 sunt;
1025 1313 1134 1352 nou
1167 1305 1351 1352 tamen
1394 1315 1517 1355 cum
1550 1303 1755 1358 severi-

174 1400 305 1458 tate,
332 1392 475 1447 sicut
496 1390 551 1445 bi
576 1390 668 1460 qui
695 1390 856 1445 nobis
885 1390 1104 1459 regendi
1128 1401 1256 1447 sunt
1278 1392 1576 1449 commissi.
1597 1393 1757 1452 Prius

171 1483 408 1540 docendi
454 1492 583 1539 sunt
616 1483 857 1538 seniores
887 1483 1083 1553 plebis,
1126 1492 1187 1538 ut
1225 1500 1322 1554 per
1355 1501 1451 1542 eos
1488 1486 1628 1542 infra
1656 1503 1757 1557 po-

171 1576 288 1643 siti,
323 1575 537 1631 facilius
575 1575 897 1630 doceantur.
942 1573 1224 1645 Ingenium
1266 1578 1471 1634 bonum
1516 1578 1757 1635 doctoris

174 1680 264 1726 est
305 1667 618 1739 incipientis
661 1683 692 1722 a
740 1667 997 1723 laudibus
1036 1684 1228 1725 eorum
1276 1687 1419 1741 quos
1467 1672 1758 1729 salubriter

168 1761 545 1831 objurgandos
580 1759 852 1830 corrigere
874 1759 1043 1829 cupit,
1071 1760 1214 1817 sicut
1246 1763 1538 1833 Apostolus
1563 1764 1759 1820 Corin-

1854 595 1953 649 pru
1975 581 2226 650 dicentis,
2270 594 2502 657 aut-pro
2532 591 2804 647 audientis
2832 592 2892 647 ﬁt
2941 596 3155 662 merito,
3187 609 3246 652 ut
3272 599 3435 654 modo

1855 686 1954 741 pro
1995 674 2153 743 culpa
2200 677 2373 747 plebis
2425 679 2706 736 auferatur
2733 699 2914 740 sermo
2961 686 3222 755 doctoris,
3270 690 3435 745 modo

1854 777 1986 817 vero
2035 779 2134 832 pro
2165 768 2393 824 utilibus
2444 773 2653 828 meritis
2683 776 2974 831 tribuatur.
3006 777 3140 833 Nam
3176 789 3227 834 et
3256 781 3435 837 bonus

1856 855 2013 910 docet
2047 857 2272 925 bonum,
2325 869 2381 916 et
2426 864 2605 919 malus
2647 866 2890 934 malum;
2947 871 3090 939 quod
3140 880 3321 926 tamen
3378 875 3434 927 fit

1853 946 2007 1017 juxta
2067 952 2323 1007 meritum
2382 957 2730 1026 populorum.
2788 958 2906 1015 Non
2954 963 3138 1018 omnia
3190 974 3435 1034 tempora

1857 1051 2170 1111 congruunt
2197 1046 2483 1111 doctrinae.
2531 1051 2830 1106 secundum
2883 1052 3192 1111 Salomonis
3220 1066 3439 1111 sentem

1859 1132 1989 1187 tiam
2040 1135 2273 1193 dicentis
2313 1155 2327 1192 :
2364 1158 2382 1189 ι
2422 1138 2660 1210 Tempus
2715 1144 2965 1210 tacendi,
3004 1154 3057 1201 et
3095 1156 3308 1217 tempus
3350 1149 3435 1202 lo-

1858 1223 2058 1290 quendi
2091 1223 2289 1293 (Eccle.
2318 1226 2394 1297 v).
2428 1248 2447 1279 ι
2479 1227 2594 1284 Non
2638 1232 2854 1301 quidem
2899 1250 2995 1303 per
3033 1236 3308 1304 timorem,
3339 1234 3436 1292 sed

1857 1327 1954 1383 per
1994 1313 2400 1381 discretionem,
2443 1328 2664 1388 propter
2712 1322 2981 1378 malorum
3025 1328 3436 1395 corruptibilem

1859 1402 2222 1474 iniquitatem,
2249 1423 2643 1479 nonnunquam
2671 1413 2873 1468 electos
2899 1424 3113 1484 oportet
3134 1433 3164 1471 a
3192 1417 3441 1473 doctrina

1859 1512 2098 1553 cessare.
2142 1498 2418 1556 Interdum
2449 1502 2702 1560 doctores
2746 1505 3004 1562 Ecclesia:
3037 1510 3217 1563 calore
3262 1509 3442 1564 chari-

1862 1590 1988 1645 tatis
2028 1592 2280 1649 ardentes
2315 1595 2713 1665 conticescunt,
2743 1608 2840 1655 ant
2874 1601 3140 1666 docendo,
3174 1602 3301 1671 quia
3331 1616 3441 1656 non

1859 1688 1945 1735 est
1974 1683 2067 1752 qui
2099 1683 2306 1752 audiat,
2355 1695 2590 1744 testante
2641 1694 2903 1761 propheta
2936 1711 2948 1747 :
2982 1713 3001 1745 ι
3032 1693 3294 1749 Civitates
3338 1710 3441 1749 au-

1860 1774 1960 1828 stri
1984 1775 2185 1832 clausae
2214 1787 2362 1845 sunt,
2384 1788 2439 1834 et
2468 1797 2577 1836 non
2607 1792 2690 1837 est
2721 1783 2816 1854 qui
2841 1786 3048 1854 aperiat
3073 1784 3206 1856 (Jer.
3240 1787 3384 1853 xui).
3416 1805 3436 1838 ι

167 1855 325 1949 thios
371 1853 520 1916 facit.
556 1868 695 1949 quos
718 1867 760 1949 ἐξ
790 1852 1045 1949 laudibus
1067 1853 1321 1949 inchoat,
1376 1856 1471 1912 sed
1506 1857 1756 1949 increpa-
1789 1853 1831 1907 Β
1860 1866 1963 1933 Qui
1991 1868 2222 1925 docendi
2275 1873 2472 1943 accipit
2502 1852 2760 1943 oﬂicium,
2811 1852 3088 1932 interdum.
3112 1879 3178 1933 ad
3227 1887 3443 1949 tempus

168 1947 419 2001 tionibus
465 1946 659 2016 probat
708 1943 760 2014 (ι
812 1943 935 1999 Cor.
968 1946 1029 2016 ι).
1062 1945 1168 2001 Sed
1196 1956 1353 2002 erant
1380 1948 1523 2017 apud
1559 1946 1756 2003 Coriu-

167 2038 319 2096 tbios
353 2038 450 2106 qui
497 2046 552 2092 et
596 2036 851 2091 laudibus
894 2044 949 2091 et
980 2038 1448 2107 increpationibus
1489 2040 1640 2111 digni
1667 2055 1756 2094 es-

164 2138 312 2188 sent.
356 2128 452 2184 Ille
479 2145 611 2185 vero
650 2130 947 2186 indiscrete
975 2131 1057 2186 sic
1086 2146 1241 2200 aeque
1270 2132 1527 2187 omnibus
1568 2132 1751 2202 loqui-

162 2234 279 2290 tur,
315 2232 376 2277 ut
409 2222 665 2278 omnibus
692 2232 927 2293 utraque
969 2225 1293 2285 convenisse
1332 2224 1600 2280 videatur.
1645 2223 1753 2279 Pro

163 2316 317 2374 malo
360 2316 557 2370 merito
586 2315 779 2385 plebis,
827 2315 1076 2372 aufertur
1108 2318 1356 2373 doctrina
1408 2317 1725 2388 praedicatio

163 2407 277 2465 nis.
332 2405 440 2461 Pro
488 2406 632 2462 bono
674 2407 872 2462 merito
921 2409 1216 2474 audientis,
1263 2410 1523 2467 tribuitur
1568 2424 1750 2466 sermo

160 2497 401 2553 doctori.
432 2495 488 2552 In
520 2505 785 2569 potestate
810 2498 993 2555 divina
1024 2502 1294 2570 consistit,
1324 2502 1415 2559 cui
1436 2502 1564 2558 velit
1604 2500 1749 2558 Deus

1767 2639 1844 2657 '—

1863 1957 2004 2014 facta
2041 1962 2274 2030 proximi
2307 1973 2512 2031 taceat;
2561 1982 2682 2037 quae
2726 1970 2909 2023 statim
2940 1970 3213 2039 corrigere
3263 1978 3445 2041 potest

1861 2057 1915 2103 et
1943 2049 2275 2119 dissimulat,
2325 2069 2514 2109 verum
2563 2066 2648 2111 est
2697 2058 2844 2127 quod
2881 2073 3208 2115 consensum
3239 2060 3445 2115 erroris

1863 2139 2027 2194 alieni
2076 2141 2291 2197 habeat.
2322 2143 2576 2216 Plerique
2625 2149 2802 2203 sancti
2858 2149 3112 2206 doctores
3145 2150 3443 2220 pertinacia

1860 2234 2011 2301 mali,
2040 2234 2169 2304 quia
2220 2236 2438 2307 iniquos
2481 2240 2772 2295 emendare
2814 2256 2922 2296 non
2945 2251 3201 2311 possunt,
3244 2242 3333 2297 his
3361 2251 3444 2297 ta-

1858 2339 1982 2380 cere
2020 2325 2341 2395 disponunt.
2376 2326 2480 2384 Sed
2503 2330 2741 2384 calorem
2787 2331 3017 2401 spiritus
3057 2347 3168 2402 quo
3208 2343 3447 2403 aguntur

1857 2414 2000 2471 ferre
2026 2433 2137 2473 non
2157 2420 2518 2489 sustinentes,
2545 2420 2740 2478 iterum
2773 2423 2830 2478 in
2854 2424 3283 2495 increpationem
3314 2438 3445 2494 pro-

1865 2507 2064 2565 siliunt
2097 2509 2397 2581 impiorum

1327 2783 1839 2867 DOMINICA
1916 2785 2270 2866 SEXTA.

1401 2962 1767 3026 Secundum
1808 2964 2205 3027 MGIIIIC'BUIII.

237 3125 448 3181 «Amen
466 3126 589 3181 dico
618 3124 796 3192 vobis,
823 3124 1541 3196 nisi‘abundaveritjustitia
1573 3134 1754 3181 vestra
1781 3144 1827 3203 ο
1860 3126 1960 3194 sci,
2002 3142 2111 3182 non
2143 3124 2322 3194 fratri,
2366 3128 2459 3185 sed
2491 3139 2714 3199 peccato
2758 3128 3105 3185 irascendum
3134 3137 3218 3185 est
3259 3138 3317 3185 ut
3366 3132 3445 3187 ait

154 3219 463 3292 plusquam
489 3218 801 3275 Scribarum
831 3226 885 3274 et
912 3218 1458 3285 Phariszeorummon
1481 3217 1755 3274 intrabitis

154 3315 212 3372 In
230 3329 471 3385 regnum
493 3312 1198 3384 cmiorum,etc.(Matt/z.v).
1214 3311 1374 3369 iTale
1394 3312 1598 3368 esthoc
1620 3328 1685 3367 ac
1705 3310 1753 3367 si

152 3407 314 3464 dicat
339 3424 354 3461 :
378 3403 603 3460 Studete
618 3405 871 3460 mandata
888 3406 1109 3475 implere
1125 3421 1187 3459 ac
1204 3405 1399 3461 docere
1420 3421 1433 3457 :
1464 3420 1566 3477 ego
1584 3405 1752 3472 enim,

150 3498 326 3568 cujus
343 3498 513 3553 verba
530 3512 637 3551 non
658 3505 961 3564 mutantur,
978 3498 1100 3552 dico
1116 3498 1270 3553 vobis
1283 3497 1451 3568 quod,
1467 3498 1572 3553 nisi
1592 3513 1755 3568 supe-

148 3590 425 3646 raveritis
459 3589 756 3661 injustitias
788 3588 1102 3645 Scribarum
1132 3600 1186 3644 et
1209 3589 1633 3656 Pharisazorum,
1658 3589 1752 3660 qui

148 3691 392 3753 propter
420 3696 594 3736 novas
622 3682 945 3737 traditiones
985 3681 1250 3751 justiores
1272 3690 1615 3751 reputantur,
1642 3699 1753 3737 non

148 3774 470 3846 regnabitis
517 3773 572 3828 in
623 3773 797 3829 caelis.
849 3773 1009 3839 Nota,
1067 3790 1191 3828 cum
1233 3774 1447 3844 justitia
1478 3773 1549 3829 sit
1579 3773 1754 3829 virtus

148 3869 471 3937 unicuique
500 3867 735 3922 reddens
763 3866 908 3937 quod
936 3883 1095 3922 suum
1123 3875 1225 3934 est,
1251 3868 1434 3938 plures
1470 3874 1597 3922 sunt
1629 3881 1753 3936 par-

145 3968 237 4016 tes
280 3959 541 4029 justitite,
568 3974 804 4029 quorum
834 3968 1104 4014 conventu
1145 3958 1328 4029 justus
1363 3959 1593 4014 efﬁcitur
1622 3978 1636 4014 :
1668 3974 1755 4014 re-

144 4050 293 4121 ligio
333 4049 488 4104 enim
529 4065 638 4119 qua
675 4049 956 4105 reddimus
995 4048 1107 4105 Deo
1133 4049 1279 4120 quod
1325 4064 1486 4104 suum
1531 4058 1651 4114 est;
1700 4056 1756 4103 et

142 4143 365 4214 pietas,
392 4142 709 4211 parentibus
735 4158 858 4213 quae
888 4158 986 4199 sua
1027 4151 1156 4198 sunt
1180 4142 1516 4212 persolvens.
1549 4140 1756 4195 Simili-

142 4242 236 4287 ter
271 4234 485 4300 virtus,
515 4249 637 4302 quae
663 4234 840 4289 reddit
869 4234 1173 4303 majoribus
1212 4242 1266 4288 et
1297 4232 1604 4287 minoribus
1632 4247 1755 4303 qua:

136 4342 250 4384 sua
285 4338 694 4395 sunt,,necnon
723 4329 899 4384 virtus
926 4345 1048 4398 qua:
1068 4328 1398 4399 pauperibus
1424 4327 1568 4397 quod
1592 4342 1753 4382 suum

136 4431 233 4478 est
257 4421 532 4492 largitur.
575 4419 725 4488 Haec,
753 4422 999 4492 inquam,
1023 4420 1209 4476 omnia
1236 4420 1302 4475 ad
1329 4420 1601 4491 justitiam
1630 4427 1753 4474 tan-

136 4528 331 4583 quam
362 4512 659 4583 integrales
685 4510 1017 4567 referuntur.

224 4622 249 4649 ι
286 4602 551 4659 Andistis
594 4603 723 4673 quia
770 4602 975 4658 dictum
1002 4610 1086 4658 est
1127 4602 1408 4673 antiquis:
1451 4599 1571 4655 Non
1602 4598 1751 4655 occi-

133 4699 269 4757 des.
308 4698 429 4764 Qui
459 4706 639 4753 autem
666 4696 946 4764 occiderit,
977 4713 1105 4754 reus
1137 4699 1239 4754 erit
1259 4696 1482 4768 judicio.
1508 4694 1623 4765 Ego
1652 4710 1753 4749 au-

129 4802 258 4847 tem
296 4790 442 4844 dico
464 4789 637 4852 vobis,
666 4789 792 4859 quia
821 4788 1002 4844 omnis
1039 4789 1134 4859 qui
1174 4788 1428 4843 irascitur
1457 4785 1612 4840 fratri
1653 4798 1755 4840 suo

127 4898 284 4938 reus
348 4881 465 4936 erit
506 4879 739 4950 judicio.
781 4900 800 4932 ι
851 4880 1091 4935 Pulchro
1140 4880 1393 4951 ingressu
1438 4892 1576 4947 opus
1620 4874 1754 4947 legis

124 4975 329 5046 ccepit
352 4974 640 5042 excedere,
667 4988 775 5028 non
804 4974 1121 5029 dissolvere.
1159 4972 1348 5042 Aperit
1375 4984 1612 5040 namque
1638 4982 1756 5022 mo-

126 5081 265 5125 tum
298 5065 487 5121 animi
523 5066 590 5121 ad
630 5066 938 5121 nocendum
989 5065 1144 5120 fratri
1190 5065 1245 5119 in
1277 5063 1573 5119 homicidio
1604 5076 1755 5117 com-

120 5157 376 5231 putari,
429 5172 553 5211 cum
614 5157 768 5226 prius
823 5172 931 5211 non
994 5156 1336 5212 altenderent
1398 5154 1754 5210 homicidium

119 5265 296 5318 esse,
338 5247 457 5304 nisi
505 5250 928 5319 peremptionem
974 5249 1223 5319 corporis
1260 5247 1505 5302 humani.
1550 5246 1755 5300 Sensus

117 5351 221 5398 est
252 5358 271 5396 :
304 5336 535 5411 judicio
578 5338 713 5410 legis
758 5338 930 5410 Moysi
963 5355 1090 5395 reus
1117 5339 1325 5407 estqui
1366 5338 1565 5394 occidit
1593 5344 1752 5403 actu;

118 5434 234 5491 sed
262 5445 398 5503 ego
425 5430 548 5486 dico
574 5430 750 5494 vobis,
772 5431 901 5501 quia
921 5429 1128 5500 judicio
1150 5429 1386 5486 cmlestis
1410 5429 1565 5500 legis,
1589 5442 1753 5498 quam

115 5529 364 5586 doceo.
409 5538 538 5578 reus
563 5531 649 5579 est
688 5524 870 5578 omnis
918 5523 1012 5593 qui
1052 5523 1308 5578 irascitur
1341 5520 1494 5575 iratri
1541 5536 1662 5576 suo.
1696 5518 1755 5574 ln

114 5614 510 5694 quibusdam
538 5615 816 5670 codicibus
854 5615 1073 5670 additur
1121 5615 1238 5669 sine
1268 5628 1473 5680 causa;
1528 5612 1623 5668 sed
1670 5627 1757 5665 ra-

112 5710 546 5773 dendumcst,
573 5708 699 5777 quia
725 5707 803 5762 ira
832 5707 1050 5777 penitus
1082 5707 1307 5775 tollitur,
1342 5716 1397 5762 et
1421 5705 1549 5777 quia
1574 5703 1756 5759 inimi-

110 5821 231 5873 eos
270 5807 525 5858 nostros
551 5816 733 5857 amare
751 5801 1028 5872 jubcmur.
1063 5800 1217 5868 Quod
1259 5802 1309 5857 si
1337 5801 1615 5873 contingat
1646 5799 1753 5855 ira-

1857 3215 2148 3272 Psalmista
2178 3237 2190 3271 :
2230 3237 2248 3269 ι
2286 3216 2593 3274 Iraseiinini
2625 3219 2800 3287 (Psal.
2837 3222 2934 3291 iv),
2972 3239 2992 3273 ι
3024 3220 3277 3276 videlicet
3315 3237 3444 3291 pec-

1856 3318 1998 3365 cato.
2036 3306 2191 3364 Unde
2218 3310 2504 3381 sequitur:
2536 3330 2554 3362 ι
2588 3309 2762 3365 Nolite
2790 3326 3017 3381 peccare
3044 3311 3249 3382 (ibid.).
3288 3331 3307 3363 ι
3337 3310 3442 3367 Sed

1859 3403 2156 3458 notandum
2182 3403 2460 3474 geminum
2485 3419 2605 3460 esse
2629 3404 2873 3459 divinum
2896 3405 3167 3474 judicium
3198 3423 3210 3458 :
3233 3402 3441 3470 Unum,

1855 3510 1965 3567 quo
1992 3504 2047 3550 et
2076 3495 2164 3551 hic
2189 3495 2508 3566 judicantur
2545 3496 2826 3563 homines;
2877 3496 2932 3550 in
2963 3495 3149 3551 futuro
3185 3496 3442 3551 alterum.

1856 3588 2012 3657 Quod
2042 3598 2330 3661 propterea
2374 3591 2463 3645 hic
2486 3590 2824 3660 judicantur,
2858 3606 2926 3644 ne
2967 3589 3079 3645 illic
3100 3590 3439 3659 judicentur.

1854 3681 2088 3753 Ideoque
2106 3684 2434 3753 quibusdam
2462 3683 2527 3737 ad
2560 3683 2937 3754 purgationem
2965 3682 3280 3752 temporalis
3309 3696 3441 3750 pro~

1856 3773 1969 3828 ﬁcit
2003 3790 2192 3844 poena;
2244 3774 2574 3844 quibusdam
2608 3789 2735 3828 vero
2764 3774 2853 3828 hic
2885 3774 3109 3829 inchoat
3136 3773 3441 3838 damnatio,

1855 3875 1908 3921 et
1930 3866 2039 3920 illic
2064 3864 2304 3935 perfecta
2327 3875 2578 3935 speratur
2607 3866 2859 3935 perditio.
2899 3864 2958 3919 In
2987 3867 3198 3936 judicio
3223 3865 3440 3935 reprobi

1856 3954 2251 4008 humanitatem
2282 3954 2511 4018 Christi,
2536 3954 2591 4007 in
2620 3969 2727 4022 qua
2750 3954 3028 4023 judicatus
3054 3964 3158 4017 est,
3182 3955 3443 4013 videbunt

1856 4053 1915 4097 ut
1948 4043 2197 4108 doleant;
2230 4042 2568 4097 divinitatem
2601 4056 2731 4096 vero
2770 4042 2889 4111 ejus
2917 4058 3025 4096 non
3051 4042 3333 4108 videbunt,
3368 4060 3437 4098 ne

1856 4137 2144 4209 gaudeant.
2179 4135 2389 4204 Quibus
2411 4136 2557 4190 enim
2592 4136 2853 4191 divinitas
2883 4137 3210 4203 ostenditur,
3252 4138 3441 4208 utique

1855 4229 1922 4283 ad
1954 4228 2211 4299 gaudium
2237 4229 2663 4283 demonstratur.
2683 4227 2789 4284 Pro
2815 4230 3129 4283 diversitate
3155 4230 3442 4284 conscien-

1857 4321 2057 4376 tiarum
2088 4328 2142 4374 et
2188 4320 2337 4374 mitis
2385 4320 2667 4389 apparebit
2699 4321 2753 4375 in
2791 4320 3000 4390 judicio
3028 4321 3280 4376 Christus
3328 4321 3441 4377 elc-

1858 4412 1980 4478 etis,
2030 4419 2083 4466 et
2134 4411 2392 4465 terribilis
2440 4412 2709 4481 reprobis.
2744 4409 2880 4466 Nam
2932 4412 3146 4482 qualem
3208 4413 3441 4482 quisque

1765 4505 1831 4559 'D
1857 4503 2248 4559 conscientiam
2299 4502 2520 4571 tulerit,
2568 4503 2729 4557 talem
2777 4502 3015 4573 judicem
3070 4503 3315 4569 habebit,
3358 4512 3439 4573 ut,

1858 4604 2113 4650 manente
2136 4596 2190 4649 in
2235 4610 2334 4651 sua
2365 4595 2757 4665 tranquillitate
2775 4594 3017 4662 Christo,
3048 4595 3154 4651 illis
3186 4595 3440 4649 terribilis

1859 4687 1990 4743 solis
2027 4695 2306 4757 appareat,
2342 4701 2483 4757 quos
2518 4687 2853 4742 conscientia
2903 4687 2957 4741 in
2990 4688 3149 4741 malis
3195 4698 3437 4744 accusat.

1858 4779 1991 4835 Duae
2021 4791 2151 4836 sunt
2171 4780 2490 4836 diﬂ‘erentia:
2523 4781 2607 4834 vel
2634 4781 2854 4837 ordines
2885 4779 3167 4834 hominum
3199 4780 3251 4833 in
3293 4777 3440 4847 judi-

1857 4872 1965 4937 cio,
2019 4872 2123 4927 hoc
2152 4880 2235 4928 est
2278 4872 2575 4926 electorum
2617 4879 2672 4927 et
2714 4871 3092 4941 reproborum.
3124 4869 3226 4937 Qui
3259 4878 3439 4925 tamen

1857 4964 2178 5020 dividuntur
2213 4965 2267 5018 in
2295 4974 2534 5034 quatuor
2565 4983 2578 5017 :
2609 4962 2981 5019 Perfectorum
3006 4963 3141 5017 ordo
3164 4979 3307 5018 unus
3333 4971 3437 5029 est,

1857 5054 2106 5123 quicum
2154 5052 2386 5108 Domino
2428 5052 2665 5122 judicat,
2710 5061 2764 5107 et
2814 5052 2955 5107 alius
2995 5053 3089 5123 qui
3133 5053 3434 5122 judicatur.

1860 5144 2166 5215 Utrumque
2196 5153 2378 5199 tamen
2411 5160 2535 5199 cum
2565 5144 2787 5199 Christo
2820 5145 3143 5215 regnabnnt.
3180 5143 3441 5199 Similiter

1857 5237 1992 5292 ordo
2020 5235 2376 5305 reproborum
2409 5236 2642 5305 partitur
2678 5236 2731 5289 in
2754 5235 2994 5304 duobus,
3013 5236 3140 5290 dum
3166 5236 3218 5290 bi
3238 5237 3328 5306 qui
3355 5236 3436 5289 in-

1856 5340 1939 5385 tra
1958 5328 2255 5383 Ecclesiam
2274 5328 2403 5381 mali
2425 5327 2707 5398 judicandi
2728 5337 2857 5384 sunt
2879 5338 2932 5382 et
2946 5328 3262 5384 damnandi.
3290 5327 3435 5397 (εἰς.)

1856 5420 2076 5475 Primus
2106 5419 2270 5489 igitur
2292 5419 2427 5473 ordo
2451 5434 2641 5474 eorum
2669 5420 2761 5490 qui
2789 5419 3105 5489 judicantur
3130 5428 3180 5473 et
3208 5427 3438 5486 pereunt

1858 5512 2152 5583 opponitur
2182 5512 2256 5566 illi
2280 5511 2458 5566 ordini
2495 5512 2789 5579 bonorum,
2827 5512 2893 5566 de
2921 5525 3031 5581 quo
3060 5518 3186 5564 sunt
3212 5507 3305 5578 qui
3340 5507 3433 5578 ju—

1857 5606 2111 5661 dicantur
2136 5613 2190 5658 et
2220 5611 2468 5672 regnant.
2517 5602 2801 5659 Secundus
2822 5602 2957 5657 ordo
2977 5616 3164 5656 eorum
3204 5599 3296 5669 qui
3324 5616 3432 5657 non

1853 5697 2169 5769 judicantur
2194 5703 2246 5751 et
2276 5703 2505 5765 pereunt
2527 5694 2818 5765 opponitur
2849 5693 2925 5748 illi
2953 5693 3127 5749 ordini
3160 5692 3430 5763 perfecto-

1859 5807 2004 5857 rum,
2029 5789 2079 5844 in
2103 5804 2214 5862 quo
2258 5796 2393 5843 sunt
2421 5787 2474 5842 hi
2505 5787 2598 5858 qui
2632 5801 2738 5841 non
2757 5785 3070 5858 judicantur
3098 5792 3153 5840 et
3180 5789 3431 5856 regnant.
