3948 6444
513 373 656 435 1055

1650 368 1986 451 'WERNEBI
2022 368 2314 426 ABBATIS
2352 369 2412 427 ε.
2450 370 2672 427 ΒιΑειι

509 496 732 552 Tertius
767 494 904 550 ordo
933 506 1125 549 eorum
1158 490 1254 562 qui
1278 486 1598 561 iudicantur
1629 496 1686 544 et
1723 498 1952 561 regnant
1978 508 1991 545 :
2022 487 2099 545 illi
2127 494 2176 552 Α
2204 488 2447 559 ponitur,
2483 496 2545 545 ut
2574 487 2771 545 inferni
2796 488 3071 549 cruciatus
3100 489 3370 564 designet.
3404 489 3660 550 Tractum
3689 509 3760 556 est

510 588 688 643 ordini
724 596 807 642 est
836 584 1165 650 contrarius,
1196 583 1265 639 de
1307 597 1418 653 quo
1456 590 1586 638 sunt
1636 582 1731 653 qui
1773 582 2091 653 iudicantur

508 690 564 735 et
593 686 836 749 pereunt.
862 676 1103 743 Quartus
1124 675 1259 731 ordo
1293 690 1484 729 eorum
1512 674 1607 745 qui
1639 690 1746 730 non
1774 675 2094 745 iudicantur

508 780 561 825 ct
607 775 837 837 regnant
862 766 1156 836 Opponitur
1200 765 1277 819 illi
1318 765 1597 820 contrario
1645 765 1852 831 ordini,
1900 765 1954 819 in
1983 781 2092 836 quo

508 858 585 913 illi
612 867 740 913 sunt
760 857 854 927 qui
886 873 992 912 non
1018 857 1337 927 iudicantur
1360 863 1414 910 et
1456 865 1704 925 pereunt.
1735 855 1962 911 Gemina
1991 872 2095 926 pu-

508 951 658 1006 nitur
701 950 969 1005 sententia
1020 948 1242 1019 impius,
1290 948 1420 1003 dum
1464 956 1559 1003 aut
1596 949 1686 1003 hic
1724 963 1950 1018 prorsus
1991 961 2093 1017 pro

508 1042 626 1098 suis
652 1041 861 1096 meritis
884 1040 1084 1096 mentis
1107 1040 1348 1096 excitate
1372 1039 1694 1109 percutitur,
1718 1055 1786 1095 ne
1809 1039 2092 1094 veritatem

506 1134 713 1200 videat;
753 1142 849 1189 aut
873 1134 1004 1189 dum
1043 1133 1097 1188 in
1136 1133 1245 1188 fine
1274 1131 1626 1188 damnabitur
1653 1140 1713 1186 ut
1737 1132 1948 1189 debitas
1977 1146 2096 1203 pa:-

506 1241 607 1281 nas
634 1226 901 1281 exsolvat.

583 1336 602 1368 ι
631 1317 733 1383 Qui
758 1325 939 1371 autem
964 1315 1164 1371 dixerit
1186 1314 1338 1371 fratri
1368 1331 1499 1372 suo:
1522 1331 1667 1382 raca,
1689 1330 1816 1371 reus
1836 1315 1940 1370 erit
1961 1330 2095 1370 con-

506 1406 652 1463 silio.
682 1407 787 1474 Qui
836 1416 1017 1463 autem
1052 1407 1289 1462 dixerit:
1320 1406 1485 1473 fatue,
1531 1422 1659 1463 reus
1691 1407 1794 1461 erit
1836 1406 2095 1477 gehennae

507 1498 670 1571 ignis.
702 1519 721 1551 ι
753 1499 900 1554 Raca
936 1499 1161 1554 verbum
1188 1500 1407 1570 proprie
1433 1506 1518 1554 est
1544 1496 1914 1553 Hebraeorum.
1948 1496 2093 1552 Raca

505 1592 652 1647 enim
681 1590 883 1646 dicitur
910 1606 1098 1658 cenos,
1132 1590 1185 1645 id
1213 1599 1297 1645 est
1344 1591 1523 1645 inanis
1557 1598 1651 1645 aut
1680 1605 1907 1655 vacuus,
1931 1604 2093 1660 quem

508 1699 611 1739 nos
632 1685 848 1754 vulgata
874 1683 1073 1752 injuria
1098 1684 1305 1753 absque
1329 1682 1557 1737 cerebro
1576 1682 1758 1736 dicere
1779 1696 2091 1751 possumus.

509 1771 616 1840 Qui
642 1789 771 1844 ergo
800 1774 1089 1829 vacuitatis
1114 1774 1466 1843 opprobrium
1494 1774 1625 1828 dicit
1646 1772 1798 1827 fratri
1819 1788 1938 1839 suo,
1969 1772 2094 1842 Spi-

2197 581 2383 651 itaque
2410 597 2441 637 a
2479 581 2702 638 nomine
2734 582 2838 639 loci
2867 599 2932 638 ex
2960 584 3107 639 caede
3134 584 3426 639 hominum
3455 583 3529 639 ibi
3559 586 3758 646 interfo-

2197 682 2409 729 ctorum
2453 674 2733 729 horribilis
2780 689 2844 730 ac
2888 674 3222 742 fetidissimi,
3281 675 3379 745 qui
3433 676 3637 732 dicitur
3679 696 3758 750 ge.

2200 765 2403 830 henna,
2446 766 2496 821 id
2542 774 2629 822 est
2671 767 2829 822 vallis
2870 766 3105 821 filiorum
3137 767 3377 834 Ennom,
3409 775 3467 823 et
3512 769 3757 841 signiﬁcat

2198 854 2382 912 futura
2424 858 2708 928 supplicia.
2743 857 2798 913 In
2831 858 2933 914 hac
2984 858 3120 913 valle
3147 859 3306 915 lucus
3342 869 3465 915 erat
3489 876 3756 919 consecra-

2196 959 2287 1006 tus
2333 952 2477 1007 idolo
2522 951 2670 1018 Baal,
2703 953 2792 1007 cui
2823 952 3094 1008 dementia
3128 951 3300 1007 Israel
3346 951 3675 1021 immolabat,
3711 967 3757 1013 et

2198 1041 2339 1097 filios
2384 1057 2515 1098 suos
2558 1042 2844 1098 daemoniis
2890 1043 3229 1098 incendebat.
3276 1041 3375 1097 Est
3420 1054 3599 1099 autem
3627 1044 3757 1103 locus

2197 1132 2314 1203 ipse
2343 1133 2498 1203 juxta
2554 1132 2888 1189 Hierusalem
2925 1133 2991 1189 ad
3041 1133 3279 1189 radicem
3332 1135 3539 1190 montis
3590 1134 3753 1205 loris,

2198 1224 2290 1280 ubi
2317 1224 2464 1280 Siloa
2505 1225 2641 1281 ﬂuit.
2668 1224 2784 1281 Hoc
2806 1224 3013 1298 Regum
3036 1226 3295 1280 volumen
3323 1235 3380 1280 et
3416 1224 3755 1296 Paralipome-

2197 1333 2305 1373 non
2344 1326 2399 1373 et
2442 1316 2707 1373 Jercmias
2736 1317 2984 1373 scribunt
3027 1318 3369 1388 plenissime,
3392 1326 3448 1372 et
3481 1320 3755 1375 commina-

2196 1416 2288 1462 tur
2319 1408 2461 1464 Deus
2497 1424 2556 1463 se
2593 1409 2773 1464 locum
2814 1409 2991 1479 ipsum
3032 1409 3385 1480 impleturum
3427 1409 3758 1468 cadaveribus

2198 1509 2564 1567 mortuorum,
2620 1510 2681 1556 ut
2738 1516 3080 1572 nequaquam
3138 1511 3365 1556 vocetur
3426 1499 3664 1572 Topbeth
3710 1513 3757 1559 et

2198 1589 2349 1657 Baal,
2381 1592 2474 1647 scd
2517 1601 2740 1647 vocetur
2765 1591 3136 1664 Poyandrum,
3170 1592 3222 1647 id
3253 1602 3339 1647 est
3366 1592 3611 1648 tumulus
3628 1608 3753 1648 mor.

2198 1689 2439 1738 tuorum.
2495 1682 2765 1749 Quoniam
2818 1700 2947 1739 reus
3004 1684 3110 1739 erit
3158 1684 3426 1754 gehenna:
3484 1684 3624 1755 ignis
3675 1687 3755 1757 qui

2197 1774 2396 1829 dixerit
2442 1774 2589 1829 fatue
2644 1774 2796 1829 fratri
2840 1791 2960 1842 suo,
3016 1790 3147 1845 ergo
3203 1776 3577 1831 reconciliatio
3630 1792 3754 1848 qua-

510 1866 675 1920 ritum
701 1865 859 1935 pleno
884 1864 1305 1932 (sic),nitnirum
1330 1879 1455 1919 reus
1472 1863 1782 1919 ﬁtconsilio
1805 1862 2095 1932 aciudicio
2127 1853 2168 1908 Β
2197 1867 2363 1921 renda
2395 1875 2478 1922 est
2527 1882 2558 1921 a
2610 1866 2780 1923 fratre
2825 1868 2976 1923 Leso.
3031 1866 3098 1922 Et
3143 1868 3249 1923 hoc
3292 1876 3381 1922 est
3419 1868 3564 1939 quod
3592 1868 3755 1939 sequis

510 1966 846 2021 sanctorum,
890 1955 1277 2011 contumeliam
1329 1954 1502 2011 sancti
1548 1953 1785 2024 Spiritus
1834 1953 2089 2007 luiturus.

506 2045 656 2103 Raca
687 2048 992 2117 interiectio
1016 2057 1121 2114 est,
1148 2046 1399 2102 affectum
1426 2046 1757 2116 indignantis
1778 2046 2089 2101 ostendens.

506 2137 622 2193 Hoc
643 2139 789 2195 enim
818 2138 1000 2194 audivi
1029 2154 1060 2193 a
1089 2138 1327 2209 quodam
1351 2136 1598 2193 Hebraeo.
1617 2138 1754 2193 Cum
1781 2138 1833 2193 id
1863 2138 2095 2192 interro-

506 2246 741 2303 gassem,
765 2231 904 2286 dixit
932 2245 1053 2286 esse
1071 2245 1263 2286 vocem
1287 2245 1395 2285 non
1425 2230 1818 2300 signiﬁcantem
1861 2229 2091 2300 aliquid,

507 2324 603 2378 sed
628 2323 959 2393 indignantis
1005 2322 1172 2377 animi
1230 2331 1439 2377 motum
1492 2322 1906 2391 exprimentem.
1962 2320 2096 2374 Fra-

509 2423 595 2470 ter
625 2423 808 2470 noster
832 2424 915 2470 εει
936 2415 1030 2485 qui
1062 2415 1116 2469 in
1144 2413 1423 2469 Christum
1466 2413 1656 2468 credit.
1687 2411 1790 2479 Qui
1821 2428 1948 2467 vero
1973 2428 2094 2466 cre«

508 2505 655 2560 denti
686 2506 740 2560 in
782 2505 949 2560 Deum
975 2506 1107 2560 dicit
1140 2524 1153 2559 :
1192 2505 1358 2572 fatue,
1389 2504 1588 2574 impius
1612 2512 1696 2558 est
1727 2502 1780 2557 in
1813 2503 2091 2572 religione.

513 2595 615 2663 Qui
643 2612 792 2666 ergo,
817 2613 977 2667 quem
1009 2597 1176 2653 salem
1209 2596 1352 2653 Deus
1385 2604 1665 2665 nuncupat
1691 2595 1771 2649 vel
1800 2594 1934 2648 vitio
1957 2592 2097 2646 infa-

507 2692 644 2746 tuati
677 2706 874 2746 sensus
891 2692 1190 2746 Iassescent
1205 2690 1347 2761 (sic).
1366 2690 1517 2759 prius
1538 2688 1852 2757 huiusmodi
1870 2686 2096 2741 maledi-

507 2792 596 2837 cto
627 2782 813 2836 ateroi
844 2782 985 2851 ignis
1012 2782 1270 2852 pabulum
1294 2782 1418 2847 erit,
1450 2781 1556 2835 nisi
1589 2781 1712 2835 inde
1744 2777 2091 2834 satisfecerit.

505 2871 724 2929 Justitia
761 2873 1163 2928 Pharisaeorum
1189 2882 1271 2928 est
1300 2881 1489 2928 utnon
1522 2873 1838 2939 occidatur;
1881 2870 2094 2941 iustitia

508 2965 728 3020 illorum
761 2966 855 3037 qui
885 2966 1140 3020 intraturi
1183 2973 1312 3020 sunt
1346 2966 1401 3020 in
1448 2982 1673 3037 regnum
1705 2966 1993 3031 emlorum,
2035 2973 2096 3020 ut

508 3073 620 3113 non
657 3059 982 3114 irascantur.
1016 3058 1121 3125 Qui
1174 3074 1283 3113 non
1325 3059 1524 3115 occidit
1562 3059 1824 3114 continuo
1855 3073 1963 3113 non
2010 3069 2096 3113 est

509 3165 744 3220 magnus
793 3158 846 3206 et
896 3151 1125 3207 idoneus
1182 3166 1351 3222 regno
1409 3150 1713 3214 caelorum,
1771 3150 1864 3205 sed
1913 3159 2091 3204 tamen
2123 3184 2163 3242 ο

509 3240 757 3295 ascendit
784 3240 1019 3310 aliquem
1063 3242 1313 3312 gradum.
1345 3240 1660 3295 Perficietur
1693 3249 1872 3294 autem
1901 3240 1946 3295 si
1985 3256 2092 3294 non

510 3333 802 3389 irascatur.
821 3334 1019 3391 Levius
1045 3342 1128 3390 est
1152 3334 1311 3390 irasci
1340 3333 1492 3388 fratri
1517 3349 1680 3403 quam
1709 3334 1888 3387 dicere
1908 3351 1922 3388 :
1942 3349 2091 3399 raca;

509 3434 566 3482 et
595 3426 767 3482 levius
802 3427 983 3482 dicere
1031 3443 1157 3482 raca
1188 3442 1353 3497 quam
1406 3425 1571 3480 fatue.
1608 3425 1795 3479 Primo
1839 3424 1984 3479 enim
2010 3432 2093 3480 est

510 3517 593 3574 ira
616 3518 764 3585 sola;
793 3528 981 3589 postea
1004 3518 1135 3583 duo,
1164 3518 1242 3572 ira
1265 3526 1317 3572 et
1337 3532 1441 3571 vox
1466 3517 1881 3587 indignationis;
1910 3526 2095 3586 postea

510 3615 639 3678 tria,
682 3616 786 3681 ira,
816 3625 872 3671 et
914 3632 1043 3680 vox,
1076 3623 1132 3670 ει
1166 3622 1313 3669 certa
1355 3613 1652 3682 expressio.
1695 3611 1967 3667 Iudicium
2013 3619 2098 3667 εει

514 3706 632 3772 iraa,
661 3707 714 3760 in
744 3723 854 3777 quo
879 3707 1057 3762 adhuc
1082 3706 1243 3761 datur
1271 3706 1426 3761 locus
1446 3704 1773 3760 defensioni.
1796 3703 1891 3760 Est
1913 3714 2095 3760 autem

511 3796 797 3852 distinctio
845 3797 987 3853 inter
1015 3798 1281 3868 iudicium
1320 3806 1374 3853 et
1414 3797 1684 3867 iustitiam
1729 3797 1784 3851 in
1826 3812 1893 3852 eo
1948 3797 2095 3868 quod

507 3884 925 3957 diﬂ‘crtiustitia
956 3903 985 3941 a
1027 3887 1257 3958 iudicio.
1303 3887 1454 3943 Solet
1492 3888 1636 3943 enim
1665 3887 1931 3958 iudicium
1970 3904 2098 3959 pra-

509 3990 666 4042 vum,
692 3977 838 4048 quod
871 3978 1133 4049 iniustum
1160 3987 1243 4036 est
1270 3994 1555 4045 exercere;
1581 3979 1792 4050 iustitia
1828 3996 1957 4036 vero
1987 3981 2096 4035 ini-

510 4082 621 4138 qua
650 4077 702 4124 et
728 4069 931 4139 iniusta
960 4086 1082 4126 esse
1118 4085 1224 4125 non
1252 4079 1447 4141 potest.
1482 4068 1539 4124 In
1578 4069 1810 4125 consilio
1847 4086 1954 4125 non
1982 4070 2094 4140 iam

507 4174 638 4216 cum
670 4161 789 4231 ipso
817 4178 912 4217 reo
934 4163 1133 4234 agitur,
1176 4163 1270 4219 sed
1298 4163 1510 4234 iudices
1547 4163 1689 4217 inter
1727 4178 1785 4219 se
1810 4162 2098 4219 conferunt

512 4251 583 4308 de
608 4254 894 4323 supplicio.
934 4254 1165 4311 Concilii
1195 4269 1376 4311 autem
1417 4270 1616 4311 nomen
1649 4264 1884 4311 tractum
1923 4264 2095 4311 estex

512 4358 669 4399 more
697 4342 1091 4401 Romanorum.
1126 4345 1397 4417 Tempore
1431 4347 1574 4402 enim
1607 4363 1716 4418 quo
1749 4363 1928 4404 causa:
1966 4363 2095 4420 age-

509 4435 733 4504 bantur,
764 4438 1159 4493 conveniebant
1178 4448 1369 4495 omnes
1394 4440 1447 4494 in
1473 4455 1665 4506 unum,
1698 4441 2095 4511 communique

2197 1964 2287 2011 tur
2316 1974 2333 2012 2

2273 2065 2293 2100 t
2333 2046 2388 2102 Si
2421 2063 2552 2115 ergo
2574 2048 2736 2105 offers
2761 2066 2963 2106 munus
2997 2058 3152 2105 tttum
3177 2048 3245 2104 ad
3280 2050 3475 2115 altare,
3511 2059 3566 2105 et
3588 2050 3656 2106 ibi
3682 2067 3755 2108 re-

2197 2139 2452 2194 cordatus
2486 2140 2656 2197 fueris
2696 2142 2823 2212 quia
2862 2141 3030 2197 frater
3064 2150 3193 2197 tuus
3223 2141 3391 2196 habet
3433 2141 3631 2212 aliquid
3670 2142 3752 2198 ad-

2196 2245 2414 2285 versum
2443 2240 2515 2296 te,
2540 2233 2789 2303 relinque
2819 2233 2894 2288 ibi
2933 2249 3135 2289 munus
3161 2243 3316 2287 tuum
3353 2241 3481 2287 ante
3507 2234 3681 2299 altare,
3710 2244 3755 2290 τι

2195 2321 2332 2375 vade
2371 2322 2524 2391 prius
2569 2324 2914 2379 reconciliari
2956 2324 3110 2379 fratri
3141 2334 3262 2390 tuo,
3295 2333 3352 2380 et
3393 2333 3523 2380 tunc
3559 2325 3755 2380 veniens

2198 2410 2393 2467 offeres
2412 2428 2615 2468 munus
2644 2422 2819 2469 tuum.
2853 2433 2870 2465 ι
2902 2413 3215 2470 Absurdum
3247 2424 3333 2470 est
3358 2418 3753 2470 transmarinum

2198 2502 2443 2569 fratrem,
2481 2505 2526 2560 si
2565 2506 2639 2560 ita
2671 2505 2951 2572 acciderit,
2981 2507 3205 2561 credere
3232 2508 3606 2576 quaerendum.
3635 2505 3755 2576 Ergo

2198 2598 2267 2652 ad
2314 2598 2580 2666 spiritalia
2636 2598 2884 2668 refugere
2943 2598 3212 2668 cogimur,
3269 2607 3329 2652 ut
3378 2599 3525 2668 quod
3574 2599 3753 2654 dictum

2197 2694 2338 2741 estzt
2360 2686 2509 2742 Vade
2541 2686 2693 2757 prius
2716 2688 3059 2742 reconciliari
3083 2686 3239 2742 fratri
3265 2697 3383 2753 tuo,
3404 2709 3424 2740 ο
3450 2690 3565 2744 sine
3586 2690 3755 2743 absur-

2198 2777 2366 2833 ditate
2396 2780 2568 2849 possit
2614 2779 2859 2849 intelligi.
2903 2777 3013 2834 Nos
3045 2794 3241 2834 sumus
3284 2780 3565 2849 templum,
3607 2780 3758 2834 altare

2197 2879 2281 2926 est
2323 2871 2456 2926 lides
2492 2872 2737 2926 interior.
2782 2870 2918 2925 Cum
2967 2886 3099 2940 ergo
3140 2870 3194 2925 in
3231 2872 3399 2926 corde
3445 2880 3628 2927 nostro
3659 2870 3755 2924 Do-

2197 2962 2349 3016 mino
2378 2962 2633 3019 volumus
2676 2962 2871 3017 offerre
2916 2962 3243 3028 orationem,
3283 2963 3329 3018 si
3376 2963 3429 3017 in
3464 2964 3643 3034 aliquo
3678 2963 3762 3017 le-

2198 3054 2375 3110 sitnus
2414 3053 2659 3119 fratrem,
2696 3054 3028 3125 pergendum
3082 3063 3167 3110 est
3215 3070 3325 3109 non
3386 3056 3607 3125 pedibus
3648 3068 3761 3108 wr-

2199 3144 2369 3214 poris,
2428 3145 2521 3200 sed
2588 3146 2827 3200 motibus
2890 3144 3061 3200 animi
3129 3145 3199 3200 ad
3258 3147 3760 3202 reconciliationem.

2200 3235 2258 3290 Si
2300 3246 2478 3290 autem
2511 3250 2753 3306 prznsens
2794 3236 2885 3303 sit,
2929 3236 3273 3292 revocandus
3313 3246 3393 3292 est
3434 3238 3487 3292 in
3516 3237 3765 3307 gratiam,

2198 3328 2524 3398 postulando
2576 3327 2813 3398 veniam,
2860 3326 2909 3385 si
2949 3329 3103 3400 prius
3134 3329 3226 3385 hic
3266 3344 3438 3384 coram
3468 3328 3581 3385 Deo
3627 3328 3773 3385 fece-

2198 3419 2299 3474 ris.

2877 3497 2954 3565 De
2995 3511 3101 3566 ira.

2269 3600 2351 3656 ira
2387 3601 2746 3657 nihilominus
2775 3611 2860 3658 est
2893 3603 3232 3658 multimodis
3267 3601 3511 3658 furiosa:
3551 3603 3777 3672 ipsaque

2198 3710 2230 3750 a
2259 3696 2508 3765 superbia
2540 3704 2593 3750 et
2616 3695 2819 3750 invidia
2871 3704 3022 3763 nata,
3048 3711 3195 3751 nunc
3249 3696 3580 3751 intrinsecus
3620 3710 3771 3749 exar-

2196 3787 2447 3853 descens,
2511 3802 2657 3843 nunc
2714 3788 2768 3842 in
2817 3802 3005 3843 vocem
3070 3787 3342 3843 factumve
3400 3801 3770 3857 prorumpens,

2197 3879 2533 3934 nuncetiam
2564 3878 2861 3933 inveterata
2905 3893 2964 3934 se
3008 3879 3063 3934 in
3115 3879 3302 3934 odium
3350 3887 3573 3934 vertens
3626 3892 3773 3933 omne

2192 3972 2458 4044 iudicium
2476 3981 2530 4028 et
2545 3974 2809 4028 rationem
2832 3972 3028 4028 mentis
3043 3973 3319 4043 perturbat
3334 3982 3501 4043 atque
3512 3971 3772 4043 pervertit.

2197 4064 2342 4121 Inter
2363 4065 2469 4121 alia
2500 4066 2638 4121 mala
2670 4067 2725 4121 in
2748 4065 3085 4137 patientiam,
3111 4066 3405 4131 clamores,
3450 4066 3624 4130 rixas,
3655 4078 3775 4118 eon-

2196 4158 2357 4226 vicia,
2412 4158 2811 4223 contentiones,
2849 4158 3273 4228 indignationes,
3302 4156 3620 4220 maledicta,
3651 4170 3778 4224 saepe

2197 4252 2360 4307 etiam
2387 4251 2653 4322 plurimas
2667 4251 2903 4322 proximi
2919 4251 3191 4318 laesiones,
3218 4249 3450 4319 sanguis
3472 4249 3773 4309 effusiones,

2197 4352 2251 4400 et
2278 4342 2568 4398 homicidia
2596 4344 2759 4413 parit.
2788 4343 2992 4399 Contra
3022 4342 3166 4398 hanc
3218 4356 3443 4413 quoque
3466 4342 3590 4412 ipsa
3615 4338 3779 4395 chari-

2197 4444 2285 4492 tas
2309 4445 2363 4491 et
2399 4436 2681 4491 humilitas
2709 4444 2873 4506 atque
2898 4435 3160 4507 patientia
3189 4449 3299 4489 non
3349 4433 3537 4489 solum
3590 4431 3778 4487 amicos

511 4502 815 4584 intentione
837 4529 1162 4585 tractabant.
1190 4528 1343 4585 Unde
1369 4539 1423 4585 ει
1444 4502 1735 4587 concilium
1760 4548 1790 4587 a
1816 4502 2094 4587 communi
2127 4502 2255 4583 Βέι
2278 4527 2421 4582 bona
2453 4526 2611 4582 nobis
2637 4502 2918 4593 facientes,
2954 4541 3050 4581 seu
3097 4525 3236 4579 nihil
3263 4524 3394 4579 mali
3453 4523 3778 4578 inferentes:

514 4619 820 4675 intentione
858 4620 1062 4676 dictum
1094 4622 1253 4692 quasi
1288 4624 1598 4678 consilium.
1629 4621 1763 4678 Nam
1812 4624 1934 4679 cilia
1962 4639 2095 4679 oeu-

510 4712 692 4768 lorum
740 4722 887 4768 sunt.
917 4710 1073 4769 Unde
1122 4722 1176 4769 et
1226 4715 1551 4784 considium,
1598 4715 1911 4780 consilium,
1958 4716 1992 4770 d
2036 4717 2092 4772 in

512 4804 692 4861 littera
716 4804 735 4859 Ι
756 4813 1090 4861 transeunte.
1125 4804 1181 4860 in
1212 4806 1458 4877 gehenna
1487 4814 1634 4861 certa
1665 4814 1749 4861 est
1780 4806 2081 4864 damnatio.

512 4893 907 4966 Exprimuntur
928 4897 1110 4967 itaque
1132 4911 1232 4967 pro
1254 4897 1416 4951 modo
1448 4896 1655 4966 peccati
1687 4895 1917 4951 diversae
1939 4912 2094 4951 man-~

513 4986 700 5042 siones
730 4987 784 5041 in
822 4996 1024 5043 aeterna
1063 4988 1432 5043 damnatione.
1463 4985 1599 5042 Nota
1631 4988 1884 5058 quamvis
1933 4987 2095 5044 irasci

515 5077 669 5133 fratri
695 5078 876 5135 minus
898 5080 992 5145 sit,
1013 5096 1175 5150 quam
1195 5080 1511 5146 conviciari,
1540 5080 1838 5150 saepissime
1856 5089 2037 5135 tamen
2066 5096 2095 5134 a

516 5168 630 5223 Deo
660 5170 976 5226 accenditur
1000 5172 1099 5238 ira,
1124 5180 1251 5227 utet
1277 5187 1476 5227 nomen
1501 5181 1554 5227 et
1583 5179 1791 5227 reatum
1817 5171 2097 5227 homicidii

515 5258 797 5329 suscipiat.
824 5258 978 5316 Unde
998 5259 1236 5318 Joannes
1259 5262 1335 5316 ait
1355 5280 1398 5316 ε(
1418 5262 1521 5328 Qui
1546 5262 1661 5317 odit
1689 5262 1909 5317 fratrem
1935 5278 2097 5318 suum

516 5350 788 5407 homicida
813 5362 898 5409 est
923 5352 978 5424 (Ι
1005 5353 1167 5409 Joan.
1200 5356 1305 5425 Ill).
1336 5374 1354 5405 ›
1388 5353 1536 5409 Raca
1575 5354 1878 5427 interiectio
1907 5363 1991 5410 est
2016 5355 2101 5409 in-

516 5442 791 5512 dignantis
814 5445 980 5498 animi
1006 5454 1211 5500 metum
1249 5444 1584 5515 significans.
1612 5445 1717 5500 Sed
1745 5446 1891 5516 quod
1923 5446 2095 5500 inter—

514 5532 782 5602 icctioncs
815 5537 866 5590 in
908 5536 1070 5591 aliam
1106 5551 1215 5590 non
1261 5535 1419 5592 facile
1459 5535 1882 5601 transferuntur,
1924 5537 2102 5607 coegit

516 5633 632 5680 tam
662 5626 908 5682 Graecum
934 5643 1099 5697 quam
1124 5627 1379 5682 Latinum
1412 5628 1761 5698 interpretem
1794 5629 1966 5699 ipsam
1998 5644 2100 5699 po-

519 5731 652 5773 nere
670 5732 857 5773 vocem
896 5717 1241 5775 Hebraicam.
1277 5718 1484 5776 Nomen
1521 5721 1779 5793 gehennae
1803 5721 1857 5775 in
1898 5721 2100 5776 veteri-

519 5807 676 5864 ribus
701 5809 852 5865 libris
886 5825 993 5865 non
1020 5809 1328 5883 invenitur,
1354 5812 1447 5869 sed
1483 5812 1720 5883 primum
1756 5829 1784 5867 a
1821 5812 2101 5868 Salvatore

2195 4618 2551 4673 verumetiam
2597 4626 2976 4687 persecutores
3005 4624 3060 4672 ει
3090 4617 3240 4688 ipsos
3285 4616 3552 4672 inimicos
3582 4622 3782 4671 nostros

2195 4710 2368 4781 diligi,
2398 4719 2453 4765 et
2487 4725 2585 4780 pro
2623 4711 2704 4765 eis
2750 4709 3012 4781 benignas
3040 4723 3229 4779 preces
3272 4708 3506 4772 eli'undi,
3545 4708 3785 4775 bonaque

2196 4805 2276 4859 eis
2330 4818 2431 4874 pro
2473 4803 2632 4858 malis
2655 4803 2875 4873 rependi
2899 4811 3208 4873 poscentes,
3259 4801 3441 4871 ipsum
3499 4798 3783 4854 Dominum

2199 4894 2315 4949 haec
2343 4893 2767 4964 praecipientem,
2798 4904 2854 4948 et
2884 4894 3001 4949 haec
3035 4892 3272 4947 inimicis
3329 4889 3661 4954 facientem,
3696 4886 3788 4943 sibi

2198 4995 2529 5056 proponunt.
2564 4986 2629 5041 Et
2652 5000 2760 5041 non
2791 4985 2969 5041 solum
3016 4985 3121 5041 hoc
3151 5000 3182 5039 a
3208 4982 3367 5039 nobis
3393 4982 3518 5037 fieri
3549 4990 3791 5052 oportere

2199 5076 2614 5144 demonstravit,
2647 5078 2739 5132 sed
2763 5077 2925 5132 etiam
2955 5077 3096 5131 mala
3118 5092 3240 5146 qua:
3270 5075 3523 5146 patimur
3554 5089 3662 5144 pro
3683 5087 3795 5143 pec«

2199 5170 2336 5224 eatis
2359 5177 2413 5224 et
2442 5169 2652 5224 meritis
2676 5170 2883 5225 nostris
2913 5169 3125 5223 minora
3149 5168 3491 5223 aestimantes
3548 5180 3657 5237 pro
3680 5179 3796 5233 pur-

2200 5264 2434 5333 gatione,
2462 5278 2556 5317 seu
2590 5262 2915 5332 probatione
2946 5269 3131 5317 nostra
3180 5260 3248 5314 ad
3272 5257 3568 5313 toleranda
3629 5255 3799 5311 adhuc

2201 5354 2409 5424 maiora
2438 5354 2658 5419 danma,
2691 5353 2972 5407 molestias
3008 5360 3061 5408 et
3124 5351 3379 5421 iniurias,
3431 5359 3705 5420 paratum
3752 5354 3800 5400 et

2200 5456 2511 5517 promptum
2536 5446 2779 5500 animum
2807 5445 3086 5512 adhibere,
3123 5453 3178 5498 et
3205 5459 3269 5498 ex
3299 5452 3490 5498 nostra
3517 5444 3801 5499 voluntate

2202 5536 2409 5606 aliquid
2434 5537 2596 5591 etiam
2622 5535 2749 5590 boni
2790 5534 3238 5605 persequentibus
3273 5549 3437 5604 super
3480 5534 3802 5604 impendere

2202 5646 2264 5685 ex
2274 5637 2522 5699 poscunt,
2539 5627 2768 5682 Domino
2782 5628 2861 5683 sic
2877 5627 3218 5698 praecipiente
3238 5645 3251 5680 :
3281 5645 3297 5677 α
3321 5624 3421 5692 Qui
3440 5633 3505 5681 te
3524 5638 3804 5697 percusse-

2203 5721 2275 5775 rit
2297 5720 2349 5776 in
2370 5721 2615 5775 dextram
2645 5719 2944 5785 maxillam,
2966 5718 3144 5788 praebe
3163 5718 3211 5773 ei
3238 5726 3293 5773 et
3313 5718 3560 5773 alteram
3584 5717 3802 5790 (Haut.

2204 5815 2279 5884 v).
2305 5834 2321 5866 ι
2347 5814 2411 5870 Ει
2434 5816 2659 5870 iterum:
2687 5832 2706 5864 ι
2728 5811 2831 5879 Qui
2858 5812 2953 5868 tibi
2979 5810 3259 5868 abstulerit
3286 5810 3573 5877 tunicam,
3590 5811 3669 5868 da
3685 5811 3732 5869 ei
3748 5808 3812 5868 si»
