  <div class='ocr_page' id='page_1' title='image "/cluster/home/n/w/nwhite01/storage/ocr_20150623/157/hvd.32044010248185/534.png"; bbox 0 0 3948 6456; ppageno 0'>
   <div class='ocr_carea' id='block_1_1' title="bbox 1127 370 2580 442">
    <p class='ocr_par' dir='ltr' id='par_1_1' title="bbox 1127 370 2580 442">
     <span class='ocr_line' id='line_1_1' title="bbox 1127 370 2580 442; baseline 0.012 -19"><span class='ocrx_word' id='word_1_1' title='bbox 1127 370 1704 432; x_wconf 72' lang='lat' dir='ltr'><strong>DEFLORATIONES</strong></span> <span class='ocrx_word' id='word_1_2' title='bbox 1739 377 1840 435; x_wconf 85' lang='lat' dir='ltr'><strong>SS.</strong></span> <span class='ocrx_word' id='word_1_3' title='bbox 1881 378 2192 437; x_wconf 75' lang='lat' dir='ltr'><strong>PATRUM.</strong></span> <span class='ocrx_word' id='word_1_4' title='bbox 2229 411 2303 425; x_wconf 89' lang='lat'><strong>—-</strong></span> <span class='ocrx_word' id='word_1_5' title='bbox 2340 382 2473 442; x_wconf 84' lang='lat' dir='ltr'><strong>LIB.</strong></span> <span class='ocrx_word' id='word_1_6' title='bbox 2517 382 2580 440; x_wconf 81' lang='lat' dir='ltr'><strong>ll.</strong></span> 
     </span>
    </p>
   </div>
   <div class='ocr_carea' id='block_1_2' title="bbox 198 481 3474 572">
    <p class='ocr_par' dir='ltr' id='par_1_2' title="bbox 198 481 3474 572">
     <span class='ocr_line' id='line_1_2' title="bbox 198 481 3474 572; baseline 0.007 -32"><span class='ocrx_word' id='word_1_7' title='bbox 198 481 400 540; x_wconf 87' lang='lat' dir='ltr'><strong>militer</strong></span> <span class='ocrx_word' id='word_1_8' title='bbox 417 491 471 539; x_wconf 90' lang='lat' dir='ltr'><strong>et</strong></span> <span class='ocrx_word' id='word_1_9' title='bbox 490 482 816 554; x_wconf 79' lang='lat' dir='ltr'><strong>pallium.Bt</strong></span> <span class='ocrx_word' id='word_1_10' title='bbox 829 482 922 555; x_wconf 89' lang='lat' dir='ltr'><strong>qui</strong></span> <span class='ocrx_word' id='word_1_11' title='bbox 947 492 999 539; x_wconf 91' lang='lat' dir='ltr'><strong>te</strong></span> <span class='ocrx_word' id='word_1_12' title='bbox 1017 485 1544 555; x_wconf 87' lang='lat' dir='ltr'><strong>angariaveritmille</strong></span> <span class='ocrx_word' id='word_1_13' title='bbox 1560 505 1783 561; x_wconf 88' lang='lat' dir='ltr'><strong>passus:</strong></span> <span class='ocrx_word' id='word_1_14' title='bbox 1813 508 1862 569; x_wconf 73' lang='grc' dir='ltr'><strong>Α</strong></span> <span class='ocrx_word' id='word_1_15' title='bbox 1892 493 2239 551; x_wconf 69' lang='lat' dir='ltr'><strong>conscientiae</strong></span> <span class='ocrx_word' id='word_1_16' title='bbox 2264 511 2531 566; x_wconf 89' lang='lat' dir='ltr'><strong>vermem,</strong></span> <span class='ocrx_word' id='word_1_17' title='bbox 2555 496 2983 572; x_wconf 86' lang='lat' dir='ltr'><strong>saneintelliget,</strong></span> <span class='ocrx_word' id='word_1_18' title='bbox 3007 510 3061 557; x_wconf 89' lang='lat' dir='ltr'><strong>ct</strong></span> <span class='ocrx_word' id='word_1_19' title='bbox 3090 517 3326 558; x_wconf 85' lang='lat' dir='ltr'><strong>vermem</strong></span> <span class='ocrx_word' id='word_1_20' title='bbox 3362 521 3474 562; x_wconf 83' lang='lat' dir='ltr'><strong>non</strong></span> 
     </span>
    </p>
   </div>
   <div class='ocr_carea' id='block_1_3' title="bbox 196 574 1781 645">
    <p class='ocr_par' dir='ltr' id='par_1_3' title="bbox 196 574 1781 645">
     <span class='ocr_line' id='line_1_3' title="bbox 196 574 1781 645; baseline 0.005 -16"><span class='ocrx_word' id='word_1_21' title='bbox 196 575 331 631; x_wconf 80' lang='lat' dir='ltr'><strong>vade</strong></span> <span class='ocrx_word' id='word_1_22' title='bbox 372 590 503 631; x_wconf 90' lang='lat' dir='ltr'><strong>cum</strong></span> <span class='ocrx_word' id='word_1_23' title='bbox 546 575 644 631; x_wconf 90' lang='lat' dir='ltr'><strong>illo</strong></span> <span class='ocrx_word' id='word_1_24' title='bbox 680 576 785 631; x_wconf 87' lang='lat' dir='ltr'><strong>alia</strong></span> <span class='ocrx_word' id='word_1_25' title='bbox 805 575 913 630; x_wconf 92' lang='lat' dir='ltr'><strong>duo</strong></span> <span class='ocrx_word' id='word_1_26' title='bbox 968 574 1169 645; x_wconf 81' lang='lat' dir='ltr'><strong>(ibid.).</strong></span> <span class='ocrx_word' id='word_1_27' title='bbox 1209 594 1230 629; x_wconf 75' lang='grc' dir='ltr'><strong><em>ι</em></strong></span> <span class='ocrx_word' id='word_1_28' title='bbox 1280 576 1564 635; x_wconf 91' lang='lat' dir='ltr'><strong>Postulant</strong></span> <span class='ocrx_word' id='word_1_29' title='bbox 1614 580 1781 637; x_wconf 88' lang='lat' dir='ltr'><strong>etiam</strong></span> 
     </span>
    </p>
   </div>
   <div class='ocr_carea' id='block_1_4' title="bbox 196 666 1778 742">
    <p class='ocr_par' dir='ltr' id='par_1_4' title="bbox 196 666 1778 742">
     <span class='ocr_line' id='line_1_4' title="bbox 196 666 1778 742; baseline 0.004 -21"><span class='ocrx_word' id='word_1_30' title='bbox 196 674 250 721; x_wconf 92' lang='lat' dir='ltr'><strong>ut</strong></span> <span class='ocrx_word' id='word_1_31' title='bbox 277 684 298 719; x_wconf 75' lang='grc' dir='ltr'>ι</span> <span class='ocrx_word' id='word_1_32' title='bbox 325 666 618 737; x_wconf 78' lang='lat' dir='ltr'><strong>passiones</strong></span> <span class='ocrx_word' id='word_1_33' title='bbox 648 668 813 737; x_wconf 87' lang='lat' dir='ltr'><strong>hujus</strong></span> <span class='ocrx_word' id='word_1_34' title='bbox 843 667 1105 737; x_wconf 88' lang='lat' dir='ltr'><strong>temporis</strong></span> <span class='ocrx_word' id='word_1_35' title='bbox 1130 667 1200 724; x_wconf 89' lang='lat' dir='ltr'><strong>ad</strong></span> <span class='ocrx_word' id='word_1_36' title='bbox 1248 667 1490 726; x_wconf 77' lang='lat' dir='ltr'><strong>futuram</strong></span> <span class='ocrx_word' id='word_1_37' title='bbox 1525 671 1778 742; x_wconf 93' lang='lat' dir='ltr'><strong>gloriam,</strong></span> 
     </span>
    </p>
   </div>
   <div class='ocr_carea' id='block_1_5' title="bbox 192 757 1776 833">
    <p class='ocr_par' dir='ltr' id='par_1_5' title="bbox 192 757 1776 833">
     <span class='ocr_line' id='line_1_5' title="bbox 192 757 1776 833; baseline 0.005 -22"><span class='ocrx_word' id='word_1_38' title='bbox 192 772 313 828; x_wconf 76' lang='lat' dir='ltr'><strong>qua:</strong></span> <span class='ocrx_word' id='word_1_39' title='bbox 356 758 690 814; x_wconf 73' lang='lat' dir='ltr'><strong>revelabitur</strong></span> <span class='ocrx_word' id='word_1_40' title='bbox 714 759 766 812; x_wconf 90' lang='lat' dir='ltr'><strong>in</strong></span> <span class='ocrx_word' id='word_1_41' title='bbox 799 758 957 813; x_wconf 89' lang='lat' dir='ltr'><strong>nobis</strong></span> <span class='ocrx_word' id='word_1_42' title='bbox 980 757 1155 829; x_wconf 87' lang='lat' dir='ltr'><strong>(Rom.</strong></span> <span class='ocrx_word' id='word_1_43' title='bbox 1196 761 1339 831; x_wconf 82' lang='lat' dir='ltr'><strong>vm),</strong></span> <span class='ocrx_word' id='word_1_44' title='bbox 1377 780 1397 814; x_wconf 77' lang='grc' dir='ltr'><strong><em>ι</em></strong></span> <span class='ocrx_word' id='word_1_45' title='bbox 1434 776 1776 833; x_wconf 84' lang='lat' dir='ltr'><strong>nequaquam</strong></span> 
     </span>
    </p>
   </div>
   <div class='ocr_carea' id='block_1_6' title="bbox 190 848 1780 924">
    <p class='ocr_par' dir='ltr' id='par_1_6' title="bbox 190 848 1780 924">
     <span class='ocr_line' id='line_1_6' title="bbox 190 848 1780 924; baseline 0.003 -17"><span class='ocrx_word' id='word_1_46' title='bbox 190 848 492 920; x_wconf 70' lang='lat' dir='ltr'><strong>condignas</strong></span> <span class='ocrx_word' id='word_1_47' title='bbox 509 863 635 905; x_wconf 87' lang='lat' dir='ltr'><strong>esse</strong></span> <span class='ocrx_word' id='word_1_48' title='bbox 658 850 914 914; x_wconf 76' lang='lat' dir='ltr'><strong>scientes,</strong></span> <span class='ocrx_word' id='word_1_49' title='bbox 933 865 1042 904; x_wconf 90' lang='lat' dir='ltr'><strong>non</strong></span> <span class='ocrx_word' id='word_1_50' title='bbox 1074 852 1252 906; x_wconf 86' lang='lat' dir='ltr'><strong>solum</strong></span> <span class='ocrx_word' id='word_1_51' title='bbox 1279 867 1373 908; x_wconf 90' lang='lat' dir='ltr'><strong>eas</strong></span> <span class='ocrx_word' id='word_1_52' title='bbox 1401 855 1780 924; x_wconf 63' lang='lat' dir='ltr'><strong>aequanimiter</strong></span> 
     </span>
    </p>
   </div>
   <div class='ocr_carea' id='block_1_7' title="bbox 188 940 1776 1014">
    <p class='ocr_par' dir='ltr' id='par_1_7' title="bbox 188 940 1776 1014">
     <span class='ocr_line' id='line_1_7' title="bbox 188 940 1776 1014; baseline 0.003 -16"><span class='ocrx_word' id='word_1_53' title='bbox 188 940 509 1008; x_wconf 88' lang='lat' dir='ltr'><strong>toleremus,</strong></span> <span class='ocrx_word' id='word_1_54' title='bbox 557 941 652 997; x_wconf 90' lang='lat' dir='ltr'><strong>sed</strong></span> <span class='ocrx_word' id='word_1_55' title='bbox 679 942 842 996; x_wconf 88' lang='lat' dir='ltr'><strong>etiam</strong></span> <span class='ocrx_word' id='word_1_56' title='bbox 895 956 994 1011; x_wconf 83' lang='lat' dir='ltr'><strong>spe</strong></span> <span class='ocrx_word' id='word_1_57' title='bbox 1040 943 1293 998; x_wconf 70' lang='lat' dir='ltr'><strong>certioris</strong></span> <span class='ocrx_word' id='word_1_58' title='bbox 1345 944 1552 1014; x_wconf 83' lang='lat' dir='ltr'><strong>praemii</strong></span> <span class='ocrx_word' id='word_1_59' title='bbox 1592 946 1647 1001; x_wconf 87' lang='lat' dir='ltr'><strong>in</strong></span> <span class='ocrx_word' id='word_1_60' title='bbox 1676 947 1776 1001; x_wconf 92' lang='lat' dir='ltr'><strong>tri-</strong></span> 
     </span>
    </p>
   </div>
   <div class='ocr_carea' id='block_1_8' title="bbox 184 1031 1775 1108">
    <p class='ocr_par' dir='ltr' id='par_1_8' title="bbox 184 1031 1775 1108">
     <span class='ocr_line' id='line_1_8' title="bbox 184 1031 1775 1108; baseline 0.005 -22"><span class='ocrx_word' id='word_1_61' title='bbox 184 1031 565 1088; x_wconf 85' lang='lat' dir='ltr'><strong>bulationibus</strong></span> <span class='ocrx_word' id='word_1_62' title='bbox 593 1032 912 1104; x_wconf 84' lang='lat' dir='ltr'><strong>gloriemur,</strong></span> <span class='ocrx_word' id='word_1_63' title='bbox 938 1042 994 1087; x_wconf 90' lang='lat' dir='ltr'><strong>et</strong></span> <span class='ocrx_word' id='word_1_64' title='bbox 1022 1033 1203 1103; x_wconf 88' lang='lat' dir='ltr'><strong>potius</strong></span> <span class='ocrx_word' id='word_1_65' title='bbox 1238 1036 1575 1105; x_wconf 80' lang='lat' dir='ltr'><strong>gaudeamus</strong></span> <span class='ocrx_word' id='word_1_66' title='bbox 1610 1054 1775 1108; x_wconf 87' lang='lat' dir='ltr'><strong>quam</strong></span> 
     </span>
    </p>
   </div>
   <div class='ocr_carea' id='block_1_9' title="bbox 181 1124 1775 1186">
    <p class='ocr_par' dir='ltr' id='par_1_9' title="bbox 181 1124 1775 1186">
     <span class='ocr_line' id='line_1_9' title="bbox 181 1124 1775 1186; baseline 0.004 -8"><span class='ocrx_word' id='word_1_67' title='bbox 181 1133 279 1180; x_wconf 89' lang='lat' dir='ltr'><strong>aut</strong></span> <span class='ocrx_word' id='word_1_68' title='bbox 315 1124 625 1180; x_wconf 80' lang='lat' dir='ltr'><strong>irascamur</strong></span> <span class='ocrx_word' id='word_1_69' title='bbox 664 1132 761 1179; x_wconf 87' lang='lat' dir='ltr'><strong>aut</strong></span> <span class='ocrx_word' id='word_1_70' title='bbox 794 1124 1098 1181; x_wconf 88' lang='lat' dir='ltr'><strong>doleamus.</strong></span> <span class='ocrx_word' id='word_1_71' title='bbox 1134 1124 1341 1182; x_wconf 87' lang='lat' dir='ltr'><strong>Docent</strong></span> <span class='ocrx_word' id='word_1_72' title='bbox 1381 1128 1546 1183; x_wconf 86' lang='lat' dir='ltr'><strong>etiam</strong></span> <span class='ocrx_word' id='word_1_73' title='bbox 1590 1130 1775 1186; x_wconf 86' lang='lat' dir='ltr'><strong>omnia</strong></span> 
     </span>
    </p>
   </div>
   <div class='ocr_carea' id='block_1_10' title="bbox 179 1216 1772 1291">
    <p class='ocr_par' dir='ltr' id='par_1_10' title="bbox 179 1216 1772 1291">
     <span class='ocr_line' id='line_1_10' title="bbox 179 1216 1772 1291; baseline 0.004 -20"><span class='ocrx_word' id='word_1_74' title='bbox 179 1231 308 1272; x_wconf 88' lang='lat' dir='ltr'><strong>esse</strong></span> <span class='ocrx_word' id='word_1_75' title='bbox 333 1218 662 1287; x_wconf 87' lang='lat' dir='ltr'><strong>spernenda,</strong></span> <span class='ocrx_word' id='word_1_76' title='bbox 702 1225 760 1271; x_wconf 93' lang='lat' dir='ltr'><strong>ut</strong></span> <span class='ocrx_word' id='word_1_77' title='bbox 806 1216 888 1272; x_wconf 89' lang='lat' dir='ltr'><strong>ira</strong></span> <span class='ocrx_word' id='word_1_78' title='bbox 914 1218 1133 1285; x_wconf 86' lang='lat' dir='ltr'><strong>vitetur,</strong></span> <span class='ocrx_word' id='word_1_79' title='bbox 1183 1226 1239 1273; x_wconf 91' lang='lat' dir='ltr'><strong>et</strong></span> <span class='ocrx_word' id='word_1_80' title='bbox 1266 1219 1448 1274; x_wconf 87' lang='lat' dir='ltr'><strong>omnia</strong></span> <span class='ocrx_word' id='word_1_81' title='bbox 1475 1221 1772 1291; x_wconf 89' lang='lat' dir='ltr'><strong>toleranda,</strong></span> 
     </span>
    </p>
   </div>
   <div class='ocr_carea' id='block_1_11' title="bbox 180 1309 1775 1382">
    <p class='ocr_par' dir='ltr' id='par_1_11' title="bbox 180 1309 1775 1382">
     <span class='ocr_line' id='line_1_11' title="bbox 180 1309 1775 1382; baseline 0.004 -19"><span class='ocrx_word' id='word_1_82' title='bbox 180 1317 244 1363; x_wconf 90' lang='lat' dir='ltr'><strong>ut</strong></span> <span class='ocrx_word' id='word_1_83' title='bbox 278 1309 589 1366; x_wconf 80' lang='lat' dir='ltr'><strong>dilectionis</strong></span> <span class='ocrx_word' id='word_1_84' title='bbox 625 1319 680 1365; x_wconf 91' lang='lat' dir='ltr'><strong>et</strong></span> <span class='ocrx_word' id='word_1_85' title='bbox 716 1310 869 1381; x_wconf 84' lang='lat' dir='ltr'><strong>pacis</strong></span> <span class='ocrx_word' id='word_1_86' title='bbox 918 1312 1286 1382; x_wconf 88' lang='lat' dir='ltr'><strong>tranquillitas</strong></span> <span class='ocrx_word' id='word_1_87' title='bbox 1331 1322 1596 1370; x_wconf 90' lang='lat' dir='ltr'><strong>servetur.</strong></span> <span class='ocrx_word' id='word_1_88' title='bbox 1623 1313 1775 1370; x_wconf 76' lang='lat' dir='ltr'><strong>Sicut</strong></span> 
     </span>
    </p>
   </div>
   <div class='ocr_carea' id='block_1_12' title="bbox 179 1402 1773 1476">
    <p class='ocr_par' dir='ltr' id='par_1_12' title="bbox 179 1402 1773 1476">
     <span class='ocr_line' id='line_1_12' title="bbox 179 1402 1773 1476; baseline 0.004 -21"><span class='ocrx_word' id='word_1_89' title='bbox 179 1409 367 1456; x_wconf 89' lang='lat' dir='ltr'><strong>autem</strong></span> <span class='ocrx_word' id='word_1_90' title='bbox 389 1402 641 1458; x_wconf 89' lang='lat' dir='ltr'><strong>carnales</strong></span> <span class='ocrx_word' id='word_1_91' title='bbox 665 1403 844 1458; x_wconf 90' lang='lat' dir='ltr'><strong>adhuc</strong></span> <span class='ocrx_word' id='word_1_92' title='bbox 865 1418 966 1473; x_wconf 90' lang='lat' dir='ltr'><strong>pro</strong></span> <span class='ocrx_word' id='word_1_93' title='bbox 991 1412 1203 1459; x_wconf 88' lang='lat' dir='ltr'><strong>terrena</strong></span> <span class='ocrx_word' id='word_1_94' title='bbox 1231 1404 1537 1461; x_wconf 84' lang='lat' dir='ltr'><strong>substantia</strong></span> <span class='ocrx_word' id='word_1_95' title='bbox 1556 1406 1773 1476; x_wconf 87' lang='lat' dir='ltr'><strong>disjun-</strong></span> 
     </span>
    </p>
   </div>
   <div class='ocr_carea' id='block_1_13' title="bbox 180 1494 1774 1569">
    <p class='ocr_par' dir='ltr' id='par_1_13' title="bbox 180 1494 1774 1569">
     <span class='ocr_line' id='line_1_13' title="bbox 180 1494 1774 1569; baseline 0.004 -22"><span class='ocrx_word' id='word_1_96' title='bbox 180 1494 257 1565; x_wconf 90' lang='lat' dir='ltr'><strong>git</strong></span> <span class='ocrx_word' id='word_1_97' title='bbox 283 1494 544 1550; x_wconf 90' lang='lat' dir='ltr'><strong>inimicus</strong></span> <span class='ocrx_word' id='word_1_98' title='bbox 565 1496 726 1551; x_wconf 85' lang='lat' dir='ltr'><strong>citata</strong></span> <span class='ocrx_word' id='word_1_99' title='bbox 745 1495 869 1550; x_wconf 67' lang='lat' dir='ltr'><strong>bilae</strong></span> <span class='ocrx_word' id='word_1_100' title='bbox 890 1496 1025 1566; x_wconf 75' lang='grc'><strong>(15),</strong></span> <span class='ocrx_word' id='word_1_101' title='bbox 1055 1495 1127 1551; x_wconf 91' lang='lat' dir='ltr'><strong>ita</strong></span> <span class='ocrx_word' id='word_1_102' title='bbox 1151 1497 1293 1551; x_wconf 91' lang='lat' dir='ltr'><strong>inter</strong></span> <span class='ocrx_word' id='word_1_103' title='bbox 1315 1498 1588 1567; x_wconf 83' lang='lat' dir='ltr'><strong>spiritales</strong></span> <span class='ocrx_word' id='word_1_104' title='bbox 1603 1499 1774 1569; x_wconf 85' lang='lat' dir='ltr'><strong>gignit</strong></span> 
     </span>
    </p>
   </div>
   <div class='ocr_carea' id='block_1_14' title="bbox 177 1585 1772 1657">
    <p class='ocr_par' dir='ltr' id='par_1_14' title="bbox 177 1585 1772 1657">
     <span class='ocr_line' id='line_1_14' title="bbox 177 1585 1772 1657; baseline 0.002 -16"><span class='ocrx_word' id='word_1_105' title='bbox 177 1585 512 1642; x_wconf 87' lang='lat' dir='ltr'><strong>discordiam</strong></span> <span class='ocrx_word' id='word_1_106' title='bbox 534 1602 634 1657; x_wconf 90' lang='lat' dir='ltr'><strong>pro</strong></span> <span class='ocrx_word' id='word_1_107' title='bbox 664 1587 1034 1643; x_wconf 84' lang='lat' dir='ltr'><strong>intellectuum</strong></span> <span class='ocrx_word' id='word_1_108' title='bbox 1068 1588 1403 1644; x_wconf 86' lang='lat' dir='ltr'><strong>diversitate.</strong></span> <span class='ocrx_word' id='word_1_109' title='bbox 1434 1588 1588 1646; x_wconf 89' lang='lat' dir='ltr'><strong>Unde</strong></span> <span class='ocrx_word' id='word_1_110' title='bbox 1618 1589 1772 1645; x_wconf 89' lang='lat' dir='ltr'><strong>Salo-</strong></span> 
     </span>
    </p>
   </div>
   <div class='ocr_carea' id='block_1_15' title="bbox 175 1676 1768 1747">
    <p class='ocr_par' dir='ltr' id='par_1_15' title="bbox 175 1676 1768 1747">
     <span class='ocr_line' id='line_1_15' title="bbox 175 1676 1768 1747; baseline 0.002 -15"><span class='ocrx_word' id='word_1_111' title='bbox 175 1692 309 1733; x_wconf 87' lang='lat' dir='ltr'><strong>mon</strong></span> <span class='ocrx_word' id='word_1_112' title='bbox 346 1696 361 1732; x_wconf 90' lang='lat'><strong>:</strong></span> <span class='ocrx_word' id='word_1_113' title='bbox 408 1696 427 1730; x_wconf 75' lang='grc' dir='ltr'>ι</span> <span class='ocrx_word' id='word_1_114' title='bbox 466 1676 663 1733; x_wconf 90' lang='lat' dir='ltr'><strong>Odium</strong></span> <span class='ocrx_word' id='word_1_115' title='bbox 688 1679 917 1735; x_wconf 83' lang='lat' dir='ltr'><strong>suscitat</strong></span> <span class='ocrx_word' id='word_1_116' title='bbox 941 1680 1241 1747; x_wconf 86' lang='lat' dir='ltr'><strong>contentio,</strong></span> <span class='ocrx_word' id='word_1_117' title='bbox 1275 1680 1558 1736; x_wconf 85' lang='lat' dir='ltr'><strong>universos</strong></span> <span class='ocrx_word' id='word_1_118' title='bbox 1588 1690 1768 1735; x_wconf 89' lang='lat' dir='ltr'><strong>autem</strong></span> 
     </span>
    </p>
   </div>
   <div class='ocr_carea' id='block_1_16' title="bbox 174 1770 1772 1845">
    <p class='ocr_par' dir='ltr' id='par_1_16' title="bbox 174 1770 1772 1845">
     <span class='ocr_line' id='line_1_16' title="bbox 174 1770 1772 1845; baseline 0.001 -20"><span class='ocrx_word' id='word_1_119' title='bbox 174 1770 273 1840; x_wconf 93' lang='lat' dir='ltr'><strong>qui</strong></span> <span class='ocrx_word' id='word_1_120' title='bbox 309 1786 423 1826; x_wconf 90' lang='lat' dir='ltr'><strong>non</strong></span> <span class='ocrx_word' id='word_1_121' title='bbox 452 1770 788 1827; x_wconf 89' lang='lat' dir='ltr'><strong>contendunt</strong></span> <span class='ocrx_word' id='word_1_122' title='bbox 819 1774 1052 1844; x_wconf 80' lang='lat' dir='ltr'><strong>protegit</strong></span> <span class='ocrx_word' id='word_1_123' title='bbox 1084 1773 1322 1829; x_wconf 85' lang='lat' dir='ltr'><strong>amicitia</strong></span> <span class='ocrx_word' id='word_1_124' title='bbox 1351 1773 1532 1845; x_wconf 83' lang='lat' dir='ltr'><strong>(Prov.</strong></span> <span class='ocrx_word' id='word_1_125' title='bbox 1569 1785 1678 1843; x_wconf 71' lang='lat' dir='ltr'><strong>x).u</strong></span> <span class='ocrx_word' id='word_1_126' title='bbox 1698 1802 1772 1813; x_wconf 88' lang='lat'><strong>—-</strong></span> 
     </span>
    </p>
   </div>
   <div class='ocr_carea' id='block_1_17' title="bbox 1882 585 3478 668">
    <p class='ocr_par' dir='ltr' id='par_1_17' title="bbox 1882 585 3478 668">
     <span class='ocr_line' id='line_1_17' title="bbox 1882 585 3478 668; baseline 0.008 -29"><span class='ocrx_word' id='word_1_127' title='bbox 1882 585 2210 641; x_wconf 90' lang='lat' dir='ltr'><strong>moriturum</strong></span> <span class='ocrx_word' id='word_1_128' title='bbox 2234 586 2290 641; x_wconf 90' lang='lat' dir='ltr'><strong>in</strong></span> <span class='ocrx_word' id='word_1_129' title='bbox 2314 595 2520 643; x_wconf 72' lang='lat' dir='ltr'><strong>aeterno</strong></span> <span class='ocrx_word' id='word_1_130' title='bbox 2539 589 2789 645; x_wconf 90' lang='lat' dir='ltr'><strong>cruciatu</strong></span> <span class='ocrx_word' id='word_1_131' title='bbox 2823 591 3192 659; x_wconf 62' lang='lat' dir='ltr'><strong>conscientiae,</strong></span> <span class='ocrx_word' id='word_1_132' title='bbox 3217 603 3271 649; x_wconf 91' lang='lat' dir='ltr'><strong>et</strong></span> <span class='ocrx_word' id='word_1_133' title='bbox 3293 595 3478 668; x_wconf 85' lang='lat' dir='ltr'><strong>ignem</strong></span> 
     </span>
    </p>
   </div>
   <div class='ocr_carea' id='block_1_18' title="bbox 1882 676 3473 753">
    <p class='ocr_par' dir='ltr' id='par_1_18' title="bbox 1882 676 3473 753">
     <span class='ocr_line' id='line_1_18' title="bbox 1882 676 3473 753; baseline 0.008 -24"><span class='ocrx_word' id='word_1_134' title='bbox 1882 690 1992 730; x_wconf 93' lang='lat' dir='ltr'><strong>non</strong></span> <span class='ocrx_word' id='word_1_135' title='bbox 2021 676 2480 748; x_wconf 81' lang='lat' dir='ltr'><strong>exstinguendum</strong></span> <span class='ocrx_word' id='word_1_136' title='bbox 2507 680 2565 735; x_wconf 90' lang='lat' dir='ltr'><strong>in</strong></span> <span class='ocrx_word' id='word_1_137' title='bbox 2597 696 2781 737; x_wconf 89' lang='lat' dir='ltr'><strong>carne.</strong></span> <span class='ocrx_word' id='word_1_138' title='bbox 2819 679 2922 737; x_wconf 87' lang='lat' dir='ltr'><strong>Sed</strong></span> <span class='ocrx_word' id='word_1_139' title='bbox 2946 684 3222 753; x_wconf 90' lang='lat' dir='ltr'><strong>quomodo</strong></span> <span class='ocrx_word' id='word_1_140' title='bbox 3252 685 3342 742; x_wconf 89' lang='lat' dir='ltr'><strong>illa</strong></span> <span class='ocrx_word' id='word_1_141' title='bbox 3374 686 3473 742; x_wconf 81' lang='lat' dir='ltr'><strong>fri-</strong></span> 
     </span>
    </p>
   </div>
   <div class='ocr_carea' id='block_1_19' title="bbox 1880 767 3475 844">
    <p class='ocr_par' dir='ltr' id='par_1_19' title="bbox 1880 767 3475 844">
     <span class='ocr_line' id='line_1_19' title="bbox 1880 767 3475 844; baseline 0.008 -24"><span class='ocrx_word' id='word_1_142' title='bbox 1880 780 2011 837; x_wconf 85' lang='lat' dir='ltr'><strong>gora</strong></span> <span class='ocrx_word' id='word_1_143' title='bbox 2050 767 2257 823; x_wconf 90' lang='lat' dir='ltr'><strong>nivium</strong></span> <span class='ocrx_word' id='word_1_144' title='bbox 2300 778 2355 823; x_wconf 88' lang='lat' dir='ltr'><strong>et</strong></span> <span class='ocrx_word' id='word_1_145' title='bbox 2389 770 2598 825; x_wconf 90' lang='lat' dir='ltr'><strong>calores</strong></span> <span class='ocrx_word' id='word_1_146' title='bbox 2650 771 2857 843; x_wconf 89' lang='lat' dir='ltr'><strong>ignium</strong></span> <span class='ocrx_word' id='word_1_147' title='bbox 2905 774 3345 844; x_wconf 83' lang='lat' dir='ltr'><strong>interpretamur,</strong></span> <span class='ocrx_word' id='word_1_148' title='bbox 3399 775 3475 833; x_wconf 84' lang='lat' dir='ltr'><strong>ad</strong></span> 
     </span>
    </p>
   </div>
   <div class='ocr_carea' id='block_1_20' title="bbox 1879 861 3474 940">
    <p class='ocr_par' dir='ltr' id='par_1_20' title="bbox 1879 861 3474 940">
     <span class='ocr_line' id='line_1_20' title="bbox 1879 861 3474 940; baseline 0.006 -25"><span class='ocrx_word' id='word_1_149' title='bbox 1879 874 2002 929; x_wconf 69' lang='lat' dir='ltr'><strong>qua:</strong></span> <span class='ocrx_word' id='word_1_150' title='bbox 2040 861 2323 917; x_wconf 84' lang='lat' dir='ltr'><strong>cruciaudi</strong></span> <span class='ocrx_word' id='word_1_151' title='bbox 2380 863 2529 933; x_wconf 90' lang='lat' dir='ltr'><strong>impii</strong></span> <span class='ocrx_word' id='word_1_152' title='bbox 2579 864 2889 921; x_wconf 86' lang='lat' dir='ltr'><strong>alternatim</strong></span> <span class='ocrx_word' id='word_1_153' title='bbox 2923 866 3155 923; x_wconf 89' lang='lat' dir='ltr'><strong>transire</strong></span> <span class='ocrx_word' id='word_1_154' title='bbox 3190 868 3474 940; x_wconf 86' lang='lat' dir='ltr'><strong>dicuntur,</strong></span> 
     </span>
    </p>
   </div>
   <div class='ocr_carea' id='block_1_21' title="bbox 1877 951 3470 1033">
    <p class='ocr_par' dir='ltr' id='par_1_21' title="bbox 1877 951 3470 1033">
     <span class='ocr_line' id='line_1_21' title="bbox 1877 951 3470 1033; baseline 0.008 -28"><span class='ocrx_word' id='word_1_155' title='bbox 1877 966 1947 1006; x_wconf 89' lang='lat' dir='ltr'><strong>an</strong></span> <span class='ocrx_word' id='word_1_156' title='bbox 1981 951 2120 1009; x_wconf 80' lang='lat' dir='ltr'><strong>forte</strong></span> <span class='ocrx_word' id='word_1_157' title='bbox 2147 955 2213 1010; x_wconf 88' lang='lat' dir='ltr'><strong>de</strong></span> <span class='ocrx_word' id='word_1_158' title='bbox 2259 955 2348 1010; x_wconf 91' lang='lat' dir='ltr'><strong>illa</strong></span> <span class='ocrx_word' id='word_1_159' title='bbox 2376 964 2583 1012; x_wconf 89' lang='lat' dir='ltr'><strong>tantum</strong></span> <span class='ocrx_word' id='word_1_160' title='bbox 2614 972 2774 1027; x_wconf 64' lang='lat' dir='ltr'><strong>paena</strong></span> <span class='ocrx_word' id='word_1_161' title='bbox 2814 958 3217 1030; x_wconf 87' lang='lat' dir='ltr'><strong>intelligendum</strong></span> <span class='ocrx_word' id='word_1_162' title='bbox 3249 971 3334 1017; x_wconf 82' lang='lat' dir='ltr'><strong>est</strong></span> <span class='ocrx_word' id='word_1_163' title='bbox 3358 978 3470 1033; x_wconf 75' lang='lat' dir='ltr'><strong>qna</strong></span> 
     </span>
    </p>
   </div>
   <div class='ocr_carea' id='block_1_22' title="bbox 1877 1046 3465 1123">
    <p class='ocr_par' dir='ltr' id='par_1_22' title="bbox 1877 1046 3465 1123">
     <span class='ocr_line' id='line_1_22' title="bbox 1877 1046 3465 1123; baseline 0.008 -25"><span class='ocrx_word' id='word_1_164' title='bbox 1877 1058 2026 1123; x_wconf 88' lang='lat' dir='ltr'><strong>nunc</strong></span> <span class='ocrx_word' id='word_1_165' title='bbox 2053 1046 2108 1100; x_wconf 89' lang='lat' dir='ltr'><strong>in</strong></span> <span class='ocrx_word' id='word_1_166' title='bbox 2132 1048 2326 1117; x_wconf 87' lang='lat' dir='ltr'><strong>spiritu</strong></span> <span class='ocrx_word' id='word_1_167' title='bbox 2363 1058 2489 1104; x_wconf 89' lang='lat' dir='ltr'><strong>ante</strong></span> <span class='ocrx_word' id='word_1_168' title='bbox 2532 1048 2707 1104; x_wconf 90' lang='lat' dir='ltr'><strong>ultimi</strong></span> <span class='ocrx_word' id='word_1_169' title='bbox 2731 1049 2921 1121; x_wconf 88' lang='lat' dir='ltr'><strong>judicii</strong></span> <span class='ocrx_word' id='word_1_170' title='bbox 2951 1051 3095 1106; x_wconf 91' lang='lat' dir='ltr'><strong>diem</strong></span> <span class='ocrx_word' id='word_1_171' title='bbox 3125 1053 3465 1117; x_wconf 89' lang='lat' dir='ltr'><strong>cruciantur,</strong></span> 
     </span>
    </p>
   </div>
   <div class='ocr_carea' id='block_1_23' title="bbox 1877 1137 3468 1209">
    <p class='ocr_par' dir='ltr' id='par_1_23' title="bbox 1877 1137 3468 1209">
     <span class='ocr_line' id='line_1_23' title="bbox 1877 1137 3468 1209; baseline 0.007 -17"><span class='ocrx_word' id='word_1_172' title='bbox 1877 1146 1936 1193; x_wconf 89' lang='lat' dir='ltr'><strong>ut</strong></span> <span class='ocrx_word' id='word_1_173' title='bbox 1948 1137 2195 1194; x_wconf 89' lang='lat' dir='ltr'><strong>videlicet</strong></span> <span class='ocrx_word' id='word_1_174' title='bbox 2210 1156 2304 1209; x_wconf 91' lang='lat' dir='ltr'><strong>per</strong></span> <span class='ocrx_word' id='word_1_175' title='bbox 2320 1141 2633 1198; x_wconf 77' lang='lat' dir='ltr'><strong>varietatem</strong></span> <span class='ocrx_word' id='word_1_176' title='bbox 2650 1152 3042 1199; x_wconf 86' lang='lat' dir='ltr'><strong>tormentorum</strong></span> <span class='ocrx_word' id='word_1_177' title='bbox 3056 1146 3120 1200; x_wconf 91' lang='lat' dir='ltr'><strong>ad</strong></span> <span class='ocrx_word' id='word_1_178' title='bbox 3140 1146 3288 1201; x_wconf 78' lang='lat' dir='ltr'><strong>illam</strong></span> <span class='ocrx_word' id='word_1_179' title='bbox 3302 1164 3468 1203; x_wconf 89' lang='lat' dir='ltr'><strong>unam</strong></span> 
     </span>
    </p>
   </div>
   <div class='ocr_carea' id='block_1_24' title="bbox 1875 1236 3470 1305">
    <p class='ocr_par' dir='ltr' id='par_1_24' title="bbox 1875 1236 3470 1305">
     <span class='ocr_line' id='line_1_24' title="bbox 1875 1236 3470 1305; baseline 0.005 -21"><span class='ocrx_word' id='word_1_180' title='bbox 1875 1237 1931 1284; x_wconf 91' lang='lat' dir='ltr'><strong>et</strong></span> <span class='ocrx_word' id='word_1_181' title='bbox 1956 1246 2228 1285; x_wconf 87' lang='lat' dir='ltr'><strong>summam</strong></span> <span class='ocrx_word' id='word_1_182' title='bbox 2254 1248 2476 1302; x_wconf 76' lang='lat' dir='ltr'><strong>pmnam</strong></span> <span class='ocrx_word' id='word_1_183' title='bbox 2505 1242 2807 1302; x_wconf 87' lang='lat' dir='ltr'><strong>transeant,</strong></span> <span class='ocrx_word' id='word_1_184' title='bbox 2836 1236 2890 1289; x_wconf 90' lang='lat' dir='ltr'><strong>in</strong></span> <span class='ocrx_word' id='word_1_185' title='bbox 2915 1251 3024 1305; x_wconf 91' lang='lat' dir='ltr'><strong>qua</strong></span> <span class='ocrx_word' id='word_1_186' title='bbox 3052 1238 3194 1292; x_wconf 89' lang='lat' dir='ltr'><strong>sicut</strong></span> <span class='ocrx_word' id='word_1_187' title='bbox 3220 1238 3470 1294; x_wconf 91' lang='lat' dir='ltr'><strong>intermi-</strong></span> 
     </span>
    </p>
   </div>
   <div class='ocr_carea' id='block_1_25' title="bbox 1876 1321 3470 1389">
    <p class='ocr_par' dir='ltr' id='par_1_25' title="bbox 1876 1321 3470 1389">
     <span class='ocr_line' id='line_1_25' title="bbox 1876 1321 3470 1389; baseline 0.006 -14"><span class='ocrx_word' id='word_1_188' title='bbox 1876 1321 2148 1389; x_wconf 81' lang='lat' dir='ltr'><strong>nabtliter,</strong></span> <span class='ocrx_word' id='word_1_189' title='bbox 2177 1322 2249 1377; x_wconf 91' lang='lat' dir='ltr'><strong>ita</strong></span> <span class='ocrx_word' id='word_1_190' title='bbox 2281 1324 2445 1378; x_wconf 89' lang='lat' dir='ltr'><strong>etiam</strong></span> <span class='ocrx_word' id='word_1_191' title='bbox 2475 1324 2865 1380; x_wconf 89' lang='lat' dir='ltr'><strong>iuvariabiliter</strong></span> <span class='ocrx_word' id='word_1_192' title='bbox 2900 1327 3222 1383; x_wconf 84' lang='lat' dir='ltr'><strong>subsistant.</strong></span> <span class='ocrx_word' id='word_1_193' title='bbox 3270 1327 3470 1385; x_wconf 87' lang='lat' dir='ltr'><strong>Ultima</strong></span> 
     </span>
    </p>
   </div>
   <div class='ocr_carea' id='block_1_26' title="bbox 1875 1417 3469 1492">
    <p class='ocr_par' dir='ltr' id='par_1_26' title="bbox 1875 1417 3469 1492">
     <span class='ocr_line' id='line_1_26' title="bbox 1875 1417 3469 1492; baseline 0.004 -23"><span class='ocrx_word' id='word_1_194' title='bbox 1875 1418 2074 1487; x_wconf 89' lang='lat' dir='ltr'><strong>quippe</strong></span> <span class='ocrx_word' id='word_1_195' title='bbox 2091 1417 2530 1472; x_wconf 86' lang='lat' dir='ltr'><strong>damnandorum</strong></span> <span class='ocrx_word' id='word_1_196' title='bbox 2553 1433 2733 1488; x_wconf 71' lang='lat' dir='ltr'><strong>pretia,</strong></span> <span class='ocrx_word' id='word_1_197' title='bbox 2753 1419 2899 1474; x_wconf 90' lang='lat' dir='ltr'><strong>sicut</strong></span> <span class='ocrx_word' id='word_1_198' title='bbox 2914 1422 3126 1476; x_wconf 92' lang='lat' dir='ltr'><strong>cunctis</strong></span> <span class='ocrx_word' id='word_1_199' title='bbox 3149 1422 3326 1492; x_wconf 78' lang='lat' dir='ltr'><strong>ptenis</strong></span> <span class='ocrx_word' id='word_1_200' title='bbox 3346 1437 3469 1476; x_wconf 92' lang='lat' dir='ltr'><strong>ma-</strong></span> 
     </span>
    </p>
   </div>
   <div class='ocr_carea' id='block_1_27' title="bbox 1869 1507 3472 1585">
    <p class='ocr_par' dir='ltr' id='par_1_27' title="bbox 1869 1507 3472 1585">
     <span class='ocr_line' id='line_1_27' title="bbox 1869 1507 3472 1585; baseline 0.005 -25"><span class='ocrx_word' id='word_1_201' title='bbox 1869 1507 1959 1578; x_wconf 89' lang='lat' dir='ltr'><strong>jor</strong></span> <span class='ocrx_word' id='word_1_202' title='bbox 1993 1523 2115 1563; x_wconf 82' lang='lat' dir='ltr'><strong>esse</strong></span> <span class='ocrx_word' id='word_1_203' title='bbox 2163 1525 2273 1564; x_wconf 89' lang='lat' dir='ltr'><strong>non</strong></span> <span class='ocrx_word' id='word_1_204' title='bbox 2328 1510 2778 1566; x_wconf 87' lang='lat' dir='ltr'><strong>inconvenienter</strong></span> <span class='ocrx_word' id='word_1_205' title='bbox 2826 1512 3087 1579; x_wconf 85' lang='lat' dir='ltr'><strong>creditur,</strong></span> <span class='ocrx_word' id='word_1_206' title='bbox 3119 1514 3195 1567; x_wconf 89' lang='lat' dir='ltr'><strong>ita</strong></span> <span class='ocrx_word' id='word_1_207' title='bbox 3249 1528 3472 1585; x_wconf 50' lang='lat' dir='ltr'><strong>qu&#39;que</strong></span> 
     </span>
    </p>
   </div>
   <div class='ocr_carea' id='block_1_28' title="bbox 1874 1601 3470 1672">
    <p class='ocr_par' dir='ltr' id='par_1_28' title="bbox 1874 1601 3470 1672">
     <span class='ocr_line' id='line_1_28' title="bbox 1874 1601 3470 1672; baseline 0.004 -17"><span class='ocrx_word' id='word_1_208' title='bbox 1874 1601 1930 1655; x_wconf 92' lang='lat' dir='ltr'><strong>in</strong></span> <span class='ocrx_word' id='word_1_209' title='bbox 1961 1617 2027 1656; x_wconf 92' lang='lat' dir='ltr'><strong>eo</strong></span> <span class='ocrx_word' id='word_1_210' title='bbox 2051 1602 2196 1672; x_wconf 89' lang='lat' dir='ltr'><strong>quod</strong></span> <span class='ocrx_word' id='word_1_211' title='bbox 2226 1603 2437 1659; x_wconf 81' lang='lat' dir='ltr'><strong>caeteris</strong></span> <span class='ocrx_word' id='word_1_212' title='bbox 2464 1602 2721 1660; x_wconf 87' lang='lat' dir='ltr'><strong>omnibus</strong></span> <span class='ocrx_word' id='word_1_213' title='bbox 2744 1604 2930 1659; x_wconf 89' lang='lat' dir='ltr'><strong>acrius</strong></span> <span class='ocrx_word' id='word_1_214' title='bbox 2952 1614 3056 1670; x_wconf 90' lang='lat' dir='ltr'><strong>est,</strong></span> <span class='ocrx_word' id='word_1_215' title='bbox 3092 1614 3147 1660; x_wconf 92' lang='lat' dir='ltr'><strong>et</strong></span> <span class='ocrx_word' id='word_1_216' title='bbox 3175 1604 3470 1661; x_wconf 83' lang='lat' dir='ltr'><strong>vehemen-</strong></span> 
     </span>
    </p>
   </div>
   <div class='ocr_carea' id='block_1_29' title="bbox 1874 1692 3472 1768">
    <p class='ocr_par' dir='ltr' id='par_1_29' title="bbox 1874 1692 3472 1768">
     <span class='ocr_line' id='line_1_29' title="bbox 1874 1692 3472 1768; baseline 0.004 -21"><span class='ocrx_word' id='word_1_217' title='bbox 1874 1692 1982 1748; x_wconf 89' lang='lat' dir='ltr'><strong>tius</strong></span> <span class='ocrx_word' id='word_1_218' title='bbox 2003 1694 2348 1759; x_wconf 78' lang='lat' dir='ltr'><strong>excrucians,</strong></span> <span class='ocrx_word' id='word_1_219' title='bbox 2384 1704 2656 1750; x_wconf 89' lang='lat' dir='ltr'><strong>tormento</strong></span> <span class='ocrx_word' id='word_1_220' title='bbox 2681 1712 2789 1751; x_wconf 93' lang='lat' dir='ltr'><strong>non</strong></span> <span class='ocrx_word' id='word_1_221' title='bbox 2819 1697 3266 1753; x_wconf 90' lang='lat' dir='ltr'><strong>irrationabiliter</strong></span> <span class='ocrx_word' id='word_1_222' title='bbox 3309 1706 3472 1768; x_wconf 86' lang='lat' dir='ltr'><strong>puta-</strong></span> 
     </span>
    </p>
   </div>
   <div class='ocr_carea' id='block_1_30' title="bbox 1873 1783 3469 1861">
    <p class='ocr_par' dir='ltr' id='par_1_30' title="bbox 1873 1783 3469 1861">
     <span class='ocr_line' id='line_1_30' title="bbox 1873 1783 3469 1861; baseline 0.006 -23"><span class='ocrx_word' id='word_1_223' title='bbox 1873 1793 1983 1839; x_wconf 88' lang='lat' dir='ltr'><strong>tur.</strong></span> <span class='ocrx_word' id='word_1_224' title='bbox 2018 1783 2176 1851; x_wconf 83' lang='lat' dir='ltr'><strong>Quod</strong></span> <span class='ocrx_word' id='word_1_225' title='bbox 2213 1794 2497 1856; x_wconf 85' lang='lat' dir='ltr'><strong>propterea</strong></span> <span class='ocrx_word' id='word_1_226' title='bbox 2533 1784 2785 1844; x_wconf 82' lang='lat' dir='ltr'><strong>fortassis</strong></span> <span class='ocrx_word' id='word_1_227' title='bbox 2809 1788 2987 1843; x_wconf 89' lang='lat' dir='ltr'><strong>solnm</strong></span> <span class='ocrx_word' id='word_1_228' title='bbox 3015 1790 3137 1855; x_wconf 88' lang='lat' dir='ltr'><strong>erit,</strong></span> <span class='ocrx_word' id='word_1_229' title='bbox 3167 1798 3226 1844; x_wconf 92' lang='lat' dir='ltr'><strong>ut</strong></span> <span class='ocrx_word' id='word_1_230' title='bbox 3252 1805 3469 1861; x_wconf 85' lang='lat' dir='ltr'><strong>semper</strong></span> 
     </span>
    </p>
   </div>
   <div class='ocr_carea' id='block_1_31' title="bbox 175 1861 3469 1952">
    <p class='ocr_par' dir='ltr' id='par_1_31' title="bbox 175 1861 3469 1952">
     <span class='ocr_line' id='line_1_31' title="bbox 175 1861 3469 1952; baseline 0.002 -19"><span class='ocrx_word' id='word_1_231' title='bbox 175 1879 199 1912; x_wconf 77' lang='lat'>&#39;</span> <span class='ocrx_word' id='word_1_232' title='bbox 220 1861 369 1933; x_wconf 72' lang='grc' dir='ltr'><strong>Ετεο</strong></span> <span class='ocrx_word' id='word_1_233' title='bbox 391 1878 608 1918; x_wconf 60' lang='lat' dir='ltr'><strong>Servum</strong></span> <span class='ocrx_word' id='word_1_234' title='bbox 628 1862 724 1918; x_wconf 69' lang='lat' dir='ltr'><strong>Dei</strong></span> <span class='ocrx_word' id='word_1_235' title='bbox 746 1879 853 1918; x_wconf 82' lang='grc' dir='ltr'><strong>ηοη</strong></span> <span class='ocrx_word' id='word_1_236' title='bbox 878 1874 1091 1934; x_wconf 71' lang='grc' dir='ltr'><strong>θρονιθι</strong></span> <span class='ocrx_word' id='word_1_237' title='bbox 1112 1865 1347 1934; x_wconf 63' lang='lat' dir='ltr'><strong>“ligare,</strong></span> <span class='ocrx_word' id='word_1_238' title='bbox 1365 1866 1458 1920; x_wconf 72' lang='lat' dir='ltr'><strong>sed</strong></span> <span class='ocrx_word' id='word_1_239' title='bbox 1478 1880 1601 1922; x_wconf 72' lang='lat' dir='ltr'><strong>esse</strong></span> <span class='ocrx_word' id='word_1_240' title='bbox 1624 1882 1778 1920; x_wconf 65' lang='lat' dir='ltr'><strong>&quot;mn-</strong></span> <span class='ocrx_word' id='word_1_241' title='bbox 1808 1872 1853 1931; x_wconf 79' lang='grc' dir='ltr'><strong>Β</strong></span> <span class='ocrx_word' id='word_1_242' title='bbox 1883 1892 2165 1932; x_wconf 87' lang='lat' dir='ltr'><strong>summum</strong></span> <span class='ocrx_word' id='word_1_243' title='bbox 2194 1893 2317 1933; x_wconf 83' lang='lat' dir='ltr'><strong>esse</strong></span> <span class='ocrx_word' id='word_1_244' title='bbox 2348 1879 2542 1948; x_wconf 90' lang='lat' dir='ltr'><strong>possit,</strong></span> <span class='ocrx_word' id='word_1_245' title='bbox 2573 1878 2703 1948; x_wconf 86' lang='lat' dir='ltr'><strong>quia</strong></span> <span class='ocrx_word' id='word_1_246' title='bbox 2748 1880 3014 1952; x_wconf 88' lang='lat' dir='ltr'><strong>quidquid</strong></span> <span class='ocrx_word' id='word_1_247' title='bbox 3045 1897 3146 1952; x_wconf 92' lang='lat' dir='ltr'><strong>pro</strong></span> <span class='ocrx_word' id='word_1_248' title='bbox 3167 1882 3261 1937; x_wconf 90' lang='lat' dir='ltr'><strong>illo</strong></span> <span class='ocrx_word' id='word_1_249' title='bbox 3283 1883 3469 1939; x_wconf 90' lang='lat' dir='ltr'><strong>mitte-</strong></span> 
     </span>
    </p>
   </div>
   <div class='ocr_carea' id='block_1_32' title="bbox 171 1954 1767 2027">
    <p class='ocr_par' dir='ltr' id='par_1_32' title="bbox 171 1954 1767 2027">
     <span class='ocr_line' id='line_1_32' title="bbox 171 1954 1767 2027; baseline 0.001 -17"><span class='ocrx_word' id='word_1_250' title='bbox 171 1965 396 2010; x_wconf 88' lang='lat' dir='ltr'><strong>suetum</strong></span> <span class='ocrx_word' id='word_1_251' title='bbox 427 1954 496 2009; x_wconf 89' lang='lat' dir='ltr'><strong>ad</strong></span> <span class='ocrx_word' id='word_1_252' title='bbox 542 1970 755 2022; x_wconf 86' lang='lat' dir='ltr'><strong>omnes,</strong></span> <span class='ocrx_word' id='word_1_253' title='bbox 794 1963 850 2011; x_wconf 93' lang='lat' dir='ltr'><strong>et</strong></span> <span class='ocrx_word' id='word_1_254' title='bbox 898 1971 1023 2011; x_wconf 90' lang='lat' dir='ltr'><strong>eum</strong></span> <span class='ocrx_word' id='word_1_255' title='bbox 1084 1957 1353 2013; x_wconf 87' lang='lat' dir='ltr'><strong>modestia</strong></span> <span class='ocrx_word' id='word_1_256' title='bbox 1384 1957 1767 2027; x_wconf 89' lang='lat' dir='ltr'><strong>corripieutcm</strong></span> 
     </span>
    </p>
   </div>
   <div class='ocr_carea' id='block_1_33' title="bbox 169 2047 1768 2121">
    <p class='ocr_par' dir='ltr' id='par_1_33' title="bbox 169 2047 1768 2121">
     <span class='ocr_line' id='line_1_33' title="bbox 169 2047 1768 2121; baseline 0 -18"><span class='ocrx_word' id='word_1_257' title='bbox 169 2061 270 2103; x_wconf 86' lang='lat' dir='ltr'><strong>eos</strong></span> <span class='ocrx_word' id='word_1_258' title='bbox 295 2047 393 2118; x_wconf 90' lang='lat' dir='ltr'><strong>qui</strong></span> <span class='ocrx_word' id='word_1_259' title='bbox 416 2047 681 2104; x_wconf 86' lang='lat' dir='ltr'><strong>resistunt</strong></span> <span class='ocrx_word' id='word_1_260' title='bbox 710 2048 926 2103; x_wconf 79' lang='lat' dir='ltr'><strong>veritati</strong></span> <span class='ocrx_word' id='word_1_261' title='bbox 958 2047 1047 2121; x_wconf 89' lang='lat' dir='ltr'><strong>(II</strong></span> <span class='ocrx_word' id='word_1_262' title='bbox 1074 2047 1210 2103; x_wconf 85' lang='lat' dir='ltr'><strong>Tim.</strong></span> <span class='ocrx_word' id='word_1_263' title='bbox 1237 2051 1320 2120; x_wconf 90' lang='grc' dir='ltr'><strong>ιι).</strong></span> <span class='ocrx_word' id='word_1_264' title='bbox 1353 2069 1372 2102; x_wconf 76' lang='grc' dir='ltr'><strong><em>ι</em></strong></span> <span class='ocrx_word' id='word_1_265' title='bbox 1411 2048 1617 2105; x_wconf 86' lang='lat' dir='ltr'><strong>Stultas</strong></span> <span class='ocrx_word' id='word_1_266' title='bbox 1635 2064 1768 2121; x_wconf 88' lang='lat' dir='ltr'><strong>ergo</strong></span> 
     </span>
    </p>
   </div>
   <div class='ocr_carea' id='block_1_34' title="bbox 166 2137 1769 2209">
    <p class='ocr_par' dir='ltr' id='par_1_34' title="bbox 166 2137 1769 2209">
     <span class='ocr_line' id='line_1_34' title="bbox 166 2137 1769 2209; baseline -0.002 -13"><span class='ocrx_word' id='word_1_267' title='bbox 166 2147 229 2196; x_wconf 82' lang='lat' dir='ltr'><strong>et</strong></span> <span class='ocrx_word' id='word_1_268' title='bbox 275 2138 399 2194; x_wconf 92' lang='lat' dir='ltr'><strong>sine</strong></span> <span class='ocrx_word' id='word_1_269' title='bbox 423 2138 713 2209; x_wconf 88' lang='lat' dir='ltr'><strong>disciplina</strong></span> <span class='ocrx_word' id='word_1_270' title='bbox 740 2137 1090 2208; x_wconf 64' lang='lat' dir='ltr'><strong>quaestiones,</strong></span> <span class='ocrx_word' id='word_1_271' title='bbox 1129 2148 1183 2194; x_wconf 92' lang='lat' dir='ltr'><strong>et</strong></span> <span class='ocrx_word' id='word_1_272' title='bbox 1208 2137 1264 2192; x_wconf 91' lang='lat' dir='ltr'><strong>in</strong></span> <span class='ocrx_word' id='word_1_273' title='bbox 1295 2138 1496 2209; x_wconf 89' lang='lat' dir='ltr'><strong>quibus</strong></span> <span class='ocrx_word' id='word_1_274' title='bbox 1544 2155 1650 2193; x_wconf 89' lang='lat' dir='ltr'><strong>non</strong></span> <span class='ocrx_word' id='word_1_275' title='bbox 1683 2149 1769 2193; x_wconf 88' lang='lat' dir='ltr'><strong>est</strong></span> 
     </span>
    </p>
   </div>
   <div class='ocr_carea' id='block_1_35' title="bbox 167 2230 1767 2302">
    <p class='ocr_par' dir='ltr' id='par_1_35' title="bbox 167 2230 1767 2302">
     <span class='ocr_line' id='line_1_35' title="bbox 167 2230 1767 2302; baseline 0 -16"><span class='ocrx_word' id='word_1_276' title='bbox 167 2230 457 2302; x_wconf 82' lang='lat' dir='ltr'><strong>profectus</strong></span> <span class='ocrx_word' id='word_1_277' title='bbox 483 2230 724 2287; x_wconf 68' lang='lat' dir='ltr'><strong>scientia:</strong></span> <span class='ocrx_word' id='word_1_278' title='bbox 742 2231 962 2297; x_wconf 88' lang='lat' dir='ltr'><strong>devitet,</strong></span> <span class='ocrx_word' id='word_1_279' title='bbox 992 2232 1172 2288; x_wconf 82' lang='lat' dir='ltr'><strong>sciens</strong></span> <span class='ocrx_word' id='word_1_280' title='bbox 1201 2233 1329 2302; x_wconf 91' lang='lat' dir='ltr'><strong>quia</strong></span> <span class='ocrx_word' id='word_1_281' title='bbox 1354 2243 1616 2302; x_wconf 79' lang='lat' dir='ltr'><strong>generant</strong></span> <span class='ocrx_word' id='word_1_282' title='bbox 1644 2231 1767 2286; x_wconf 88' lang='lat' dir='ltr'><strong>lites</strong></span> 
     </span>
    </p>
   </div>
   <div class='ocr_carea' id='block_1_36' title="bbox 166 2323 1766 2392">
    <p class='ocr_par' dir='ltr' id='par_1_36' title="bbox 166 2323 1766 2392">
     <span class='ocr_line' id='line_1_36' title="bbox 166 2323 1766 2392; baseline -0.001 -13"><span class='ocrx_word' id='word_1_283' title='bbox 166 2339 283 2380; x_wconf 88' lang='lat' dir='ltr'><strong>non</strong></span> <span class='ocrx_word' id='word_1_284' title='bbox 314 2323 756 2392; x_wconf 65' lang='lat' dir='ltr'><strong>aedificationem,</strong></span> <span class='ocrx_word' id='word_1_285' title='bbox 779 2333 1025 2380; x_wconf 85' lang='lat' dir='ltr'><strong>errantes</strong></span> <span class='ocrx_word' id='word_1_286' title='bbox 1048 2333 1229 2379; x_wconf 91' lang='lat' dir='ltr'><strong>autem</strong></span> <span class='ocrx_word' id='word_1_287' title='bbox 1256 2339 1365 2379; x_wconf 92' lang='lat' dir='ltr'><strong>non</strong></span> <span class='ocrx_word' id='word_1_288' title='bbox 1390 2332 1566 2379; x_wconf 85' lang='lat' dir='ltr'><strong>cesset</strong></span> <span class='ocrx_word' id='word_1_289' title='bbox 1591 2325 1766 2378; x_wconf 86' lang='lat' dir='ltr'><strong>corri-</strong></span> 
     </span>
    </p>
   </div>
   <div class='ocr_carea' id='block_1_37' title="bbox 166 2416 1762 2488">
    <p class='ocr_par' dir='ltr' id='par_1_37' title="bbox 166 2416 1762 2488">
     <span class='ocr_line' id='line_1_37' title="bbox 166 2416 1762 2488; baseline -0.001 -17"><span class='ocrx_word' id='word_1_290' title='bbox 166 2432 322 2488; x_wconf 84' lang='lat' dir='ltr'><strong>gere,</strong></span> <span class='ocrx_word' id='word_1_291' title='bbox 351 2416 401 2473; x_wconf 88' lang='lat' dir='ltr'><strong>si</strong></span> <span class='ocrx_word' id='word_1_292' title='bbox 431 2416 653 2487; x_wconf 89' lang='lat' dir='ltr'><strong>quando</strong></span> <span class='ocrx_word' id='word_1_293' title='bbox 686 2417 778 2472; x_wconf 88' lang='lat' dir='ltr'><strong>det</strong></span> <span class='ocrx_word' id='word_1_294' title='bbox 807 2417 912 2473; x_wconf 91' lang='lat' dir='ltr'><strong>illis</strong></span> <span class='ocrx_word' id='word_1_295' title='bbox 937 2416 1080 2472; x_wconf 85' lang='lat' dir='ltr'><strong>Deus</strong></span> <span class='ocrx_word' id='word_1_296' title='bbox 1106 2431 1439 2488; x_wconf 83' lang='lat' dir='ltr'><strong>cognoscere</strong></span> <span class='ocrx_word' id='word_1_297' title='bbox 1460 2417 1762 2484; x_wconf 86' lang='lat' dir='ltr'><strong>veritatem,</strong></span> 
     </span>
    </p>
   </div>
   <div class='ocr_carea' id='block_1_38' title="bbox 165 2507 1766 2579">
    <p class='ocr_par' dir='ltr' id='par_1_38' title="bbox 165 2507 1766 2579">
     <span class='ocr_line' id='line_1_38' title="bbox 165 2507 1766 2579; baseline -0.001 -15"><span class='ocrx_word' id='word_1_298' title='bbox 165 2516 224 2565; x_wconf 88' lang='lat' dir='ltr'><strong>et</strong></span> <span class='ocrx_word' id='word_1_299' title='bbox 252 2508 583 2579; x_wconf 79' lang='lat' dir='ltr'><strong>resipiscam</strong></span> <span class='ocrx_word' id='word_1_300' title='bbox 602 2523 633 2562; x_wconf 93' lang='lat' dir='ltr'><strong>a</strong></span> <span class='ocrx_word' id='word_1_301' title='bbox 663 2508 874 2579; x_wconf 87' lang='lat' dir='ltr'><strong>laqueis</strong></span> <span class='ocrx_word' id='word_1_302' title='bbox 900 2509 1123 2575; x_wconf 89' lang='lat' dir='ltr'><strong>diaboli,</strong></span> <span class='ocrx_word' id='word_1_303' title='bbox 1158 2525 1191 2562; x_wconf 91' lang='lat' dir='ltr'><strong>a</strong></span> <span class='ocrx_word' id='word_1_304' title='bbox 1212 2523 1322 2579; x_wconf 92' lang='lat' dir='ltr'><strong>quo</strong></span> <span class='ocrx_word' id='word_1_305' title='bbox 1348 2507 1546 2578; x_wconf 82' lang='lat' dir='ltr'><strong>captivi</strong></span> <span class='ocrx_word' id='word_1_306' title='bbox 1578 2516 1766 2563; x_wconf 81' lang='lat' dir='ltr'><strong>tenen-</strong></span> 
     </span>
    </p>
   </div>
   <div class='ocr_carea' id='block_1_39' title="bbox 163 2599 1765 2672">
    <p class='ocr_par' dir='ltr' id='par_1_39' title="bbox 163 2599 1765 2672">
     <span class='ocr_line' id='line_1_39' title="bbox 163 2599 1765 2672; baseline -0.001 -14"><span class='ocrx_word' id='word_1_307' title='bbox 163 2610 284 2669; x_wconf 85' lang='lat' dir='ltr'><strong>tur,</strong></span> <span class='ocrx_word' id='word_1_308' title='bbox 312 2600 387 2657; x_wconf 88' lang='lat' dir='ltr'><strong>ad</strong></span> <span class='ocrx_word' id='word_1_309' title='bbox 411 2601 734 2672; x_wconf 76' lang='lat' dir='ltr'><strong>explendam</strong></span> <span class='ocrx_word' id='word_1_310' title='bbox 782 2602 902 2671; x_wconf 87' lang='lat' dir='ltr'><strong>ejus</strong></span> <span class='ocrx_word' id='word_1_311' title='bbox 933 2603 1266 2657; x_wconf 85' lang='lat' dir='ltr'><strong>voluntatem</strong></span> <span class='ocrx_word' id='word_1_312' title='bbox 1299 2600 1499 2671; x_wconf 81' lang='lat' dir='ltr'><strong>(ibid.).</strong></span> <span class='ocrx_word' id='word_1_313' title='bbox 1529 2599 1646 2655; x_wconf 84' lang='lat' dir='ltr'><strong>Non</strong></span> <span class='ocrx_word' id='word_1_314' title='bbox 1676 2616 1765 2657; x_wconf 83' lang='lat' dir='ltr'><strong>so-</strong></span> 
     </span>
    </p>
   </div>
   <div class='ocr_carea' id='block_1_40' title="bbox 163 2693 1765 2759">
    <p class='ocr_par' dir='ltr' id='par_1_40' title="bbox 163 2693 1765 2759">
     <span class='ocr_line' id='line_1_40' title="bbox 163 2693 1765 2759; baseline 0.001 -11"><span class='ocrx_word' id='word_1_315' title='bbox 163 2693 483 2749; x_wconf 88' lang='lat' dir='ltr'><strong>lumautem</strong></span> <span class='ocrx_word' id='word_1_316' title='bbox 501 2693 633 2749; x_wconf 91' lang='lat' dir='ltr'><strong>nulli</strong></span> <span class='ocrx_word' id='word_1_317' title='bbox 651 2694 1213 2759; x_wconf 84' lang='lat' dir='ltr'><strong>nosirasci’convenit,</strong></span> <span class='ocrx_word' id='word_1_318' title='bbox 1227 2694 1321 2749; x_wconf 91' lang='lat' dir='ltr'><strong>sed</strong></span> <span class='ocrx_word' id='word_1_319' title='bbox 1335 2694 1498 2750; x_wconf 89' lang='lat' dir='ltr'><strong>etiam</strong></span> <span class='ocrx_word' id='word_1_320' title='bbox 1513 2694 1651 2750; x_wconf 89' lang='lat' dir='ltr'><strong>alios</strong></span> <span class='ocrx_word' id='word_1_321' title='bbox 1662 2709 1765 2749; x_wconf 89' lang='lat' dir='ltr'><strong>suo</strong></span> 
     </span>
    </p>
   </div>
   <div class='ocr_carea' id='block_1_41' title="bbox 162 2784 1761 2857">
    <p class='ocr_par' dir='ltr' id='par_1_41' title="bbox 162 2784 1761 2857">
     <span class='ocr_line' id='line_1_41' title="bbox 162 2784 1761 2857; baseline 0 -16"><span class='ocrx_word' id='word_1_322' title='bbox 162 2794 483 2842; x_wconf 85' lang='lat' dir='ltr'><strong>commotos</strong></span> <span class='ocrx_word' id='word_1_323' title='bbox 515 2784 649 2840; x_wconf 90' lang='lat' dir='ltr'><strong>vitio</strong></span> <span class='ocrx_word' id='word_1_324' title='bbox 674 2795 861 2842; x_wconf 89' lang='lat' dir='ltr'><strong>nostra</strong></span> <span class='ocrx_word' id='word_1_325' title='bbox 892 2786 1113 2841; x_wconf 90' lang='lat' dir='ltr'><strong>lenitate</strong></span> <span class='ocrx_word' id='word_1_326' title='bbox 1139 2786 1377 2852; x_wconf 90' lang='lat' dir='ltr'><strong>vincere,</strong></span> <span class='ocrx_word' id='word_1_327' title='bbox 1401 2787 1554 2857; x_wconf 86' lang='lat' dir='ltr'><strong>juxta</strong></span> <span class='ocrx_word' id='word_1_328' title='bbox 1587 2785 1717 2840; x_wconf 90' lang='lat' dir='ltr'><strong>illud</strong></span> <span class='ocrx_word' id='word_1_329' title='bbox 1746 2804 1761 2841; x_wconf 89' lang='lat'><strong>:</strong></span> 
     </span>
    </p>
   </div>
   <div class='ocr_carea' id='block_1_42' title="bbox 160 2873 1765 2933">
    <p class='ocr_par' dir='ltr' id='par_1_42' title="bbox 160 2873 1765 2933">
     <span class='ocr_line' id='line_1_42' title="bbox 160 2873 1765 2933; baseline 0.002 -3"><span class='ocrx_word' id='word_1_330' title='bbox 160 2873 294 2931; x_wconf 83' lang='lat' dir='ltr'><strong>Noli</strong></span> <span class='ocrx_word' id='word_1_331' title='bbox 322 2876 467 2933; x_wconf 86' lang='lat' dir='ltr'><strong>vinci</strong></span> <span class='ocrx_word' id='word_1_332' title='bbox 487 2892 519 2932; x_wconf 88' lang='lat' dir='ltr'><strong>a</strong></span> <span class='ocrx_word' id='word_1_333' title='bbox 544 2878 689 2933; x_wconf 91' lang='lat' dir='ltr'><strong>malo</strong></span> <span class='ocrx_word' id='word_1_334' title='bbox 709 2876 806 2933; x_wconf 90' lang='lat' dir='ltr'><strong>sed</strong></span> <span class='ocrx_word' id='word_1_335' title='bbox 838 2877 995 2932; x_wconf 88' lang='lat' dir='ltr'><strong>vince</strong></span> <span class='ocrx_word' id='word_1_336' title='bbox 1022 2877 1076 2932; x_wconf 92' lang='lat' dir='ltr'><strong>in</strong></span> <span class='ocrx_word' id='word_1_337' title='bbox 1111 2877 1258 2932; x_wconf 91' lang='lat' dir='ltr'><strong>bono</strong></span> <span class='ocrx_word' id='word_1_338' title='bbox 1280 2877 1505 2933; x_wconf 91' lang='lat' dir='ltr'><strong>malum.</strong></span> <span class='ocrx_word' id='word_1_339' title='bbox 1539 2876 1765 2933; x_wconf 77' lang='lat' dir='ltr'><strong>Talibus</strong></span> 
     </span>
    </p>
   </div>
   <div class='ocr_carea' id='block_1_43' title="bbox 160 2968 1763 3042">
    <p class='ocr_par' dir='ltr' id='par_1_43' title="bbox 160 2968 1763 3042">
     <span class='ocr_line' id='line_1_43' title="bbox 160 2968 1763 3042; baseline -0.001 -17"><span class='ocrx_word' id='word_1_340' title='bbox 160 2970 434 3027; x_wconf 80' lang='lat' dir='ltr'><strong>remediis</strong></span> <span class='ocrx_word' id='word_1_341' title='bbox 460 2970 555 3042; x_wconf 90' lang='lat' dir='ltr'><strong>qui</strong></span> <span class='ocrx_word' id='word_1_342' title='bbox 578 2980 767 3028; x_wconf 84' lang='lat' dir='ltr'><strong>contra</strong></span> <span class='ocrx_word' id='word_1_343' title='bbox 795 2971 932 3026; x_wconf 92' lang='lat' dir='ltr'><strong>iram</strong></span> <span class='ocrx_word' id='word_1_344' title='bbox 970 2980 1195 3027; x_wconf 89' lang='lat' dir='ltr'><strong>curatus</strong></span> <span class='ocrx_word' id='word_1_345' title='bbox 1229 2968 1415 3037; x_wconf 79' lang='lat' dir='ltr'><strong>fuerit,</strong></span> <span class='ocrx_word' id='word_1_346' title='bbox 1462 2970 1653 3025; x_wconf 88' lang='lat' dir='ltr'><strong>evadet</strong></span> <span class='ocrx_word' id='word_1_347' title='bbox 1696 2970 1763 3024; x_wconf 85' lang='lat' dir='ltr'><strong>il-</strong></span> 
     </span>
    </p>
   </div>
   <div class='ocr_carea' id='block_1_44' title="bbox 158 3062 1765 3137">
    <p class='ocr_par' dir='ltr' id='par_1_44' title="bbox 158 3062 1765 3137">
     <span class='ocr_line' id='line_1_44' title="bbox 158 3062 1765 3137; baseline -0.001 -18"><span class='ocrx_word' id='word_1_348' title='bbox 158 3062 261 3125; x_wconf 81' lang='lat' dir='ltr'><strong>1nd</strong></span> <span class='ocrx_word' id='word_1_349' title='bbox 291 3065 668 3137; x_wconf 79' lang='lat' dir='ltr'><strong>evangelicum</strong></span> <span class='ocrx_word' id='word_1_350' title='bbox 693 3065 840 3136; x_wconf 89' lang='lat' dir='ltr'><strong>quod</strong></span> <span class='ocrx_word' id='word_1_351' title='bbox 877 3064 1144 3120; x_wconf 90' lang='lat' dir='ltr'><strong>Dominus</strong></span> <span class='ocrx_word' id='word_1_352' title='bbox 1181 3064 1294 3118; x_wconf 89' lang='lat' dir='ltr'><strong>ait:</strong></span> <span class='ocrx_word' id='word_1_353' title='bbox 1331 3080 1350 3115; x_wconf 75' lang='grc' dir='ltr'>ι</span> <span class='ocrx_word' id='word_1_354' title='bbox 1378 3062 1483 3131; x_wconf 85' lang='lat' dir='ltr'><strong>Qui</strong></span> <span class='ocrx_word' id='word_1_355' title='bbox 1510 3062 1765 3119; x_wconf 85' lang='lat' dir='ltr'><strong>irascitur</strong></span> 
     </span>
    </p>
   </div>
   <div class='ocr_carea' id='block_1_45' title="bbox 155 3155 1615 3228">
    <p class='ocr_par' dir='ltr' id='par_1_45' title="bbox 155 3155 1615 3228">
     <span class='ocr_line' id='line_1_45' title="bbox 155 3155 1615 3228; baseline -0.005 -13"><span class='ocrx_word' id='word_1_356' title='bbox 155 3155 329 3215; x_wconf 77' lang='lat' dir='ltr'><strong>fratri</strong></span> <span class='ocrx_word' id='word_1_357' title='bbox 355 3173 480 3226; x_wconf 86' lang='lat' dir='ltr'><strong>suo,</strong></span> <span class='ocrx_word' id='word_1_358' title='bbox 512 3173 642 3214; x_wconf 89' lang='lat' dir='ltr'><strong>reus</strong></span> <span class='ocrx_word' id='word_1_359' title='bbox 669 3158 774 3214; x_wconf 91' lang='lat' dir='ltr'><strong>erit</strong></span> <span class='ocrx_word' id='word_1_360' title='bbox 799 3157 1058 3228; x_wconf 74' lang='lat' dir='ltr'><strong>gehennae</strong></span> <span class='ocrx_word' id='word_1_361' title='bbox 1084 3157 1226 3228; x_wconf 87' lang='lat' dir='ltr'><strong>ignis</strong></span> <span class='ocrx_word' id='word_1_362' title='bbox 1250 3155 1473 3225; x_wconf 72' lang='lat' dir='ltr'><strong>(Matth.</strong></span> <span class='ocrx_word' id='word_1_363' title='bbox 1504 3155 1615 3226; x_wconf 76' lang='grc' dir='ltr'><strong>ν).›</strong></span> 
     </span>
    </p>
   </div>
   <div class='ocr_carea' id='block_1_46' title="bbox 230 3259 1760 3332">
    <p class='ocr_par' dir='ltr' id='par_1_46' title="bbox 230 3259 1760 3332">
     <span class='ocr_line' id='line_1_46' title="bbox 230 3259 1760 3332; baseline -0.001 -15"><span class='ocrx_word' id='word_1_364' title='bbox 230 3261 439 3330; x_wconf 86' lang='lat' dir='ltr'><strong>Qualia</strong></span> <span class='ocrx_word' id='word_1_365' title='bbox 459 3272 641 3318; x_wconf 89' lang='lat' dir='ltr'><strong>autem</strong></span> <span class='ocrx_word' id='word_1_366' title='bbox 680 3269 948 3317; x_wconf 86' lang='lat' dir='ltr'><strong>tormenta</strong></span> <span class='ocrx_word' id='word_1_367' title='bbox 977 3259 1296 3332; x_wconf 87' lang='lat' dir='ltr'><strong>gebennalia</strong></span> <span class='ocrx_word' id='word_1_368' title='bbox 1346 3259 1488 3326; x_wconf 90' lang='lat' dir='ltr'><strong>sint,</strong></span> <span class='ocrx_word' id='word_1_369' title='bbox 1518 3260 1760 3329; x_wconf 64' lang='lat' dir='ltr'><strong>,dignum</strong></span> 
     </span>
    </p>
   </div>
   <div class='ocr_carea' id='block_1_47' title="bbox 151 3351 1762 3425">
    <p class='ocr_par' dir='ltr' id='par_1_47' title="bbox 151 3351 1762 3425">
     <span class='ocr_line' id='line_1_47' title="bbox 151 3351 1762 3425; baseline -0.003 -14"><span class='ocrx_word' id='word_1_370' title='bbox 151 3356 388 3411; x_wconf 81' lang='lat' dir='ltr'><strong>videtur</strong></span> <span class='ocrx_word' id='word_1_371' title='bbox 429 3354 726 3425; x_wconf 87' lang='lat' dir='ltr'><strong>inquirere.</strong></span> <span class='ocrx_word' id='word_1_372' title='bbox 766 3351 902 3408; x_wconf 84' lang='lat' dir='ltr'><strong>Nam</strong></span> <span class='ocrx_word' id='word_1_373' title='bbox 932 3353 1088 3408; x_wconf 84' lang='lat' dir='ltr'><strong>valde</strong></span> <span class='ocrx_word' id='word_1_374' title='bbox 1139 3353 1364 3424; x_wconf 85' lang='lat' dir='ltr'><strong>dignum</strong></span> <span class='ocrx_word' id='word_1_375' title='bbox 1418 3352 1762 3423; x_wconf 88' lang='lat' dir='ltr'><strong>inquisitioni</strong></span> 
     </span>
    </p>
   </div>
   <div class='ocr_carea' id='block_1_48' title="bbox 151 3442 1762 3515">
    <p class='ocr_par' dir='ltr' id='par_1_48' title="bbox 151 3442 1762 3515">
     <span class='ocr_line' id='line_1_48' title="bbox 151 3442 1762 3515; baseline -0.002 -15"><span class='ocrx_word' id='word_1_376' title='bbox 151 3445 407 3511; x_wconf 87' lang='lat' dir='ltr'><strong>videtur,</strong></span> <span class='ocrx_word' id='word_1_377' title='bbox 440 3454 627 3499; x_wconf 91' lang='lat' dir='ltr'><strong>utrum</strong></span> <span class='ocrx_word' id='word_1_378' title='bbox 660 3442 868 3499; x_wconf 89' lang='lat' dir='ltr'><strong>scilicet</strong></span> <span class='ocrx_word' id='word_1_379' title='bbox 890 3442 1039 3498; x_wconf 82' lang='lat' dir='ltr'><strong>solus</strong></span> <span class='ocrx_word' id='word_1_380' title='bbox 1064 3442 1208 3515; x_wconf 88' lang='lat' dir='ltr'><strong>ignis</strong></span> <span class='ocrx_word' id='word_1_381' title='bbox 1247 3442 1582 3498; x_wconf 88' lang='lat' dir='ltr'><strong>cruciatibus</strong></span> <span class='ocrx_word' id='word_1_382' title='bbox 1607 3442 1762 3496; x_wconf 90' lang='lat' dir='ltr'><strong>dam-</strong></span> 
     </span>
    </p>
   </div>
   <div class='ocr_carea' id='block_1_49' title="bbox 151 3535 1760 3607">
    <p class='ocr_par' dir='ltr' id='par_1_49' title="bbox 151 3535 1760 3607">
     <span class='ocr_line' id='line_1_49' title="bbox 151 3535 1760 3607; baseline -0.002 -14"><span class='ocrx_word' id='word_1_383' title='bbox 151 3550 428 3593; x_wconf 82' lang='lat' dir='ltr'><strong>natorum</strong></span> <span class='ocrx_word' id='word_1_384' title='bbox 458 3536 748 3607; x_wconf 90' lang='lat' dir='ltr'><strong>impositus</strong></span> <span class='ocrx_word' id='word_1_385' title='bbox 776 3538 866 3602; x_wconf 89' lang='lat' dir='ltr'><strong>sit,</strong></span> <span class='ocrx_word' id='word_1_386' title='bbox 907 3545 1191 3606; x_wconf 89' lang='lat' dir='ltr'><strong>propterea</strong></span> <span class='ocrx_word' id='word_1_387' title='bbox 1219 3536 1364 3606; x_wconf 88' lang='lat' dir='ltr'><strong>quod</strong></span> <span class='ocrx_word' id='word_1_388' title='bbox 1397 3536 1549 3590; x_wconf 92' lang='lat' dir='ltr'><strong>illum</strong></span> <span class='ocrx_word' id='word_1_389' title='bbox 1584 3535 1760 3591; x_wconf 89' lang='lat' dir='ltr'><strong>solum</strong></span> 
     </span>
    </p>
   </div>
   <div class='ocr_carea' id='block_1_50' title="bbox 148 3620 1759 3696">
    <p class='ocr_par' dir='ltr' id='par_1_50' title="bbox 148 3620 1759 3696">
     <span class='ocr_line' id='line_1_50' title="bbox 148 3620 1759 3696; baseline -0.004 -10"><span class='ocrx_word' id='word_1_390' title='bbox 148 3620 373 3686; x_wconf 83' lang='lat' dir='ltr'><strong>veritas</strong></span> <span class='ocrx_word' id='word_1_391' title='bbox 388 3629 1016 3685; x_wconf 86' lang='lat' dir='ltr'><strong>commemoratdicens:</strong></span> <span class='ocrx_word' id='word_1_392' title='bbox 1040 3646 1057 3679; x_wconf 81' lang='grc' dir='ltr'>ι</span> <span class='ocrx_word' id='word_1_393' title='bbox 1080 3626 1173 3692; x_wconf 89' lang='lat' dir='ltr'><strong>Ite,</strong></span> <span class='ocrx_word' id='word_1_394' title='bbox 1196 3627 1488 3691; x_wconf 87' lang='lat' dir='ltr'><strong>maledicti,</strong></span> <span class='ocrx_word' id='word_1_395' title='bbox 1509 3627 1561 3681; x_wconf 90' lang='lat' dir='ltr'><strong>in</strong></span> <span class='ocrx_word' id='word_1_396' title='bbox 1581 3626 1759 3696; x_wconf 83' lang='lat' dir='ltr'><strong>ignem</strong></span> 
     </span>
    </p>
   </div>
   <div class='ocr_carea' id='block_1_51' title="bbox 145 3718 1760 3792">
    <p class='ocr_par' dir='ltr' id='par_1_51' title="bbox 145 3718 1760 3792">
     <span class='ocr_line' id='line_1_51' title="bbox 145 3718 1760 3792; baseline -0.004 -15"><span class='ocrx_word' id='word_1_397' title='bbox 145 3732 457 3786; x_wconf 74' lang='lat' dir='ltr'><strong>aeternum,</strong></span> <span class='ocrx_word' id='word_1_398' title='bbox 492 3722 586 3792; x_wconf 80' lang='lat' dir='ltr'><strong>qui</strong></span> <span class='ocrx_word' id='word_1_399' title='bbox 620 3732 840 3792; x_wconf 91' lang='lat' dir='ltr'><strong>paratus</strong></span> <span class='ocrx_word' id='word_1_400' title='bbox 892 3727 976 3775; x_wconf 85' lang='lat' dir='ltr'><strong>est</strong></span> <span class='ocrx_word' id='word_1_401' title='bbox 1032 3720 1253 3775; x_wconf 88' lang='lat' dir='ltr'><strong>diabolo</strong></span> <span class='ocrx_word' id='word_1_402' title='bbox 1280 3729 1335 3774; x_wconf 90' lang='lat' dir='ltr'><strong>et</strong></span> <span class='ocrx_word' id='word_1_403' title='bbox 1400 3720 1610 3789; x_wconf 87' lang='lat' dir='ltr'><strong>angelis</strong></span> <span class='ocrx_word' id='word_1_404' title='bbox 1639 3718 1760 3787; x_wconf 90' lang='lat' dir='ltr'><strong>ejus</strong></span> 
     </span>
    </p>
   </div>
   <div class='ocr_carea' id='block_1_52' title="bbox 146 3814 1757 3888">
    <p class='ocr_par' dir='ltr' id='par_1_52' title="bbox 146 3814 1757 3888">
     <span class='ocr_line' id='line_1_52' title="bbox 146 3814 1757 3888; baseline 0 -19"><span class='ocrx_word' id='word_1_405' title='bbox 146 3815 390 3888; x_wconf 78' lang='lat' dir='ltr'><strong>(Matth.</strong></span> <span class='ocrx_word' id='word_1_406' title='bbox 426 3817 575 3886; x_wconf 74' lang='lat' dir='ltr'><strong>xxv).</strong></span> <span class='ocrx_word' id='word_1_407' title='bbox 609 3836 627 3868; x_wconf 74' lang='grc' dir='ltr'><strong><em>ι</em></strong></span> <span class='ocrx_word' id='word_1_408' title='bbox 664 3814 800 3870; x_wconf 88' lang='lat' dir='ltr'><strong>Cum</strong></span> <span class='ocrx_word' id='word_1_409' title='bbox 844 3816 988 3869; x_wconf 89' lang='lat' dir='ltr'><strong>enim</strong></span> <span class='ocrx_word' id='word_1_410' title='bbox 1036 3814 1089 3869; x_wconf 90' lang='lat' dir='ltr'><strong>in</strong></span> <span class='ocrx_word' id='word_1_411' title='bbox 1122 3815 1225 3870; x_wconf 88' lang='lat' dir='ltr'><strong>hac</strong></span> <span class='ocrx_word' id='word_1_412' title='bbox 1255 3815 1382 3882; x_wconf 88' lang='lat' dir='ltr'><strong>vita,</strong></span> <span class='ocrx_word' id='word_1_413' title='bbox 1426 3831 1533 3869; x_wconf 90' lang='lat' dir='ltr'><strong>non</strong></span> <span class='ocrx_word' id='word_1_414' title='bbox 1582 3815 1757 3870; x_wconf 89' lang='lat' dir='ltr'><strong>solum</strong></span> 
     </span>
    </p>
   </div>
   <div class='ocr_carea' id='block_1_53' title="bbox 142 3907 1755 3980">
    <p class='ocr_par' dir='ltr' id='par_1_53' title="bbox 142 3907 1755 3980">
     <span class='ocr_line' id='line_1_53' title="bbox 142 3907 1755 3980; baseline -0.003 -15"><span class='ocrx_word' id='word_1_415' title='bbox 142 3910 219 3965; x_wconf 74' lang='lat' dir='ltr'><strong>ab</strong></span> <span class='ocrx_word' id='word_1_416' title='bbox 250 3910 405 3980; x_wconf 82' lang='lat' dir='ltr'><strong>igne,</strong></span> <span class='ocrx_word' id='word_1_417' title='bbox 438 3908 532 3965; x_wconf 87' lang='lat' dir='ltr'><strong>sed</strong></span> <span class='ocrx_word' id='word_1_418' title='bbox 559 3909 628 3963; x_wconf 91' lang='lat' dir='ltr'><strong>ab</strong></span> <span class='ocrx_word' id='word_1_419' title='bbox 655 3908 775 3963; x_wconf 89' lang='lat' dir='ltr'><strong>aliis</strong></span> <span class='ocrx_word' id='word_1_420' title='bbox 805 3923 1022 3978; x_wconf 87' lang='lat' dir='ltr'><strong>quoque</strong></span> <span class='ocrx_word' id='word_1_421' title='bbox 1051 3907 1337 3977; x_wconf 81' lang='lat' dir='ltr'><strong>elementis</strong></span> <span class='ocrx_word' id='word_1_422' title='bbox 1369 3922 1504 3977; x_wconf 89' lang='lat' dir='ltr'><strong>pene</strong></span> <span class='ocrx_word' id='word_1_423' title='bbox 1535 3922 1600 3962; x_wconf 91' lang='lat' dir='ltr'><strong>ac</strong></span> <span class='ocrx_word' id='word_1_424' title='bbox 1624 3923 1755 3961; x_wconf 89' lang='lat' dir='ltr'><strong>cru-</strong></span> 
     </span>
    </p>
   </div>
   <div class='ocr_carea' id='block_1_54' title="bbox 141 3998 1758 4071">
    <p class='ocr_par' dir='ltr' id='par_1_54' title="bbox 141 3998 1758 4071">
     <span class='ocr_line' id='line_1_54' title="bbox 141 3998 1758 4071; baseline -0.001 -15"><span class='ocrx_word' id='word_1_425' title='bbox 141 4002 344 4056; x_wconf 67' lang='lat' dir='ltr'><strong>elatus</strong></span> <span class='ocrx_word' id='word_1_426' title='bbox 373 4000 715 4071; x_wconf 81' lang='lat' dir='ltr'><strong>proveniant,</strong></span> <span class='ocrx_word' id='word_1_427' title='bbox 748 4017 917 4070; x_wconf 89' lang='lat' dir='ltr'><strong>quare</strong></span> <span class='ocrx_word' id='word_1_428' title='bbox 945 4000 1054 4054; x_wconf 90' lang='lat' dir='ltr'><strong>illic</strong></span> <span class='ocrx_word' id='word_1_429' title='bbox 1083 4014 1191 4055; x_wconf 92' lang='lat' dir='ltr'><strong>non</strong></span> <span class='ocrx_word' id='word_1_430' title='bbox 1216 3999 1382 4054; x_wconf 90' lang='lat' dir='ltr'><strong>etiam</strong></span> <span class='ocrx_word' id='word_1_431' title='bbox 1412 4000 1465 4053; x_wconf 92' lang='lat' dir='ltr'><strong>in</strong></span> <span class='ocrx_word' id='word_1_432' title='bbox 1497 3999 1620 4054; x_wconf 90' lang='lat' dir='ltr'><strong>aliis</strong></span> <span class='ocrx_word' id='word_1_433' title='bbox 1643 3998 1758 4054; x_wconf 82' lang='lat' dir='ltr'><strong>cle-</strong></span> 
     </span>
    </p>
   </div>
   <div class='ocr_carea' id='block_1_55' title="bbox 140 4090 1754 4162">
    <p class='ocr_par' dir='ltr' id='par_1_55' title="bbox 140 4090 1754 4162">
     <span class='ocr_line' id='line_1_55' title="bbox 140 4090 1754 4162; baseline -0.002 -15"><span class='ocrx_word' id='word_1_434' title='bbox 140 4092 370 4147; x_wconf 82' lang='lat' dir='ltr'><strong>mentis</strong></span> <span class='ocrx_word' id='word_1_435' title='bbox 398 4092 540 4147; x_wconf 91' lang='lat' dir='ltr'><strong>sicut</strong></span> <span class='ocrx_word' id='word_1_436' title='bbox 560 4102 614 4147; x_wconf 87' lang='lat' dir='ltr'><strong>et</strong></span> <span class='ocrx_word' id='word_1_437' title='bbox 636 4093 687 4146; x_wconf 92' lang='lat' dir='ltr'><strong>in</strong></span> <span class='ocrx_word' id='word_1_438' title='bbox 716 4092 837 4162; x_wconf 82' lang='lat' dir='ltr'><strong>igne</strong></span> <span class='ocrx_word' id='word_1_439' title='bbox 855 4106 990 4160; x_wconf 89' lang='lat' dir='ltr'><strong>pene</strong></span> <span class='ocrx_word' id='word_1_440' title='bbox 1022 4091 1405 4145; x_wconf 81' lang='lat' dir='ltr'><strong>damnatorum</strong></span> <span class='ocrx_word' id='word_1_441' title='bbox 1433 4090 1754 4146; x_wconf 89' lang='lat' dir='ltr'><strong>consistant.</strong></span> 
     </span>
    </p>
   </div>
   <div class='ocr_carea' id='block_1_56' title="bbox 141 4180 1757 4255">
    <p class='ocr_par' dir='ltr' id='par_1_56' title="bbox 141 4180 1757 4255">
     <span class='ocr_line' id='line_1_56' title="bbox 141 4180 1757 4255; baseline -0.002 -16"><span class='ocrx_word' id='word_1_442' title='bbox 141 4182 227 4239; x_wconf 86' lang='lat' dir='ltr'><strong>De</strong></span> <span class='ocrx_word' id='word_1_443' title='bbox 254 4184 554 4240; x_wconf 69' lang='lat' dir='ltr'><strong>tormentis</strong></span> <span class='ocrx_word' id='word_1_444' title='bbox 570 4187 768 4255; x_wconf 89' lang='lat' dir='ltr'><strong>quippe</strong></span> <span class='ocrx_word' id='word_1_445' title='bbox 789 4184 1080 4253; x_wconf 86' lang='lat' dir='ltr'><strong>impiorum</strong></span> <span class='ocrx_word' id='word_1_446' title='bbox 1098 4183 1361 4252; x_wconf 89' lang='lat' dir='ltr'><strong>scriptum</strong></span> <span class='ocrx_word' id='word_1_447' title='bbox 1383 4191 1467 4237; x_wconf 89' lang='lat' dir='ltr'><strong>est</strong></span> <span class='ocrx_word' id='word_1_448' title='bbox 1483 4200 1525 4235; x_wconf 74' lang='lat' dir='ltr'><strong>:c</strong></span> <span class='ocrx_word' id='word_1_449' title='bbox 1549 4180 1757 4236; x_wconf 88' lang='lat' dir='ltr'><strong>Trans-</strong></span> 
     </span>
    </p>
   </div>
   <div class='ocr_carea' id='block_1_57' title="bbox 137 4271 1756 4347">
    <p class='ocr_par' dir='ltr' id='par_1_57' title="bbox 137 4271 1756 4347">
     <span class='ocr_line' id='line_1_57' title="bbox 137 4271 1756 4347; baseline -0.003 -15"><span class='ocrx_word' id='word_1_450' title='bbox 137 4286 298 4335; x_wconf 78' lang='lat' dir='ltr'><strong>eunt</strong></span> <span class='ocrx_word' id='word_1_451' title='bbox 329 4292 360 4331; x_wconf 88' lang='lat' dir='ltr'><strong>a</strong></span> <span class='ocrx_word' id='word_1_452' title='bbox 411 4276 707 4347; x_wconf 81' lang='lat' dir='ltr'><strong>frigoribus</strong></span> <span class='ocrx_word' id='word_1_453' title='bbox 757 4275 963 4330; x_wconf 87' lang='lat' dir='ltr'><strong>nivium</strong></span> <span class='ocrx_word' id='word_1_454' title='bbox 1014 4275 1080 4328; x_wconf 91' lang='lat' dir='ltr'><strong>al</strong></span> <span class='ocrx_word' id='word_1_455' title='bbox 1123 4273 1335 4328; x_wconf 88' lang='lat' dir='ltr'><strong>calores</strong></span> <span class='ocrx_word' id='word_1_456' title='bbox 1376 4272 1580 4343; x_wconf 86' lang='lat' dir='ltr'><strong>ignium</strong></span> <span class='ocrx_word' id='word_1_457' title='bbox 1632 4271 1756 4345; x_wconf 85' lang='lat' dir='ltr'><strong>(Job</strong></span> 
     </span>
    </p>
   </div>
   <div class='ocr_carea' id='block_1_58' title="bbox 138 4365 1758 4441">
    <p class='ocr_par' dir='ltr' id='par_1_58' title="bbox 138 4365 1758 4441">
     <span class='ocr_line' id='line_1_58' title="bbox 138 4365 1758 4441; baseline -0.002 -17"><span class='ocrx_word' id='word_1_458' title='bbox 138 4373 338 4441; x_wconf 63' lang='lat' dir='ltr'><strong>xxiv).</strong></span> <span class='ocrx_word' id='word_1_459' title='bbox 382 4388 402 4420; x_wconf 73' lang='grc' dir='ltr'><strong><em>ι</em></strong></span> <span class='ocrx_word' id='word_1_460' title='bbox 445 4367 511 4423; x_wconf 85' lang='grc' dir='ltr'><strong>Ει</strong></span> <span class='ocrx_word' id='word_1_461' title='bbox 536 4369 728 4423; x_wconf 90' lang='lat' dir='ltr'><strong>iterum</strong></span> <span class='ocrx_word' id='word_1_462' title='bbox 756 4368 883 4423; x_wconf 92' lang='lat' dir='ltr'><strong>alibi</strong></span> <span class='ocrx_word' id='word_1_463' title='bbox 918 4386 931 4421; x_wconf 87' lang='lat'>:</span> <span class='ocrx_word' id='word_1_464' title='bbox 984 4387 1000 4419; x_wconf 75' lang='grc' dir='ltr'>ι</span> <span class='ocrx_word' id='word_1_465' title='bbox 1037 4365 1252 4421; x_wconf 83' lang='lat' dir='ltr'><strong>Vermis</strong></span> <span class='ocrx_word' id='word_1_466' title='bbox 1273 4382 1460 4421; x_wconf 89' lang='lat' dir='ltr'><strong>eorum</strong></span> <span class='ocrx_word' id='word_1_467' title='bbox 1502 4381 1609 4421; x_wconf 90' lang='lat' dir='ltr'><strong>non</strong></span> <span class='ocrx_word' id='word_1_468' title='bbox 1638 4381 1758 4421; x_wconf 86' lang='lat' dir='ltr'><strong>mo-</strong></span> 
     </span>
    </p>
   </div>
   <div class='ocr_carea' id='block_1_59' title="bbox 136 4457 1749 4530">
    <p class='ocr_par' dir='ltr' id='par_1_59' title="bbox 136 4457 1749 4530">
     <span class='ocr_line' id='line_1_59' title="bbox 136 4457 1749 4530; baseline -0.003 -15"><span class='ocrx_word' id='word_1_469' title='bbox 136 4460 441 4526; x_wconf 76' lang='lat' dir='ltr'><strong>rietur,’_et</strong></span> <span class='ocrx_word' id='word_1_470' title='bbox 461 4460 601 4530; x_wconf 82' lang='lat' dir='ltr'><strong>ignis</strong></span> <span class='ocrx_word' id='word_1_471' title='bbox 625 4475 810 4514; x_wconf 89' lang='lat' dir='ltr'><strong>eorum</strong></span> <span class='ocrx_word' id='word_1_472' title='bbox 837 4475 945 4513; x_wconf 92' lang='lat' dir='ltr'><strong>non</strong></span> <span class='ocrx_word' id='word_1_473' title='bbox 967 4459 1344 4529; x_wconf 79' lang='lat' dir='ltr'><strong>exstinguetur</strong></span> <span class='ocrx_word' id='word_1_474' title='bbox 1367 4457 1502 4527; x_wconf 78' lang='lat' dir='ltr'><strong>(lsa.</strong></span> <span class='ocrx_word' id='word_1_475' title='bbox 1529 4458 1698 4529; x_wconf 72' lang='lat' dir='ltr'><strong>Lavi).</strong></span> <span class='ocrx_word' id='word_1_476' title='bbox 1730 4476 1749 4510; x_wconf 74' lang='grc' dir='ltr'><strong><em>ι</em></strong></span> 
     </span>
    </p>
   </div>
   <div class='ocr_carea' id='block_1_60' title="bbox 1868 1970 2648 2036">
    <p class='ocr_par' dir='ltr' id='par_1_60' title="bbox 1868 1970 2648 2036">
     <span class='ocr_line' id='line_1_60' title="bbox 1868 1970 2648 2036; baseline 0.003 -13"><span class='ocrx_word' id='word_1_477' title='bbox 1868 1979 2040 2036; x_wconf 91' lang='lat' dir='ltr'><strong>retur,</strong></span> <span class='ocrx_word' id='word_1_478' title='bbox 2070 1971 2138 2025; x_wconf 91' lang='lat' dir='ltr'><strong>de</strong></span> <span class='ocrx_word' id='word_1_479' title='bbox 2168 1970 2262 2024; x_wconf 92' lang='lat' dir='ltr'><strong>illo</strong></span> <span class='ocrx_word' id='word_1_480' title='bbox 2291 1971 2648 2026; x_wconf 90' lang='lat' dir='ltr'><strong>minueretur.</strong></span> 
     </span>
    </p>
   </div>
   <div class='ocr_carea' id='block_1_61' title="bbox 1939 2061 3463 2135">
    <p class='ocr_par' dir='ltr' id='par_1_61' title="bbox 1939 2061 3463 2135">
     <span class='ocr_line' id='line_1_61' title="bbox 1939 2061 3463 2135; baseline 0.005 -19"><span class='ocrx_word' id='word_1_481' title='bbox 1939 2061 2172 2128; x_wconf 84' lang='lat' dir='ltr'><strong>Quidam</strong></span> <span class='ocrx_word' id='word_1_482' title='bbox 2204 2070 2385 2117; x_wconf 88' lang='lat' dir='ltr'><strong>tamen</strong></span> <span class='ocrx_word' id='word_1_483' title='bbox 2410 2062 2633 2117; x_wconf 79' lang='lat' dir='ltr'><strong>fuerunt</strong></span> <span class='ocrx_word' id='word_1_484' title='bbox 2655 2063 2771 2133; x_wconf 88' lang='lat' dir='ltr'><strong>qui,</strong></span> <span class='ocrx_word' id='word_1_485' title='bbox 2800 2063 2943 2120; x_wconf 89' lang='lat' dir='ltr'><strong>sicut</strong></span> <span class='ocrx_word' id='word_1_486' title='bbox 2968 2064 3175 2121; x_wconf 89' lang='lat' dir='ltr'><strong>dictum</strong></span> <span class='ocrx_word' id='word_1_487' title='bbox 3214 2076 3320 2135; x_wconf 90' lang='lat' dir='ltr'><strong>est,</strong></span> <span class='ocrx_word' id='word_1_488' title='bbox 3346 2076 3463 2123; x_wconf 87' lang='lat' dir='ltr'><strong>tor-</strong></span> 
     </span>
    </p>
   </div>
   <div class='ocr_carea' id='block_1_62' title="bbox 1868 2156 3465 2230">
    <p class='ocr_par' dir='ltr' id='par_1_62' title="bbox 1868 2156 3465 2230">
     <span class='ocr_line' id='line_1_62' title="bbox 1868 2156 3465 2230; baseline 0.006 -22"><span class='ocrx_word' id='word_1_489' title='bbox 1868 2164 2047 2217; x_wconf 74' lang='lat' dir='ltr'><strong>menta</strong></span> <span class='ocrx_word' id='word_1_490' title='bbox 2072 2156 2331 2226; x_wconf 67' lang='lat' dir='ltr'><strong>gehennae</strong></span> <span class='ocrx_word' id='word_1_491' title='bbox 2354 2156 2707 2226; x_wconf 87' lang='lat' dir='ltr'><strong>spiritualiter</strong></span> <span class='ocrx_word' id='word_1_492' title='bbox 2736 2164 2966 2224; x_wconf 88' lang='lat' dir='ltr'><strong>tantum,</strong></span> <span class='ocrx_word' id='word_1_493' title='bbox 2991 2166 3045 2213; x_wconf 84' lang='lat' dir='ltr'><strong>et</strong></span> <span class='ocrx_word' id='word_1_494' title='bbox 3067 2173 3176 2213; x_wconf 85' lang='lat' dir='ltr'><strong>non</strong></span> <span class='ocrx_word' id='word_1_495' title='bbox 3202 2176 3465 2230; x_wconf 82' lang='lat' dir='ltr'><strong>corpora-</strong></span> 
     </span>
    </p>
   </div>
   <div class='ocr_carea' id='block_1_63' title="bbox 1867 2245 3460 2323">
    <p class='ocr_par' dir='ltr' id='par_1_63' title="bbox 1867 2245 3460 2323">
     <span class='ocr_line' id='line_1_63' title="bbox 1867 2245 3460 2323; baseline 0.006 -24"><span class='ocrx_word' id='word_1_496' title='bbox 1867 2245 1991 2301; x_wconf 81' lang='lat' dir='ltr'><strong>liter</strong></span> <span class='ocrx_word' id='word_1_497' title='bbox 2021 2246 2364 2318; x_wconf 89' lang='lat' dir='ltr'><strong>intelligenda</strong></span> <span class='ocrx_word' id='word_1_498' title='bbox 2386 2249 2678 2319; x_wconf 84' lang='lat' dir='ltr'><strong>putaverit,</strong></span> <span class='ocrx_word' id='word_1_499' title='bbox 2706 2260 2989 2321; x_wconf 86' lang='lat' dir='ltr'><strong>propterea</strong></span> <span class='ocrx_word' id='word_1_500' title='bbox 3031 2252 3178 2321; x_wconf 90' lang='lat' dir='ltr'><strong>quod</strong></span> <span class='ocrx_word' id='word_1_501' title='bbox 3211 2254 3460 2323; x_wconf 61' lang='lat' dir='ltr'><strong>quaedam</strong></span> 
     </span>
    </p>
   </div>
   <div class='ocr_carea' id='block_1_64' title="bbox 1867 2338 3460 2412">
    <p class='ocr_par' dir='ltr' id='par_1_64' title="bbox 1867 2338 3460 2412">
     <span class='ocr_line' id='line_1_64' title="bbox 1867 2338 3460 2412; baseline 0.006 -21"><span class='ocrx_word' id='word_1_502' title='bbox 1867 2338 2028 2393; x_wconf 84' lang='lat' dir='ltr'><strong>verba</strong></span> <span class='ocrx_word' id='word_1_503' title='bbox 2043 2338 2446 2410; x_wconf 88' lang='lat' dir='ltr'><strong>Scripturarum</strong></span> <span class='ocrx_word' id='word_1_504' title='bbox 2462 2342 2617 2412; x_wconf 82' lang='lat' dir='ltr'><strong>quasi</strong></span> <span class='ocrx_word' id='word_1_505' title='bbox 2635 2342 2776 2397; x_wconf 91' lang='lat' dir='ltr'><strong>idem</strong></span> <span class='ocrx_word' id='word_1_506' title='bbox 2801 2345 3100 2400; x_wconf 84' lang='lat' dir='ltr'><strong>asserentia</strong></span> <span class='ocrx_word' id='word_1_507' title='bbox 3114 2345 3460 2402; x_wconf 86' lang='lat' dir='ltr'><strong>invenerunt.</strong></span> 
     </span>
    </p>
   </div>
   <div class='ocr_carea' id='block_1_65' title="bbox 1866 2427 3467 2505">
    <p class='ocr_par' dir='ltr' id='par_1_65' title="bbox 1866 2427 3467 2505">
     <span class='ocr_line' id='line_1_65' title="bbox 1866 2427 3467 2505; baseline 0.007 -24"><span class='ocrx_word' id='word_1_508' title='bbox 1866 2427 2065 2486; x_wconf 88' lang='lat' dir='ltr'><strong>Dicunt</strong></span> <span class='ocrx_word' id='word_1_509' title='bbox 2089 2432 2234 2486; x_wconf 87' lang='lat' dir='ltr'><strong>enim</strong></span> <span class='ocrx_word' id='word_1_510' title='bbox 2261 2434 2510 2503; x_wconf 64' lang='lat' dir='ltr'><strong>quiedam</strong></span> <span class='ocrx_word' id='word_1_511' title='bbox 2567 2434 2863 2504; x_wconf 75' lang='lat' dir='ltr'><strong>Scriptura:</strong></span> <span class='ocrx_word' id='word_1_512' title='bbox 2893 2436 3021 2505; x_wconf 90' lang='lat' dir='ltr'><strong>quia</strong></span> <span class='ocrx_word' id='word_1_513' title='bbox 3049 2437 3352 2492; x_wconf 85' lang='lat' dir='ltr'><strong>substantia</strong></span> <span class='ocrx_word' id='word_1_514' title='bbox 3385 2438 3467 2492; x_wconf 85' lang='lat' dir='ltr'><strong>in-</strong></span> 
     </span>
    </p>
   </div>
   <div class='ocr_carea' id='block_1_66' title="bbox 1865 2517 3465 2597">
    <p class='ocr_par' dir='ltr' id='par_1_66' title="bbox 1865 2517 3465 2597">
     <span class='ocr_line' id='line_1_66' title="bbox 1865 2517 3465 2597; baseline 0.006 -24"><span class='ocrx_word' id='word_1_515' title='bbox 1865 2517 2126 2576; x_wconf 75' lang='lat' dir='ltr'><strong>feriorum</strong></span> <span class='ocrx_word' id='word_1_516' title='bbox 2157 2523 2454 2592; x_wconf 89' lang='lat' dir='ltr'><strong>spiritualis</strong></span> <span class='ocrx_word' id='word_1_517' title='bbox 2478 2533 2581 2592; x_wconf 90' lang='lat' dir='ltr'><strong>est,</strong></span> <span class='ocrx_word' id='word_1_518' title='bbox 2615 2540 2723 2580; x_wconf 92' lang='lat' dir='ltr'><strong>uou</strong></span> <span class='ocrx_word' id='word_1_519' title='bbox 2763 2527 3084 2597; x_wconf 80' lang='lat' dir='ltr'><strong>corporalis,</strong></span> <span class='ocrx_word' id='word_1_520' title='bbox 3110 2528 3214 2582; x_wconf 91' lang='lat' dir='ltr'><strong>etsi</strong></span> <span class='ocrx_word' id='word_1_521' title='bbox 3261 2528 3465 2583; x_wconf 74' lang='lat' dir='ltr'><strong>strido-</strong></span> 
     </span>
    </p>
   </div>
   <div class='ocr_carea' id='block_1_67' title="bbox 1865 2610 3463 2689">
    <p class='ocr_par' dir='ltr' id='par_1_67' title="bbox 1865 2610 3463 2689">
     <span class='ocr_line' id='line_1_67' title="bbox 1865 2610 3463 2689; baseline 0.005 -25"><span class='ocrx_word' id='word_1_522' title='bbox 1865 2624 1956 2664; x_wconf 88' lang='lat' dir='ltr'><strong>res</strong></span> <span class='ocrx_word' id='word_1_523' title='bbox 1980 2610 2226 2666; x_wconf 89' lang='lat' dir='ltr'><strong>dentium</strong></span> <span class='ocrx_word' id='word_1_524' title='bbox 2250 2620 2305 2667; x_wconf 89' lang='lat' dir='ltr'><strong>et</strong></span> <span class='ocrx_word' id='word_1_525' title='bbox 2329 2612 2489 2669; x_wconf 91' lang='lat' dir='ltr'><strong>ﬂetus</strong></span> <span class='ocrx_word' id='word_1_526' title='bbox 2519 2614 2837 2684; x_wconf 88' lang='lat' dir='ltr'><strong>spiritaliter</strong></span> <span class='ocrx_word' id='word_1_527' title='bbox 2880 2618 3187 2675; x_wconf 88' lang='lat' dir='ltr'><strong>animarum</strong></span> <span class='ocrx_word' id='word_1_528' title='bbox 3233 2616 3463 2689; x_wconf 87' lang='lat' dir='ltr'><strong>intelligi</strong></span> 
     </span>
    </p>
   </div>
   <div class='ocr_carea' id='block_1_68' title="bbox 1865 2703 3463 2781">
    <p class='ocr_par' dir='ltr' id='par_1_68' title="bbox 1865 2703 3463 2781">
     <span class='ocr_line' id='line_1_68' title="bbox 1865 2703 3463 2781; baseline 0.006 -24"><span class='ocrx_word' id='word_1_529' title='bbox 1865 2712 2081 2772; x_wconf 87' lang='lat' dir='ltr'><strong>oportet</strong></span> <span class='ocrx_word' id='word_1_530' title='bbox 2109 2703 2328 2774; x_wconf 79' lang='lat' dir='ltr'><strong>(Matth.</strong></span> <span class='ocrx_word' id='word_1_531' title='bbox 2377 2708 2523 2775; x_wconf 79' lang='lat' dir='ltr'><strong>vin),</strong></span> <span class='ocrx_word' id='word_1_532' title='bbox 2569 2708 2822 2764; x_wconf 89' lang='lat' dir='ltr'><strong>ﬂammas</strong></span> <span class='ocrx_word' id='word_1_533' title='bbox 2847 2725 3067 2781; x_wconf 88' lang='lat' dir='ltr'><strong>quoque</strong></span> <span class='ocrx_word' id='word_1_534' title='bbox 3098 2718 3153 2764; x_wconf 91' lang='lat' dir='ltr'><strong>et</strong></span> <span class='ocrx_word' id='word_1_535' title='bbox 3190 2719 3463 2766; x_wconf 82' lang='lat' dir='ltr'><strong>tormenta</strong></span> 
     </span>
    </p>
   </div>
   <div class='ocr_carea' id='block_1_69' title="bbox 1866 2797 3461 2873">
    <p class='ocr_par' dir='ltr' id='par_1_69' title="bbox 1866 2797 3461 2873">
     <span class='ocr_line' id='line_1_69' title="bbox 1866 2797 3461 2873; baseline 0.007 -25"><span class='ocrx_word' id='word_1_536' title='bbox 1866 2809 1975 2848; x_wconf 90' lang='lat' dir='ltr'><strong>non</strong></span> <span class='ocrx_word' id='word_1_537' title='bbox 2000 2797 2327 2866; x_wconf 83' lang='lat' dir='ltr'><strong>corporalia,</strong></span> <span class='ocrx_word' id='word_1_538' title='bbox 2382 2800 2477 2854; x_wconf 89' lang='lat' dir='ltr'><strong>sed</strong></span> <span class='ocrx_word' id='word_1_539' title='bbox 2524 2799 2828 2869; x_wconf 87' lang='lat' dir='ltr'><strong>spiritualia</strong></span> <span class='ocrx_word' id='word_1_540' title='bbox 2866 2802 3156 2873; x_wconf 83' lang='lat' dir='ltr'><strong>cogitanda</strong></span> <span class='ocrx_word' id='word_1_541' title='bbox 3184 2803 3461 2873; x_wconf 88' lang='lat' dir='ltr'><strong>ejusmodi</strong></span> 
     </span>
    </p>
   </div>
   <div class='ocr_carea' id='block_1_70' title="bbox 1865 2888 3464 2965">
    <p class='ocr_par' dir='ltr' id='par_1_70' title="bbox 1865 2888 3464 2965">
     <span class='ocr_line' id='line_1_70' title="bbox 1865 2888 3464 2965; baseline 0.007 -24"><span class='ocrx_word' id='word_1_542' title='bbox 1865 2888 2317 2959; x_wconf 85' lang='lat' dir='ltr'><strong>ambiguitatibus</strong></span> <span class='ocrx_word' id='word_1_543' title='bbox 2371 2890 2662 2947; x_wconf 89' lang='lat' dir='ltr'><strong>verborum</strong></span> <span class='ocrx_word' id='word_1_544' title='bbox 2710 2893 2978 2949; x_wconf 89' lang='lat' dir='ltr'><strong>ﬂuctuant</strong></span> <span class='ocrx_word' id='word_1_545' title='bbox 3034 2895 3128 2965; x_wconf 92' lang='lat' dir='ltr'><strong>qui</strong></span> <span class='ocrx_word' id='word_1_546' title='bbox 3173 2910 3282 2948; x_wconf 91' lang='lat' dir='ltr'><strong>non</strong></span> <span class='ocrx_word' id='word_1_547' title='bbox 3330 2902 3464 2952; x_wconf 88' lang='lat' dir='ltr'><strong>sunt</strong></span> 
     </span>
    </p>
   </div>
   <div class='ocr_carea' id='block_1_71' title="bbox 1864 2980 3457 3057">
    <p class='ocr_par' dir='ltr' id='par_1_71' title="bbox 1864 2980 3457 3057">
     <span class='ocr_line' id='line_1_71' title="bbox 1864 2980 3457 3057; baseline 0.006 -24"><span class='ocrx_word' id='word_1_548' title='bbox 1864 2980 2093 3034; x_wconf 75' lang='lat' dir='ltr'><strong>radicati</strong></span> <span class='ocrx_word' id='word_1_549' title='bbox 2150 2981 2204 3035; x_wconf 90' lang='lat' dir='ltr'><strong>in</strong></span> <span class='ocrx_word' id='word_1_550' title='bbox 2255 2981 2379 3037; x_wconf 86' lang='lat' dir='ltr'><strong>ﬂde.</strong></span> <span class='ocrx_word' id='word_1_551' title='bbox 2410 2981 2550 3049; x_wconf 84' lang='lat' dir='ltr'><strong>Quid</strong></span> <span class='ocrx_word' id='word_1_552' title='bbox 2581 2983 2728 3038; x_wconf 90' lang='lat' dir='ltr'><strong>enim</strong></span> <span class='ocrx_word' id='word_1_553' title='bbox 2779 2986 3129 3041; x_wconf 85' lang='lat' dir='ltr'><strong>necessciuit</strong></span> <span class='ocrx_word' id='word_1_554' title='bbox 3173 2995 3457 3057; x_wconf 82' lang='lat' dir='ltr'><strong>preptcrca</strong></span> 
     </span>
    </p>
   </div>
   <div class='ocr_carea' id='block_1_72' title="bbox 1865 3074 3456 3151">
    <p class='ocr_par' dir='ltr' id='par_1_72' title="bbox 1865 3074 3456 3151">
     <span class='ocr_line' id='line_1_72' title="bbox 1865 3074 3456 3151; baseline 0.006 -25"><span class='ocrx_word' id='word_1_555' title='bbox 1865 3080 2132 3127; x_wconf 91' lang='lat' dir='ltr'><strong>tormenta</strong></span> <span class='ocrx_word' id='word_1_556' title='bbox 2159 3074 2420 3145; x_wconf 67' lang='lat' dir='ltr'><strong>gehennae</strong></span> <span class='ocrx_word' id='word_1_557' title='bbox 2467 3076 2772 3145; x_wconf 90' lang='lat' dir='ltr'><strong>spiritualia</strong></span> <span class='ocrx_word' id='word_1_558' title='bbox 2800 3085 3010 3133; x_wconf 88' lang='lat' dir='ltr'><strong>tantum</strong></span> <span class='ocrx_word' id='word_1_559' title='bbox 3061 3079 3303 3148; x_wconf 86' lang='lat' dir='ltr'><strong>credere,</strong></span> <span class='ocrx_word' id='word_1_560' title='bbox 3326 3081 3456 3151; x_wconf 80' lang='lat' dir='ltr'><strong>quia</strong></span> 
     </span>
    </p>
   </div>
   <div class='ocr_carea' id='block_1_73' title="bbox 1866 3165 3456 3241">
    <p class='ocr_par' dir='ltr' id='par_1_73' title="bbox 1866 3165 3456 3241">
     <span class='ocr_line' id='line_1_73' title="bbox 1866 3165 3456 3241; baseline 0.004 -19"><span class='ocrx_word' id='word_1_561' title='bbox 1866 3165 2171 3223; x_wconf 63' lang='lat' dir='ltr'><strong>substantia</strong></span> <span class='ocrx_word' id='word_1_562' title='bbox 2233 3166 2555 3223; x_wconf 80' lang='lat' dir='ltr'><strong>inferiorum</strong></span> <span class='ocrx_word' id='word_1_563' title='bbox 2593 3170 2857 3239; x_wconf 88' lang='lat' dir='ltr'><strong>spiritalis</strong></span> <span class='ocrx_word' id='word_1_564' title='bbox 2891 3179 2945 3225; x_wconf 89' lang='lat' dir='ltr'><strong>et</strong></span> <span class='ocrx_word' id='word_1_565' title='bbox 2993 3187 3103 3225; x_wconf 89' lang='lat' dir='ltr'><strong>non</strong></span> <span class='ocrx_word' id='word_1_566' title='bbox 3152 3174 3456 3241; x_wconf 77' lang='lat' dir='ltr'><strong>corporalis</strong></span> 
     </span>
    </p>
   </div>
   <div class='ocr_carea' id='block_1_74' title="bbox 1791 3232 3458 3330">
    <p class='ocr_par' dir='ltr' id='par_1_74' title="bbox 1791 3232 3458 3330">
     <span class='ocr_line' id='line_1_74' title="bbox 1791 3232 3458 3330; baseline 0.004 -19"><span class='ocrx_word' id='word_1_567' title='bbox 1791 3232 1832 3291; x_wconf 59' lang='grc' dir='ltr'><strong>(ἶ</strong></span> <span class='ocrx_word' id='word_1_568' title='bbox 1865 3256 2008 3312; x_wconf 87' lang='lat' dir='ltr'><strong>dicta</strong></span> <span class='ocrx_word' id='word_1_569' title='bbox 2048 3266 2149 3312; x_wconf 82' lang='lat' dir='ltr'><strong>est.</strong></span> <span class='ocrx_word' id='word_1_570' title='bbox 2180 3256 2283 3324; x_wconf 88' lang='lat' dir='ltr'><strong>Qui</strong></span> <span class='ocrx_word' id='word_1_571' title='bbox 2314 3258 2460 3313; x_wconf 88' lang='lat' dir='ltr'><strong>enim</strong></span> <span class='ocrx_word' id='word_1_572' title='bbox 2512 3232 2640 3315; x_wconf 75' lang='lat' dir='ltr'><strong>sunt</strong></span> <span class='ocrx_word' id='word_1_573' title='bbox 2680 3258 2861 3327; x_wconf 80' lang='lat' dir='ltr'><strong>inferi,</strong></span> <span class='ocrx_word' id='word_1_574' title='bbox 2889 3259 2997 3314; x_wconf 89' lang='lat' dir='ltr'><strong>nisi</strong></span> <span class='ocrx_word' id='word_1_575' title='bbox 3026 3232 3269 3330; x_wconf 49' lang='lat' dir='ltr'><strong>spiritus.</strong></span> <span class='ocrx_word' id='word_1_576' title='bbox 3299 3262 3458 3317; x_wconf 88' lang='lat' dir='ltr'><strong>mali—</strong></span> 
     </span>
    </p>
   </div>
   <div class='ocr_carea' id='block_1_75' title="bbox 1864 3350 3454 3423">
    <p class='ocr_par' dir='ltr' id='par_1_75' title="bbox 1864 3350 3454 3423">
     <span class='ocr_line' id='line_1_75' title="bbox 1864 3350 3454 3423; baseline 0.002 -19"><span class='ocrx_word' id='word_1_577' title='bbox 1864 3350 1979 3420; x_wconf 88' lang='lat' dir='ltr'><strong>gni,</strong></span> <span class='ocrx_word' id='word_1_578' title='bbox 2011 3350 2104 3420; x_wconf 91' lang='lat' dir='ltr'><strong>qui</strong></span> <span class='ocrx_word' id='word_1_579' title='bbox 2133 3366 2164 3404; x_wconf 91' lang='lat' dir='ltr'><strong>a</strong></span> <span class='ocrx_word' id='word_1_580' title='bbox 2218 3350 2452 3407; x_wconf 89' lang='lat' dir='ltr'><strong>summis</strong></span> <span class='ocrx_word' id='word_1_581' title='bbox 2479 3352 2547 3406; x_wconf 89' lang='lat' dir='ltr'><strong>ad</strong></span> <span class='ocrx_word' id='word_1_582' title='bbox 2578 3352 2787 3418; x_wconf 80' lang='lat' dir='ltr'><strong>intima,</strong></span> <span class='ocrx_word' id='word_1_583' title='bbox 2818 3360 2871 3406; x_wconf 91' lang='lat' dir='ltr'><strong>et</strong></span> <span class='ocrx_word' id='word_1_584' title='bbox 2901 3366 2997 3423; x_wconf 90' lang='lat' dir='ltr'><strong>per</strong></span> <span class='ocrx_word' id='word_1_585' title='bbox 3053 3353 3270 3423; x_wconf 90' lang='lat' dir='ltr'><strong>culpam</strong></span> <span class='ocrx_word' id='word_1_586' title='bbox 3316 3353 3454 3423; x_wconf 88' lang='lat' dir='ltr'><strong>lapsi</strong></span> 
     </span>
    </p>
   </div>
   <div class='ocr_carea' id='block_1_76' title="bbox 1863 3443 3451 3513">
    <p class='ocr_par' dir='ltr' id='par_1_76' title="bbox 1863 3443 3451 3513">
     <span class='ocr_line' id='line_1_76' title="bbox 1863 3443 3451 3513; baseline 0.003 -16"><span class='ocrx_word' id='word_1_587' title='bbox 1863 3454 2012 3507; x_wconf 86' lang='lat' dir='ltr'><strong>sunt,</strong></span> <span class='ocrx_word' id='word_1_588' title='bbox 2037 3449 2090 3496; x_wconf 85' lang='lat' dir='ltr'><strong>et</strong></span> <span class='ocrx_word' id='word_1_589' title='bbox 2107 3458 2202 3512; x_wconf 90' lang='lat' dir='ltr'><strong>per</strong></span> <span class='ocrx_word' id='word_1_590' title='bbox 2231 3458 2447 3513; x_wconf 60' lang='lat' dir='ltr'><strong>poenam</strong></span> <span class='ocrx_word' id='word_1_591' title='bbox 2472 3444 2734 3513; x_wconf 86' lang='lat' dir='ltr'><strong>depressi.</strong></span> <span class='ocrx_word' id='word_1_592' title='bbox 2757 3443 3002 3510; x_wconf 88' lang='lat' dir='ltr'><strong>Quorum</strong></span> <span class='ocrx_word' id='word_1_593' title='bbox 3025 3445 3285 3500; x_wconf 86' lang='lat' dir='ltr'><strong>nimirum</strong></span> <span class='ocrx_word' id='word_1_594' title='bbox 3316 3446 3451 3501; x_wconf 88' lang='lat' dir='ltr'><strong>sub-</strong></span> 
     </span>
    </p>
   </div>
   <div class='ocr_carea' id='block_1_77' title="bbox 1863 3534 3455 3608">
    <p class='ocr_par' dir='ltr' id='par_1_77' title="bbox 1863 3534 3455 3608">
     <span class='ocr_line' id='line_1_77' title="bbox 1863 3534 3455 3608; baseline 0.003 -18"><span class='ocrx_word' id='word_1_595' title='bbox 1863 3534 2063 3590; x_wconf 87' lang='lat' dir='ltr'><strong>stantia</strong></span> <span class='ocrx_word' id='word_1_596' title='bbox 2088 3544 2142 3589; x_wconf 87' lang='lat' dir='ltr'><strong>et</strong></span> <span class='ocrx_word' id='word_1_597' title='bbox 2180 3545 2303 3604; x_wconf 89' lang='lat' dir='ltr'><strong>post</strong></span> <span class='ocrx_word' id='word_1_598' title='bbox 2330 3536 2546 3605; x_wconf 87' lang='lat' dir='ltr'><strong>culpam</strong></span> <span class='ocrx_word' id='word_1_599' title='bbox 2573 3551 2682 3590; x_wconf 90' lang='lat' dir='ltr'><strong>non</strong></span> <span class='ocrx_word' id='word_1_600' title='bbox 2713 3536 3038 3605; x_wconf 87' lang='lat' dir='ltr'><strong>corporalis,</strong></span> <span class='ocrx_word' id='word_1_601' title='bbox 3079 3538 3171 3593; x_wconf 87' lang='lat' dir='ltr'><strong>sed</strong></span> <span class='ocrx_word' id='word_1_602' title='bbox 3190 3538 3455 3608; x_wconf 83' lang='lat' dir='ltr'><strong>spiritalis</strong></span> 
     </span>
    </p>
   </div>
   <div class='ocr_carea' id='block_1_78' title="bbox 1861 3628 3453 3701">
    <p class='ocr_par' dir='ltr' id='par_1_78' title="bbox 1861 3628 3453 3701">
     <span class='ocr_line' id='line_1_78' title="bbox 1861 3628 3453 3701; baseline 0.003 -18"><span class='ocrx_word' id='word_1_603' title='bbox 1861 3642 1985 3683; x_wconf 90' lang='lat' dir='ltr'><strong>esse</strong></span> <span class='ocrx_word' id='word_1_604' title='bbox 2016 3628 2279 3695; x_wconf 84' lang='lat' dir='ltr'><strong>creditur,</strong></span> <span class='ocrx_word' id='word_1_605' title='bbox 2304 3629 2432 3699; x_wconf 84' lang='lat' dir='ltr'><strong>quia</strong></span> <span class='ocrx_word' id='word_1_606' title='bbox 2455 3629 2580 3684; x_wconf 90' lang='lat' dir='ltr'><strong>licet</strong></span> <span class='ocrx_word' id='word_1_607' title='bbox 2604 3630 2657 3684; x_wconf 91' lang='lat' dir='ltr'><strong>in</strong></span> <span class='ocrx_word' id='word_1_608' title='bbox 2678 3630 2760 3684; x_wconf 91' lang='lat' dir='ltr'><strong>eis</strong></span> <span class='ocrx_word' id='word_1_609' title='bbox 2787 3630 3045 3684; x_wconf 86' lang='lat' dir='ltr'><strong>voluntas</strong></span> <span class='ocrx_word' id='word_1_610' title='bbox 3073 3646 3170 3701; x_wconf 90' lang='lat' dir='ltr'><strong>per</strong></span> <span class='ocrx_word' id='word_1_611' title='bbox 3187 3632 3453 3688; x_wconf 85' lang='lat' dir='ltr'><strong>malitiam</strong></span> 
     </span>
    </p>
   </div>
   <div class='ocr_carea' id='block_1_79' title="bbox 1862 3719 3450 3791">
    <p class='ocr_par' dir='ltr' id='par_1_79' title="bbox 1862 3719 3450 3791">
     <span class='ocr_line' id='line_1_79' title="bbox 1862 3719 3450 3791; baseline 0.004 -19"><span class='ocrx_word' id='word_1_612' title='bbox 1862 3719 1927 3773; x_wconf 87' lang='lat' dir='ltr'><strong>ad</strong></span> <span class='ocrx_word' id='word_1_613' title='bbox 1966 3719 2110 3773; x_wconf 86' lang='lat' dir='ltr'><strong>aliud</strong></span> <span class='ocrx_word' id='word_1_614' title='bbox 2143 3729 2349 3776; x_wconf 85' lang='lat' dir='ltr'><strong>mutata</strong></span> <span class='ocrx_word' id='word_1_615' title='bbox 2371 3721 2461 3784; x_wconf 89' lang='lat' dir='ltr'><strong>sit,</strong></span> <span class='ocrx_word' id='word_1_616' title='bbox 2500 3731 2693 3776; x_wconf 88' lang='lat' dir='ltr'><strong>natura</strong></span> <span class='ocrx_word' id='word_1_617' title='bbox 2715 3733 2895 3776; x_wconf 85' lang='lat' dir='ltr'><strong>tamen</strong></span> <span class='ocrx_word' id='word_1_618' title='bbox 2924 3720 3086 3775; x_wconf 88' lang='lat' dir='ltr'><strong>etiam</strong></span> <span class='ocrx_word' id='word_1_619' title='bbox 3111 3732 3234 3791; x_wconf 84' lang='lat' dir='ltr'><strong>post</strong></span> <span class='ocrx_word' id='word_1_620' title='bbox 3259 3723 3450 3778; x_wconf 86' lang='lat' dir='ltr'><strong>eadem</strong></span> 
     </span>
    </p>
   </div>
   <div class='ocr_carea' id='block_1_80' title="bbox 1860 3810 3455 3882">
    <p class='ocr_par' dir='ltr' id='par_1_80' title="bbox 1860 3810 3455 3882">
     <span class='ocr_line' id='line_1_80' title="bbox 1860 3810 3455 3882; baseline 0.004 -19"><span class='ocrx_word' id='word_1_621' title='bbox 1860 3810 2180 3878; x_wconf 86' lang='lat' dir='ltr'><strong>permansit.</strong></span> <span class='ocrx_word' id='word_1_622' title='bbox 2209 3810 2530 3867; x_wconf 84' lang='lat' dir='ltr'><strong>Animarum</strong></span> <span class='ocrx_word' id='word_1_623' title='bbox 2557 3827 2777 3882; x_wconf 85' lang='lat' dir='ltr'><strong>quoque</strong></span> <span class='ocrx_word' id='word_1_624' title='bbox 2813 3828 2959 3867; x_wconf 89' lang='lat' dir='ltr'><strong>nunc</strong></span> <span class='ocrx_word' id='word_1_625' title='bbox 2990 3812 3044 3866; x_wconf 91' lang='lat' dir='ltr'><strong>in</strong></span> <span class='ocrx_word' id='word_1_626' title='bbox 3088 3812 3278 3869; x_wconf 80' lang='lat' dir='ltr'><strong>inferis</strong></span> <span class='ocrx_word' id='word_1_627' title='bbox 3299 3815 3455 3870; x_wconf 87' lang='lat' dir='ltr'><strong>dam-</strong></span> 
     </span>
    </p>
   </div>
   <div class='ocr_carea' id='block_1_81' title="bbox 1862 3904 3454 3977">
    <p class='ocr_par' dir='ltr' id='par_1_81' title="bbox 1862 3904 3454 3977">
     <span class='ocr_line' id='line_1_81' title="bbox 1862 3904 3454 3977; baseline 0.004 -22"><span class='ocrx_word' id='word_1_628' title='bbox 1862 3909 2111 3957; x_wconf 80' lang='lat' dir='ltr'><strong>natarum</strong></span> <span class='ocrx_word' id='word_1_629' title='bbox 2151 3904 2457 3959; x_wconf 89' lang='lat' dir='ltr'><strong>substantia</strong></span> <span class='ocrx_word' id='word_1_630' title='bbox 2494 3921 2602 3959; x_wconf 85' lang='lat' dir='ltr'><strong>non</strong></span> <span class='ocrx_word' id='word_1_631' title='bbox 2649 3907 2969 3973; x_wconf 85' lang='lat' dir='ltr'><strong>corporalis,</strong></span> <span class='ocrx_word' id='word_1_632' title='bbox 3013 3907 3109 3962; x_wconf 87' lang='lat' dir='ltr'><strong>sed</strong></span> <span class='ocrx_word' id='word_1_633' title='bbox 3152 3908 3454 3977; x_wconf 87' lang='lat' dir='ltr'><strong>spiritualis</strong></span> 
     </span>
    </p>
   </div>
   <div class='ocr_carea' id='block_1_82' title="bbox 1860 3995 3449 4066">
    <p class='ocr_par' dir='ltr' id='par_1_82' title="bbox 1860 3995 3449 4066">
     <span class='ocr_line' id='line_1_82' title="bbox 1860 3995 3449 4066; baseline 0.003 -18"><span class='ocrx_word' id='word_1_634' title='bbox 1860 4002 2007 4048; x_wconf 85' lang='lat' dir='ltr'><strong>recte</strong></span> <span class='ocrx_word' id='word_1_635' title='bbox 2031 3995 2369 4064; x_wconf 82' lang='lat' dir='ltr'><strong>perhibetur,</strong></span> <span class='ocrx_word' id='word_1_636' title='bbox 2396 3996 2523 4066; x_wconf 90' lang='lat' dir='ltr'><strong>quia</strong></span> <span class='ocrx_word' id='word_1_637' title='bbox 2550 4011 2694 4050; x_wconf 91' lang='lat' dir='ltr'><strong>nunc</strong></span> <span class='ocrx_word' id='word_1_638' title='bbox 2729 4011 2760 4049; x_wconf 92' lang='lat' dir='ltr'><strong>a</strong></span> <span class='ocrx_word' id='word_1_639' title='bbox 2793 3998 3120 4065; x_wconf 86' lang='lat' dir='ltr'><strong>corporibus</strong></span> <span class='ocrx_word' id='word_1_640' title='bbox 3156 4000 3368 4064; x_wconf 66' lang='lat' dir='ltr'><strong>solutae,</strong></span> <span class='ocrx_word' id='word_1_641' title='bbox 3394 4000 3449 4052; x_wconf 90' lang='lat' dir='ltr'><strong>in</strong></span> 
     </span>
    </p>
   </div>
   <div class='ocr_carea' id='block_1_83' title="bbox 1860 4086 3453 4156">
    <p class='ocr_par' dir='ltr' id='par_1_83' title="bbox 1860 4086 3453 4156">
     <span class='ocr_line' id='line_1_83' title="bbox 1860 4086 3453 4156; baseline 0.003 -16"><span class='ocrx_word' id='word_1_642' title='bbox 1860 4087 1977 4140; x_wconf 82' lang='lat' dir='ltr'><strong>sola</strong></span> <span class='ocrx_word' id='word_1_643' title='bbox 2005 4086 2277 4156; x_wconf 87' lang='lat' dir='ltr'><strong>spirituali</strong></span> <span class='ocrx_word' id='word_1_644' title='bbox 2302 4096 2498 4141; x_wconf 88' lang='lat' dir='ltr'><strong>natura</strong></span> <span class='ocrx_word' id='word_1_645' title='bbox 2526 4086 2634 4141; x_wconf 89' lang='lat' dir='ltr'><strong>illic</strong></span> <span class='ocrx_word' id='word_1_646' title='bbox 2657 4086 2711 4139; x_wconf 89' lang='lat' dir='ltr'><strong>in</strong></span> <span class='ocrx_word' id='word_1_647' title='bbox 2741 4086 3035 4140; x_wconf 88' lang='lat' dir='ltr'><strong>tormentis</strong></span> <span class='ocrx_word' id='word_1_648' title='bbox 3058 4088 3373 4143; x_wconf 85' lang='lat' dir='ltr'><strong>detinentur</strong></span> <span class='ocrx_word' id='word_1_649' title='bbox 3394 4096 3453 4144; x_wconf 75' lang='lat' dir='ltr'><strong>et</strong></span> 
     </span>
    </p>
   </div>
   <div class='ocr_carea' id='block_1_84' title="bbox 1861 4177 3450 4250">
    <p class='ocr_par' dir='ltr' id='par_1_84' title="bbox 1861 4177 3450 4250">
     <span class='ocr_line' id='line_1_84' title="bbox 1861 4177 3450 4250; baseline 0.001 -16"><span class='ocrx_word' id='word_1_650' title='bbox 1861 4179 2067 4235; x_wconf 89' lang='lat' dir='ltr'><strong>idcirco</strong></span> <span class='ocrx_word' id='word_1_651' title='bbox 2087 4178 2231 4250; x_wconf 90' lang='lat' dir='ltr'><strong>quod</strong></span> <span class='ocrx_word' id='word_1_652' title='bbox 2269 4179 2335 4234; x_wconf 91' lang='lat' dir='ltr'><strong>de</strong></span> <span class='ocrx_word' id='word_1_653' title='bbox 2356 4179 2493 4249; x_wconf 90' lang='lat' dir='ltr'><strong>ipsis</strong></span> <span class='ocrx_word' id='word_1_654' title='bbox 2527 4178 2582 4232; x_wconf 90' lang='lat' dir='ltr'><strong>in</strong></span> <span class='ocrx_word' id='word_1_655' title='bbox 2629 4177 2911 4246; x_wconf 90' lang='lat' dir='ltr'><strong>Scriptura</strong></span> <span class='ocrx_word' id='word_1_656' title='bbox 2941 4192 3096 4232; x_wconf 91' lang='lat' dir='ltr'><strong>sacra</strong></span> <span class='ocrx_word' id='word_1_657' title='bbox 3145 4181 3450 4236; x_wconf 85' lang='lat' dir='ltr'><strong>secundum</strong></span> 
     </span>
    </p>
   </div>
   <div class='ocr_carea' id='block_1_85' title="bbox 1861 4274 3451 4344">
    <p class='ocr_par' dir='ltr' id='par_1_85' title="bbox 1861 4274 3451 4344">
     <span class='ocr_line' id='line_1_85' title="bbox 1861 4274 3451 4344; baseline 0.001 -15"><span class='ocrx_word' id='word_1_658' title='bbox 1861 4284 2113 4331; x_wconf 88' lang='lat' dir='ltr'><strong>naturam</strong></span> <span class='ocrx_word' id='word_1_659' title='bbox 2139 4291 2320 4330; x_wconf 88' lang='lat' dir='ltr'><strong>rerum</strong></span> <span class='ocrx_word' id='word_1_660' title='bbox 2348 4274 2717 4344; x_wconf 89' lang='lat' dir='ltr'><strong>corporalium</strong></span> <span class='ocrx_word' id='word_1_661' title='bbox 2748 4282 3233 4340; x_wconf 86' lang='lat' dir='ltr'><strong>commemoratur,</strong></span> <span class='ocrx_word' id='word_1_662' title='bbox 3253 4274 3451 4331; x_wconf 89' lang='lat' dir='ltr'><strong>merito</strong></span> 
     </span>
    </p>
   </div>
   <div class='ocr_carea' id='block_1_86' title="bbox 1861 4365 3452 4437">
    <p class='ocr_par' dir='ltr' id='par_1_86' title="bbox 1861 4365 3452 4437">
     <span class='ocr_line' id='line_1_86' title="bbox 1861 4365 3452 4437; baseline 0.001 -17"><span class='ocrx_word' id='word_1_663' title='bbox 1861 4383 1968 4420; x_wconf 90' lang='lat' dir='ltr'><strong>non</strong></span> <span class='ocrx_word' id='word_1_664' title='bbox 1993 4366 2349 4437; x_wconf 88' lang='lat' dir='ltr'><strong>corporaliter</strong></span> <span class='ocrx_word' id='word_1_665' title='bbox 2375 4367 2468 4424; x_wconf 91' lang='lat' dir='ltr'><strong>sed</strong></span> <span class='ocrx_word' id='word_1_666' title='bbox 2498 4365 2813 4436; x_wconf 78' lang='lat' dir='ltr'><strong>spiritaliter</strong></span> <span class='ocrx_word' id='word_1_667' title='bbox 2839 4366 3244 4435; x_wconf 86' lang='lat' dir='ltr'><strong>intelligendum</strong></span> <span class='ocrx_word' id='word_1_668' title='bbox 3274 4366 3452 4422; x_wconf 85' lang='lat' dir='ltr'><strong>credi-</strong></span> 
     </span>
    </p>
   </div>
   <div class='ocr_carea' id='block_1_87' title="bbox 1859 4456 3448 4528">
    <p class='ocr_par' dir='ltr' id='par_1_87' title="bbox 1859 4456 3448 4528">
     <span class='ocr_line' id='line_1_87' title="bbox 1859 4456 3448 4528; baseline 0 -16"><span class='ocrx_word' id='word_1_669' title='bbox 1859 4467 1968 4512; x_wconf 88' lang='lat' dir='ltr'><strong>tur.</strong></span> <span class='ocrx_word' id='word_1_670' title='bbox 1986 4456 2121 4513; x_wconf 87' lang='lat' dir='ltr'><strong>Nam</strong></span> <span class='ocrx_word' id='word_1_671' title='bbox 2136 4459 2181 4512; x_wconf 83' lang='lat' dir='ltr'><strong>si</strong></span> <span class='ocrx_word' id='word_1_672' title='bbox 2201 4458 2254 4513; x_wconf 91' lang='lat' dir='ltr'><strong>id</strong></span> <span class='ocrx_word' id='word_1_673' title='bbox 2270 4458 2413 4528; x_wconf 91' lang='lat' dir='ltr'><strong>quod</strong></span> <span class='ocrx_word' id='word_1_674' title='bbox 2427 4458 2557 4527; x_wconf 72' lang='lat' dir='ltr'><strong>ipsa:</strong></span> <span class='ocrx_word' id='word_1_675' title='bbox 2579 4468 2727 4522; x_wconf 91' lang='lat' dir='ltr'><strong>sunt,</strong></span> <span class='ocrx_word' id='word_1_676' title='bbox 2750 4473 2855 4513; x_wconf 90' lang='lat' dir='ltr'><strong>non</strong></span> <span class='ocrx_word' id='word_1_677' title='bbox 2877 4475 3078 4528; x_wconf 89' lang='lat' dir='ltr'><strong>corpus</strong></span> <span class='ocrx_word' id='word_1_678' title='bbox 3094 4459 3186 4513; x_wconf 89' lang='lat' dir='ltr'><strong>sed</strong></span> <span class='ocrx_word' id='word_1_679' title='bbox 3200 4458 3448 4527; x_wconf 88' lang='lat' dir='ltr'><strong>spiritus,</strong></span> 
     </span>
    </p>
   </div>
   <div class='ocr_carea' id='block_1_88' title="bbox 134 4549 3449 4632">
    <p class='ocr_par' dir='ltr' id='par_1_88' title="bbox 134 4549 3449 4632">
     <span class='ocr_line' id='line_1_88' title="bbox 134 4549 3449 4632; baseline -0.001 -27"><span class='ocrx_word' id='word_1_680' title='bbox 134 4549 297 4606; x_wconf 78' lang='lat' dir='ltr'><strong>Nam</strong></span> <span class='ocrx_word' id='word_1_681' title='bbox 331 4550 387 4606; x_wconf 90' lang='lat' dir='ltr'><strong>si</strong></span> <span class='ocrx_word' id='word_1_682' title='bbox 415 4566 652 4605; x_wconf 88' lang='lat' dir='ltr'><strong>vermem</strong></span> <span class='ocrx_word' id='word_1_683' title='bbox 678 4550 802 4620; x_wconf 90' lang='lat' dir='ltr'><strong>quis</strong></span> <span class='ocrx_word' id='word_1_684' title='bbox 833 4550 900 4604; x_wconf 89' lang='lat' dir='ltr'><strong>ad</strong></span> <span class='ocrx_word' id='word_1_685' title='bbox 927 4550 1097 4605; x_wconf 87' lang='lat' dir='ltr'><strong>solam</strong></span> <span class='ocrx_word' id='word_1_686' title='bbox 1127 4549 1599 4619; x_wconf 88' lang='lat' dir='ltr'><strong>compunctionem</strong></span> <span class='ocrx_word' id='word_1_687' title='bbox 1625 4565 1754 4604; x_wconf 87' lang='lat' dir='ltr'><strong>con-</strong></span> <span class='ocrx_word' id='word_1_688' title='bbox 1788 4577 1832 4632; x_wconf 75' lang='grc' dir='ltr'><strong>ι)</strong></span> <span class='ocrx_word' id='word_1_689' title='bbox 1861 4551 2003 4622; x_wconf 88' lang='lat' dir='ltr'><strong>quod</strong></span> <span class='ocrx_word' id='word_1_690' title='bbox 2036 4552 2089 4606; x_wconf 92' lang='lat' dir='ltr'><strong>in</strong></span> <span class='ocrx_word' id='word_1_691' title='bbox 2115 4551 2247 4621; x_wconf 88' lang='lat' dir='ltr'><strong>ipsis</strong></span> <span class='ocrx_word' id='word_1_692' title='bbox 2266 4559 2353 4605; x_wconf 87' lang='lat' dir='ltr'><strong>est</strong></span> <span class='ocrx_word' id='word_1_693' title='bbox 2376 4566 2484 4606; x_wconf 90' lang='lat' dir='ltr'><strong>non</strong></span> <span class='ocrx_word' id='word_1_694' title='bbox 2505 4551 2807 4620; x_wconf 90' lang='lat' dir='ltr'><strong>corporale,</strong></span> <span class='ocrx_word' id='word_1_695' title='bbox 2828 4552 2921 4606; x_wconf 87' lang='lat' dir='ltr'><strong>sed</strong></span> <span class='ocrx_word' id='word_1_696' title='bbox 2947 4551 3226 4621; x_wconf 89' lang='lat' dir='ltr'><strong>spirituale</strong></span> <span class='ocrx_word' id='word_1_697' title='bbox 3246 4551 3449 4605; x_wconf 86' lang='lat' dir='ltr'><strong>intelli-</strong></span> 
     </span>
    </p>
   </div>
   <div class='ocr_carea' id='block_1_89' title="bbox 135 4640 1756 4713">
    <p class='ocr_par' dir='ltr' id='par_1_89' title="bbox 135 4640 1756 4713">
     <span class='ocr_line' id='line_1_89' title="bbox 135 4640 1756 4713; baseline -0.001 -14"><span class='ocrx_word' id='word_1_698' title='bbox 135 4642 413 4699; x_wconf 72' lang='lat' dir='ltr'><strong>scientize</strong></span> <span class='ocrx_word' id='word_1_699' title='bbox 438 4642 754 4713; x_wconf 86' lang='lat' dir='ltr'><strong>peccatricis</strong></span> <span class='ocrx_word' id='word_1_700' title='bbox 774 4640 973 4696; x_wconf 81' lang='lat' dir='ltr'><strong>referre</strong></span> <span class='ocrx_word' id='word_1_701' title='bbox 995 4641 1141 4706; x_wconf 85' lang='lat' dir='ltr'><strong>velit,</strong></span> <span class='ocrx_word' id='word_1_702' title='bbox 1166 4651 1220 4697; x_wconf 88' lang='lat' dir='ltr'><strong>et</strong></span> <span class='ocrx_word' id='word_1_703' title='bbox 1241 4642 1311 4696; x_wconf 91' lang='lat' dir='ltr'><strong>ob</strong></span> <span class='ocrx_word' id='word_1_704' title='bbox 1337 4641 1515 4712; x_wconf 89' lang='lat' dir='ltr'><strong>ignem</strong></span> <span class='ocrx_word' id='word_1_705' title='bbox 1537 4643 1756 4712; x_wconf 88' lang='lat' dir='ltr'><strong>quidem</strong></span> 
     </span>
    </p>
   </div>
   <div class='ocr_carea' id='block_1_90' title="bbox 134 4734 1759 4809">
    <p class='ocr_par' dir='ltr' id='par_1_90' title="bbox 134 4734 1759 4809">
     <span class='ocr_line' id='line_1_90' title="bbox 134 4734 1759 4809; baseline -0.004 -14"><span class='ocrx_word' id='word_1_706' title='bbox 134 4736 507 4809; x_wconf 87' lang='lat' dir='ltr'><strong>corporalem</strong></span> <span class='ocrx_word' id='word_1_707' title='bbox 537 4751 775 4790; x_wconf 88' lang='lat' dir='ltr'><strong>vermem</strong></span> <span class='ocrx_word' id='word_1_708' title='bbox 830 4743 925 4789; x_wconf 90' lang='lat' dir='ltr'><strong>aut</strong></span> <span class='ocrx_word' id='word_1_709' title='bbox 952 4750 1060 4789; x_wconf 78' lang='lat' dir='ltr'><strong>non</strong></span> <span class='ocrx_word' id='word_1_710' title='bbox 1096 4734 1454 4804; x_wconf 89' lang='lat' dir='ltr'><strong>corporalem,</strong></span> <span class='ocrx_word' id='word_1_711' title='bbox 1496 4734 1590 4789; x_wconf 85' lang='lat' dir='ltr'><strong>sed</strong></span> <span class='ocrx_word' id='word_1_712' title='bbox 1647 4735 1759 4805; x_wconf 89' lang='lat' dir='ltr'><strong>spi-</strong></span> 
     </span>
    </p>
   </div>
   <div class='ocr_carea' id='block_1_91' title="bbox 132 4824 1756 4895">
    <p class='ocr_par' dir='ltr' id='par_1_91' title="bbox 132 4824 1756 4895">
     <span class='ocr_line' id='line_1_91' title="bbox 132 4824 1756 4895; baseline -0.003 -10"><span class='ocrx_word' id='word_1_713' title='bbox 132 4828 385 4887; x_wconf 83' lang='lat' dir='ltr'><strong>ritalem</strong></span> <span class='ocrx_word' id='word_1_714' title='bbox 435 4828 603 4895; x_wconf 82' lang='lat' dir='ltr'><strong>putet,</strong></span> <span class='ocrx_word' id='word_1_715' title='bbox 658 4824 789 4895; x_wconf 87' lang='lat' dir='ltr'><strong>quid</strong></span> <span class='ocrx_word' id='word_1_716' title='bbox 834 4833 917 4879; x_wconf 90' lang='lat' dir='ltr'><strong>est</strong></span> <span class='ocrx_word' id='word_1_717' title='bbox 963 4824 1115 4895; x_wconf 88' lang='lat' dir='ltr'><strong>quod</strong></span> <span class='ocrx_word' id='word_1_718' title='bbox 1165 4824 1291 4879; x_wconf 87' lang='lat' dir='ltr'><strong>alibi</strong></span> <span class='ocrx_word' id='word_1_719' title='bbox 1338 4824 1601 4893; x_wconf 88' lang='lat' dir='ltr'><strong>scriptum</strong></span> <span class='ocrx_word' id='word_1_720' title='bbox 1634 4833 1756 4880; x_wconf 85' lang='lat' dir='ltr'><strong>est:</strong></span> 
     </span>
    </p>
   </div>
   <div class='ocr_carea' id='block_1_92' title="bbox 136 4916 1754 4987">
    <p class='ocr_par' dir='ltr' id='par_1_92' title="bbox 136 4916 1754 4987">
     <span class='ocr_line' id='line_1_92' title="bbox 136 4916 1754 4987; baseline -0.004 -11"><span class='ocrx_word' id='word_1_721' title='bbox 136 4942 164 4976; x_wconf 74' lang='grc' dir='ltr'>ι</span> <span class='ocrx_word' id='word_1_722' title='bbox 205 4918 479 4977; x_wconf 74' lang='lat' dir='ltr'><strong>Vindicta</strong></span> <span class='ocrx_word' id='word_1_723' title='bbox 505 4918 686 4974; x_wconf 88' lang='lat' dir='ltr'><strong>carnis</strong></span> <span class='ocrx_word' id='word_1_724' title='bbox 706 4917 857 4987; x_wconf 90' lang='lat' dir='ltr'><strong>impii</strong></span> <span class='ocrx_word' id='word_1_725' title='bbox 888 4917 1027 4987; x_wconf 88' lang='lat' dir='ltr'><strong>ignis</strong></span> <span class='ocrx_word' id='word_1_726' title='bbox 1055 4926 1109 4970; x_wconf 89' lang='lat' dir='ltr'><strong>ct</strong></span> <span class='ocrx_word' id='word_1_727' title='bbox 1134 4917 1334 4971; x_wconf 87' lang='lat' dir='ltr'><strong>vermis</strong></span> <span class='ocrx_word' id='word_1_728' title='bbox 1362 4916 1553 4985; x_wconf 83' lang='lat' dir='ltr'><strong>(Eccli.</strong></span> <span class='ocrx_word' id='word_1_729' title='bbox 1585 4918 1703 4986; x_wconf 84' lang='lat' dir='ltr'><strong>vn).</strong></span> <span class='ocrx_word' id='word_1_730' title='bbox 1735 4936 1754 4969; x_wconf 74' lang='grc' dir='ltr'><strong><em>ι</em></strong></span> 
     </span>
    </p>
   </div>
   <div class='ocr_carea' id='block_1_93' title="bbox 131 5007 1758 5079">
    <p class='ocr_par' dir='ltr' id='par_1_93' title="bbox 131 5007 1758 5079">
     <span class='ocr_line' id='line_1_93' title="bbox 131 5007 1758 5079; baseline -0.004 -11"><span class='ocrx_word' id='word_1_731' title='bbox 131 5013 204 5068; x_wconf 84' lang='lat' dir='ltr'><strong>Si</strong></span> <span class='ocrx_word' id='word_1_732' title='bbox 274 5010 436 5066; x_wconf 86' lang='lat' dir='ltr'><strong>enim</strong></span> <span class='ocrx_word' id='word_1_733' title='bbox 485 5017 769 5079; x_wconf 86' lang='lat' dir='ltr'><strong>propterea</strong></span> <span class='ocrx_word' id='word_1_734' title='bbox 815 5007 956 5078; x_wconf 91' lang='lat' dir='ltr'><strong>ignis</strong></span> <span class='ocrx_word' id='word_1_735' title='bbox 985 5007 1286 5076; x_wconf 84' lang='lat' dir='ltr'><strong>corporalis</strong></span> <span class='ocrx_word' id='word_1_736' title='bbox 1341 5008 1599 5071; x_wconf 89' lang='lat' dir='ltr'><strong>creditur,</strong></span> <span class='ocrx_word' id='word_1_737' title='bbox 1630 5008 1758 5078; x_wconf 89' lang='lat' dir='ltr'><strong>quia</strong></span> 
     </span>
    </p>
   </div>
   <div class='ocr_carea' id='block_1_94' title="bbox 126 5099 1761 5170">
    <p class='ocr_par' dir='ltr' id='par_1_94' title="bbox 126 5099 1761 5170">
     <span class='ocr_line' id='line_1_94' title="bbox 126 5099 1761 5170; baseline -0.004 -9"><span class='ocrx_word' id='word_1_738' title='bbox 126 5104 413 5161; x_wconf 79' lang='lat' dir='ltr'><strong>vindicta</strong></span> <span class='ocrx_word' id='word_1_739' title='bbox 440 5101 622 5156; x_wconf 87' lang='lat' dir='ltr'><strong>carnis</strong></span> <span class='ocrx_word' id='word_1_740' title='bbox 642 5109 745 5167; x_wconf 90' lang='lat' dir='ltr'><strong>est,</strong></span> <span class='ocrx_word' id='word_1_741' title='bbox 775 5115 948 5170; x_wconf 89' lang='lat' dir='ltr'><strong>quare</strong></span> <span class='ocrx_word' id='word_1_742' title='bbox 996 5114 1105 5153; x_wconf 92' lang='lat' dir='ltr'><strong>non</strong></span> <span class='ocrx_word' id='word_1_743' title='bbox 1139 5099 1388 5153; x_wconf 85' lang='lat' dir='ltr'><strong>similiter</strong></span> <span class='ocrx_word' id='word_1_744' title='bbox 1417 5100 1615 5155; x_wconf 86' lang='lat' dir='ltr'><strong>vermis</strong></span> <span class='ocrx_word' id='word_1_745' title='bbox 1637 5117 1761 5156; x_wconf 86' lang='lat' dir='ltr'><strong>cor-</strong></span> 
     </span>
    </p>
   </div>
   <div class='ocr_carea' id='block_1_95' title="bbox 124 5192 1759 5271">
    <p class='ocr_par' dir='ltr' id='par_1_95' title="bbox 124 5192 1759 5271">
     <span class='ocr_line' id='line_1_95' title="bbox 124 5192 1759 5271; baseline -0.002 -19"><span class='ocrx_word' id='word_1_746' title='bbox 124 5197 432 5271; x_wconf 83' lang='lat' dir='ltr'><strong>poraliter</strong></span> <span class='ocrx_word' id='word_1_747' title='bbox 457 5193 676 5259; x_wconf 90' lang='lat' dir='ltr'><strong>dicitur,</strong></span> <span class='ocrx_word' id='word_1_748' title='bbox 706 5196 834 5263; x_wconf 87' lang='lat' dir='ltr'><strong>quia</strong></span> <span class='ocrx_word' id='word_1_749' title='bbox 865 5192 920 5246; x_wconf 90' lang='lat' dir='ltr'><strong>in</strong></span> <span class='ocrx_word' id='word_1_750' title='bbox 958 5192 1250 5246; x_wconf 87' lang='lat' dir='ltr'><strong>vindictam</strong></span> <span class='ocrx_word' id='word_1_751' title='bbox 1299 5192 1481 5247; x_wconf 88' lang='lat' dir='ltr'><strong>carnis</strong></span> <span class='ocrx_word' id='word_1_752' title='bbox 1536 5202 1759 5263; x_wconf 85' lang='lat' dir='ltr'><strong>paratus</strong></span> 
     </span>
    </p>
   </div>
   <div class='ocr_carea' id='block_1_96' title="bbox 118 5284 1761 5355">
    <p class='ocr_par' dir='ltr' id='par_1_96' title="bbox 118 5284 1761 5355">
     <span class='ocr_line' id='line_1_96' title="bbox 118 5284 1761 5355; baseline -0.002 -8"><span class='ocrx_word' id='word_1_753' title='bbox 118 5295 655 5347; x_wconf 84' lang='lat' dir='ltr'><strong>commemoratur.</strong></span> <span class='ocrx_word' id='word_1_754' title='bbox 717 5284 945 5355; x_wconf 88' lang='lat' dir='ltr'><strong>Propter</strong></span> <span class='ocrx_word' id='word_1_755' title='bbox 1011 5285 1328 5355; x_wconf 86' lang='lat' dir='ltr'><strong>hujusmodi</strong></span> <span class='ocrx_word' id='word_1_756' title='bbox 1391 5301 1500 5342; x_wconf 91' lang='lat' dir='ltr'><strong>non</strong></span> <span class='ocrx_word' id='word_1_757' title='bbox 1570 5289 1761 5345; x_wconf 84' lang='lat' dir='ltr'><strong>leviter</strong></span> 
     </span>
    </p>
   </div>
   <div class='ocr_carea' id='block_1_97' title="bbox 1861 4642 3449 4714">
    <p class='ocr_par' dir='ltr' id='par_1_97' title="bbox 1861 4642 3449 4714">
     <span class='ocr_line' id='line_1_97' title="bbox 1861 4642 3449 4714; baseline 0.001 -17"><span class='ocrx_word' id='word_1_758' title='bbox 1861 4643 2095 4714; x_wconf 88' lang='lat' dir='ltr'><strong>gendum</strong></span> <span class='ocrx_word' id='word_1_759' title='bbox 2109 4654 2209 4699; x_wconf 78' lang='lat' dir='ltr'><strong>est.</strong></span> <span class='ocrx_word' id='word_1_760' title='bbox 2225 4642 2282 4697; x_wconf 87' lang='lat' dir='ltr'><strong>In</strong></span> <span class='ocrx_word' id='word_1_761' title='bbox 2305 4644 2451 4699; x_wconf 88' lang='lat' dir='ltr'><strong>hunc</strong></span> <span class='ocrx_word' id='word_1_762' title='bbox 2464 4660 2593 4714; x_wconf 88' lang='lat' dir='ltr'><strong>ergo</strong></span> <span class='ocrx_word' id='word_1_763' title='bbox 2612 4644 2834 4699; x_wconf 90' lang='lat' dir='ltr'><strong>modum</strong></span> <span class='ocrx_word' id='word_1_764' title='bbox 2851 4643 3449 4699; x_wconf 70' lang='lat' dir='ltr'><strong>veraciterinl‘eriorum</strong></span> 
     </span>
    </p>
   </div>
   <div class='ocr_carea' id='block_1_98' title="bbox 1861 4736 3446 4807">
    <p class='ocr_par' dir='ltr' id='par_1_98' title="bbox 1861 4736 3446 4807">
     <span class='ocr_line' id='line_1_98' title="bbox 1861 4736 3446 4807; baseline 0.001 -17"><span class='ocrx_word' id='word_1_765' title='bbox 1861 4736 2165 4791; x_wconf 88' lang='lat' dir='ltr'><strong>substantia</strong></span> <span class='ocrx_word' id='word_1_766' title='bbox 2210 4736 2512 4806; x_wconf 86' lang='lat' dir='ltr'><strong>spiritualis</strong></span> <span class='ocrx_word' id='word_1_767' title='bbox 2537 4745 2592 4791; x_wconf 92' lang='lat' dir='ltr'><strong>et</strong></span> <span class='ocrx_word' id='word_1_768' title='bbox 2626 4752 2734 4791; x_wconf 92' lang='lat' dir='ltr'><strong>non</strong></span> <span class='ocrx_word' id='word_1_769' title='bbox 2784 4738 3088 4807; x_wconf 84' lang='lat' dir='ltr'><strong>corporalis</strong></span> <span class='ocrx_word' id='word_1_770' title='bbox 3120 4738 3446 4793; x_wconf 69' lang='lat' dir='ltr'><strong>aestimatur.</strong></span> 
     </span>
    </p>
   </div>
   <div class='ocr_carea' id='block_1_99' title="bbox 1863 4825 3449 4899">
    <p class='ocr_par' dir='ltr' id='par_1_99' title="bbox 1863 4825 3449 4899">
     <span class='ocr_line' id='line_1_99' title="bbox 1863 4825 3449 4899; baseline 0.001 -17"><span class='ocrx_word' id='word_1_771' title='bbox 1863 4825 1968 4882; x_wconf 83' lang='lat' dir='ltr'><strong>Sed</strong></span> <span class='ocrx_word' id='word_1_772' title='bbox 1993 4829 2206 4883; x_wconf 84' lang='lat' dir='ltr'><strong>etaliud</strong></span> <span class='ocrx_word' id='word_1_773' title='bbox 2232 4829 2606 4898; x_wconf 88' lang='lat' dir='ltr'><strong>qnoquequod</strong></span> <span class='ocrx_word' id='word_1_774' title='bbox 2621 4830 2980 4899; x_wconf 85' lang='lat' dir='ltr'><strong>diciturquia,</strong></span> <span class='ocrx_word' id='word_1_775' title='bbox 3000 4832 3043 4884; x_wconf 89' lang='lat' dir='ltr'><strong>si</strong></span> <span class='ocrx_word' id='word_1_776' title='bbox 3070 4830 3229 4884; x_wconf 82' lang='lat' dir='ltr'><strong>ﬂetus</strong></span> <span class='ocrx_word' id='word_1_777' title='bbox 3257 4830 3449 4885; x_wconf 79' lang='lat' dir='ltr'><strong>ctstri-</strong></span> 
     </span>
    </p>
   </div>
   <div class='ocr_carea' id='block_1_100' title="bbox 1860 4919 3448 4990">
    <p class='ocr_par' dir='ltr' id='par_1_100' title="bbox 1860 4919 3448 4990">
     <span class='ocr_line' id='line_1_100' title="bbox 1860 4919 3448 4990; baseline 0.001 -15"><span class='ocrx_word' id='word_1_778' title='bbox 1860 4921 2021 4975; x_wconf 89' lang='lat' dir='ltr'><strong>dores</strong></span> <span class='ocrx_word' id='word_1_779' title='bbox 2039 4919 2281 4974; x_wconf 89' lang='lat' dir='ltr'><strong>dentium</strong></span> <span class='ocrx_word' id='word_1_780' title='bbox 2311 4920 2667 4989; x_wconf 87' lang='lat' dir='ltr'><strong>spiritualiter</strong></span> <span class='ocrx_word' id='word_1_781' title='bbox 2682 4922 3004 4990; x_wconf 85' lang='lat' dir='ltr'><strong>accipimus,</strong></span> <span class='ocrx_word' id='word_1_782' title='bbox 3038 4920 3288 4976; x_wconf 87' lang='lat' dir='ltr'><strong>ﬂammas</strong></span> <span class='ocrx_word' id='word_1_783' title='bbox 3307 4935 3448 4990; x_wconf 76' lang='lat' dir='ltr'><strong>quo-</strong></span> 
     </span>
    </p>
   </div>
   <div class='ocr_carea' id='block_1_101' title="bbox 1860 5012 3452 5084">
    <p class='ocr_par' dir='ltr' id='par_1_101' title="bbox 1860 5012 3452 5084">
     <span class='ocr_line' id='line_1_101' title="bbox 1860 5012 3452 5084; baseline -0.001 -16"><span class='ocrx_word' id='word_1_784' title='bbox 1860 5029 1968 5084; x_wconf 89' lang='lat' dir='ltr'><strong>que</strong></span> <span class='ocrx_word' id='word_1_785' title='bbox 2003 5021 2392 5067; x_wconf 86' lang='lat' dir='ltr'><strong>tormentorum</strong></span> <span class='ocrx_word' id='word_1_786' title='bbox 2420 5013 2472 5065; x_wconf 91' lang='lat' dir='ltr'><strong>in</strong></span> <span class='ocrx_word' id='word_1_787' title='bbox 2516 5012 2648 5082; x_wconf 89' lang='lat' dir='ltr'><strong>ipsis</strong></span> <span class='ocrx_word' id='word_1_788' title='bbox 2675 5029 2780 5066; x_wconf 92' lang='lat' dir='ltr'><strong>non</strong></span> <span class='ocrx_word' id='word_1_789' title='bbox 2807 5014 3139 5083; x_wconf 86' lang='lat' dir='ltr'><strong>corporales,</strong></span> <span class='ocrx_word' id='word_1_790' title='bbox 3170 5015 3265 5069; x_wconf 88' lang='lat' dir='ltr'><strong>sed</strong></span> <span class='ocrx_word' id='word_1_791' title='bbox 3290 5013 3452 5083; x_wconf 86' lang='lat' dir='ltr'><strong>spiri-</strong></span> 
     </span>
    </p>
   </div>
   <div class='ocr_carea' id='block_1_102' title="bbox 1863 5104 3453 5177">
    <p class='ocr_par' dir='ltr' id='par_1_102' title="bbox 1863 5104 3453 5177">
     <span class='ocr_line' id='line_1_102' title="bbox 1863 5104 3453 5177; baseline 0 -18"><span class='ocrx_word' id='word_1_792' title='bbox 1863 5105 2038 5159; x_wconf 88' lang='lat' dir='ltr'><strong>tualcs</strong></span> <span class='ocrx_word' id='word_1_793' title='bbox 2064 5105 2284 5159; x_wconf 85' lang='lat' dir='ltr'><strong>credere</strong></span> <span class='ocrx_word' id='word_1_794' title='bbox 2314 5104 2604 5169; x_wconf 85' lang='lat' dir='ltr'><strong>debemus,</strong></span> <span class='ocrx_word' id='word_1_795' title='bbox 2650 5104 2730 5159; x_wconf 87' lang='lat' dir='ltr'><strong>sic</strong></span> <span class='ocrx_word' id='word_1_796' title='bbox 2758 5121 2890 5160; x_wconf 89' lang='lat' dir='ltr'><strong>sane</strong></span> <span class='ocrx_word' id='word_1_797' title='bbox 2922 5106 3147 5177; x_wconf 88' lang='lat' dir='ltr'><strong>intelligi</strong></span> <span class='ocrx_word' id='word_1_798' title='bbox 3179 5114 3375 5176; x_wconf 86' lang='lat' dir='ltr'><strong>potest,</strong></span> <span class='ocrx_word' id='word_1_799' title='bbox 3404 5105 3453 5159; x_wconf 90' lang='lat' dir='ltr'><strong>si</strong></span> 
     </span>
    </p>
   </div>
   <div class='ocr_carea' id='block_1_103' title="bbox 1861 5197 3455 5269">
    <p class='ocr_par' dir='ltr' id='par_1_103' title="bbox 1861 5197 3455 5269">
     <span class='ocr_line' id='line_1_103' title="bbox 1861 5197 3455 5269; baseline 0 -16"><span class='ocrx_word' id='word_1_800' title='bbox 1861 5198 2133 5254; x_wconf 89' lang='lat' dir='ltr'><strong>cruciatus</strong></span> <span class='ocrx_word' id='word_1_801' title='bbox 2155 5197 2481 5263; x_wconf 89' lang='lat' dir='ltr'><strong>animarum,</strong></span> <span class='ocrx_word' id='word_1_802' title='bbox 2508 5200 2599 5267; x_wconf 86' lang='lat' dir='ltr'><strong>qui</strong></span> <span class='ocrx_word' id='word_1_803' title='bbox 2617 5212 2682 5252; x_wconf 80' lang='lat' dir='ltr'><strong>ex</strong></span> <span class='ocrx_word' id='word_1_804' title='bbox 2714 5197 2950 5254; x_wconf 80' lang='lat' dir='ltr'><strong>ﬂammis</strong></span> <span class='ocrx_word' id='word_1_805' title='bbox 2965 5200 3336 5269; x_wconf 85' lang='lat' dir='ltr'><strong>corporalibus</strong></span> <span class='ocrx_word' id='word_1_806' title='bbox 3361 5213 3455 5267; x_wconf 86' lang='lat' dir='ltr'><strong>ge-</strong></span> 
     </span>
    </p>
   </div>
   <div class='ocr_carea' id='block_1_104' title="bbox 1863 5289 3453 5358">
    <p class='ocr_par' dir='ltr' id='par_1_104' title="bbox 1863 5289 3453 5358">
     <span class='ocr_line' id='line_1_104' title="bbox 1863 5289 3453 5358; baseline -0.002 -15"><span class='ocrx_word' id='word_1_807' title='bbox 1863 5289 2047 5343; x_wconf 87' lang='lat' dir='ltr'><strong>nerari</strong></span> <span class='ocrx_word' id='word_1_808' title='bbox 2071 5290 2392 5354; x_wconf 89' lang='lat' dir='ltr'><strong>creduntur,</strong></span> <span class='ocrx_word' id='word_1_809' title='bbox 2421 5304 2530 5343; x_wconf 89' lang='lat' dir='ltr'><strong>non</strong></span> <span class='ocrx_word' id='word_1_810' title='bbox 2572 5289 2952 5358; x_wconf 89' lang='lat' dir='ltr'><strong>corporaliter,</strong></span> <span class='ocrx_word' id='word_1_811' title='bbox 2991 5290 3044 5344; x_wconf 93' lang='lat' dir='ltr'><strong>id</strong></span> <span class='ocrx_word' id='word_1_812' title='bbox 3079 5300 3161 5345; x_wconf 90' lang='lat' dir='ltr'><strong>est</strong></span> <span class='ocrx_word' id='word_1_813' title='bbox 3206 5289 3453 5344; x_wconf 76' lang='lat' dir='ltr'><strong>median-</strong></span> 
     </span>
    </p>
   </div>
   <div class='ocr_carea' id='block_1_105' title="bbox 1828 5378 3451 5449">
    <p class='ocr_par' dir='ltr' id='par_1_105' title="bbox 1828 5378 3451 5449">
     <span class='ocr_line' id='line_1_105' title="bbox 1828 5378 3451 5449; baseline -0.001 -16"><span class='ocrx_word' id='word_1_814' title='bbox 1828 5379 2011 5434; x_wconf 27' lang='lat' dir='ltr'><strong>‘tibus</strong></span> <span class='ocrx_word' id='word_1_815' title='bbox 2073 5378 2418 5449; x_wconf 89' lang='lat' dir='ltr'><strong>corporibus,</strong></span> <span class='ocrx_word' id='word_1_816' title='bbox 2469 5378 2524 5432; x_wconf 94' lang='lat' dir='ltr'><strong>in</strong></span> <span class='ocrx_word' id='word_1_817' title='bbox 2583 5378 2717 5448; x_wconf 91' lang='lat' dir='ltr'><strong>ipsis</strong></span> <span class='ocrx_word' id='word_1_818' title='bbox 2757 5379 2874 5434; x_wconf 82' lang='lat' dir='ltr'><strong>ﬁeri</strong></span> <span class='ocrx_word' id='word_1_819' title='bbox 2901 5396 3009 5435; x_wconf 90' lang='lat' dir='ltr'><strong>non</strong></span> <span class='ocrx_word' id='word_1_820' title='bbox 3057 5378 3451 5448; x_wconf 87' lang='lat' dir='ltr'><strong>intelligantur.</strong></span> 
     </span>
    </p>
   </div>
   <div class='ocr_carea' id='block_1_106' title="bbox 121 5378 1763 5453">
    <p class='ocr_par' dir='ltr' id='par_1_106' title="bbox 121 5378 1763 5453">
     <span class='ocr_line' id='line_1_106' title="bbox 121 5378 1763 5453; baseline -0.001 -13"><span class='ocrx_word' id='word_1_821' title='bbox 121 5398 343 5440; x_wconf 82' lang='lat' dir='ltr'><strong>unum</strong></span> <span class='ocrx_word' id='word_1_822' title='bbox 378 5381 585 5452; x_wconf 82' lang='lat' dir='ltr'><strong>aliquid</strong></span> <span class='ocrx_word' id='word_1_823' title='bbox 617 5379 838 5436; x_wconf 85' lang='lat' dir='ltr'><strong>diﬂiniri</strong></span> <span class='ocrx_word' id='word_1_824' title='bbox 886 5387 1085 5450; x_wconf 88' lang='lat' dir='ltr'><strong>potest.</strong></span> <span class='ocrx_word' id='word_1_825' title='bbox 1119 5378 1327 5436; x_wconf 84' lang='lat' dir='ltr'><strong>Tamen</strong></span> <span class='ocrx_word' id='word_1_826' title='bbox 1364 5383 1510 5453; x_wconf 90' lang='lat' dir='ltr'><strong>quod</strong></span> <span class='ocrx_word' id='word_1_827' title='bbox 1561 5383 1763 5439; x_wconf 74' lang='lat' dir='ltr'><strong>dixerit</strong></span> 
     </span>
    </p>
   </div>
   <div class='ocr_carea' id='block_1_107' title="bbox 120 5474 1761 5554">
    <p class='ocr_par' dir='ltr' id='par_1_107' title="bbox 120 5474 1761 5554">
     <span class='ocr_line' id='line_1_107' title="bbox 120 5474 1761 5554; baseline -0.004 -17"><span class='ocrx_word' id='word_1_828' title='bbox 120 5488 459 5554; x_wconf 78' lang='lat' dir='ltr'><strong>propterea</strong></span> <span class='ocrx_word' id='word_1_829' title='bbox 496 5477 680 5534; x_wconf 86' lang='lat' dir='ltr'><strong>carnis</strong></span> <span class='ocrx_word' id='word_1_830' title='bbox 714 5477 867 5548; x_wconf 80' lang='lat' dir='ltr'><strong>impii</strong></span> <span class='ocrx_word' id='word_1_831' title='bbox 896 5476 1192 5532; x_wconf 88' lang='lat' dir='ltr'><strong>vindictam</strong></span> <span class='ocrx_word' id='word_1_832' title='bbox 1218 5476 1275 5532; x_wconf 91' lang='lat' dir='ltr'><strong>in</strong></span> <span class='ocrx_word' id='word_1_833' title='bbox 1308 5491 1491 5532; x_wconf 88' lang='lat' dir='ltr'><strong>verme</strong></span> <span class='ocrx_word' id='word_1_834' title='bbox 1522 5474 1761 5531; x_wconf 78' lang='lat' dir='ltr'><strong>futuram</strong></span> 
     </span>
    </p>
   </div>
   <div class='ocr_carea' id='block_1_108' title="bbox 117 5570 1764 5643">
    <p class='ocr_par' dir='ltr' id='par_1_108' title="bbox 117 5570 1764 5643">
     <span class='ocr_line' id='line_1_108' title="bbox 117 5570 1764 5643; baseline -0.004 -13"><span class='ocrx_word' id='word_1_835' title='bbox 117 5588 279 5630; x_wconf 79' lang='lat' dir='ltr'><strong>esse</strong></span> <span class='ocrx_word' id='word_1_836' title='bbox 312 5581 373 5627; x_wconf 87' lang='lat' dir='ltr'><strong>et</strong></span> <span class='ocrx_word' id='word_1_837' title='bbox 392 5572 538 5643; x_wconf 86' lang='lat' dir='ltr'><strong>igne,</strong></span> <span class='ocrx_word' id='word_1_838' title='bbox 570 5571 699 5643; x_wconf 91' lang='lat' dir='ltr'><strong>quia</strong></span> <span class='ocrx_word' id='word_1_839' title='bbox 726 5570 930 5641; x_wconf 86' lang='lat' dir='ltr'><strong>impius</strong></span> <span class='ocrx_word' id='word_1_840' title='bbox 951 5586 1050 5641; x_wconf 88' lang='lat' dir='ltr'><strong>pro</strong></span> <span class='ocrx_word' id='word_1_841' title='bbox 1078 5586 1144 5627; x_wconf 91' lang='lat' dir='ltr'><strong>eo</strong></span> <span class='ocrx_word' id='word_1_842' title='bbox 1170 5570 1315 5641; x_wconf 84' lang='lat' dir='ltr'><strong>quod</strong></span> <span class='ocrx_word' id='word_1_843' title='bbox 1348 5584 1568 5625; x_wconf 90' lang='lat' dir='ltr'><strong>carnem</strong></span> <span class='ocrx_word' id='word_1_844' title='bbox 1591 5570 1764 5624; x_wconf 83' lang='lat' dir='ltr'><strong>male-</strong></span> 
     </span>
    </p>
   </div>
   <div class='ocr_carea' id='block_1_109' title="bbox 116 5660 1765 5737">
    <p class='ocr_par' dir='ltr' id='par_1_109' title="bbox 116 5660 1765 5737">
     <span class='ocr_line' id='line_1_109' title="bbox 116 5660 1765 5737; baseline -0.005 -12"><span class='ocrx_word' id='word_1_845' title='bbox 116 5666 328 5733; x_wconf 69' lang='lat' dir='ltr'><strong>dixit,</strong></span> <span class='ocrx_word' id='word_1_846' title='bbox 352 5664 408 5719; x_wconf 90' lang='lat' dir='ltr'><strong>in</strong></span> <span class='ocrx_word' id='word_1_847' title='bbox 434 5679 602 5720; x_wconf 87' lang='lat' dir='ltr'><strong>carne</strong></span> <span class='ocrx_word' id='word_1_848' title='bbox 626 5663 961 5721; x_wconf 89' lang='lat' dir='ltr'><strong>cruciabitur</strong></span> <span class='ocrx_word' id='word_1_849' title='bbox 969 5679 1071 5733; x_wconf 86' lang='lat' dir='ltr'><strong>per</strong></span> <span class='ocrx_word' id='word_1_850' title='bbox 1092 5663 1355 5737; x_wconf 89' lang='lat' dir='ltr'><strong>ignem,ct</strong></span> <span class='ocrx_word' id='word_1_851' title='bbox 1379 5660 1431 5716; x_wconf 91' lang='lat' dir='ltr'><strong>iu</strong></span> <span class='ocrx_word' id='word_1_852' title='bbox 1455 5661 1646 5731; x_wconf 87' lang='lat' dir='ltr'><strong>spiritu</strong></span> <span class='ocrx_word' id='word_1_853' title='bbox 1669 5678 1765 5731; x_wconf 91' lang='lat' dir='ltr'><strong>per</strong></span> 
     </span>
    </p>
   </div>
   <div class='ocr_carea' id='block_1_110' title="bbox 1864 5468 3450 5541">
    <p class='ocr_par' dir='ltr' id='par_1_110' title="bbox 1864 5468 3450 5541">
     <span class='ocr_line' id='line_1_110' title="bbox 1864 5468 3450 5541; baseline -0.001 -17"><span class='ocrx_word' id='word_1_854' title='bbox 1864 5470 2030 5525; x_wconf 80' lang='lat' dir='ltr'><strong>Multa</strong></span> <span class='ocrx_word' id='word_1_855' title='bbox 2058 5478 2186 5526; x_wconf 90' lang='lat' dir='ltr'><strong>sunt</strong></span> <span class='ocrx_word' id='word_1_856' title='bbox 2214 5471 2341 5534; x_wconf 88' lang='lat' dir='ltr'><strong>alia,</strong></span> <span class='ocrx_word' id='word_1_857' title='bbox 2380 5486 2503 5541; x_wconf 64' lang='lat' dir='ltr'><strong>quae</strong></span> <span class='ocrx_word' id='word_1_858' title='bbox 2535 5470 2619 5524; x_wconf 87' lang='lat' dir='ltr'><strong>vel</strong></span> <span class='ocrx_word' id='word_1_859' title='bbox 2668 5471 2922 5541; x_wconf 89' lang='lat' dir='ltr'><strong>ambigue</strong></span> <span class='ocrx_word' id='word_1_860' title='bbox 2968 5471 3113 5525; x_wconf 89' lang='lat' dir='ltr'><strong>dicta</strong></span> <span class='ocrx_word' id='word_1_861' title='bbox 3168 5477 3318 5533; x_wconf 89' lang='lat' dir='ltr'><strong>sunt,</strong></span> <span class='ocrx_word' id='word_1_862' title='bbox 3363 5468 3450 5523; x_wconf 86' lang='lat' dir='ltr'><strong>vel</strong></span> 
     </span>
    </p>
   </div>
   <div class='ocr_carea' id='block_1_111' title="bbox 1864 5560 3450 5635">
    <p class='ocr_par' dir='ltr' id='par_1_111' title="bbox 1864 5560 3450 5635">
     <span class='ocr_line' id='line_1_111' title="bbox 1864 5560 3450 5635; baseline -0.002 -16"><span class='ocrx_word' id='word_1_863' title='bbox 1864 5564 2119 5635; x_wconf 77' lang='lat' dir='ltr'><strong>ambigue</strong></span> <span class='ocrx_word' id='word_1_864' title='bbox 2145 5563 2251 5619; x_wconf 91' lang='lat' dir='ltr'><strong>dici</strong></span> <span class='ocrx_word' id='word_1_865' title='bbox 2282 5570 2532 5633; x_wconf 87' lang='lat' dir='ltr'><strong>possunt.</strong></span> <span class='ocrx_word' id='word_1_866' title='bbox 2564 5560 2669 5617; x_wconf 88' lang='lat' dir='ltr'><strong>Sed</strong></span> <span class='ocrx_word' id='word_1_867' title='bbox 2696 5562 2844 5617; x_wconf 84' lang='lat' dir='ltr'><strong>aliud</strong></span> <span class='ocrx_word' id='word_1_868' title='bbox 2880 5570 2964 5618; x_wconf 88' lang='lat' dir='ltr'><strong>est</strong></span> <span class='ocrx_word' id='word_1_869' title='bbox 2994 5576 3176 5616; x_wconf 89' lang='lat' dir='ltr'><strong>rerum</strong></span> <span class='ocrx_word' id='word_1_870' title='bbox 3223 5560 3450 5628; x_wconf 86' lang='lat' dir='ltr'><strong>veritas,</strong></span> 
     </span>
    </p>
   </div>
   <div class='ocr_carea' id='block_1_112' title="bbox 1866 5660 3451 5731">
    <p class='ocr_par' dir='ltr' id='par_1_112' title="bbox 1866 5660 3451 5731">
     <span class='ocr_line' id='line_1_112' title="bbox 1866 5660 3451 5731; baseline -0.003 -14"><span class='ocrx_word' id='word_1_871' title='bbox 1866 5660 2012 5717; x_wconf 89' lang='lat' dir='ltr'><strong>aliud</strong></span> <span class='ocrx_word' id='word_1_872' title='bbox 2040 5661 2331 5717; x_wconf 78' lang='lat' dir='ltr'><strong>verborum</strong></span> <span class='ocrx_word' id='word_1_873' title='bbox 2364 5661 2621 5727; x_wconf 86' lang='lat' dir='ltr'><strong>varietas,</strong></span> <span class='ocrx_word' id='word_1_874' title='bbox 2652 5675 2828 5731; x_wconf 87' lang='lat' dir='ltr'><strong>neque</strong></span> <span class='ocrx_word' id='word_1_875' title='bbox 2853 5673 2957 5715; x_wconf 89' lang='lat' dir='ltr'><strong>nos</strong></span> <span class='ocrx_word' id='word_1_876' title='bbox 2985 5665 3200 5728; x_wconf 89' lang='lat' dir='ltr'><strong>oportet</strong></span> <span class='ocrx_word' id='word_1_877' title='bbox 3228 5666 3451 5729; x_wconf 81' lang='lat' dir='ltr'><strong>propter</strong></span> 
     </span>
    </p>
   </div>
   <div class='ocr_carea' id='block_1_113' title="bbox 212 5836 869 5913">
    <p class='ocr_par' dir='ltr' id='par_1_113' title="bbox 212 5836 869 5913">
     <span class='ocr_line' id='line_1_113' title="bbox 212 5836 869 5913; baseline -0.003 -17"><span class='ocrx_word' id='word_1_878' title='bbox 212 5837 360 5913; x_wconf 67' lang='lat'><strong>(£5)</strong></span> <span class='ocrx_word' id='word_1_879' title='bbox 393 5836 475 5893; x_wconf 74' lang='lat' dir='ltr'><strong>Ita</strong></span> <span class='ocrx_word' id='word_1_880' title='bbox 502 5840 559 5893; x_wconf 86' lang='lat' dir='ltr'><strong>in</strong></span> <span class='ocrx_word' id='word_1_881' title='bbox 588 5837 869 5910; x_wconf 84' lang='lat' dir='ltr'><strong>originale.</strong></span> 
     </span>
    </p>
   </div>
  </div>
