3948 6498
519 423 662 482 {059

1655 410 1981 470 WERNERI
2019 406 2314 465 ABBATlS
2355 406 2412 463 S.
2458 404 2675 462 BLASII

3637 409 3756 468 1060

515 533 918 592 multitudinem
941 528 1153 586 dicendi
1173 544 1201 582 a
1219 526 1565 597 simplicitate
1578 527 1830 582 credendi
1853 526 2091 582 deviare.
2125 529 2172 586 Α
2198 535 2514 592 corporeus,
2541 530 2599 576 ut
2620 535 2739 576 esse
2768 520 2905 592 ignis
2940 522 3136 588 valeat,
3162 521 3445 592 corporeis
3467 520 3659 593 indiget
3686 526 3755 581 ro.

516 628 659 686 Dicit
683 625 1042 698 Augustinus,
1069 621 1122 675 in
1141 620 1515 683 Encbiridion,
1541 619 1667 690 quia
1693 629 1927 689 tempus,
1950 618 2098 688 quod

517 724 657 779 inter
696 719 933 776 hominis
984 725 1213 771 mortem
1257 725 1310 769 et
1361 714 1607 769 ultimam
1636 713 2095 769 resurrectionem

514 819 755 889 positum
787 822 889 878 est,
923 812 1136 867 animas
1195 810 1395 865 abditis
1428 810 1671 865 continet
1716 797 2095 880 receptaculis,

512 915 655 968 sicut
692 922 1034 978 unaquaeque
1060 905 1225 974 digna
1256 913 1341 959 est
1381 904 1465 959 vel
1492 905 1677 974 requie
1723 904 1807 958 vel
1829 919 2093 959 aerumna.

510 999 652 1071 Ergo
681 998 860 1053 abdita
901 1006 1027 1053 sunt
1053 997 1394 1065 receptacula
1434 996 1766 1059 animarum,
1801 1011 1901 1049 nec
1922 1002 2099 1064 potest

508 1091 577 1146 ab
607 1091 826 1145 homine
857 1087 1074 1145 diﬂiniri
1106 1088 1252 1158 quod
1278 1102 1387 1141 non
1420 1095 1594 1157 potest
1620 1088 1687 1141 ab
1708 1087 1927 1142 homine
1947 1086 2095 1142 sciri.

1107 1179 1184 1233 De
1232 1179 1484 1250 gehenna.

577 1272 731 1341 Quod
757 1288 1055 1344 corporeus
1079 1272 1218 1343 ignis
1241 1272 1503 1341 gehennae
1524 1285 1632 1325 non
1662 1278 1870 1325 tantum
1899 1284 2098 1341 corpo-

505 1379 565 1419 ra
591 1363 877 1429 cruciabit,
906 1362 997 1416 sed
1023 1369 1077 1415 et
1102 1361 1347 1430 spiritus.

575 1452 765 1521 Qualis
815 1452 1199 1521 intelligendus
1247 1451 1318 1506 sit
1361 1450 1451 1505 ille
1525 1451 1667 1521 ignis
1722 1451 2002 1523 gehennae,
2042 1459 2097 1507 et

502 1548 963 1620 quemadmodum
1009 1546 1132 1615 igne
1175 1544 1446 1613 corporali
1496 1543 1803 1612 incorporei
1846 1544 2093 1613 spiritus,

502 1639 616 1693 sive
643 1637 838 1691 animze
863 1634 1185 1704 corporibus
1214 1633 1406 1687 soluta:
1430 1631 1664 1687 cruciari
1701 1642 1953 1701 possunt,
1983 1648 2095 1687 non

501 1729 679 1783 solum
711 1728 831 1782 ﬁdei
862 1726 1186 1781 Christiana:
1223 1724 1316 1779 sed
1368 1725 1508 1779 sacri
1552 1724 1755 1793 eloquii
1798 1725 2096 1779 auctoritas

500 1818 865 1875 commendat.
897 1816 1156 1873 Gchenna
1205 1812 1361 1884 quid
1393 1814 1519 1870 est?
1548 1822 1801 1885 stagnum
1855 1816 1998 1885 ignis
2042 1823 2096 1869 et

500 1911 782 1981 sulphuris
812 1911 1019 1965 dictum
1055 1916 1139 1963 est
1185 1906 1373 1977 (Apoc.
1410 1906 1549 1977 XIX).
1607 1904 1915 1975 Corporcus
1956 1906 2096 1977 ignis

497 2005 622 2067 erit,
654 2012 708 2058 et
732 2002 997 2058 cruciabit
1022 2014 1252 2069 corpora
1276 1998 1661 2053 damnatorum
1698 2006 1752 2053 et
1779 1998 2091 2065 hominum,

496 2102 552 2150 et
567 2095 893 2149 daemonum.
915 2092 1097 2147 Solida
1123 2093 1426 2152 hominum,
1454 2090 1599 2144 aeria
1626 2088 1957 2144 daemonum.
1986 2088 2097 2144 Aut

499 2194 710 2240 tantum
740 2184 1025 2239 hominum
1065 2199 1292 2254 corpora
1331 2197 1455 2237 cum
1487 2180 1789 2251 spiritibus,
1820 2180 2095 2236 daemones

496 2283 678 2329 autem
713 2273 939 2342 spiritus
969 2272 1088 2326 sine
1143 2270 1465 2342 corporibus
1516 2269 1801 2335 habentes,
1827 2269 2095 2323 sumendo

496 2383 740 2438 pennam,
773 2380 881 2418 non
933 2365 1296 2434 impcrtiendo
1319 2363 1488 2417 vitam
1540 2359 1923 2430 corporalibus
1953 2360 2095 2430 igni-

498 2458 622 2513 bus.
673 2457 1084 2526 (Aunus'ruvus.)
1113 2457 1225 2510 Cur
1252 2454 1396 2510 enim
1454 2468 1562 2507 non
1598 2453 1867 2517 dicamus,
1895 2468 2094 2522 quam-

496 2551 581 2607 vis
620 2550 775 2605 miris
830 2558 1010 2605 tamen
1034 2550 1179 2604 veris
1206 2548 1408 2615 modis,
1438 2549 1602 2603 etiam
1649 2545 1877 2617 spiritus
1905 2543 2093 2599 inco'r-

498 2657 696 2712 poreas
732 2656 894 2712 posse
937 2656 1096 2711 pinna
1127 2641 1398 2710 corporali
1446 2640 1629 2710 afﬂigi,
1664 2639 1711 2695 si
1744 2637 1968 2707 spiritus
1992 2638 2094 2692 ho-

498 2732 709 2786 minum
748 2731 910 2786 etiam
953 2731 1055 2800 ipsi
1088 2731 1331 2801 profecto
1362 2730 1664 2801 incorporei
1705 2746 1852 2785 nunc
1899 2740 2095 2799 potue-

499 2834 631 2880 runt
680 2824 936 2880 concludi
986 2825 1041 2879 in
1102 2822 1479 2892 corporalibus
1549 2820 1831 2887 membris,
1882 2828 1935 2874 et
1967 2828 2096 2876 tunc

499 2926 759 2990 poterunt
806 2932 1032 2972 suorum
1096 2930 1390 2986 corporum
1448 2913 1682 2969 vinculis
1730 2912 2096 2968 insolubiliter

500 3011 734 3082 alligari.
771 3010 828 3065 Si
879 3010 1113 3066 viventis
1174 3008 1413 3063 hominis
1460 3008 1820 3076 incorporeus
1868 3006 2094 3076 spiritus

501 3112 715 3160 tenetur
740 3103 796 3159 in
826 3118 1075 3174 corpore,
1101 3118 1202 3157 cur
1244 3117 1354 3155 non
1389 3110 1514 3170 post
1545 3109 1801 3161 mortem,
1833 3113 1957 3152 eum
2011 3096 2095 3150 in-

499 3211 793 3267 corporeus
816 3196 906 3262 sit,
936 3195 1163 3266 spiritus
1188 3194 1352 3248 etiam
1380 3206 1642 3262 corporeo
1672 3191 1795 3261 igne
1822 3198 2089 3244 teneatur.

498 3286 568 3344 Et
612 3303 708 3357 per
753 3288 934 3358 ignem
993 3285 1245 3356 spiritum
1314 3285 1485 3339 teneri
1535 3283 1801 3347 dicimus,
1856 3290 1916 3334 ut
1967 3295 2094 3335 cum

509 3378 565 3433 in
600 3387 873 3433 tormento
892 3378 1033 3448 ignis
1061 3377 1132 3432 sit
1157 3376 1566 3445 videndoatque
1584 3373 1885 3429 sentiendo.
1906 3372 2091 3443 Ignem

501 3484 738 3539 namque
763 3484 829 3524 eo
854 3469 972 3540 ipso
995 3469 1200 3539 patitur
1222 3483 1332 3538 quo
1362 3468 1522 3533 videt,
1550 3475 1605 3521 et
1626 3466 1754 3537 quia
1783 3465 2015 3521 cremari
2041 3480 2099 3520 sc

502 3562 775 3632 conspicit
804 3571 1100 3616 crematur.
1129 3560 1330 3630 Sicque
1354 3562 1409 3613 lit
1435 3569 1493 3614 ut
1520 3576 1607 3614 res
1637 3558 2096 3629 corporcaincor-

500 3665 721 3720 porcam
749 3659 964 3717 exurat,
1009 3651 1137 3704 dum
1174 3667 1240 3704 ex
1272 3650 1395 3719 igne
1427 3649 1625 3704 visibili
1656 3650 1818 3704 ardor
1852 3664 1917 3704 ac
1945 3649 2099 3703 dolor

500 3742 792 3796 invisibilis
818 3742 1074 3809 trahitur,
1098 3750 1155 3796 ut
1178 3757 1273 3811 per
1292 3742 1468 3811 ignem
1499 3756 1820 3811 corporeum
1845 3757 2000 3796 mens
2022 3742 2099 3795 in-

500 3847 761 3902 corporea
785 3832 947 3886 etiam
973 3849 1235 3903 corporea
1258 3832 1476 3887 ﬂamma
1511 3834 1807 3889 crucietur.
1860 3833 1928 3888 Et
1976 3845 2099 3903 post

503 3922 882 3995 paucazbum
931 3940 1060 3995 ergo
1106 3934 1446 3995 peccatorem
1503 3926 1722 3979 divitem
1779 3926 2097 3982 damnatum

504 4011 718 4069 Veritas
749 4015 800 4067 in
840 4015 1015 4085 ignem
1044 4015 1291 4085 perhibet
1323 4014 1475 4086 (Luc.
1525 4016 1663 4083 xvi),
1716 4017 1971 4086 quisnam
2004 4032 2096 4070 sa-

502 4108 658 4178 piens
683 4107 894 4163 animas
926 4110 1283 4178 reproborum
1318 4109 1490 4163 teneri
1530 4109 1750 4180 ignibus
1796 4120 1971 4179 neget.
2004 4109 2098 4167 Illa

503 4201 666 4256 ultrix
690 4200 906 4255 ﬂamma
931 4202 1186 4257 vitiorum
1208 4201 1600 4258 cremationem
1628 4202 1809 4269 habet,
1834 4211 1886 4256 et
1913 4203 2094 4258 lumen

502 4307 612 4347 non
647 4290 826 4345 habet.
856 4288 948 4345 llle
976 4291 1119 4362 ignis
1141 4293 1207 4346 ad
1236 4292 1666 4346 consolationem
1703 4308 1811 4346 non
1842 4292 2018 4360 lucet;
2044 4300 2098 4349 et

505 4389 684 4436 tamen
704 4382 947 4452 utmagis
976 4388 1223 4451 torqueat
1244 4381 1310 4435 ad
1324 4380 1530 4451 aliquid
1547 4382 1711 4436 lucet.
1731 4380 1866 4437 Nam
1900 4398 2097 4452 sequa-

504 4487 596 4528 ces
621 4487 840 4543 quoque
862 4489 993 4528 suos
1020 4488 1207 4527 secum
1239 4472 1294 4526 in
1328 4481 1599 4529 tormento
1634 4476 1850 4545 reprobi
1875 4474 2096 4529 ﬂamma

505 4560 812 4616 illustrante
839 4562 1010 4617 visuri
1040 4571 1186 4629 sunt,
1219 4578 1455 4633 quorum
1486 4579 1675 4620 amore
1723 4566 2067 4636 deliquerunt

505 4665 778 4722 quatenus
804 4654 970 4707 vitam
1009 4655 1301 4710 carnaliter
1350 4666 1539 4711 contra
1594 4667 1863 4728 praecepta
1894 4658 2094 4713 Condi-

505 4746 643 4803 toris
667 4756 1011 4817 amaverunt,
1055 4749 1299 4819 ipsorum
1324 4768 1542 4823 quoque
1612 4755 1844 4811 intuitus
1895 4771 1990 4811 eos
2040 4756 2095 4811 in

508 4848 802 4910 augmento
845 4849 959 4896 suae
989 4839 1357 4898 damnationis
1408 4844 1626 4916 aﬂligct.
1703 4844 1856 4902 Sicut
1912 4848 2098 4904 electis

509 4931 652 5002 ignis
679 4932 867 4988 ardere
895 4933 1049 4989 novit
1092 4934 1162 4989 ad
1191 4934 1469 5003 solatium,
1499 4946 1552 4992 ct
1575 4946 1757 4993 tamen
1788 4939 1855 4993 ad
1887 4941 2097 5011 suppli~

512 5027 657 5082 cium
686 5027 878 5083 ardere
907 5029 1102 5098 nescit,
1134 5029 1208 5085 ita
1256 5045 1552 5088 eeonverso
1594 5034 1855 5104 gehennae
1880 5035 2098 5091 ﬂamma

514 5119 762 5191 reprobis
787 5128 839 5174 et
872 5136 1221 5191 nequaquam
1270 5123 1415 5179 lucet
1441 5125 1508 5179 ad
1543 5125 1937 5181 consolationis
1977 5144 2100 5199 gra-

512 5212 646 5289 tiam
670 5220 726 5267 et
771 5220 954 5267 tamen
995 5213 1141 5270 lucet
1208 5217 1275 5271 ad
1314 5232 1555 5287 pennam,
1608 5227 1666 5272 ut
1711 5219 2098 5276 damnatorum

514 5304 687 5359 oculis
716 5304 858 5376 ignis
881 5307 1131 5377 supplicii
1155 5318 1209 5363 et
1233 5310 1381 5363 nulla
1411 5309 1656 5364 claritate
1676 5312 1923 5379 candent,
1951 5322 2005 5367 et
2033 5313 2100 5368 ad

514 5398 719 5453 doloris
769 5401 1051 5455 cumulum
1083 5400 1295 5456 delictis
1317 5402 1553 5471 qualiter
1574 5405 1888 5460 crucientur
1917 5415 2102 5460 osten-

512 5491 626 5547 dat.

585 5580 986 5652 Omnipotcntis
1034 5585 1246 5655 justitia
1278 5584 1585 5642 futurorum
1636 5591 1846 5660 prescia
1876 5591 1945 5645 ab
1987 5591 2102 5660 ipsa

518 5674 708 5727 mundi
735 5676 943 5744 origine
970 5677 1227 5746 gehenna:
1256 5678 1433 5748 ignem
1466 5681 1668 5735 creavit
1700 5699 1713 5734 :
1747 5683 1840 5751 qui
1864 5682 1916 5735 in
1941 5697 2101 5751 pmna

516 5763 873 5831 reproborum
903 5765 1070 5819 semel
1090 5781 1210 5820 esse
1233 5767 1513 5837 inciperet,
1551 5771 1640 5824 sed
1668 5770 1919 5826 ardorem
1942 5787 2103 5826 suum

520 5856 685 5909 etiam
720 5856 838 5911 sine
885 5857 1076 5929 _lignis
1114 5875 1392 5930 nunquam
1438 5861 1634 5917 finiret.
1672 5861 1816 5934 Ignis
1871 5878 2106 5936 namque

2078 4608 2091 4632 ’
2127 4608 2170 4660 D

2200 614 2400 669 mentis
2440 631 2454 667 :
2486 614 2579 682 qui
2607 627 2728 666 cum
2757 627 2974 668 necesse
2998 622 3166 668 estut
3196 622 3445 668 servetur
3464 630 3558 683 per
3580 631 3756 689 ροηδε.

2200 707 2465 777 stalfgna,
2484 704 2673 775 procul
2693 703 2861 758 dubio
2882 706 3143 771 nutritur,
3160 705 3417 760 necvalet
3432 705 3533 761 nisi
3560 723 3738 766 succen

2199 815 2294 855 sus
2324 813 2467 863 esse,
2519 806 2573 851 et
2594 796 2699 851 nisi
2729 794 2936 852 refotus
2971 797 3290 852 subsistere.
3342 796 3415 851 At
3452 802 3634 854 eontra
3675 818 3754 873 ge-

2199 891 2391 947 hennae
2420 891 2561 960 ignis
2584 906 2711 945 cum
2754 891 2826 945 sit
2854 904 3174 960 corporeus,
3218 898 3274 945 et
3297 890 3571 947 immissos
3591 910 3753 965 repro-

2196 982 2297 1038 bos
2327 983 2680 1054 corporaliter
2705 991 2917 1050 exurat,
2944 998 3046 1038 nec
3075 982 3260 1037 studio
3290 982 3533 1037 humano
3554 1001 3752 1044 succen-

2195 1073 2362 1137 ditur,
2402 1089 2501 1128 nec
2526 1074 2689 1145 lignis
2716 1075 2989 1141 nutritur;
3034 1074 3127 1129 sed
3160 1084 3380 1130 creatus
3410 1075 3575 1130 semel
3613 1077 3750 1138 durat

2195 1165 2675 1235 inexstinguibilis,
2698 1173 2751 1220 et
2772 1165 3130 1221 succensione
3148 1181 3256 1220 non
3281 1167 3501 1238 indiget,
3518 1177 3567 1222 et
3584 1171 3750 1229 ardere

2196 1273 2304 1312 non
2332 1266 2498 1313 caret.
2526 1256 2668 1312 Bene
2695 1272 2824 1326 ergo
2865 1256 2931 1312 de
2960 1258 3151 1327 iniquo
3171 1258 3375 1313 dicitur
3400 1300 3414 1313 .
3448 1278 3469 1311 ι
3497 1258 3748 1322 Βενῡηὶιξι

2194 1364 2320 1404 eum
2348 1350 2489 1419 ignis
2512 1350 2605 1419 qui
2635 1365 2743 1404 non
2767 1350 3119 1404 succenditur
3148 1349 3272 1420 (Job
3307 1350 3425 1419 xx).
3465 1369 3482 1403 :
3522 1349 3673 1422 Igitur
3690 1370 3747 1412 te

2196 1440 2265 1494 ad
2295 1440 2441 1495 hunc
2462 1440 2665 1511 ignem,
2690 1441 2735 1495 si
2773 1440 2928 1494 fratri
2965 1442 3294 1513 quandoque
3336 1441 3645 1511 irascamur,
3666 1462 3744 1503 ve-

2195 1533 2431 1599 niamus,
2482 1533 2712 1605 benigne
2759 1534 2844 1589 his
2900 1534 3083 1589 verbis
3115 1549 3216 1588 nos
3248 1534 3444 1588 imbuit
3479 1533 3744 1594 Dominus:

2201 1642 2220 1676 ι
2261 1622 2340 1693 Si,
2378 1625 2651 1696 inquiens,
2685 1625 2850 1680 oﬂ‘ers
2890 1641 3091 1680 munus
3114 1634 3269 1679 tuum
3299 1626 3368 1681 ad
3411 1626 3742 1695 altare,ietc.

2266 1716 2373 1772 Sed
2421 1734 2567 1774 nunc
2612 1718 2896 1774 videamus
2937 1720 3182 1775 diversas
3223 1734 3424 1775 causas
3468 1736 3742 1777 munerum.

2198 1810 2477 1881 Siquidem
2505 1812 2593 1867 ille
2620 1814 2716 1884 qni
2744 1824 2889 1868 recta
2910 1813 3139 1883 judicat.
3158 1814 3510 1884 etprzemium
3539 1816 3648 1871 inde
3670 1833 3742 1873 re.

2130 1893 2173 1947 Β
2199 1903 2594 1959 munerationis
2621 1913 2921 1975 exspectat,
2952 1904 3200 1961 fraudem
3249 1906 3304 1960 in
3336 1905 3611 1962 Dominum
3634 1925 3742 1979 per-

2198 2001 2395 2063 petrat,
2447 1994 2575 2064 quia
2618 1994 2912 2065 justitiam,
2962 2010 3128 2065 quam
3177 1996 3349 2066 gratis
3383 1996 3640 2065 impertire
3666 1998 3746 2053 de-

2196 2084 2334 2151 buit,
2361 2086 2674 2155 acceptione
2700 2086 2943 2155 pecunia:
2966 2086 3168 2141 vendit.
3196 2085 3348 2140 Bona
3373 2087 3511 2141 male
3530 2096 3740 2156 utuntur,

2196 2175 2289 2245 qui
2315 2176 2461 2246 juste
2487 2192 2586 2246 pro
2611 2177 2897 2247 temporali
2920 2177 3072 2233 lucro
3096 2176 3370 2247 judicant.
3403 2177 3558 2233 Tales
3577 2180 3745 2251 quippe

2197 2282 2306 2321 non
2328 2266 2593 2334 defensio,
2627 2267 2721 2323 sed
2748 2284 2903 2323 amor
2924 2278 3188 2339 provocat
3214 2269 3282 2324 ad
3312 2271 3607 2325 veritatem.
3632 2270 3743 2338 Qui-

2196 2359 2298 2414 bus
2322 2360 2367 2413 si
2398 2375 2522 2429 spcs
2551 2361 2759 2414 nummi
2786 2362 3147 2427 subtrahitur,
3178 2361 3471 2417 confestim
3504 2380 3533 2418 a
3555 2364 3746 2433 justin

2196 2450 2516 2507 defensione
2557 2453 2836 2507 recedunt.
2885 2453 3143 2524 Aceeptio
3178 2469 3496 2521 munerum,
3527 2456 3746 2524 praevari-

2195 2545 2338 2600 catio
2361 2544 2605 2600 veritatis
2633 2553 2737 2599 est.
2771 2543 2927 2600 Unde
2952 2554 3007 2600 et
3032 2562 3132 2617 pro
3166 2546 3321 2616 justo
3349 2548 3582 2602 dicitur:
3616 2567 3633 2600 ι
3656 2547 3742 2614 (ὶιεί

2194 2637 2400 2693 excutit
2442 2652 2640 2691 manus
2688 2651 2817 2691 suas
2863 2636 2932 2691 ab
2966 2637 3118 2691 omni
3168 2653 3423 2702 munere,
3454 2638 3509 2691 in
3551 2639 3742 2694 excelsis

2196 2729 2405 2785 habitat
2448 2728 2587 2800 (Isa.
2632 2728 2850 2800 xxxiii).
2886 2747 2904 2780 ι
2939 2727 3100 2785 Dives
3147 2730 3475 2787 muneribus
3517 2732 3613 2787 cito
3650 2747 3745 2787 cor-

2195 2822 2401 2891 rumpit
2447 2822 2709 2892 judicem,
2759 2835 2967 2891 pauper
3011 2829 3216 2889 autem,
3269 2823 3404 2879 dum
3456 2839 3557 2878 non
3607 2824 3744 2880 habet

2194 2916 2340 2984 quod
2388 2916 2602 2981 oﬂerat,
2646 2929 2755 2969 non
2803 2915 2982 2969 solum
3031 2916 3211 2970 audiri
3263 2919 3633 2985 contemnitur,
3664 2918 3746 2973 sed

2194 3006 2359 3061 etiam
2400 3013 2590 3060 contra
2614 3005 2896 3059 veritatem
2927 3005 3277 3075 opprimitur.
3309 3008 3435 3062 Cito
3458 3008 3667 3062 violatur
3688 3009 3747 3062 ab

2194 3099 2420 3153 avaritia
2439 3098 2672 3169 justitia,
2699 3098 3015 3169 nullamque
3038 3115 3167 3155 reus
3188 3101 3519 3171 pertimescit
3539 3102 3745 3172 culpam,

2195 3210 2361 3265 quam
2394 3194 2662 3249 redimere
2691 3193 2945 3264 nummis,
2971 3194 3271 3250 existimat.
3316 3195 3444 3253 Plus
3463 3196 3598 3252 enim
3625 3196 3751 3251 cliti-

2202 3294 2295 3340 net
2330 3294 2567 3340 mentem
2595 3286 2837 3343 censoris
2881 3302 3038 3343 amor
3069 3286 3210 3343 lucri
3238 3304 3398 3359 quam
3425 3286 3639 3359 aequitas
3676 3287 3753 3356 je-

2198 3375 2345 3430 dicii.
2381 3375 2515 3432 Tres
2537 3388 2665 3433 sunt
2702 3395 2995 3435 munerum
3018 3381 3358 3451 acceptioues
3390 3380 3578 3450 quibus
3596 3380 3757 3450 justi-1

2198 3468 2329 3524 tiam
2367 3470 2606 3526 humana
2636 3473 2853 3529 vanitas
2882 3483 3077 3540 mutat,
3115 3474 3173 3529 id
3212 3484 3297 3528 est
3327 3473 3474 3528 favor
3506 3473 3754 3528 amicitia-

2199 3580 2343 3633 rum,
2393 3567 2638 3622 adulatio
2678 3569 2878 3637 laudis,
2910 3578 2965 3624 et
2992 3571 3297 3640 corporalis
3324 3571 3559 3642 acceptio
3584 3585 3752 3625 murtea

2198 3657 2296 3712 ris.
2347 3657 2587 3715 Facilius
2632 3661 2777 3715 enim
2837 3664 3168 3733 pervertitur
3204 3665 3425 3718 animus
3462 3664 3649 3733 judicis
3686 3663 3751 3718 rei

2201 3750 2473 3818 corporali
2527 3766 2753 3807 munere
2796 3768 2960 3821 quam
3012 3753 3202 3824 gratiae
3253 3753 3537 3824 laudisque
3572 3752 3748 3807 favore.

2200 3839 2449 3906 Quatuor
2493 3842 2673 3896 modis
2702 3843 3002 3906 humanum
3029 3846 3301 3915 judicium
3343 3846 3672 3916 pervertitur,
3695 3845 3750 3897 ti-

2198 3948 2371 4000 more,
2402 3934 2900 4004 cupiditatc,,odio,
2937 3953 3142 3993 amore.
3193 3938 3438 4006 Timore,
3483 3939 3603 3993 dum
3629 3946 3748 3992 metu

2199 4026 2431 4096 alicujus
2460 4029 2748 4096 potestatis
2775 4030 3059 4085 veritatem
3095 4031 3246 4101 loqui
3275 4032 3641 4102 pavescimus;
3673 4046 3751 4084 cu-

2197 4118 2442 4188 piditate,
2481 4120 2610 4174 dum
2642 4123 2869 4190 praemio
2911 4122 3144 4193 alicujus
3192 4125 3441 4179 muneris
3486 4121 3751 4191 corrumpi-

2200 4227 2362 4279 mur;
2392 4211 2538 4278 odio,
2572 4228 2697 4267 cum
2749 4224 2939 4269 contra
2982 4216 3284 4285 quemlibet
3327 4215 3599 4271 adversari
3652 4229 3747 4268 mo-

2198 4298 2397 4366 limur;
2443 4316 2664 4368 amore,
2717 4302 2847 4357 dum
2910 4303 3087 4359 amico
3136 4306 3221 4359 vel
3269 4307 3591 4377 propinquis
3636 4319 3748 4376 pm

2199 4399 2344 4445 stare
2389 4394 2792 4450 contendimus.
2848 4394 2945 4452 His
2989 4398 3133 4452 enim
3163 4408 3405 4469 quatuor
3440 4401 3617 4455 causis
3637 4410 3749 4468 sape

2198 4483 2428 4553 aequitas
2482 4483 2760 4554 violatur,
2820 4503 2963 4559 saepe
3016 4490 3329 4545 innocentia
3383 4491 3612 4546 laeditur.
3652 4489 3751 4545 ilia:

2199 4575 2266 4630 de
2305 4577 2623 4633 muneribus
2665 4579 2867 4649 quibus
2894 4579 3105 4650 iustitia
3153 4581 3411 4637 violatur.
3462 4581 3536 4636 De
3595 4596 3751 4637 mune

2200 4668 2353 4723 ribus
2402 4679 2583 4724 autem
2619 4673 2821 4741 quibus
2871 4688 2968 4727 cor
3014 4675 3334 4743 mundat'ur,
3370 4675 3658 4746 Gregorius
3690 4672 3753 4727 sic

2199 4761 2314 4816 ait:
2373 4780 2391 4811 ι
2425 4760 2683 4833 Respexit
2732 4763 2998 4822 Dominus
3047 4767 3115 4822 ad
3160 4767 3297 4823 Abel
3341 4777 3397 4823 et
3441 4768 3506 4823 ad
3557 4782 3753 4823 munera

2198 4854 2351 4925 ejus;
2394 4855 2460 4910 ad
2490 4854 2627 4911 Cain
2661 4873 2787 4913 vero
2821 4868 2876 4914 et
2902 4859 2968 4914 ad
3009 4876 3235 4916 munera
3263 4862 3387 4932 ejus
3413 4878 3518 4917 non
3548 4858 3755 4931 respexit

2202 4945 2355 5015 (Gen.
2385 4945 2491 5016 ιιι).
2541 4946 2624 5001 Ab
2675 4949 3048 5020 omnipotente
3094 4950 3205 5007 Deo
3247 4967 3453 5010 munus
3501 4968 3569 5008 ex
3616 4964 3754 5005 manu

2200 5053 2312 5092 non
2369 5038 2655 5109 accipitur,
2680 5041 2826 5110 quod
2858 5041 3021 5097 corde
3049 5043 3289 5114 obligato
3318 5043 3374 5098 in
3419 5044 3623 5100 malitia
3649 5055 3754 5113 pre-

2201 5131 2394 5187 fertur.
2418 5131 2669 5186 Mundari
2696 5134 2895 5189 etenim
2928 5136 3083 5206 prius
3112 5136 3273 5192 debet
3299 5137 3518 5193 animus
3545 5137 3637 5207 qui
3658 5150 3757 5190 meo

2202 5238 2308 5277 nus
2354 5222 2551 5279 oﬂ’erre
2593 5222 2901 5294 vult'Deo;
2959 5228 3088 5298 quia
3129 5244 3293 5285 omne
3337 5230 3483 5302 quod
3512 5231 3670 5285 datur
3702 5241 3757 5281 ex

2201 5312 2383 5368 dantis
2410 5323 2592 5369 mente
2617 5325 2896 5384 pensatur.
2930 5317 3138 5374 Cuncta
3183 5319 3364 5390 itaque
3406 5320 3627 5375 malitia:
3662 5332 3759 5372 ιιιιι

2201 5404 2324 5459 cula
2366 5405 2435 5460 ab
2482 5405 2727 5460 interiori
2772 5416 2960 5463 nostro
2989 5409 3208 5465 homine
3236 5412 3583 5483 cogitationis
3622 5425 3761 5467 multo

2202 5496 2420 5550 datione
2448 5498 2705 5567 tergenda
2733 5509 2837 5567 est,
2865 5500 2990 5570 quia
3036 5502 3172 5557 iram
3211 5504 3417 5573 judieis
3442 5506 3653 5575 placare
3678 5517 3759 5556 tie-

2193 5588 2325 5653 scit,
2354 5588 2463 5642 nisi
2488 5604 2554 5643 ex
2584 5590 2851 5646 munditia
2894 5594 3104 5662 placeat
3133 5594 3431 5651 offerentis.
3470 5594 3620 5651 Unde
3646 5594 3759 5651 seri.

2204 5692 2356 5751 plum
2372 5693 2456 5738 est
2483 5702 2495 5737 :
2525 5702 2544 5734 ι
2581 5683 2838 5754 Respexit
2855 5685 3117 5744 Dominus
3145 5690 3211 5745 ad
3228 5690 3363 5745 Abel
3392 5701 3446 5746 et
3467 5692 3530 5746 ad
3550 5701 3760 5745 munera

2207 5774 2345 5844 ejus,
2377 5775 2443 5830 ad
2473 5774 2606 5829 Cain
2638 5786 2821 5832 autem
2865 5787 2918 5833 et
2947 5780 3013 5834 ad
3053 5795 3277 5835 munera
3307 5782 3429 5851 ejus
3460 5798 3568 5837 non
3598 5793 3761 5849 respe-

2206 5868 2303 5924 xit.
2342 5886 2363 5951 ι
2398 5866 2586 5954 i‘ieque
2634 5870 2835 5927 ctenim
2890 5888 3102 5930 sacrum
3157 5866 3445 5945 eloquium
3489 5874 3641 5941 dicit,
3689 5884 3760 5925 ro-
