3948 6474
181 383 317 439 1051

1105 377 1677 435 οεηοηλτιοδεδ
1716 378 1815 435 SS.
1860 376 2171 434 PATRUM.
2213 407 2285 417 —
2331 374 2460 431 LIB.
2502 370 2597 432 Π(

3316 378 3340 432 ι
3350 378 3459 434 062

180 495 363 567 spexit
396 496 467 551 ad
502 512 730 552 munera
781 495 934 560 Abel,
983 503 1038 550 et
1083 494 1151 549 ad
1193 491 1329 548 Cain
1382 507 1611 548 munera
1656 507 1767 547 non
1796 496 1843 553 Α
1872 490 2270 548 subministrat.
2292 488 2444 545 Hanc
2465 497 2648 559 itaque
2670 487 2852 543 cordis
2869 487 3260 544 munditiamet
3279 502 3458 562 requa—

180 585 461 659 rcspexit;
515 589 612 645 sed
652 588 805 659 prius
832 587 946 641 ait:
975 586 1103 656 quia
1143 586 1380 656 respexit
1405 585 1471 641 ad
1502 585 1670 650 Abel;
1702 600 1769 641 ac

180 683 380 740 deinde
408 682 649 737 subdidit
675 698 686 733 :
713 690 765 736 et
785 679 853 735 ad
873 694 1098 734 munera
1129 678 1270 748 ejus,
1301 686 1356 732 et
1386 693 1609 732 rursum
1638 677 1767 732 dicit

181 775 310 847 quia
340 790 453 829 non
482 775 723 844 respexit
747 773 815 827 ad
848 770 1006 837 Cain,
1036 786 1101 825 ac
1125 770 1320 825 deinde
1350 768 1590 825 subdidit
1619 775 1673 823 et
1701 768 1769 823 ad

181 882 413 922 munera
442 867 582 937 ejus.
623 865 699 920 Ex
725 865 904 920 dantis
932 863 1133 934 quippe
1161 861 1326 918 corde
1355 861 1407 916 id
1437 861 1582 932 quod
1611 860 1771 915 datur

181 957 470 1028 accipitur.
520 957 732 1014 Idcirco
778 971 887 1010 non
931 955 1066 1010 Abel
1105 970 1172 1010 ex
1207 954 1551 1020 muneribus,
1581 953 1674 1007 sed
1704 968 1771 1006 ex

178 1051 315 1106 Abel
364 1065 598 1105 munera
638 1050 963 1119 placuerunt
989 1048 1190 1103 oblata.
1248 1045 1409 1101 Prius
1442 1058 1678 1114 namque
1703 1041 1770 1097 ad

177 1157 303 1196 eum
338 1142 539 1213 legitur
573 1140 838 1196 Dominus
868 1138 1176 1209 respexisse
1203 1137 1297 1207 qui
1323 1137 1488 1192 dabat
1510 1150 1672 1205 quam
1702 1133 1769 1188 ad

177 1232 267 1286 illa
300 1248 427 1302 qua:
467 1232 651 1299 dabat,
695 1242 753 1286 ut
789 1230 974 1285 audito
1004 1229 1211 1284 scilicet
1241 1227 1576 1283 narrationis
1606 1226 1770 1294 hujus

176 1324 371 1379 ordine
399 1324 684 1380 discamus
722 1323 852 1393 quia
892 1323 1161 1379 exteriora
1205 1337 1431 1377 munera
1461 1336 1528 1375 ex
1557 1320 1769 1373 interna

175 1415 360 1472 cordis
406 1416 678 1471 munditia
720 1416 1070 1483 condiuntur,
1100 1424 1154 1470 et
1199 1414 1547 1470 discretionis
1590 1412 1762 1466 virtus

172 1510 434 1566 lectorem
465 1510 662 1566 doceat
694 1508 872 1581 qualis
918 1508 1060 1579 apud
1110 1524 1169 1565 se
1210 1523 1333 1563 esse
1377 1507 1588 1571 debeat,
1637 1519 1762 1558 cum

173 1604 449 1659 exteriora
479 1603 647 1670 bona,
674 1618 782 1660 non
810 1602 988 1657 solum
1020 1600 1148 1669 Deo,
1193 1601 1286 1657 sed
1310 1599 1475 1655 etiam
1511 1597 1762 1668 proximo

1872 585 2172 640 nimitatem
2214 585 2414 640 habere
2461 599 2562 639 nos
2609 584 2857 638 hortatur
2884 582 3150 640 Dominus
3181 585 3233 638 in
3263 600 3458 643 recon-

1869 675 2143 730 ciliatione
2178 673 2385 742 fratris,
2421 692 2545 731 cum
2577 676 2644 730 ad
2671 677 2840 731 altare
2875 692 3075 732 munus
3121 676 3316 733 offerre
3356 695 3456 736 vo-
3544 708 3547 711 η

1869 766 2138 821 luerimus
2174 766 2392 837 (Matth.
2442 768 2520 839 v).
2571 766 2648 823 De
2679 784 2789 839 quo
2838 784 3063 824 munere
3085 779 3139 824 et
3184 771 3238 824 in
3277 770 3454 827 oﬂicio

1873 858 2055 912 missa:
2082 859 2282 914 dicitur
2311 879 2323 914 :
2352 858 2476 915 Ilaec
2506 860 2671 927 dona,
2726 858 2843 915 haec
2890 877 3137 916 munera.
3200 860 3454 919 Solemus

1873 947 1996 1002 illos
2020 964 2309 1005 munerare
2350 966 2381 1005 a
2409 950 2610 1021 quibus
2639 951 2844 1022 aliquid
2878 952 3136 1008 molimur
3182 953 3448 1011 obtinere.

1871 1035 2025 1093 Unde
2058 1039 2291 1095 Domino
2335 1041 2388 1094 in
2417 1040 2689 1096 oblatione
2731 1052 2916 1097 nostra
2943 1043 3198 1112 dicimus,
3233 1046 3452 1115 quando

1870 1131 2018 1185 illam
2072 1132 2176 1186 sibi
2210 1133 2265 1186 in
2293 1133 2586 1195 ;munditia
2638 1135 2820 1189 cordis
2865 1135 3187 1192 offerimus:
3226 1137 3365 1204 Quia
3400 1148 3454 1194 te

1868 1238 2008 1292 pane
2044 1232 2260 1279 terreno
2299 1240 2673 1292 muneramus,
2721 1224 2808 1280 fac
2870 1237 2931 1281 ut
2990 1228 3115 1285 inde
3169 1231 3450 1286 cmlestem

1869 1316 2236 1371 obtineamus.
2302 1316 2440 1383 Quia
2483 1331 2536 1372 te
2582 1318 2852 1388 corporali
2896 1321 3020 1375 cibo
3072 1338 3451 1391 muneramus,

1871 1408 1957 1464 fac
1988 1417 2046 1463 ut
2075 1408 2198 1463 inde
2224 1410 2539 1465 alimentum
2570 1410 2814 1479 spiritale
2855 1426 3282 1483 consequamur.
3313 1414 3454 1481 Quia

1867 1510 1919 1556 te
1966 1515 2322 1556 muneramus
2359 1502 2414 1556 in
2446 1502 2751 1558 substantia
2794 1502 2951 1572 panis
2994 1512 3048 1558 et
3090 1505 3223 1568 vini,
3259 1504 3345 1562 fac
3392 1515 3454 1562 ut

1867 1592 1992 1647 inde
2020 1591 2388 1662 percipiamus
2416 1609 2614 1665 corpus
2642 1602 2698 1651 et
2730 1593 3054 1665 sanguinem
3078 1593 3302 1652 Christi.

1277 1950 1782 2034 DOMINICA
1890 1953 2365 2033 SEPTiM.l.

1449 2150 1813 2214 Secundum
1852 2151 2164 2214 Marcum.

240 2331 258 2364 ι
293 2311 441 2369 Cum
490 2312 661 2368 multa
707 2313 863 2369 turba
895 2321 1040 2369 esset
1083 2329 1208 2369 cum
1251 2310 1401 2381 Jesu,
1449 2315 1761 2371 convocatis
1791 2329 1834 2383 Β
1863 2317 1932 2371 ab
1961 2316 2333 2386 omnipotente
2375 2314 2487 2371 Deo
2530 2316 2746 2388 longius
2778 2317 3025 2373 recessit.
3071 2315 3208 2373 Nam
3236 2326 3291 2374 et
3318 2333 3446 2390 pro‘

168 2401 460 2475 discipulis
514 2405 630 2461 suis
678 2404 854 2460 dixit:
906 2405 1167 2460 Misereor
1216 2406 1406 2471 turbae,
1459 2406 1588 2476 quia
1637 2422 1763 2462 ecce

167 2496 355 2552 triduo
382 2497 498 2567 jam
524 2505 876 2567 perseverant
903 2514 1142 2564 mecum,
1167 2511 1220 2554 et
1249 2514 1356 2553 non
1389 2499 1589 2553 habent
1615 2497 1762 2569 quod

167 2589 528 2655 manducent,
574 2597 628 2643 et
672 2588 945 2644 dimittere
972 2581 1066 2645 eos
1102 2590 1319 2660 jejunos
1348 2589 1478 2644 nolo
1519 2603 1589 2643 ne
1631 2588 1764 2643 deii-

165 2680 319 2735 ciant
362 2681 420 2735 in
458 2680 568 2747 via,
614 2688 719 2735 etc.
758 2701 776 2732 ι
824 2679 1019 2751 (Marc.
1048 2682 1191 2751 vni.)
1244 2679 1381 2747 Quia
1428 2679 1762 2735 inﬁdelitatis

163 2787 325 2828 error
374 2772 732 2827 insolentium
786 2772 999 2827 animos
1053 2772 1349 2839 obtinebat,
1402 2771 1583 2841 potius
1630 2771 1761 2825 reli-

164 2864 361 2935 quisse
406 2879 501 2919 eos
530 2879 695 2934 quam
738 2862 1013 2918 dimisisse
1039 2863 1314 2918 scribitur.
1348 2861 1628 2918 Convocat
1657 2878 1760 2916 au-

165 2962 279 3008 tem
317 2953 618 3023 discipulos
647 2963 706 3008 ut
731 2951 963 3007 doceant
987 2953 1279 3023 magistros
1301 2968 1425 3007 cum
1456 2954 1760 3010 minoribus

161 3046 582 3102 communicare
614 3044 844 3100 consilia
876 3060 996 3111 sua,
1037 3045 1121 3100 vel
1167 3044 1308 3109 ideo,
1340 3054 1399 3099 ut
1425 3052 1479 3100 et
1517 3046 1758 3101 collocu-

162 3136 320 3190 tione
352 3135 658 3206 intelligant
685 3135 825 3206 signi
868 3136 1318 3204 magnitudinem.
1365 3135 1547 3191 Turba
1575 3136 1758 3191 triduo

162 3227 467 3282 Dominum
500 3229 733 3284 sustinet
761 3228 1099 3283 sanationem
1130 3229 1495 3292 infirmorum,
1526 3241 1579 3283 et
1599 3228 1757 3284 electi

157 3321 212 3377 in
246 3321 366 3376 fide
411 3320 695 3376 Trinitatis
735 3321 1043 3391 supplicant
1090 3319 1323 3374 Domino
1351 3335 1448 3390 pro
1480 3321 1759 3391 languori-

154 3415 266 3469 bus
320 3415 634 3469 animarum
682 3414 768 3469 sui
810 3414 892 3468 vel
938 3427 1184 3468 suorum.
1243 3410 1334 3465 Vel
1378 3412 1556 3467 triduo
1598 3412 1756 3467 turba

156 3510 408 3563 sustinet
442 3507 756 3572 Dominum,
784 3506 1004 3578 quando
1035 3504 1325 3560 multitudo
1354 3505 1593 3558 ﬁdelium
1630 3520 1755 3574 pec-

152 3608 284 3653 cata
317 3613 443 3668 quae
473 3598 818 3668 perpetravit,
850 3613 946 3667 per
976 3597 1348 3667 pmnitentiam
1380 3597 1660 3651 declinans
1687 3596 1754 3650 ad

1864 2409 2022 2479 digus
2052 2409 2197 2464 illius
2226 2408 2320 2479 qui
2350 2416 2556 2478 patrem
2600 2410 2862 2476 deseruit,
2900 2409 3033 2464 abiit
3080 2410 3136 2464 in
3166 2410 3444 2481 regionem

1864 2500 2238 2570 longinquam,
2269 2500 2322 2553 in
2349 2515 2456 2571 qua
2499 2516 2696 2571 porcos
2733 2502 2902 2571 pavit,
2935 2502 3063 2571 quia
3093 2502 3226 2557 vitia
3266 2502 3446 2556 nutri-

1820 2579 1832 2590 ’
1863 2590 1958 2646 vit.
2006 2590 2211 2646 Dentur
2240 2591 2405 2663 igitur
2429 2593 2681 2647 alimenta
2715 2592 2796 2647 eis
2822 2594 2985 2648 etiam
3016 2592 3109 2664 qui
3139 2594 3205 2649 de
3232 2593 3451 2664 longin-

1863 2696 1973 2751 quo
2014 2682 2261 2749 veniunt,
2305 2682 2433 2751 quia
2462 2682 2739 2737 conversis
2773 2683 3153 2753 peccatoribus
3187 2684 3450 2739 doctrina

1864 2781 2067 2828 sanctae
2090 2773 2198 2828 cibi
2240 2773 2513 2843 praebendi
2541 2782 2689 2840 sunt,
2722 2784 2783 2828 ut
2814 2775 2869 2828 in
2911 2774 3082 2829 Deum
3114 2777 3257 2830 vires
3291 2791 3448 2847 repai-

1862 2874 2004 2931 rent,
2035 2880 2173 2935 quas
2198 2865 2252 2920 in
2276 2864 2495 2937 ﬂagitiis
2514 2867 2834 2921 amiserunt.
2866 2865 2970 2933 Qui
3015 2883 3156 2937 sche
3196 2883 3227 2922 a
3257 2868 3447 2924 docto-

1862 2957 2015 3012 ribus
2048 2965 2198 3012 tanto
2228 2974 2451 3013 necesse
2479 2967 2562 3013 est
2600 2968 2658 3013 ut
2700 2959 3029 3030 largioribus
3066 2960 3203 3016 cibis
3241 2960 3446 3016 doctri-

1862 3065 1944 3105 nae
1988 3051 2255 3105 satientur
2300 3059 2506 3121 quanto
2552 3050 2685 3107 fessi
2736 3052 3039 3124 majoribus
3083 3053 3229 3109 vitiis
3282 3068 3446 3109 vene-

1859 3152 2005 3198 runt.

1935 3254 1953 3285 ε
1988 3234 2054 3289 Ει
2078 3235 2268 3291 dicunt
2301 3235 2348 3291 ei
2387 3236 2642 3307 discipuli
2673 3256 2687 3293 :
2721 3235 2876 3293 Unde
2915 3253 3045 3310 ergo
3073 3238 3233 3293 nobis
3262 3238 3317 3292 in
3346 3237 3443 3292 dc-

1858 3333 2007 3381 serto
2054 3341 2222 3393 panes
2263 3335 2468 3394 tantos,
2498 3337 2557 3384 ut
2603 3336 2915 3384 saturemus
2947 3329 3161 3383 turbam
3203 3328 3447 3382 tantam?

1857 3413 1948 3469 Ait
1977 3415 2085 3469 illis
2113 3414 2276 3471 Jesus
2306 3434 2319 3471 :
2369 3415 2513 3483 Quot
2549 3433 2722 3488 panes
2768 3419 3018 3472 habetis?
3070 3416 3138 3471 Et
3186 3418 3262 3471 illi
3294 3417 3446 3472 dixe-

1857 3515 1985 3561 runt
2011 3524 2024 3560 :
2058 3505 2275 3577 Septem
2299 3516 2353 3562 et
2383 3525 2587 3578 paucos
2618 3509 2928 3580 pisciculos.
2956 3508 3022 3564 Et
3048 3509 3301 3580 praecepit
3330 3518 3447 3563 tura

1856 3598 1959 3666 bze,
2006 3607 2064 3652 ut
2111 3599 2477 3655 discumberet
2522 3616 2686 3671 super
2736 3611 2959 3656 terram.
2998 3620 3016 3653 ι
3055 3599 3175 3655 Non
3227 3600 3450 3667 otiosis,

153 3690 467 3747 Dominum
496 3705 555 3746 se
582 3692 636 3744 in
666 3706 850 3761 opere,
886 3690 939 3743 in
965 3680 1239 3745 locutione
1281 3698 1443 3759 atque
1474 3690 1527 3743 in
1552 3693 1756 3761 cogita-
1784 3695 1829 3754 (ζ
1859 3706 1970 3743 non
2027 3690 2082 3744 in
2130 3692 2350 3748 civitate
2406 3691 2702 3764 Synagogae
2749 3694 2836 3747 vel
2884 3692 3130 3748 saeculari
3182 3692 3448 3763 dignitate

149 3784 316 3837 tione
365 3782 657 3837 convertit.
704 3780 853 3848 Quos
882 3781 1151 3836 dimittere
1175 3780 1393 3850 jejunos
1434 3780 1488 3834 in
1530 3781 1755 3836 domum

150 3890 317 3930 suam
383 3873 644 3930 Dominus
679 3890 787 3929 non
833 3874 945 3928 vult
990 3888 1058 3927 ne
1098 3874 1351 3928 deficiant
1394 3874 1445 3926 in
1475 3873 1585 3940 via,
1625 3873 1753 3943 quia

146 3968 420 4021 videlicet
472 3968 719 4022 conversi
771 3974 1083 4036 peccatores
1123 3966 1177 4019 in
1209 3965 1490 4035 prmsentis
1520 3965 1641 4019 vita:
1668 3965 1755 4019 via

145 4060 449 4125 deficiunt,
499 4060 544 4114 si
578 4060 630 4114 in
663 4076 762 4115 sua
795 4059 1127 4115 conscientia
1172 4058 1289 4114 sine
1330 4057 1590 4112 doctrina:
1628 4072 1757 4111 san-

144 4160 249 4205 cta:
296 4151 510 4222 pabulo
557 4151 924 4206 dimittuntur.
978 4149 1055 4205 Ne
1102 4165 1231 4221 ergo
1276 4150 1549 4203 lassentur
1591 4148 1756 4217 hujus

142 4241 622 4313 peregrinationis
646 4241 860 4311 itinere,
878 4242 1135 4312 pascendi
1166 4251 1290 4297 sunt
1322 4256 1478 4297 sacra
1508 4239 1757 4295 admoni-

141 4335 323 4390 tione.
355 4332 529 4389 Valde
558 4344 740 4389 autem
772 4335 1051 4405 pensanda
1082 4343 1167 4391 est
1198 4335 1285 4402 pia
1310 4334 1601 4400 sententia,
1633 4348 1756 4403 quae

139 4427 438 4498 processit
460 4442 524 4482 ex
556 4442 651 4482 ore
680 4427 925 4483 veritatis
958 4446 971 4481 :
1001 4427 1147 4497 quod
1176 4426 1393 4481 Marcus
1423 4426 1535 4480 ait:
1568 4444 1585 4477 ι
1623 4424 1755 4491 Qui-

135 4517 274 4572 dam
331 4533 407 4573 ex
446 4518 528 4573 eis
573 4518 640 4572 de
688 4518 848 4589 longe
885 4525 1153 4573 venerunt
1189 4516 1383 4589 (Marc.
1414 4516 1559 4571 vml.
1604 4536 1622 4568 ι
1660 4514 1757 4570 Est

134 4607 300 4662 enim
336 4606 442 4678 qui
479 4606 616 4662 nihil
641 4607 850 4664 fraudis
875 4616 930 4664 et
957 4609 1092 4663 nihil
1128 4607 1364 4663 carnalis
1386 4606 1754 4677 corruptionis

133 4710 446 4770 expertus,
493 4701 561 4755 ad
599 4701 986 4772 omnipotentis
1018 4700 1112 4756 Dei
1143 4700 1426 4755 servitium
1454 4698 1751 4754 festinavit.

132 4790 252 4846 Iste
303 4793 384 4847 de
427 4791 727 4863 longinquo
760 4808 870 4848 non
914 4794 1080 4861 venit,
1109 4792 1237 4864 quia
1265 4807 1362 4863 per
1390 4790 1755 4861 incorruptio-

129 4898 273 4939 nem
302 4893 368 4940 et
408 4884 777 4940 innocentiam
804 4884 1087 4955 proximus
1115 4883 1237 4938 fuit.
1295 4883 1451 4937 Alius
1481 4881 1627 4936 nulla
1652 4882 1756 4935 im-

124 4976 450 5047 pudicitia,
468 4975 636 5031 nullis
661 4975 1233 5047 flagitiislinquinatus,
1266 4974 1380 5029 sola
1411 4982 1592 5028 autem
1619 4988 1754 5028 con-

1861 3782 2247 3850 residentibus,
2268 3784 2360 3840 scd
2380 3785 2522 3839 inter
2537 3787 2749 3839 deserta
2771 3783 3049 3840 Christum
3077 3785 3447 3856 quaerentibus

1860 3874 2096 3929 caelestis
2126 3876 2315 3944 gratiae
2359 3876 2617 3930 alimonia
2664 3877 2992 3945 impertitur.
3027 3876 3129 3942 Qui
3157 3877 3301 3931 enim
3333 3891 3445 3930 non

1859 3961 2143 4017 fastidiunt
2170 3980 2200 4017 a
2227 3963 2446 4019 Christo
2473 3966 2873 4034 suscipiuntur,
2896 3976 2949 4021 et
2990 3967 3364 4034 spiritualiter,
3390 3974 3448 4020 et

1859 4056 2217 4124 corporaliter
2263 4056 2450 4122 etiam,
2496 4055 2541 4110 si
2593 4055 2853 4125 indigent,
2886 4064 3165 4110 curantur.
3220 4056 3445 4127 Mystice

1859 4147 2245 4217 prmdicatores
2289 4147 2593 4218 profectum
2637 4147 2900 4202 mirantes
2926 4145 3183 4201 Ecclesia:
3204 4147 3390 4201 dicunt
3426 4167 3442 4201 :

1858 4237 2014 4294 Unde
2042 4240 2200 4295 nobis
2232 4247 2380 4293 tanta
2425 4238 2701 4305 facundia,
2737 4249 2796 4293 ut
2828 4246 2905 4293 tot
2940 4238 3181 4294 millibus
3221 4248 3444 4308 tamque

1859 4329 2033 4384 avidis
2100 4329 2443 4385 auditoribus
2508 4327 2754 4384 sufﬁcere
2818 4329 3093 4398 possimus
3155 4329 3210 4382 in
3276 4329 3444 4399 hujus

1857 4420 2046 4475 mundi
2085 4421 2319 4477 deserto.
2366 4420 2435 4475 At
2477 4436 2608 4476 vero
2657 4430 2860 4492 septem
2909 4435 3098 4491 panes,
3128 4420 3181 4476 id
3231 4430 3315 4476 est
3356 4436 3444 4476 se-

1858 4521 2001 4583 ptem
2036 4514 2178 4569 dona
2214 4512 2451 4585 Spiritus
2492 4514 2665 4570 sancti
2714 4512 2989 4575 sufﬁciunt
3035 4512 3290 4569 omnibus
3339 4513 3442 4568 ad-

1851 4608 2042 4679 juncta
2091 4610 2388 4681 apostolica
2423 4609 2769 4672 auctoritate,
2815 4609 2973 4679 quasi
3016 4623 3316 4678 paucorum
3357 4607 3442 4679 pi-

1857 4702 2033 4757 scium
2070 4717 2285 4772 sapore,
2314 4703 2409 4773 qui
2438 4718 2541 4758 nos
2569 4703 2818 4773 exemplo
2847 4718 2960 4758 suae
2982 4702 3106 4756 vitae
3135 4702 3221 4757 vel
3246 4702 3441 4759 mortis

1858 4792 2122 4848 reficiant.
2152 4790 2256 4859 Qui
2288 4807 2417 4848 vero
2449 4792 2518 4848 ad
2559 4806 2765 4864 septem
2796 4809 2964 4864 panes
2990 4793 3283 4862 pertinent,
3323 4794 3442 4865 jam

1855 4899 1966 4940 non
2011 4899 2176 4953 supra
2219 4883 2404 4939 fenum
2439 4884 2649 4953 sedere,
2681 4884 2776 4940 sed
2826 4894 3025 4939 terram
3062 4900 3310 4954 premere
3345 4885 3441 4956 juv-

1856 4974 2074 5031 bentur.
2105 4974 2160 5030 in
2190 4973 2344 5030 Novo
2373 4974 2747 5043 Testamento,
2779 4976 2952 5046 ipsam
2983 4992 3201 5048 quoque
3241 4985 3441 5032 terram

117 5070 300 5142 jugia
328 5078 596 5138 expertus
631 5069 699 5124 ad
742 5069 1107 5123 ministerium
1134 5065 1414 5137 spirituale
1434 5080 1750 5121 conversus.
1786 5056 1831 5111 D
1859 5075 1913 5121 et
1954 5065 2240 5122 facultates
2285 5068 2634 5138 temporales,
2667 5075 2728 5123 ut
2760 5066 2986 5138 perfecti
3034 5069 3230 5138 simus,
3276 5070 3443 5125 relin-

124 5161 351 5233 Neque
405 5161 507 5216 iste
547 5163 693 5216 venit
723 5160 791 5215 de
820 5159 1138 5230 longinquo,
1168 5158 1297 5229 quia
1343 5173 1476 5213 usus
1516 5156 1751 5227 conjun-

123 5253 345 5309 ctione
395 5266 659 5307 coneessa
704 5267 803 5322 per
850 5251 1039 5306 illicita
1069 5254 1178 5304 nun
1208 5248 1429 5304 erravit.
1478 5246 1585 5301 Alii
1625 5262 1753 5302 vero

116 5358 233 5415 per
267 5343 475 5398 carnis
518 5341 743 5412 ﬂagitia,
791 5341 881 5395 alii
930 5347 1056 5410 post
1100 5338 1236 5395 falsa
1283 5337 1615 5404 testimonia,
1662 5336 1753 5391 alii

116 5446 268 5511 post
320 5435 475 5490 facta
523 5433 690 5501 furta,
737 5433 829 5488 alii
874 5441 997 5503 post
1044 5431 1260 5487 illicitas
1301 5429 1609 5496 violentias,
1661 5427 1754 5482 alii

115 5536 268 5601 post
302 5534 630 5597 perpetrata
667 5525 957 5579 homicidia
1006 5524 1073 5578 ad
1118 5522 1493 5593 ptenitentiam
1526 5521 1755 5576 redeunt

115 5634 321 5693 atque
371 5618 440 5671 ad
472 5618 862 5687 omnipotentis
893 5616 987 5671 Dei
1023 5616 1305 5671 servitium
1336 5623 1747 5670 convertuntur.

112 5714 194 5768 Hi
238 5711 519 5766 videlicet
546 5712 612 5763 ad
646 5708 812 5763 Deum
843 5710 909 5764 de
939 5710 1235 5780 longinquo
1262 5708 1501 5763 veniunt.
1536 5707 1751 5774 Quanto

111 5807 369 5865 etenim
409 5805 534 5874 plus
566 5803 797 5874 quisque
836 5805 888 5857 in
919 5818 1085 5874 pravo
1126 5816 1287 5874 opere
1316 5801 1536 5872 erravit,
1598 5810 1750 5856 tanto

1856 5174 2022 5229 quere
2051 5158 2420 5229 praecipimur.

1932 5272 1950 5304 ι
1983 5251 2051 5307 Et
2095 5253 2371 5323 accipiens
2417 5261 2621 5324 septem
2667 5269 2838 5324 panes
2884 5263 2939 5309 et
2984 5254 3184 5326 pisces,
3239 5253 3442 5325 gratias

1856 5362 2024 5417 agens
2070 5344 2251 5416 fregit,
2303 5355 2357 5401 et
2402 5346 2551 5401 dedit
2594 5346 2879 5417 discipulis
2924 5348 3061 5414 suis,
3088 5357 3142 5402 et
3187 5344 3441 5414 discipuli

1858 5438 2123 5493 dederunt
2165 5438 2387 5507 populo.
2433 5457 2452 5489 ›
2508 5437 2780 5493 Dominus
2812 5439 2959 5493 dedit
2992 5453 3161 5509 panes
3195 5435 3439 5503 discipu-

1858 5526 1928 5583 lis
1983 5528 2048 5582 ad
2099 5527 2451 5582 dividendum
2510 5530 2682 5583 turba:
2726 5528 3029 5583 doctrinam
3079 5526 3437 5596 spiritualcm.

1931 5618 2112 5689 Fregit
2147 5634 2336 5689 panes,
2372 5620 2424 5673 id
2452 5630 2533 5674 est
2564 5620 2777 5690 aperuit
2805 5626 3166 5680 sacramenta,
3199 5617 3439 5685 seipsum

1858 5712 2065 5767 scilicet
2111 5710 2205 5780 qui
2262 5712 2420 5779 panis
2469 5722 2551 5765 est
2591 5714 2736 5765 vine.
2787 5731 2802 5762 ί
2854 5709 3068 5764 Gratias
3112 5711 3263 5780 egit,
3304 5728 3323 5759 θ
3382 5717 3441 5763 ut

1858 5802 2166 5861 ostenderet
2216 5813 2479 5873 quantum
2528 5803 2759 5876 gaudeat
2810 5803 2877 5857 de
2921 5802 3092 5857 salute
3129 5799 3438 5868 hominum,
