3950 6380
472 310 617 369 1065
1619 294 1948 354 WEBNERI
1985 291 2277 350 ABBATIS
2312 289 2371 348 S.
2411 288 2633 345 BLASII
3660 278 3797 333 “ﬁt

463 431 527 481 ut
566 434 670 476 nos
713 414 1038 473 informaret
1063 408 1132 467 ad
1176 407 1415 481 agendas
1445 420 1663 476 semper
1685 404 1797 461 Deo
1826 403 2051 475 gratias,
2080 408 2129 467 Α
2155 401 2268 457 vuii
2293 399 2503 470 excepti
2532 406 2681 466 sunt,
2725 397 2821 468 qui
2854 407 2964 452 tam
2998 395 3053 450 in
3084 392 3271 449 Veteri
3310 405 3497 463 quam
3532 387 3607 445 in
3640 387 3801 444 ﬂore

467 528 594 572 cum
623 510 708 566 vel
735 509 790 564 in
820 520 984 562 carne
1025 502 1302 558 reﬁcimur
1330 500 1416 555 vel
1462 499 1516 554 in
1563 500 1766 554 anima.
1815 497 1873 553 Si
1901 497 2047 552 enim
2150 492 2501 549 Testamento
2549 507 2657 545 non
2714 490 3078 545 admittuntur
3120 486 3190 541 ad
3244 497 3611 549 numerum,
3670 484 3797 554 quia

467 608 527 664 in
554 612 758 675 septem
790 598 1022 669 panibus
1061 594 1155 666 qui
1186 610 1293 648 non
1323 593 1577 663 leguntur
1616 589 1786 646 fuisse
1819 590 2052 644 hordea-
2152 600 2261 642 non
2290 584 2590 654 perdurant
2615 597 2903 639 occurrere
2949 581 3004 635 in
3056 579 3234 634 virum
3256 575 3667 675 perfectum,
3716 578 3795 631 vel

468 696 552 755 cei
597 666 933 764 septiformis
991 686 1166 759 gratia
1210 682 1346 740 Novi
1398 682 1730 738 Testamenti
1782 683 2046 753 signatur,
2154 677 2209 731 in
2239 676 2495 731 ﬁrmitate
2524 675 2722 730 virium
2748 674 2830 729 vel
2857 675 3075 729 levitate
3100 671 3327 727 mentis.
3377 666 3668 764 Utraqic
3712 684 3795 723 re-

468 786 600 861 quid
653 759 707 841 in
754 781 1053 854 pisciculis,
1102 777 1210 833 nisi
1271 784 1493 832 sanctos
1539 774 1852 830 conditores
1909 773 2054 829 illius
2156 768 2319 824 fectio
2344 768 2614 861 celebrata
2636 776 2725 861 est
2759 767 2814 821 in
2852 774 3056 861 monte,
3078 765 3208 836 quia
3234 772 3573 861 utrumque
3596 759 3795 861 Teia-

472 853 767 951 Scripturaa
793 875 1115 946 accipimus,
1156 871 1241 928 vel
1272 871 1394 927 illos
1423 884 1655 941 quorum
1689 869 1847 924 ﬁdem
1878 877 1933 924 et
1969 866 2054 922 vi-
2157 869 2401 916 mentum
2463 859 2800 915 altitudinem
2856 859 3237 914 mandatorum
3304 853 3441 951 ﬁci,
3511 863 3621 951 ει-

472 945 691 1029 tam-et
734 945 1022 1040 passiones
1066 965 1187 1034 ipsa
1234 961 1515 1032 Scriptura
1568 960 1830 1025 continet,
1854 957 1949 1029 qui
1988 957 2056 1012 de
2157 955 2361 1009 montis
2412 953 2776 1020 altitudinem,
2826 951 2922 1023 qui
2969 960 3055 1007 est
3100 964 3262 1005 mons
3302 948 3527 1003 domus
3578 945 3690 1001 Dei
3732 945 3787 1002 in

470 1039 802 1119 turbulentis
850 1057 1014 1128 hujus
1043 1053 1228 1111 saeculi
1256 1053 1511 1109 ﬂuctibus
1540 1051 1707 1122 erepti
1757 1058 1813 1106 et
1857 1063 2056 1105 conse-
2156 1047 2360 1103 vertice
2411 1045 2721 1113 montium,
2771 1058 3014 1100 consona
3060 1057 3194 1098 voce
3247 1040 3429 1096 nobis
3486 1039 3781 1110 pradicet.

473 1154 632 1221 crati,
663 1151 1013 1207 refectionem
1041 1147 1200 1203 nobis
1232 1146 1498 1201 internam
1525 1143 1774 1213 exemplo
1795 1158 1909 1198 sua:
1935 1141 2059 1196 vitae
2569 1135 2706 1191 Item
2727 1136 2989 1206 expositio
3022 1134 3088 1189 de
3114 1133 3322 1189 eodem.

471 1247 557 1302 vel
602 1245 798 1300 mortis
824 1241 1126 1314 prtcbuere,
1172 1253 1243 1293 ne
1286 1238 1341 1292 in
1379 1237 1546 1307 hujus
1590 1234 1778 1290 mundi
1821 1248 2054 1290 excursu
2231 1227 2429 1284 Narrat
2475 1227 2830 1300 Evangelium
2895 1227 3111 1282 turbam
3160 1226 3405 1280 multam
3469 1220 3779 1278 Dominum

475 1335 815 1391 deﬁciamus.
2163 1323 2343 1377 triduo
2365 1322 2713 1388 sustinuisse,
2730 1322 2890 1391 eique
2906 1320 3113 1375 victum
3131 1318 3404 1383 defuisse,
3426 1319 3775 1387 etqumda-

555 1446 574 1478 ι
612 1425 677 1480 Et
728 1422 1084 1480 comederunt
1120 1435 1313 1476 omnes
1367 1426 1420 1474 et
1450 1417 1679 1473 saturati
1710 1426 1857 1472 sunt.
1896 1436 1914 1468 ι
1949 1414 2059 1470 Co—
2161 1428 2227 1468 ex
2260 1415 2340 1470 eis
2381 1413 2449 1469 de
2486 1414 2644 1485 longe
2683 1412 2922 1468 venisse.
2966 1409 3123 1466 Unde
3173 1408 3463 1464 Dominus
3516 1407 3775 1463 misertus

478 1518 752 1574 medimus
802 1521 1007 1570 attente
1053 1511 1342 1577 audiendo,
1373 1518 1429 1565 ct
1473 1508 1720 1578 exempla
1764 1506 2059 1572 intuendo;
2164 1506 2301 1562 dixit
2343 1506 2389 1562 si
2429 1521 2527 1561 eos
2571 1505 2792 1576 jejunus
2833 1504 3150 1570 dimitteret,
3201 1502 3256 1556 in
3301 1503 3395 1556 via
3446 1500 3773 1555 deﬁcerent.

482 1617 817 1672 saturamur,
845 1605 1125 1661 memoria:
1154 1600 1496 1657 recondenda
1521 1608 1577 1656 et
1602 1598 1896 1670 operando.
1926 1596 2063 1653 Huic
2168 1597 2383 1667 Septem
2427 1613 2557 1667 ergo
2586 1612 2754 1667 panes
2783 1611 2909 1651 cum
2941 1596 3131 1665 paucis
3173 1592 3471 1664 pisciculis
3509 1593 3665 1648 inter
3688 1608 3775 1648 eos

481 1699 784 1771 operationi
817 1697 1073 1768 congruit
1112 1695 1245 1749 illud
1291 1692 1633 1748 Psalmistae:
1673 1712 1692 1743 ι
1728 1690 1901 1745 Edent
1930 1705 2066 1760 pau-
2166 1688 2353 1743 divisit
2393 1697 2449 1744 ct
2492 1690 2652 1759 plene
2704 1696 2980 1744 saturatos
3028 1686 3237 1743 dimisit
3282 1705 3299 1740 :
3370 1694 3551 1741 erant
3596 1693 3773 1739 autem

482 1807 642 1863 pcres
687 1798 744 1846 et
787 1789 1198 1853 satur-abutitur,
1227 1795 1281 1840 et
1310 1785 1609 1841 laudabunt
1655 1782 1946 1837 Dominum
1974 1781 2067 1852 qui
2100 1773 2141 1826 Β
2170 1792 2417 1854 quatuor
2440 1783 2607 1836 millia
2635 1781 2732 1852 qui
2770 1780 3261 1845 manducaverunt,
3290 1787 3351 1833 et
3378 1777 3655 1847 discipuli
3697 1793 3775 1832 se-

482 1883 773 1955 requirunt
816 1896 941 1935 eum
992 1877 1162 1949 (Psal.
1214 1878 1298 1947 ιι).
1342 1877 1495 1944 Quod
1543 1876 1689 1931 enim
1727 1873 2067 1929 manducans
2168 1883 2314 1947 ptem
2364 1883 2583 1945 sportas
2617 1874 2686 1928 de
2724 1873 3047 1944 fragmentis
3093 1872 3345 1925 tulerunt
3390 1868 3609 1939 (Marc.
3642 1876 3772 1923 τιιιι.

485 1974 721 2046 populus
750 1972 981 2028 satiatur
1008 1968 1274 2042 signiﬁcat
1304 1968 1502 2024 famem
1547 1967 1603 2021 in
1653 1974 1971 2037 perpetuum
1999 1963 2069 2017 ab

486 2069 670 2125 electis
713 2067 1099 2137 repellendam,
1125 2064 1347 2136 quando
1390 2079 1500 2118 non
1527 2063 1731 2119 esurict
1774 2058 1868 2131 qui
1915 2072 2071 2115 acce-

486 2159 626 2230 perit
653 2159 834 2213 cibum
866 2157 1094 2213 Christi.

559 2248 627 2304 Et
682 2250 828 2319 quod
897 2247 1167 2318 superfuit
1214 2247 1281 2303 de
1330 2245 1645 2318 fragmentis
1698 2243 1939 2299 tulerunt
1986 2256 2073 2298 se-

489 2351 633 2411 ptem
664 2348 878 2410 sportas
912 2341 1120 2410 plenas.
1175 2337 1392 2408 Septem
1425 2346 1623 2407 sporta:
1654 2351 1777 2406 quae
1815 2342 2076 2404 superant

490 2440 621 2488 sunt
649 2433 838 2487 altiora
889 2443 1153 2503 praecepta
1194 2432 1276 2487 vel
1306 2431 1553 2487 consilia.
1605 2429 1738 2496 Quae
1781 2426 2073 2483 multitudo

491 2539 600 2578 non
631 2531 810 2593 potest
850 2524 1118 2593 attingere
1160 2521 1449 2587 servando,
1497 2520 1591 2576 sed
1620 2528 1831 2574 tantum
1862 2519 1937 2573 illi
1981 2517 2077 2588 qui

491 2611 687 2681 majori
738 2611 911 2683 gratia
959 2610 1103 2682 pleni
1139 2620 1286 2666 sunt.
1320 2610 1532 2677 Quibus
1561 2610 1799 2665 dicitur:
1836 2628 1855 2661 ι
1891 2607 1948 2664 Si
1992 2609 2076 2664 vis

491 2704 766 2777 perfectus
788 2719 930 2769 esse,
954 2704 1126 2759 vende
1151 2705 1335 2758 omnia
1361 2719 1484 2774 qua:
1509 2703 1679 2758 habes
1704 2711 1760 2757 et
1785 2701 1851 2757 da
1874 2717 2077 2772 paupe-

491 2796 649 2854 ribus
679 2795 897 2868 (dlattlt.
932 2796 1071 2866 χιι).
1116 2815 1136 2848 ι
1172 2794 1239 2850 Ει
1267 2795 1395 2866 quia
1441 2803 1639 2864 sporta!
1684 2793 1852 2864 junco
1876 2802 1931 2849 et
1959 2794 2078 2864 pal-

494 2902 709 2965 marum
754 2884 902 2943 foliis
951 2884 1130 2941 solent
1167 2884 1404 2951 contexi,
1436 2883 1634 2939 merito
1660 2884 1715 2938 in
1764 2892 2078 2939 sanctorum

499 2981 950 3053 significationem
1012 2987 1313 3051 ponuntur.
1382 2977 1590 3033 Juncus
1653 2978 1851 3049 quippe
1916 2994 2081 3050 super

2172 1965 2355 2020 Turba
2385 1981 2505 2036 quae
2551 1963 2842 2020 Dominum
2886 1964 3068 2018 triduo
3117 1962 3364 2017 sustinet
3408 1969 3511 2016 est
3548 1960 3773 2031 prtpules

2174 2059 2412 2115 fidelium
2437 2058 2532 2130 qui
2559 2058 2902 2130 signaculum
2929 2043 3055 2113 ﬁdei
3076 2057 3132 2111 in
3154 2056 3340 2111 tribus
3364 2056 3643 2125 personis
3664 2055 3777 2110 reti-

2172 2161 2283 2208 net.
2331 2150 2431 2208 llic
2453 2152 2656 2207 victum
2700 2166 2809 2205 non
2856 2150 3040 2216 habet,
3065 2148 3196 2204 dum
3237 2146 3420 2202 verbo
3468 2145 3576 2201 Dei
3616 2154 3772 2202 caret.

2176 2245 2331 2301 Sicut
2372 2260 2579 2315 corpus
2621 2258 2763 2314 pane
2793 2242 3059 2313 pascitur,
3094 2242 3167 2295 ita
3220 2239 3417 2295 anima
3455 2240 3642 2295 verbo

2175 2337 2439 2394 reficitur.
2487 2334 2593 2402 Qui
2623 2335 2691 2391 de
2730 2335 2889 2404 longe
2936 2341 3226 2398 venerunt,
3252 2331 3310 2386 h-i
3355 2340 3505 2386 sunt
3533 2332 3635 2403 qui
3665 2342 3775 2403 past

2176 2430 2347 2485 multa
2391 2427 2595 2500 flagitia
2639 2427 2707 2482 ad
2736 2425 3031 2481 Dominum
3073 2423 3357 2479 redibunt.
3407 2422 3566 2478 Nam
3616 2424 3673 2478 bi
3718 2424 3775 2477 de

2176 2537 2344 2593 prope
2377 2520 2604 2576 veniunt
2642 2517 2737 2589 qui
2781 2534 2814 2573 a
2861 2516 3092 2588 pueritia
3126 2515 3182 2570 in
3228 2516 3549 2573 sanctitate
3577 2516 3772 2572 YiHlBL

2179 2613 2254 2669 De
2274 2613 2433 2683 longe
2454 2610 2755 2677 venientes,
2786 2623 2856 2665 ne
2901 2609 2956 2664 in
2996 2611 3086 2665 via
3118 2609 3406 2677 deﬁciant,
3430 2609 3774 2675 reﬁciuntur,

2178 2705 2308 2776 quia
2339 2703 2667 2774 poenitentes
2696 2717 2763 2756 ne
2786 2701 3080 2771 desperent
3108 2717 3281 2757 sacrae
3309 2700 3637 2772 Scriptura:
3659 2716 3776 2756 con-

2180 2796 2449 2853 solatione
2478 2803 2797 2866 pascuntur.
2834 2792 3019 2850 Turba
3060 2810 3227 2865 super
3276 2804 3498 2849 terram
3536 2794 3775 2849 discun-

2181 2890 2289 2958 bit,
2338 2890 2468 2960 quia
2511 2888 2747 2959 populus
2792 2887 3033 2943 ﬁdelium
3083 2902 3144 2943 se
3186 2886 3481 2957 pulverem
3536 2886 3773 2941 attendit.

2182 2980 2354 3049 Quem
2389 2979 2655 3036 Dominus
2702 2987 2908 3049 septem
2955 2978 3191 3049 panibus
3217 2979 3421 3045 reﬁcit,
3448 2979 3593 3033 dum
3622 2979 3673 3034 ei
3698 2993 3777 3033 se-

497 3089 694 3145 aquam
741 3074 1005 3139 nascitur,
1062 3080 1117 3128 et
1164 3072 1322 3128 electi
1381 3070 1619 3125 radicem
1669 3069 1851 3125 cordis
1898 3085 1967 3124 ne
2012 3069 2081 3124 ab
2109 3121 2153 3178 ϐ
2186 3082 2329 3144 ptem
2360 3072 2504 3128 dona
2541 3069 2779 3142 Spiritus
2803 3071 2977 3127 sancti
3002 3070 3303 3127 distribuit.
3330 3068 3467 3126 Uno
3493 3087 3647 3142 pane
3664 3086 3776 3126 eam

497 3177 686 3218 amore
730 3162 1048 3218 aeternitatis
1092 3170 1364 3228 arescant,
1392 3161 1446 3216 in
1476 3161 1596 3232 ipso
1620 3160 1746 3215 vita:
1789 3159 1939 3215 fonte
1965 3161 2081 3216 eol-

497 3255 699 3310 locant.
759 3252 947 3308 Palma
977 3252 1256 3308 victricem
1313 3262 1472 3307 ornat
1527 3266 1775 3315 manum,
1816 3259 1870 3306 et
1927 3250 2084 3307 electi

499 3345 693 3401 mundi
740 3345 979 3401 victores
1008 3343 1333 3400 memoriam
1378 3351 1593 3398 aeternae
1627 3341 2004 3397 retributionis
2029 3343 2084 3396 in

499 3440 663 3495 corde
707 3439 963 3493 retinent.
994 3439 1106 3492 Cur
1134 3445 1316 3491 autem
1363 3437 1609 3507 quinque
1638 3435 1880 3492 millibus
1909 3435 2087 3490 homi-

499 3546 632 3585 num
680 3530 803 3599 plus
850 3529 1174 3594 redundant,
1201 3538 1257 3583 et
1299 3538 1537 3598 quatuor
1589 3527 1831 3583 millibus
1861 3526 2089 3582 minus?

503 3620 722 3691 (Matth.
765 3622 880 3690 xv.)
910 3620 1047 3686 Quia
1091 3629 1329 3690 quatuor
1369 3620 1537 3674 millia
1568 3619 1748 3674 triduo
1774 3635 1899 3674 cum
1928 3618 2088 3674 Chri-

503 3721 590 3768 sto
641 3713 880 3779 i'uerunt,
912 3721 967 3765 et
1005 3710 1126 3767 ideo
1176 3711 1412 3783 amplius
1450 3712 1687 3768 etelestis
1727 3711 1909 3782 pabuli
1940 3726 2090 3767 rece-

505 3813 723 3874 perunt.
1928 3802 1935 3808 ’

581 3912 599 3945 ε
632 3892 801 3949 Erant
827 3902 1009 3950 autem
1037 3894 1132 3966 qui
1165 3895 1635 3951 manducavcrunt
1662 3905 1899 3966 quatuor
1919 3894 2087 3949 millia

504 3986 790 4043 hominum
840 3997 996 4043 extra
1044 3988 1301 4058 parvulos
1348 3996 1403 4043 et
1455 3988 1733 4055 mulieres,
1786 3996 1839 4042 ct
1885 3987 2090 4042 dimisit

504 4092 621 4134 eos.
658 4098 678 4132 ι
730 4077 789 4133 ln
839 4080 1107 4150 superiori
1153 4082 1313 4151 signo
1361 4080 1603 4150 quinque.
1651 4080 1818 4134 millia
1872 4079 2094 4134 fuerunt

499 4167 659 4241 juxta
709 4184 1001 4225 numerum
1046 4185 1273 4241 panum,
1305 4171 1433 4241 quia
1479 4169 1643 4225 vicini
1691 4178 1849 4225 erant
1893 4186 1927 4226 v
1969 4186 2094 4226 sen-

505 4281 690 4324 suum.
727 4264 821 4322 lsti
849 4267 942 4338 qui
974 4268 1042 4323 de
1085 4276 1291 4337 septem
1323 4267 1556 4333 panibus
1598 4267 1701 4321 hoc
1741 4275 1826 4322 est
1878 4275 2094 4322 sacrato

509 4356 732 4412 aluntur
773 4372 1028 4423 numero,
1058 4366 1293 4427 quatuor
1316 4357 1485 4411 millia
1512 4364 1665 4412 sunt:
1699 4355 1801 4423 Qui
1834 4372 2094 4412 numerus

510 4464 726 4521 semper
776 4450 831 4504 in
885 4448 1049 4504 laude
1103 4448 1346 4519 ponitur.
1392 4446 1461 4502 Et
1503 4448 1913 4520 quadrangulus
1957 4448 2094 4519 lapis

510 4556 620 4596 non
665 4549 749 4597 est
799 4540 1093 4607 instabilis,
1147 4547 1203 4595 et
1254 4540 1307 4593 in
1357 4555 1424 4595 eo
1472 4554 1702 4595 numero
1752 4542 2097 4612 evangelistae

414 4650 435 4671 ι
511 4640 660 4686 sunt.
690 4628 965 4686 Numerus
1008 4630 1194 4701 itaque
1235 4627 1563 4685 refectorum
1593 4630 1751 4684 docet
1780 4645 1875 4686 eos
1910 4639 2096 4701 pastos

510 4721 843 4795 evangelicis
873 4720 1116 4789 cibariis;
1167 4720 1441 4791 simulque
1486 4720 1728 4776 insinuat
1776 4721 2096 4776 innumera-

511 4814 677 4869 bilem
728 4814 1132 4870 multitudinem
1180 4813 1249 4869 de
1294 4820 1531 4884 quatuor
1561 4813 1710 4868 orbis
1756 4813 2003 4884 partibus
2029 4813 2096 4869 ad

513 4905 753 4960 cmlestis
799 4906 907 4961 cibi
954 4906 1161 4961 donum
1209 4919 1627 4961 concursurae).
1671 4902 1785 4960 Hoc
1828 4905 1991 4976 igitur
2018 4915 2099 4978 ty-

515 4998 635 5068 pice
670 5000 811 5052 inter
841 5001 958 5053 haec
997 4996 1348 5053 refectionem
1381 4998 1568 5062 distat,
1614 4996 1761 5068 quod
1805 4997 1879 5052 ibi
1923 4998 2096 5053 littera

515 5097 672 5146 vetus
713 5090 870 5159 plena
915 5105 1036 5144 esse
1086 5090 1299 5160 signata
1345 5099 1430 5144 est
1470 5090 1644 5160 gratia
1692 5090 1943 5159 spiritali.
2001 5087 2101 5145 Hic

516 5180 691 5250 gratia
720 5177 857 5234 Novi
898 5177 1231 5235 Testamenti
1274 5190 1577 5235 monstrata
1615 5189 1700 5236 est
1739 5182 2101 5238 ministrando

516 5270 766 5327 ﬁdelibus
808 5278 1045 5341 quatuor
1072 5279 1266 5325 ornata
1308 5270 1620 5338 virtutibus,
1660 5287 1893 5343 quarum
1925 5273 2101 5345 prima

515 5370 604 5418 est
649 5362 891 5432 cognitio
938 5375 1121 5415 rerum
1163 5361 1590 5431 appetendarum
1637 5370 1693 5418 et
1735 5363 2100 5434 vitandarum,

518 5455 762 5512 secunda
790 5452 1086 5509 refrenatio
1112 5452 1425 5525 cupiditatis
1465 5453 1534 5510 ab
1565 5455 1651 5512 his
1684 5471 1807 5528 quae
1831 5465 2105 5528 tempora-

519 5545 644 5611 liter
676 5546 1036 5615 delectantur,
1069 5548 1224 5604 tertia
1253 5546 1488 5603 ﬁrmitas
1515 5557 1704 5606 contra
1744 5551 1972 5606 molesta
2004 5564 2107 5607 sae-

521 5639 653 5709 culi,
681 5647 875 5710 quarta
905 5654 1026 5711 quae
1046 5654 1144 5712 per
1179 5656 1372 5697 omnes
1396 5638 1718 5714 diffunditur
1746 5641 1965 5698 dilectio
1994 5641 2104 5699 Do-

524 5733 658 5788 mini
689 5741 741 5788 et
775 5735 1030 5804 proximi.
1085 5733 1150 5790 Et
1179 5735 1253 5791 ibi
1289 5744 1344 5792 et
1388 5735 1477 5792 hic
1506 5734 1764 5791 mulieres
1790 5743 1954 5805 atque
1979 5751 2106 5807 par—

2185 3165 2367 3229 satiat,
2396 3165 2525 3220 dum
2569 3165 2637 3220 ad
2663 3164 2845 3219 divina
2881 3164 3140 3235 sapienda
3182 3179 3279 3220 cor
3306 3164 3437 3235 ejus
3466 3168 3673 3237 spiritu
3700 3182 3778 3221 sa—

2185 3257 2403 3329 pientia:
2444 3255 2733 3311 illuminat.
2773 3254 2961 3311 Altero
2989 3271 3129 3328 pane
3167 3270 3295 3311 eum
3325 3258 3539 3327 pascit,
3579 3259 3709 3313 dum
3734 3254 3779 3309 ei

2187 3348 2443 3420 mysteria
2473 3346 2771 3418 Scriptura:
2794 3347 3047 3418 spiritum
3082 3348 3398 3406 intellectus
3425 3350 3635 3421 aperit.
3659 3347 3778 3403 Ter.

2187 3441 2264 3496 tio
2310 3457 2449 3511 pane
2495 3457 2620 3497 eum
2667 3440 2857 3505 reficit,
2907 3440 3037 3495 dum
3076 3442 3208 3497 utile
3246 3442 3484 3513 eligere,
3529 3441 3774 3497 nocitum

2188 3549 2481 3605 respuere,
2531 3533 2785 3604 spiritum
2838 3532 3057 3587 consilii
3112 3532 3323 3588 tribuit.
3380 3531 3608 3599 Quarto
3651 3547 3777 3603 pano

2188 3642 2313 3682 eum
2342 3635 2570 3692 saturat,
2598 3625 2730 3681 dum
2757 3642 2883 3682 eum
2928 3628 2987 3681 in
3025 3627 3187 3682 bonis
3217 3627 3420 3697 spiritu
3446 3624 3775 3682 fortitudinis

2189 3718 2434 3771 roborat.
2460 3714 2666 3782 Quinto
2696 3731 2836 3787 pane
2861 3732 2988 3772 eum
3024 3726 3254 3783 recreat,
3290 3716 3431 3771 dum
3460 3733 3596 3773 cum
3626 3718 3773 3788 spiri-

2194 3817 2250 3863 tu
2299 3807 2540 3863 scientiae
2595 3807 2851 3864 illustrat.
2907 3807 3073 3865 Sexto
3118 3825 3258 3880 pane
3304 3825 3437 3865 eum
3496 3810 3773 3875 refocillat,

2189 3898 2321 3954 dum
2366 3913 2493 3952 eum
2541 3897 2607 3953 ad
2657 3898 2970 3954 sectandam
3007 3898 3276 3970 justitiam
3318 3899 3524 3971 spiritu
3574 3900 3774 3972 pietatis

2192 3986 2471 4042 informat.
2509 3985 2754 4058 Septimo
2801 4004 2943 4058 pane
2989 4004 3085 4044 eor
3128 3990 3251 4061 ejus
3292 3988 3621 4058 conﬁrmat,
3656 3991 3771 4046 dum

2191 4095 2316 4135 eum
2361 4096 2390 4134 a
2433 4079 2576 4134 malo
2626 4080 2822 4149 spiritu
2867 4081 3085 4137 timoris
3130 4090 3345 4137 avocat.
3400 4080 3584 4138 Pauci
3626 4084 3773 4154 pisci-

2193 4170 2303 4226 culi
2331 4170 2629 4238 adduntur,
2655 4171 2785 4226 dum
2817 4171 2867 4226 ei
2900 4173 3147 4243 exempla
3176 4172 3418 4228 ﬁdelium
3466 4190 3772 4245 proponun-

2194 4269 2303 4316 tur.
2335 4260 2584 4329 Quatuor
2610 4262 2781 4316 millia
2807 4264 3302 4335 saturantur,-quia
3323 4273 3574 4335 quatuor
3600 4265 3771 4320 mutuli

2196 4362 2400 4426 partes,
2431 4370 2528 4426 per
2555 4364 2793 4426 quatuor
2815 4357 3118 4427 evangelia,
3149 4357 3217 4412 ad
3257 4366 3471 4428 septem
3495 4359 3641 4414 dona
3664 4359 3769 4429 Spi-

2125 4464 2170 4519 ι)
2198 4448 2338 4502 ritus
2368 4447 2541 4501 sancti
2568 4457 2853 4503 vocantur.
2881 4447 3098 4519 Septem
3133 4459 3335 4520 sporta),
3361 4450 3431 4506 de
3461 4450 3771 4524 fragmentis

2196 4549 2611 4606 superaverunt,
2663 4539 2792 4609 quia
2846 4548 3053 4610 septem
3094 4541 3218 4596 libri
3250 4539 3675 4614 Hagiographia:
3712 4544 3770 4600 de

2197 4640 2402 4703 septem
2425 4632 2586 4688 donis
2620 4630 2860 4704 Spiritus
2896 4636 3073 4693 sancti
3112 4636 3453 4704 redundant;
3489 4640 3560 4694 de
3586 4641 3770 4711 quibus

2198 4724 2374 4779 adhuc
2392 4723 2644 4782 doctores
2659 4724 3031 4796 refectionem,
3043 4730 3201 4801 quasi
3216 4729 3283 4785 de
3294 4730 3523 4800 sportis,
3540 4732 3769 4789 ﬁdelibus

2199 4815 2533 4872 ministrant.
2566 4816 2752 4874 Prima
2792 4819 3062 4891 siquidem
3111 4831 3298 4893 sporta
3330 4823 3588 4880 estliber
3623 4823 3769 4881 Joano

2198 4905 2287 4961 nis
2315 4921 2410 4976 per
2438 4922 2600 4978 quem
2648 4910 2875 4980 spiritus
2900 4911 3182 4981 sapientiae
3223 4913 3523 4969 maximam
3571 4916 3769 4988 sapien-

2202 4998 2331 5052 tiam
2362 4996 2619 5055 Ecclesiae
2664 5000 2891 5057 invexit.
2939 5002 3190 5061 Secunda
3235 5014 3421 5075 sporta
3462 5014 3551 5061 est
3582 5004 3769 5064 Psalte-

2202 5088 2367 5154 rium,
2413 5103 2510 5159 per
2550 5089 2698 5159 quod
2742 5093 2971 5163 spiritus
3001 5094 3310 5153 intellectus
3345 5110 3513 5165 quam
3550 5098 3766 5154 maxime

2203 5178 2271 5234 ad
2302 5179 2651 5251 intelligenda
2694 5184 3001 5254 spiritualia‘
3041 5202 3265 5243 sensum
3304 5185 3565 5244 Ecclesia:
3588 5191 3766 5259 aperit.

2205 5270 2389 5328 Tertia
2411 5282 2594 5344 sporta
2670 5285 2801 5331 sunt
2839 5276 3159 5348 Proverbia,
3207 5296 3304 5351 per
3353 5295 3517 5351 quem
3560 5283 3767 5352 spiritus

2205 5362 2421 5421 consilii
2469 5381 2565 5437 per
2607 5368 2765 5437 plura
2804 5370 2931 5427 vita:
2976 5372 3210 5429 consilia
3238 5371 3500 5430 Ecclesiae
3536 5374 3763 5431 donavit.

2207 5457 2411 5528 Quarta
2455 5467 2643 5531 sporta
2684 5469 2770 5518 est
2812 5461 3195 5534 Ecclesiastes,
3225 5481 3324 5537 per
3347 5481 3510 5538 quem
3558 5468 3765 5538 spiritus

2207 5550 2544 5608 fortitudinis
2583 5548 2885 5613 Ecclesiam
2914 5554 3132 5615 abunde
3161 5568 3353 5615 contra
3387 5558 3521 5615 vitia
3560 5559 3763 5617 fortitu-

2207 5642 2334 5701 dine
2374 5642 2565 5699 cinxit.
2598 5642 2798 5712 Quinta
2844 5657 3030 5717 sporta
3067 5659 3154 5707 est
3196 5649 3443 5720 Cantica,
3482 5651 3538 5708 in
3584 5653 3762 5725 quihts

2210 5733 2434 5809 spiritus
2452 5733 2697 5793 scientiae
2720 5737 3013 5809 plurimam
3044 5744 3330 5802 scientiam
3358 5744 3612 5803 Ecclesia:
3630 5761 3760 5804 reae-
