3950 6380
166 349 300 404 1065

1062 343 1634 400 DEFLORATIONES
1673 343 1772 399 SS.
1812 340 2125 396 PATRUM.
2174 369 2245 379 —
2283 339 2413 396 LIB.
2457 341 2522 398 ll.

3290 351 3426 404 l036

165 463 319 520 ravit.
351 459 514 520 Sexta
552 470 739 532 sporta
768 469 853 516 cst
881 457 1019 514 liber
1051 456 1367 528 Sapientiae.
1398 456 1455 511 in
1483 472 1596 526 quo
1632 457 1746 526 spi-
1777 467 1823 523 Α
1853 455 1982 524 quia
2013 463 2394 523 corrumpunt.
2441 451 2596 508 Nona
2629 454 2784 524 plaga
2828 465 2946 511 erat
2974 458 3143 514 chaos
3175 462 3425 518 tenebra-

168 551 302 608 ritus
345 553 563 624 pietatis
622 567 838 608 summa
892 550 1096 612 pietate
1133 547 1437 604 Ecclesiam
1483 547 1737 603 erudivit.

171 644 408 719 Septima
436 659 518 704 est
545 647 681 704 liber
705 646 1085 712 Ecclesiastes,
1117 644 1185 700 de
1213 659 1322 715 qua
1361 658 1547 716 sporta
1577 645 1742 716 splri-

171 746 255 794 tus
285 739 499 795 timoris
530 739 742 794 Domini
774 739 947 810 magis
977 751 1143 808 quam
1179 736 1234 790 in
1264 736 1376 791 ullo
1410 736 1552 791 libro
1578 736 1744 792 timo-

166 845 278 885 rem
321 828 536 885 Domini
583 829 884 886 Ecclesiam
933 828 1216 884 instruxit.
1270 826 1352 882 Ex
1404 828 1491 882 his
1537 837 1741 898 septem

167 922 364 991 sportis
392 937 488 992 per
519 921 894 991 septiformem
943 918 1208 990 Spiritum
1254 920 1455 990 egregii
1495 919 1744 976 doctores

167 1012 508 1084 Augustinus
528 1022 576 1067 et
606 1011 924 1083 Gregorius,
950 1012 1041 1066 alii
1069 1025 1291 1082 quoque
1317 1019 1372 1066 et
1394 1011 1486 1066 alii
1527 1027 1624 1066 sua
1649 1027 1742 1066 ex-

168 1105 437 1174 positione
483 1113 729 1160 sanctam
773 1103 1073 1161 Ecclesiam
1120 1101 1280 1160 cuasi
1321 1104 1391 1158 ad
1433 1103 1742 1160 satietatem

168 1195 512 1250 refecerumt.

233 1285 387 1341 Pisce
412 1302 630 1357 quoque
658 1287 811 1342 turba
841 1287 1105 1358 pascitur,
1128 1287 1256 1342 dum
1281 1286 1485 1343 Christi
1514 1303 1744 1358 corpore

169 1377 420 1432 vescitur.
453 1376 572 1448 lpse
602 1394 839 1448 namque
869 1379 1036 1448 piscis
1058 1379 1278 1444 dicitur,
1309 1378 1454 1434 sicut
1478 1379 1532 1434 in
1562 1378 1744 1432 Evan-

171 1467 305 1539 gelio
327 1469 541 1540 legitur.
591 1467 729 1523 Dum
761 1469 1012 1525 homines
1056 1470 1126 1524 ab
1173 1470 1266 1525 illo
1310 1471 1590 1542 exigerent
1617 1486 1746 1526 cen-

169 1573 309 1626 sum,
331 1559 416 1614 sui
439 1559 613 1629 angeli
643 1559 900 1615 devotum
925 1561 1246 1631 impendunt
1266 1561 1610 1632 obsequium,
1625 1562 1746 1632 jus-

169 1665 286 1705 sum
329 1650 548 1706 Petrum
593 1653 816 1706 hamum
864 1652 920 1706 in
966 1667 1120 1707 mare
1159 1652 1397 1716 mittere,
1439 1662 1494 1707 et
1536 1655 1604 1708 de
1650 1669 1746 1708 ore

167 1741 331 1811 piscis
386 1742 480 1812 qui
531 1742 742 1812 primus
787 1741 1105 1797 ascenderet
1150 1757 1378 1796 aureum
1423 1744 1741 1799 didrachma

166 1810 374 1899 tollere,
407 1810 622 1902 iproise
664 1841 720 1887 et
764 1847 864 1902 pro
915 1833 1211 1903 semetipso
1257 1849 1482 1889 censum
1535 1836 1745 1891 solvere
1777 1810 1819 1864 Β

168 1921 384 1992 (Matth.
404 1923 561 1992 xvu).
587 1922 761 1978 Piscis
801 1923 891 1978 hic
921 1932 1040 1978 erat
1059 1922 1333 1990 Christus,
1357 1925 1450 1995 qui
1485 1925 1537 1979 in
1582 1926 1746 1998 hujus

166 2012 350 2068 saeculi
392 2013 554 2069 undis
603 2013 780 2069 latuit.
826 2014 933 2082 Qui
961 2014 1282 2071 didracbma
1315 2017 1368 2071 in
1398 2032 1494 2073 ore
1536 2017 1744 2085 habuit,

166 2104 292 2175 quia
316 2105 588 2175 geminam
616 2106 788 2176 legem
813 2105 1012 2162 divinis
1035 2104 1195 2162 factis
1221 2107 1594 2177 splendentem
1621 2123 1748 2178 pro-

166 2196 305 2250 tulit.
341 2194 439 2251 llic
483 2197 647 2253 hamo
694 2197 862 2253 divini
905 2198 1120 2254 consilii
1152 2209 1346 2270 captus
1376 2208 1480 2266 est,
1524 2198 1581 2254 in
1623 2200 1747 2271 igne

170 2287 438 2357 passionis
488 2289 647 2345 nobis
699 2290 766 2344 ad
821 2305 976 2346 esum
1025 2306 1206 2348 assus.
1262 2289 1593 2348 Didrachma
1648 2309 1747 2364 pro

167 2373 404 2441 Christo,
426 2388 481 2432 et
504 2377 664 2433 Petro
691 2394 892 2434 census
918 2379 1101 2447 datur,
1125 2380 1257 2435 dum
1283 2390 1516 2453 utraque
1549 2383 1633 2438 lex
1661 2384 1745 2439 vel

167 2466 380 2536 gemina
429 2467 648 2524 dilectio
678 2470 746 2524 ad
781 2468 988 2524 Christi
1018 2477 1072 2524 et
1101 2469 1359 2528 Ecclesia:
1403 2473 1668 2530 honorem
1712 2491 1743 2530 a

165 2556 418 2614 fidelibus
439 2561 764 2630 completur.
786 2560 1029 2632 Pepulus
1052 2559 1147 2616 Dei
1173 2570 1378 2633 septem
1402 2565 1638 2633 panibus
1661 2581 1746 2620 re-

165 2648 364 2717 ﬁcitur,
380 2662 432 2706 et
448 2651 634 2708 decem
649 2654 932 2724 praeceptis
957 2652 1282 2721 instituitur,
1305 2655 1540 2725 populus
1563 2665 1743 2712 autem

163 2738 472 2798 Pharaonis
498 2753 701 2814 septem
735 2745 1005 2816 capitibus
1034 2746 1311 2809 draconis,
1339 2745 1394 2801 id
1420 2754 1505 2802 est
1539 2755 1744 2818 septem

164 2831 559 2904 principalibus
577 2835 724 2892 vitiis
749 2837 1077 2908 captivatur,
1104 2849 1158 2894 et
1178 2837 1368 2894 decem
1389 2838 1562 2910 plagis
1584 2841 1747 2896 deva-

166 2932 340 2982 statur
367 2926 563 2996 (Exod.
602 2944 722 2997 vn).
775 2928 956 2985 Prima
984 2931 1142 3002 plaga
1173 2930 1303 2986 dum
1329 2931 1666 2986 convertitur
1689 2931 1745 2986 in

166 3019 488 3086 sanguinem
543 3035 704 3091 aqua.
735 3021 888 3092 Aqua
931 3023 984 3076 in
1011 3024 1334 3094 sanguinem
1353 3033 1743 3094 commutatur,

1848 562 1969 600 rum
2005 545 2293 615 palpabile,
2341 556 2396 602 et
2440 561 2690 600 murmur
2735 549 3012 617 quoddam
3063 550 3423 610 formidabile.

1847 632 1988 690 Sunt
2016 645 2199 690 autem
2246 637 2514 705 infideles,
2539 637 2635 708 qui
2661 637 2843 692 futura
2891 654 3000 694 non
3040 641 3292 710 credunt,
3314 653 3366 699 et
3394 659 3427 700 a

1845 725 1968 780 luce
1997 726 2122 782 fidei
2150 727 2460 794 retrahunt,
2496 736 2552 783 et
2593 743 2653 784 se
2684 729 2926 787 tenebris
2969 740 3185 788 aeternae
3232 735 3427 792 mortis

1846 815 2116 884 inserunt,
2147 817 2240 872 ubi
2263 819 2506 874 terribile
2532 825 2614 874 est
2649 835 2920 889 murmur,
2954 822 3164 878 scilicet
3189 823 3347 880 ﬂetus
3371 835 3428 882 ct

1847 908 2049 964 stridor
2071 909 2336 965 dentium.
2355 909 2577 966 Decima
2601 912 2756 982 plaga
2781 923 2908 968 sunt
2943 914 3302 988 primogenita
3339 935 3429 976 ex-

1847 1001 2044 1056 stincta
2093 1000 2462 1073 Primogenita
2497 1002 2719 1076 Egypti
2755 1014 2883 1060 sunt
2916 1007 3190 1078 principes
3212 1010 3427 1080 mundi,

1847 1093 2245 1164 saecularesque
2279 1093 2596 1164 dignitates,
2647 1112 2769 1166 qum
2798 1113 2828 1152 a
2885 1099 3224 1156 daemonibus
3268 1101 3426 1160 bellis

1845 1192 1901 1238 et
1926 1183 2092 1238 variis
2122 1183 2300 1240 modis
2327 1185 2779 1252 exterminantur,
2813 1196 2872 1242 ut
2898 1197 3148 1258 potentes
3180 1200 3429 1260 potenter

1847 1283 2115 1330 tormenta
2145 1276 2441 1345 patiantur.
2472 1275 2820 1343 Charissimi,
2849 1280 3088 1336 nitamur
3113 1282 3270 1338 bonis
3293 1285 3430 1339 acti-

1844 1366 1950 1422 bus
1975 1366 2045 1421 ab
2073 1365 2160 1421 his
2183 1365 2371 1421 decem
2399 1367 2574 1438 plagis
2604 1368 2848 1436 liberari,
2876 1379 2932 1426 et
2953 1381 3162 1443 septem
3195 1376 3428 1444 panibus

1847 1459 2150 1524 saturari,a
2179 1467 2391 1530 septem
2418 1461 2690 1531 capitibus
2719 1463 2975 1519 draconis
3003 1466 3141 1532 erui,
3167 1476 3220 1522 et
3242 1467 3427 1524 decem

1847 1553 2133 1623 praeceptis
2159 1553 2424 1623 legalibus
2455 1554 2675 1609 instrui.
2710 1553 2989 1612 Imitemur
3018 1557 3142 1614 illos
3188 1560 3280 1630 qui
3329 1577 3432 1617 nos

1845 1651 2262 1713 praecesserunt,
2303 1653 2359 1700 et
2400 1660 2498 1715 per
2552 1647 2753 1703 multas
2794 1648 3174 1706 tribulationes
3233 1653 3430 1724 gaudia

1847 1736 1971 1790 vitae
2007 1735 2366 1792 intraverunt.

2338 1827 2412 1882 De
2439 1829 2666 1900 quinque
2699 1833 2942 1902 septenis.

1919 1917 2172 1989 Quinque
2214 1926 2438 1990 septena
2487 1930 2616 1976 sunt
2659 1921 2714 1976 in
2759 1938 2917 1980 saera
2973 1923 3276 1998 Scriptura,
3311 1943 3433 1998 quae

1846 2010 2000 2080 prius
2031 2010 2347 2082 singillatim
2391 2011 2802 2083 distinguantur
2827 2032 2841 2068 :
2870 2023 3061 2085 postea
3104 2031 3238 2072 vero
3264 2033 3430 2088 quam

1847 2101 1987 2156 inter
2015 2117 2074 2156 se
2097 2102 2332 2158 habeant
2360 2105 2825 2172 convenientiam,
2859 2106 3050 2162 eadem
3085 2122 3183 2177 per
3219 2108 3434 2180 singula

1847 2194 1951 2249 sibi
1981 2193 2313 2250 conferendo
2356 2195 2521 2251 libeat
2547 2196 2950 2253 demonstrare.
2975 2197 3162 2254 Primo
3198 2199 3320 2255 loco
3347 2215 3434 2255 se-

1847 2292 1992 2354 ptem
2020 2293 2302 2354 ponuntur
2321 2285 2474 2352 vitia,
2523 2286 2578 2342 id
2609 2295 2694 2341 est
2725 2287 3005 2357 superbia,
3039 2289 3282 2344 secundo
3310 2289 3435 2346 loco

1849 2373 2074 2440 invidia,
2110 2375 2272 2430 tertio
2317 2375 2419 2443 ira,
2461 2385 2661 2448 quarto
2689 2378 2932 2444 tristitia,
2959 2380 3152 2450 quinto
3180 2381 3432 2450 avaritia,

1852 2475 2006 2523 sexto
2023 2467 2168 2536 gula,
2192 2468 2422 2537 septimo
2437 2467 2673 2524 luxuria.
2699 2468 2903 2524 Contra
2917 2470 3032 2526 haec
3049 2471 3290 2527 secundo
3311 2473 3434 2529 loco

1850 2559 2262 2616 constituuntur
2291 2568 2497 2630 septem
2536 2560 2845 2630 petitiones,
2888 2577 3012 2632 qua:
3048 2563 3104 2617 in
3149 2562 3431 2620 Dominica

1847 2649 2108 2706 Oratione
2159 2649 2532 2706 continentur.
2592 2649 2788 2707 Postea
2843 2652 3004 2708 tertio
3054 2653 3177 2708 loco
3225 2663 3432 2724 septem

1847 2742 1991 2798 dona
2026 2741 2263 2813 Spiritus
2283 2741 2479 2797 sancti.
2508 2740 2710 2798 Deinde
2742 2751 2941 2813 quarto
2975 2744 3097 2800 loco
3135 2746 3434 2801 succedunt

1847 2833 2094 2890 virtutes;
2123 2832 2309 2889 Primo
2320 2832 2682 2901 scilicetloco,
2705 2845 2998 2905 paupertas
3020 2836 3267 2906 spiritus,
3284 2836 3336 2892 id
3351 2845 3434 2892 est

1847 2922 2158 2991 humilitas;
2195 2923 2436 2979 secundo
2459 2924 2845 2991 mansuetudo,
2883 2925 3044 2980 tertio
3083 2925 3433 2995 compunctio

1849 3015 1965 3070 sive
1987 3015 2160 3081 dolor,
2179 3023 2378 3085 quarto
2394 3016 2607 3071 esuries
2615 3015 2635 3083 j
2643 3016 2844 3072 ustitize
2857 3016 2970 3071 sive
2982 3016 3311 3072 desiderium
3334 3015 3432 3072 bo-

163 3113 294 3170 dum
318 3113 584 3185 baptisma
609 3117 690 3171 vel
718 3133 874 3172 sacra
907 3116 1190 3187 Scriptura
1217 3117 1326 3174 illis
1372 3117 1429 3172 in
1460 3127 1743 3188 peccatum
1777 3156 1819 3214 Ο
1851 3121 2004 3208 num}
2040 3106 2233 3176 quinto
2270 3106 2671 3214 ξξιιεεξτίίξοτάίδν
2719 3115 2874 3214 δεξῑο
2913 3106 3098 3162 cordis
3137 3105 3428 3214 ωὶιηάίοῐίθο

164 3215 467 3274 reputatur,
495 3207 586 3277 qui
615 3208 884 3278 baptisma
903 3223 998 3278 per
1019 3207 1379 3264 immunditiae
1399 3223 1564 3278 opera
1595 3210 1749 3264 coin-

1855 3197 2089 3264 septimo
2117 3211 2242 3261 pax.
2269 3193 2582 3253 Novissima
2610 3212 2742 3252 vero
2780 3197 2900 3252 loco
2942 3205 3148 3264 septem
3192 3196 3432 3252 beatitu-

163 3295 416 3366 quinant,
448 3314 512 3354 ac
541 3315 751 3354 sacram
773 3299 1110 3370 Scripturam
1143 3301 1208 3354 ad
1234 3315 1365 3355 suos
1393 3315 1608 3357 errores
1629 3317 1753 3356 cor—
1850 3291 2008 3348 dines
2038 3291 2256 3363 (Μαῑυιο
2286 3292 2363 3362 V)-
2396 3290 2582 3347 Prima
2612 3307 2840 3364 regnum
2874 3293 3164 3361 οωιοΐιιῐη,
3190 3293 3432 3351 secunda

163 3387 486 3444 roborantes
526 3390 842 3459 depravant.
892 3389 1140 3445 Secunda
1177 3391 1333 3462 plaga
1383 3406 1508 3446 cum
1538 3392 1752 3462 operuit
1849 3384 2130 3452 possessio
2155 3391 2317 3439 terra;
2345 3383 2663 3439 viventium.
2693 3385 2852 3440 tertia
2883 3385 3208 3450 consolatio,
3235 3393 3434 3456 quarta

165 3487 365 3537 terram
422 3497 576 3536 rana.
630 3481 909 3536 Ranarum
963 3482 1266 3552 loquacitas
1318 3492 1403 3539 est
1463 3493 1749 3554 poetarum
1843 3477 2069 3548 justitize
2123 3479 2368 3547 satietas,
2416 3480 2606 3550 quinta
2656 3481 3051 3549 misericordia,
3097 3490 3249 3537 sexta
3292 3481 3434 3538 visio

165 3572 484 3641 garrulitas,
514 3589 611 3642 per
637 3589 872 3643 quorum
904 3573 1119 3628 fabulas
1165 3576 1347 3630 miseri
1379 3575 1746 3647 decipiuntur,

158 3663 293 3717 dum
337 3677 430 3718 eas
477 3663 531 3716 in
573 3663 860 3719 desideriis
885 3664 1000 3718 suis
1023 3674 1347 3736 sequuntur.
1379 3665 1559 3721 Tertia
1589 3669 1746 3739 plaga

157 3753 469 3824 sciniphes,
501 3753 593 3824 qui
625 3755 811 3825 ignitis
839 3755 1078 3812 stimulis
1114 3757 1463 3814 terebrabant
1491 3773 1742 3828 corpora.

159 3843 280 3900 Hoc
306 3858 434 3900 sunt
460 3846 718 3914 naeretici,
741 3847 834 3916 qui
859 3846 1068 3902 nocivis
1097 3850 1436 3920 argumentis
1469 3851 1746 3920 simplices

158 3936 602 3993 circumveniunt
632 3947 842 3994 mentes
873 3954 1062 3994 eorum
1108 3941 1334 4010 perfidia
1381 3943 1743 4011 terebrantes,

156 4034 216 4081 et
241 4027 308 4080 ad
341 4027 482 4098 ignis
505 4027 695 4084 aeterni
731 4029 986 4084 stimulos
1006 4029 1301 4085 deducunt.
1346 4029 1548 4097 Quarta
1588 4034 1746 4104 plaga

156 4118 311 4173 venit
339 4136 655 4175 muscarum
684 4121 956 4176 molestia.
991 4120 1056 4176 Et
1079 4131 1208 4178 sunt
1231 4123 1529 4194 importuni
1567 4126 1618 4179 in
1643 4143 1744 4182 sae-

157 4211 335 4266 culari
365 4211 669 4282 eloquentia
699 4215 792 4284 qui
838 4228 1032 4268 carnes
1057 4213 1382 4270 alterutrum
1429 4232 1526 4288 per
1567 4219 1745 4272 avari-

159 4302 294 4356 tiam
354 4304 625 4366 lacerant,
673 4314 726 4360 et
769 4307 1079 4377 importune
1118 4307 1328 4362 callidis
1373 4309 1555 4365 verbis
1607 4311 1742 4366 alios

159 4394 449 4464 impetunt,
485 4404 542 4449 ut
563 4395 704 4450 bona
732 4413 920 4452 eorum
959 4397 1228 4453 auferant.
1253 4397 1452 4465 Quinta
1475 4401 1632 4473 plaga
1657 4412 1742 4459 est

1849 3569 1965 3634 Dei,
1999 3571 2228 3642 septima
2271 3572 2463 3628 filiatio
2488 3572 2605 3628 Dei.
2631 3571 2759 3629 Ηωο
2782 3573 2855 3629 ita
2884 3574 3063 3644 primo
3089 3574 3212 3631 loco
3237 3574 3434 3630 distin-

1849 3670 2088 3731 guantur
2114 3671 2176 3718 ut
2213 3662 2588 3734 intelligantur
2627 3663 2746 3734 ipsa
2791 3665 2922 3719 vitia
2972 3665 3196 3736 quidam
3231 3667 3431 3720 animae

1848 3752 2140 3822 languores
2179 3753 2293 3809 sive
2332 3756 2559 3810 vulnera
2611 3757 2853 3811 hominis
2912 3757 3207 3825 interioris,
3249 3759 3428 3829 ipsum

1849 3858 1978 3897 vero
2027 3844 2304 3900 hominem
2357 3847 2518 3917 quasi
2575 3856 2858 3918 aegrotum,
2913 3849 3186 3904 medicum
3244 3859 3426 3905 autem

1848 3936 2050 4004 Deum;
2075 3937 2217 3992 dona
2255 3953 2472 4010 quoque
2494 3940 2666 3994 sancti
2695 3938 2930 4010 Spiritus
2961 3939 3289 4007 antidotum,
3318 3941 3434 3996 vir-

1844 4041 1991 4088 tutes
2021 4046 2152 4086 vero
2180 4032 2492 4099 sanitatem,
2534 4032 2901 4088 beatitudines
2928 4041 3109 4087 autem
3153 4032 3429 4088 felicitatis

1845 4121 2128 4193 gaudium.
2163 4119 2305 4176 Sunt
2331 4137 2460 4194 ergo
2482 4122 2617 4178 vitia
2659 4122 2911 4193 capitalia
2946 4131 3174 4193 septem,
3204 4137 3270 4178 es
3300 4123 3428 4193 qui-

1845 4214 1948 4268 bus
1977 4214 2230 4270 universa
2277 4215 2419 4270 mala
2454 4213 2730 4268 oriuntur.
2779 4212 2844 4268 lli
2881 4223 3010 4268 sunt
3040 4213 3218 4269 fontes
3242 4214 3424 4284 abyssi

1846 4306 2214 4370 tenebrarum,
2257 4307 2329 4363 de
2359 4305 2560 4377 quibus
2606 4305 2831 4362 ﬂumina
2880 4304 3173 4378 Babylonis
3201 4316 3424 4371 exeunt,

1843 4407 1897 4450 et
1925 4396 1978 4450 in
2021 4411 2238 4451 omnem
2273 4405 2474 4452 terram
2499 4395 2754 4464 deducta,
2798 4395 3073 4451 stillicidia
3112 4395 3427 4466 iniquitates

156 4488 464 4558 pestilentia
509 4489 785 4558 perimens
834 4489 1109 4544 animalia.
1154 4488 1251 4545 Est
1287 4499 1467 4546 autem
1501 4491 1642 4548 foeda
1673 4493 1739 4548 li-
1771 4501 1814 4556 1)
1843 4487 2175 4543 diﬂ'unduut.
2217 4487 2292 4544 De
2326 4488 2528 4559 quibus
2555 4487 2874 4544 ﬂuminibus
2903 4487 3188 4544 Psalmista
3219 4487 3273 4541 in
3304 4501 3430 4556 per-

156 4578 292 4634 bido
320 4578 764 4637 irrationabiliter
785 4581 1024 4636 viventes
1047 4581 1387 4647 iuterimens,
1415 4591 1470 4637 at
1494 4583 1545 4636 in
1569 4583 1742 4653 turpi-

159 4671 350 4726 tudine
381 4672 712 4741 putrefactas
743 4671 1084 4727 daemonibus
1127 4671 1288 4743 quasi
1333 4674 1561 4730 canibus
1596 4677 1741 4730 lacc-

155 4763 364 4818 randos
391 4779 688 4834 exponens.
724 4763 888 4819 Sexta
921 4765 1078 4835 plaga
1121 4767 1498 4835 producuntur
1546 4768 1742 4823 vesicae

155 4852 432 4909 ferventes
456 4863 508 4909 et
546 4843 748 4910 ulcera.
772 4854 965 4910 Ulcera
997 4865 1126 4910 sunt
1156 4856 1477 4912 dolositates
1504 4859 1742 4914 malitio-

154 4961 367 5012 eorum
422 4948 618 5002 vesica:
662 4946 969 5002 inﬂationes
1015 4948 1401 5016 superborum.
1455 4949 1521 5003 lli
1568 4952 1742 5005 malos

152 5037 500 5103 excruciant,
530 5047 584 5092 et
627 5037 876 5093 moribus
911 5037 1027 5092 suis
1073 5037 1344 5092 fcedantes
1390 5039 1548 5108 quasi
1593 5049 1744 5110 peste

151 5128 470 5198 deturpant.
507 5127 746 5200 Septima
769 5131 922 5200 plaga
946 5139 1074 5184 sunt
1101 5130 1330 5200 grando,
1358 5130 1499 5200 ignis
1521 5139 1574 5186 et
1599 5131 1743 5185 toni-

153 5227 308 5274 trua.
355 5219 620 5277 Tonitrua
661 5231 790 5277 sunt
816 5231 1052 5277 terrores
1087 5221 1417 5292 principum,
1455 5223 1661 5294 grando
1690 5230 1746 5278 et

154 5313 326 5382 ignis,
362 5314 568 5370 saevitia
613 5315 948 5385 praedonum.
1004 5313 1070 5368 Ili
1123 5315 1323 5385 impios
1355 5315 1742 5382 exterminant,

152 5403 295 5460 dum
347 5420 443 5461 eos
488 5421 614 5460 cum
667 5407 830 5462 rebus
879 5406 1147 5462 violenter
1201 5407 1490 5477 dissipant.
1541 5405 1744 5463 Octava

153 5496 322 5569 plaga
354 5505 438 5553 est
458 5497 700 5554 bruchus
734 5507 788 5554 et
829 5499 1064 5554 locusta.
1095 5499 1294 5554 Bruchi
1325 5507 1454 5554 sunt
1499 5513 1743 5565 voraces,

151 5589 390 5646 locusta:
418 5589 717 5658 discordes,
745 5590 1118 5662 voluptatibus
1159 5591 1435 5648 salientes.
1477 5590 1545 5646 Hi
1586 5590 1748 5647 flores

153 5682 423 5737 arborum
453 5692 508 5738 et
542 5691 783 5752 segetum
810 5682 1123 5738 devorando
1155 5683 1474 5749 corrodunt,
1501 5683 1628 5754 quia
1665 5693 1748 5736 ta-

155 5773 244 5827 les
279 5775 422 5829 boua
446 5773 712 5828 desideria
740 5788 834 5843 per
862 5789 1028 5843 prava
1061 5775 1309 5845 exempla
1335 5783 1388 5830 et
1411 5776 1550 5829 mala
1575 5775 1746 5830 collo-

529 5873 796 5931 I'ATnOL.
833 5871 1068 5931 CLVII.

1845 4595 1978 4634 sona
2017 4580 2200 4650 papuli
2227 4580 2401 4636 ﬁdelis
2431 4579 2631 4636 cecinit
2667 4579 2856 4635 dicens
2886 4598 2898 4633 :
2934 4598 2952 4632 ι
2993 4578 3169 4650 Super
3200 4578 3426 4633 ﬂumina

1845 4671 2158 4744 Babylonis,
2195 4691 2214 4725 ι
2246 4681 2350 4729 etc.
2374 4671 2552 4742 (Psal.
2583 4671 2830 4736 cxxxv‘l.)

1918 4761 1994 4817 De
2021 4763 2106 4818 his
2129 4772 2335 4834 septem
2365 4763 2516 4819 vitiis
2540 4763 2913 4818 vastatorihus
2941 4762 3163 4816 humani
3210 4763 3426 4831 generis

1850 4863 1904 4910 et
1932 4855 2245 4910 universam
2294 4855 2659 4926 integritatem
2705 4863 2914 4911 naturae
2945 4851 3427 4921 corrumpentibus

1846 4947 2121 5017 simulque
2146 4947 2419 5002 malorum
2448 4947 2694 5001 omnium
2724 4945 2966 5016 germina
2998 4943 3428 5015 producentibus

1844 5048 2110 5110 quantum
2157 5039 2224 5094 ad
2267 5055 2508 5110 praesens
2555 5041 2830 5112 negotium
2870 5040 3252 5110 explicandum
3280 5039 3430 5096 suill-

1845 5145 1969 5185 cere
2016 5138 2276 5200 putamus
2320 5132 2631 5202 loquamur.
2677 5129 2894 5202 Septem
2943 5148 3074 5204 ergo
3105 5141 3252 5197 sunt,
3277 5145 3333 5187 et
3361 5146 3430 5186 ex

1847 5220 1933 5276 his
1959 5220 2064 5274 tria
2106 5220 2384 5276 hominem
2413 5219 2739 5292 despoliant,
2773 5231 3028 5293 quartum
3067 5222 3428 5292 exspoliatum

1847 5310 2103 5384 ﬂagellat,
2127 5311 2378 5382 quintum
2404 5311 2730 5385 ﬂagellatum
2754 5315 2924 5385 ejicit,
2954 5325 3165 5370 sextum
3193 5315 3429 5382 ejectum

1847 5402 2078 5468 seducit,
2110 5403 2405 5473 septimum
2436 5403 2720 5460 seductum
2753 5405 2994 5474 subjicit.
3026 5401 3294 5474 Superbia
3331 5417 3432 5456 au-

1849 5495 1956 5552 fert
1977 5496 2186 5552 homini
2231 5494 2423 5562 Deum,
2457 5496 2660 5551 invidia
2705 5497 2884 5551 aufert
2903 5497 2952 5552 ei
2988 5496 3321 5566 proximum,
3349 5494 3432 5548 ira

1848 5589 2026 5646 aufert
2051 5590 2098 5644 ei
2132 5588 2392 5660 seipsum.
2423 5587 2669 5645 Tristitia
2701 5589 2992 5662 spoliatum
3019 5588 3273 5660 ﬂagellat,
3296 5602 3432 5642 ava-

1848 5682 1970 5736 ritia
1998 5681 2323 5751 ﬂagellatum
2353 5680 2522 5749 ejicit,
2550 5682 2674 5753 gula
2696 5681 2928 5751 ejectum
2955 5680 3188 5744 seducit,
3213 5679 3428 5735 luxuria

1851 5773 2134 5828 seductum
2168 5772 2417 5828 servituti
2447 5773 2688 5842 subjicit.
2729 5771 2885 5828 Nunc
2921 5780 3276 5839 revertentes,
3311 5771 3432 5827 sin~

3088 5864 3166 5926 3i.
