3948 6512
511 356 644 409 1067

1613 352 1940 408 WERNERI
1981 352 2275 410 ABBATIS
2313 355 2371 412 S.
2414 354 2634 410 BLASII

3630 366 3769 423 10-38

501 471 628 540 gula
658 484 756 541 per
781 472 1031 527 ordinem
1061 468 1416 540 explicemus.
1451 466 1722 539 Superbia
1744 485 1981 541 namque
2003 477 2088 525 est
2115 474 2162 530 A
2190 468 2285 537 tia,
2339 485 2462 541 quae
2505 471 2834 543 ﬂagellatum
2891 474 3069 543 ejieit,
3122 475 3249 547 quia
3298 475 3519 533 interno
3573 481 3771 544 gaudio

502 575 661 617 amor
707 560 941 631 propriae
998 560 1351 626 excellentiae,
1396 560 1616 630 quando
1666 576 1822 617 mens
1876 562 2082 615 bonum

500 652 647 722 quod
683 651 848 706 habet
878 650 1230 719 singulariter
1259 651 1460 722 diligit,
1486 652 1539 707 id
1569 660 1654 708 est
1683 653 1802 709 sine
1823 667 1889 708 eo
1916 669 1945 707 a
1974 668 2083 723 quo

497 742 707 799 bonum
755 742 985 811 accepit.
1023 740 1068 797 0
1101 743 1355 813 superbia
1400 743 1681 813 pestifera,
1728 744 1859 815 quid
1907 744 2082 812 agis?

494 834 608 890 Cur
634 834 834 890 suades
865 834 1043 889 rivulo
1065 842 1128 889 ut
1159 850 1218 889 se
1240 851 1269 889 a
1300 834 1446 891 fonte
1468 836 1712 892 dividat?
1742 836 1855 892 Cur
1882 838 2081 892 suades

496 928 653 983 radio
676 935 737 982 ut
761 943 820 983 se
847 945 877 982 a
908 928 1025 984 sole
1049 936 1224 983 vertat
1254 928 1277 980 ?
1306 926 1451 983 Cur?
1475 928 1584 984 nisi
1613 938 1671 984 ut
1705 928 1814 996 ille,
1840 928 1970 983 dum
1997 929 2081 983 in-

493 1017 651 1074 fundi
671 1018 893 1086 desinit,
922 1028 1158 1085 arescat,
1182 1029 1236 1075 et
1258 1020 1381 1087 iste,
1405 1020 1535 1075 dum
1561 1020 1630 1075 ab
1655 1020 1998 1075 illuminante
2021 1036 2080 1076 se

492 1113 718 1177 avertit,
752 1111 1078 1167 tenebrosus
1122 1111 1217 1166 ﬁat
1247 1130 1261 1178 ;
1298 1121 1530 1182 uterque
1574 1127 1726 1178 vero,
1768 1111 1898 1167 dum
1935 1112 2079 1168 acci-

489 1218 622 1274 pere
648 1212 829 1259 cessat
866 1204 920 1259 id
963 1203 1111 1275 quod
1148 1204 1379 1260 necdum
1431 1204 1615 1265 habet.
1650 1207 1912 1259 continuo
1943 1204 2076 1259 illud

488 1297 656 1352 etiam
679 1296 827 1368 quod
865 1297 1030 1353 habet
1057 1297 1292 1352 amittat.
1320 1296 1435 1353 Hoc
1461 1296 1704 1367 profecto
1735 1309 1908 1353 tutum
1938 1298 2074 1369 agis,

490 1402 619 1443 cum
653 1388 817 1444 doces
860 1388 1067 1443 donum
1116 1397 1268 1443 extra
1305 1390 1551 1444 datorem
1584 1390 1831 1459 diligere.
1875 1391 1943 1445 ad
1972 1391 2077 1446 hoc

490 1478 669 1534 tendis
693 1487 756 1533 ut
781 1479 876 1549 qui
899 1489 1110 1549 partem
1156 1479 1283 1533 boni
1326 1482 1473 1550 quod
1508 1480 1577 1535 ab
1606 1482 1715 1536 alio
1751 1484 1936 1537 datum
1967 1488 2072 1546 est,

488 1584 746 1640 perverse
768 1570 872 1626 sibi
895 1571 1160 1639 vindicat,
1187 1580 1361 1627 totum
1394 1572 1597 1628 bonum
1619 1574 1764 1644 quod
1791 1574 1844 1627 in
1873 1574 1966 1629 illo
1990 1583 2074 1629 est

490 1662 730 1728 amittat,
759 1662 946 1733 sicque
970 1661 1064 1718 ﬁat
1086 1670 1269 1718 utnec
1302 1664 1357 1718 id
1380 1665 1526 1734 quod
1550 1665 1712 1720 habet
1744 1666 1946 1721 utiliter
1970 1665 2072 1720 ha-

487 1752 618 1808 bere
638 1753 833 1823 possit,
852 1753 983 1808 dum
1014 1755 1146 1810 illud
1170 1755 1314 1810 ineo
1341 1770 1371 1809 a
1406 1772 1517 1826 quo
1548 1757 1713 1812 habet
1740 1773 1851 1813 non
1873 1758 2066 1829 diligit.

488 1841 645 1899 Sicut
661 1844 806 1899 enim
823 1845 1025 1900 bonum
1040 1846 1303 1901 veraciter
1316 1863 1347 1901 a
1362 1845 1472 1902 Deo
1485 1857 1589 1915 est,
1609 1848 1681 1902 ita
1699 1849 1906 1903 nullum
1921 1858 2072 1904 extra

484 1934 660 1992 Deum
672 1937 877 1992 bonum
891 1938 1095 1992 utiliter
1110 1938 1295 1993 haberi
1310 1947 1507 2008 potest,
1526 1940 1636 1993 imo
1650 1956 1779 1995 vero
1794 1956 1890 2011 per
1901 1940 2006 1996 hoc
2017 1941 2072 1997 id

484 2027 665 2099 ipsum
697 2027 845 2099 quod
876 2029 1108 2085 habetur
1133 2030 1424 2099 amittitur,
1452 2032 1740 2101 quandoin
1769 2048 1836 2088 eo
1863 2041 1917 2088 ct
1943 2049 2068 2088 cum

483 2135 552 2176 eo
583 2135 618 2175 .a
645 2136 757 2191 quo
786 2120 1019 2177 habetur
1039 2137 1149 2177 non
1176 2132 1413 2179 amatur.
1444 2122 1581 2179 Nam
1618 2124 1934 2195 quicunque
1959 2142 2067 2179 non

483 2214 640 2268 novit
675 2214 783 2269 nisi
825 2214 928 2269 hoc
962 2214 1169 2270 bonum
1226 2215 1373 2285 quod
1438 2216 1621 2283 habet,
1679 2216 1737 2271 in
1775 2218 2070 2288 semetipso

482 2304 710 2376 diligere
770 2321 995 2363 necesse
1046 2315 1170 2374 est,
1225 2317 1308 2375 ut,
1354 2307 1483 2364 dum
1523 2309 1579 2363 in
1627 2309 1800 2365 altero
1858 2309 2067 2365 bonum

482 2395 631 2466 quod
656 2410 767 2450 non
805 2396 970 2453 habet
1007 2398 1305 2468 aspexerit,
1336 2406 1488 2454 tanto
1520 2400 1763 2457 amarius
1810 2416 1909 2457 sua
1939 2416 2067 2456 eum

483 2482 827 2556 imperfectio
849 2494 1123 2557 torqueat,
1154 2497 1362 2557 quanto
1389 2502 1516 2542 eum
1542 2487 1598 2542 in
1633 2504 1745 2559 quo
1776 2504 1937 2545 omne
1964 2490 2064 2546 bo-

480 2592 615 2631 num
643 2578 914 2645 consistit,
940 2593 1050 2634 non
1074 2588 1240 2635 amat.
1268 2578 1335 2635 Et
1355 2580 1562 2635 ideirco
1584 2580 1897 2651 superbiam
1921 2596 2067 2637 sem-

478 2685 577 2741 per
605 2671 855 2742 sequitur
907 2671 1133 2739 invidia,
1163 2673 1293 2744 quia
1345 2674 1439 2745 qui
1490 2675 1602 2731 illic
1657 2690 1903 2731 amorem
1950 2691 2064 2732 non

478 2765 598 2835 ﬁgit
640 2764 735 2819 ubi
767 2765 977 2820 bonum
1006 2774 1113 2833 est,
1161 2775 1430 2837 quantum
1457 2766 1524 2823 de
1551 2783 1653 2823 suo
1686 2783 1941 2839 perverse
1968 2783 2065 2824 ex-

476 2855 712 2924 tollitur,
752 2864 967 2912 tantum
995 2856 1217 2927 gravius
1245 2856 1313 2912 de
1354 2857 1499 2913 bono
1534 2856 1712 2913 alieno
1751 2865 2061 2928 torquetur.

480 2948 608 3005 Suae
652 2950 816 3021 igitur
838 2949 1063 3005 elationi
1108 2949 1433 3020 justissima:
1479 2965 1642 3020 poena
1681 2950 1937 3021 deputata
1979 2958 2064 3005 est

477 3039 618 3110 ipsa,
648 3056 815 3112 quam
842 3040 910 3097 de
940 3056 999 3097 se
1028 3040 1286 3111 superbia
1312 3041 1486 3112 gignit
1510 3041 1732 3097 invidia.
1785 3038 1924 3108 Quia
1948 3055 2060 3111 quo

475 3147 772 3188 commune
824 3132 1072 3188 omnium
1126 3131 1334 3187 bonum
1384 3132 1609 3201 diligere
1664 3132 1859 3199 noluit,
1914 3141 2129 3227 recteC

474 3241 625 3281 nunc
677 3225 809 3281 boni
857 3225 1023 3281 alieni
1070 3224 1244 3281 livore
1283 3225 1532 3281 tabescit.
1598 3222 1773 3291 Quam
1814 3223 2059 3295 profecto

472 3318 671 3375 alienat
722 3316 1000 3374 felicitatis
1039 3332 1331 3374 successus
1361 3332 1471 3373 non
1502 3326 1704 3383 ureret,
1738 3316 1785 3371 si
1815 3317 1967 3372 illum
2002 3318 2057 3373 in

473 3424 589 3482 quo
619 3423 784 3465 omne
813 3408 1018 3464 bonum
1050 3417 1154 3473 est,
1183 3423 1279 3478 per
1302 3422 1545 3463 amorem
1574 3406 1899 3477 possideret.
1947 3405 2060 3463 Nec

470 3500 620 3557 enim
640 3499 879 3555 alienum
900 3516 931 3555 a
948 3515 1005 3555 se
1025 3498 1299 3569 judicaret
1322 3498 1526 3553 bonum
1554 3497 1801 3565 alterius,
1828 3498 1873 3553 si
1894 3513 2054 3554 suum

468 3589 549 3648 ibi
585 3591 854 3662 diligeret,
885 3591 981 3647 ubi
1004 3600 1058 3645 et
1083 3606 1245 3646 suum
1277 3600 1332 3645 et
1360 3589 1585 3647 alterius
1612 3590 1817 3646 bonum
1868 3592 2060 3647 simili-

466 3693 556 3741 ter
584 3684 914 3755 possideret.
968 3681 1127 3739 Nunc
1159 3698 1292 3754 ergo
1322 3690 1590 3753 quantum
1630 3699 1689 3739 se
1738 3698 1834 3754 per
1858 3684 2053 3740 elatio-

462 3789 599 3831 nem
627 3779 818 3828 contra
849 3770 1165 3827 Creatorem
1201 3772 1433 3840 extollit,
1465 3781 1674 3827 tantum
1698 3789 1795 3844 per
1822 3774 2052 3830 livorem

468 3865 576 3924 In!)
598 3865 851 3936 proximo
881 3864 1050 3932 cadit,
1098 3873 1153 3920 et
1183 3873 1452 3936 quantum
1481 3866 1558 3921 ibi
1582 3864 1854 3923 fallaciter
1882 3867 2053 3938 erigi-

466 3964 580 4024 tur,
622 3963 834 4011 tantum
876 3954 967 4011 hic
1001 3955 1269 4011 veraciter
1302 3955 1695 4027 przecipitatur.
1738 3954 1845 4012 Sed
1868 3971 2047 4028 neque

463 4046 732 4107 desistere
752 4056 934 4119 potest
959 4048 1132 4104 semel
1157 4057 1336 4119 empta
1378 4048 1679 4119 corruptio.
1724 4048 1850 4104 Mox
1902 4050 2050 4105 enim

462 4151 528 4198 ut
561 4142 629 4199 de
656 4139 861 4198 invidia
890 4142 1144 4213 superbia
1200 4150 1329 4197 nata
1356 4140 1552 4209 fuerit,
1592 4142 1730 4197 iram
1780 4142 1953 4213 ipsam
1983 4142 2051 4198 de

461 4250 525 4291 se
549 4234 715 4306 parit,
728 4235 856 4306 quia
879 4234 1048 4290 miser
1060 4234 1177 4290 avis
1197 4233 1356 4305 (ἰδ’).
1374 4231 1670 4304 Propterea
1688 4233 1802 4304 jam
1827 4233 2049 4305 sibiipsi

462 4323 533 4382 de
562 4340 661 4382 sua
690 4324 1102 4396 imperfectione
1122 4325 1401 4393 irascitur,
1430 4325 1560 4396 quia
1601 4325 1669 4381 de
1721 4325 1868 4382 bono
1912 4327 2050 4383 alte-

461 4419 582 4476 rius
626 4433 724 4490 per
773 4419 1098 4474 charitatem
1159 4432 1268 4472 non
1317 4417 1554 4484 laetatur,
1605 4426 1769 4488 atque
1820 4417 1945 4474 ideo
1991 4419 2047 4474 id

459 4514 628 4569 etiam
653 4512 800 4582 quod
832 4511 999 4567 habet
1047 4511 1152 4567 sibi
1177 4510 1469 4581 displicere
1499 4511 1713 4583 incipit,
1766 4527 1931 4582 quem
1988 4513 2043 4568 in
2078 4534 2122 4588 ι)
2154 4517 2385 4571 Domino
2438 4515 2674 4571 dicimus
2731 4532 2745 4568 :

460 4602 571 4675 alio
612 4604 667 4660 id
690 4602 838 4674 quod
880 4603 1083 4658 habere
1128 4616 1238 4659 non
1264 4610 1443 4672 potest
1468 4602 1737 4673 agnoscit.
1784 4601 1888 4669 Qui
1914 4618 2047 4676 ergo

422 4766 429 4774 ι
457 4709 560 4768 per
577 4695 903 4752 charitatem
932 4694 989 4749 in
1004 4693 1115 4749 Deo
1141 4702 1315 4749 totum
1344 4693 1549 4750 habere
1576 4693 1775 4764 potuit,
1808 4694 1862 4749 id
1879 4695 2046 4751 etiam

458 4785 610 4856 quod
638 4800 735 4855 per
763 4783 1055 4841 elationem
1087 4794 1244 4839 extra
1276 4782 1448 4840 Deum
1480 4783 1682 4843 habere
1719 4786 2042 4854 conabatur,

459 4894 560 4950 per
597 4878 859 4934 invidiam
886 4887 940 4934 et
964 4879 1102 4933 iram
1144 4878 1368 4945 amittit,
1423 4877 1576 4949 quia,
1626 4887 1916 4949 postquam
1950 4897 2046 4950 per

462 4969 777 5040 superbiam
808 4968 980 5026 Deum
1030 4967 1255 5033 amittit,
1287 4983 1385 5039 per
1406 4967 1675 5025 invidiam
1705 4969 1883 5039 perdit
1915 4984 2046 5039 pro-

460 5062 695 5128 ximum,
729 5070 785 5117 et
813 5078 910 5132 per
941 5062 1078 5117 iram
1102 5061 1478 5132 semetipsum.
1508 5060 1650 5129 Quia
1691 5077 1825 5133 ergo
1865 5063 2045 5117 omni-

460 5153 569 5212 bus
614 5153 835 5208 amissis
885 5154 1022 5208 nihil
1071 5162 1320 5225 superest
1377 5153 1521 5208 unde
1550 5153 1805 5224 gaudeat,
1854 5152 2042 5209 infelix

460 5245 796 5303 conscientia
836 5261 932 5316 per
953 5247 1234 5301 tristitiam
1283 5246 1339 5300 in
1396 5245 1705 5317 semetipsis
1741 5246 2038 5314 colliditur,

460 5346 516 5392 et
542 5337 672 5407 quia
723 5336 791 5393 de
842 5338 1022 5393 alieno
1069 5338 1216 5393 bono
1260 5338 1349 5408 pie
1400 5337 1570 5392 ltetari
1605 5337 1800 5407 noluit,
1851 5339 1918 5394 de
1940 5354 2042 5394 suo

462 5429 610 5486 malo
629 5430 934 5485 cruciatur.

531 5517 665 5576 Post
692 5519 1004 5589 superbiam
1036 5535 1192 5589 ergo,
1217 5528 1271 5574 et
1293 5518 1575 5587 invidiam,
1626 5529 1682 5577 et
1721 5522 1884 5587 iram,
1917 5537 2041 5592 qua:

461 5613 739 5670 hominem
816 5614 1091 5683 spoliant,
1152 5611 1416 5668 continuo
1490 5614 1707 5669 tristitia
1767 5614 2035 5684 sequitur,

460 5720 585 5775 qua:
634 5705 898 5759 nudatum
948 5703 1200 5773 ﬂagellat.
1229 5704 1330 5759 Cui
1360 5704 1556 5760 deinde
1581 5705 1826 5762 succedit
1855 5706 2039 5759 avari-

500 5866 505 5869 ι
530 5816 667 5876 “5"
709 5817 800 5872 Sic
829 5822 881 5871 in
914 5817 1097 5872 codice
1126 5836 1138 5872 :
1175 5820 1341 5874 miser
1368 5821 1507 5875 auis.

2187 562 2437 630 amisso,
2490 561 2627 619 foris
2692 565 3120 620 consolationem
3177 584 3424 638 quaerere
3472 572 3766 635 compellit.

2184 654 2379 711 Postea
2413 656 2623 712 accedit
2645 659 2789 728 gula,
2819 673 2941 726 qua:
2969 659 3203 729 ejectum
3222 660 3463 728 seducit,
3499 664 3630 731 quia
3656 664 3769 717 ani-

2185 762 2337 802 mum
2361 748 2728 803 exterioribus
2756 748 3079 816 inhiantem,
3133 751 3239 807 hoc
3267 752 3463 806 vitium
3492 753 3546 807 in
3578 755 3767 824 primis

2182 842 2343 909 quasi
2364 839 2545 895 vicino
2569 847 2787 895 tentans
2810 856 2906 910 per
2931 841 3107 911 ipsum
3135 843 3443 897 naturalem
3471 846 3764 914 appetitum

2184 931 2253 985 ad
2277 930 2557 986 excelsum
2589 930 2763 986 illicit.
2798 929 3084 986 Postremo
3114 933 3511 1003 superveniens
3532 934 3763 1002 luxuria,

2181 1037 2302 1093 quae
2320 1022 2601 1077 seductum
2625 1021 2890 1077 violenter
2908 1022 3155 1077 servituti
3181 1024 3427 1095 subjicit,
3442 1025 3598 1096 quia,
3616 1034 3761 1095 post-

2180 1127 2347 1182 quam
2373 1129 2504 1169 caro
2549 1129 2647 1184 per
2675 1115 2958 1183 crapulam
2994 1113 3334 1169 inﬂammata
3358 1126 3465 1182 est,
3512 1115 3757 1171 ardorem

2179 1204 2425 1261 libidinis
2471 1206 2942 1276 super-venientem
2978 1207 3254 1261 emollitur
3292 1215 3461 1278 atque
3498 1209 3761 1264 enerviter

2179 1298 2456 1355 resolutus
2478 1299 2698 1353 animus
2740 1298 2958 1353 vincere
3006 1313 3115 1353 non
3147 1306 3349 1368 potest.
3395 1299 3579 1353 Servit
3607 1299 3759 1369 igitur

2178 1390 2479 1445 saavissime
2501 1390 2840 1444 damnationi
2867 1405 3024 1445 mens
3048 1390 3282 1459 turpiter
3305 1391 3559 1456 subacta,
3588 1400 3644 1445 et
3663 1392 3755 1446 nisi

2177 1489 2368 1535 exorta
2400 1481 2686 1537 subveniat
2718 1480 3023 1537 Salvatoris
3084 1482 3280 1551 pietas,
3338 1497 3454 1537 non
3501 1482 3608 1537 erit
3652 1483 3752 1552 jam

2179 1573 2323 1628 unde
2385 1571 3069 1643 captivoservientiamissa
3137 1573 3467 1627 restituatur
3517 1572 3749 1628 libertas.

2622 1663 2699 1718 De
2725 1671 2919 1732 septem
2946 1663 3314 1733 petitionibus.

2250 1754 2566 1827 Sequuntur
2602 1764 2807 1826 septem
2840 1755 3133 1825 petitiones
3189 1763 3382 1810 contra
3428 1762 3637 1824 septem
3679 1755 3753 1809 vi-

2108 1830 2150 1886 B
2177 1849 2269 1914 tia,
2315 1849 2517 1920 quibus
2545 1857 2736 1903 oratur
2785 1855 2844 1902 ut
2896 1847 3189 1902 subveniat
3218 1848 3311 1917 qui
3344 1862 3451 1901 nos
3505 1856 3561 1903 et
3608 1863 3751 1902 orare

2173 1941 2360 1998 docuit
2391 1940 2609 2012 (Matth.
2642 1942 2742 2011 vi),
2766 1950 2818 1995 et
2855 1941 3001 2011 quod
3033 1940 3323 1995 orantibus
3356 1939 3624 2009 Spiritum
3664 1942 3753 1995 bo-

2173 2049 2304 2088 num
2334 2033 2401 2088 ad
2428 2033 2671 2088 sananda
2699 2034 2923 2087 vulnera
2953 2040 3141 2088 nostra
3160 2074 3177 2100 ,
3224 2042 3279 2088 et
3322 2033 3393 2087 ad
3437 2034 3749 2089 solvendum

2169 2126 2364 2195 jugum
2392 2124 2723 2194 captivitatis
2750 2132 2953 2178 nostrae
2982 2123 3213 2178 daturus
3243 2131 3391 2177 esset
3416 2123 3745 2192 repromisit.

2174 2214 2280 2271 Sed
2320 2230 2422 2271 nos
2461 2223 2758 2285 antequam
2811 2216 2878 2270 ad
2923 2215 3365 2285 explanationem
3423 2213 3622 2268 harum
3668 2229 3751 2269 ve-

2170 2307 2411 2373 niamus,
2440 2306 2594 2376 prius
2643 2305 2750 2360 alia
2787 2305 2966 2361 adhuc
3009 2304 3376 2361 similitudine
3418 2305 3752 2359 demonstre-

2170 2413 2294 2453 mus
2323 2405 2587 2468 quantam
2633 2397 2688 2450 in
2737 2395 2897 2449 nobis
2941 2394 3358 2464 corruptionem
3392 2410 3564 2464 supra
3615 2394 3749 2449 dicta

2169 2497 2452 2561 generent,
2479 2497 2539 2543 ut
2590 2496 2800 2559 quanto
2841 2486 3200 2558 periculosior
3249 2485 3490 2556 languor
3521 2486 3752 2540 ostendi-

2170 2590 2277 2649 tur,
2303 2591 2456 2637 tanto
2485 2580 2660 2651 magis
2691 2582 2999 2634 necessaria
3028 2576 3304 2632 medicina
3337 2576 3743 2646 comprobatur.

2166 2671 2271 2728 Per
2313 2672 2625 2743 superbiam
2684 2671 2851 2741 igitur
2895 2685 2989 2725 cor
3040 2668 3285 2734 inflatur,
3350 2683 3450 2737 per
3499 2668 3749 2722 invidiam

2167 2766 2399 2831 arescit,
2432 2780 2529 2835 per
2558 2764 2698 2818 iram
2746 2769 2950 2832 crepat,
2995 2775 3092 2831 per
3118 2760 3408 2815 tristitiam
3458 2761 3752 2816 conteritur

2165 2867 2219 2913 et
2271 2856 2431 2927 quasi
2471 2857 2526 2910 in
2559 2855 2838 2926 pulverem
2883 2853 3186 2924 redigitur,
3232 2867 3331 2922 per
3352 2852 3633 2907 avaritiam
3666 2852 3751 2907 di-

2165 2949 2459 3020 spergitur,
2492 2964 2589 3019 per
2618 2947 2800 3019 gulam
2834 2947 3075 3000 inﬁcitur
3103 2953 3159 2999 et
3188 2944 3354 3015 quasi
3388 2944 3749 3008 bumectatur,

2166 3056 2263 3113 per
2321 3041 2594 3095 luxuriam
2650 3038 3008 3094 conculcatur
3060 3044 3117 3092 et
3170 3036 3226 3090 in
3260 3037 3439 3091 lutum
3468 3036 3753 3106 redigitur,

2164 3135 2238 3189 ita
2269 3144 2331 3188 ut
2361 3133 2477 3203 jam
2507 3132 2676 3188 miser
2718 3132 2904 3186 dicere
2956 3127 3176 3199 possit:
3239 3148 3258 3180 ‹
3299 3127 3503 3183 lnﬁxus
3532 3143 3658 3182 sum
3697 3128 3756 3181 in

2165 3226 2295 3279 limo
2320 3223 2604 3295 profundi,
2632 3231 2686 3277 et
2728 3238 2836 3276 non
2867 3230 2951 3276 est
2970 3220 3307 3275 substantia.
3362 3218 3497 3274 Veni
3533 3219 3590 3273 in
3620 3218 3757 3273 alti-

2160 3318 2404 3374 tudinem
2445 3315 2650 3381 maris,
2702 3322 2757 3370 et
2795 3320 3092 3382 tempestas
3132 3311 3390 3366 demersit
3432 3325 3520 3365 me
3566 3308 3760 3380 (Psal.

2157 3409 2376 3480 vam).
2414 3426 2433 3459 ι
2462 3406 2711 3477 Cumque
2735 3404 2866 3459 huic
2891 3405 3026 3459 limo
3050 3401 3299 3473 profundi
3320 3400 3538 3454 animus
3568 3399 3765 3454 fcerit

2158 3502 2383 3566 intlxus,
2417 3509 2471 3557 et
2498 3500 2614 3554 luto
2645 3496 3114 3567 coinquinationis
3148 3505 3204 3551 et
3232 3493 3581 3549 immunditia
3640 3494 3765 3549 ob-

2154 3594 2394 3661 volutus,
2420 3591 2578 3647 evelli
2600 3604 2949 3661 nequaquam
2976 3596 3178 3660 potest,
3216 3587 3322 3641 nisi
3343 3586 3409 3641 ad
3428 3586 3585 3640 illum
3634 3586 3767 3642 cla-

2156 3694 2273 3741 met
2321 3696 2377 3741 ct
2431 3685 2553 3756 ejus
2584 3684 2851 3738 auxilium
2891 3681 3149 3752 postulet.
3206 3678 3283 3733 De
3309 3693 3422 3749 quo
3447 3678 3767 3737 Psalmista

2162 3776 2406 3847 loquitur
2454 3775 2684 3830 dicens:
2742 3792 2760 3825 ι
2807 3771 3144 3843 Exspectans
3192 3771 3507 3840 exspectavi
3562 3771 3767 3825 Domi-

2156 3883 2328 3932 num,
2411 3875 2465 3921 et
2525 3865 2758 3921 intendit
2817 3864 2992 3930 mihi;
3069 3869 3126 3917 et
3201 3862 3482 3917 exaudivit
3559 3876 3769 3932 preces

2153 3973 2330 4025 meas,
2363 3957 2581 4012 reduxit
2609 3970 2695 4011 me
2718 3956 2787 4011 de
2830 3955 2954 4012 lacu
2987 3952 3223 4009 miseriae
3251 3961 3310 4008 et
3343 3954 3414 4009 de
3446 3954 3565 4009 luto
3608 3952 3770 4009 faecis

2154 4048 2328 4123 (Psal.
2383 4050 2597 4119 xxxrx).
2638 4067 2659 4101 ι
2741 4047 3037 4118 Propterea
3091 4061 3225 4118 ergo
3277 4047 3396 4118 ipse
3441 4063 3545 4102 nos
3597 4064 3775 4103 orare

2152 4144 2339 4200 docuit
2369 4152 2430 4197 ut
2456 4152 2632 4198 totum
2660 4143 2869 4199 bonum
2904 4150 3155 4197 nostrum
3183 4141 3253 4196 ab
3297 4140 3421 4211 ipso
3475 4141 3579 4204 sit,
3622 4150 3688 4194 ut
3713 4149 3773 4194 et

2151 4237 2296 4309 quod
2329 4238 2589 4308 petimus,
2616 4245 2671 4292 et
2697 4236 2845 4308 quod
2869 4242 3117 4306 petentes
3135 4233 3463 4303 accipimus,
3493 4234 3639 4303 ejus
3662 4233 3775 4289 do-

2152 4345 2285 4386 num
2314 4345 2425 4385 non
2450 4338 2703 4384 nostrum
2729 4328 2987 4383 meritum
3021 4342 3143 4383 esse
3173 4326 3589 4398 intelligamus.

2219 4420 2404 4477 Prima
2434 4436 2565 4494 ergo
2596 4420 2786 4490 petitio
2843 4429 3036 4475 contra
3075 4419 3393 4490 superbiam
3450 4426 3591 4485 est,
3656 4434 3775 4490 qua

2810 4531 2829 4564 ι
2878 4511 3269 4569 Sanctiﬁcetur
3324 4528 3539 4567 nomen
3604 4521 3775 4567 tuum

2153 4608 2373 4680 (Matt/1.
2405 4609 2506 4679 γι).
2539 4625 2558 4659 ι
2611 4605 2727 4661 Iloc
2752 4605 2899 4660 enim
2952 4604 3221 4675 petimus,
3258 4614 3320 4659 ut
3368 4605 3461 4659 det
3494 4604 3687 4659 nobis
3711 4604 3783 4659 ti-

2152 4714 2301 4755 mere
2348 4707 2403 4754 et
2435 4696 2686 4753 venerari
2718 4712 2919 4751 nomen
2969 4711 3154 4763 suum,
3203 4695 3495 4765 'quatenus
3551 4695 3612 4748 ei
3678 4709 3783 4765 per

2150 4791 2513 4847 humilitatem
2555 4789 2789 4859 subjecti
2820 4789 3022 4856 simus,
3042 4789 3136 4859 qui
3169 4803 3265 4858 per
3289 4787 3641 4857 superbiam
3682 4802 3783 4841 re-

2152 4882 2320 4937 belles
2351 4891 2405 4936 et
2430 4889 2783 4936 contumaces
2825 4880 3159 4935 exstitimus.
3195 4875 3333 4933 Huic
3359 4877 3645 4947 petitioni
3678 4877 3786 4932 da-

2151 4983 2238 5028 tur
2263 4972 2468 5028 donum
2499 4971 2737 5042 Spiritus
2761 4971 2977 5025 timoris
3011 4969 3250 5032 Domini,
3282 4978 3343 5024 ut
3385 4969 3480 5023 ille
3548 4970 3634 5025 ad
3684 4984 3791 5025 cor

2147 5063 2370 5119 veniens
2395 5064 2654 5117 virtutem
2708 5063 2763 5115 in
2794 5076 2861 5115 eo
2907 5070 3159 5115 exerceat
3205 5060 3594 5126 humilitatis,
3657 5076 3795 5131 qua

2146 5154 2417 5226 superbiae
2444 5154 2698 5209 morbum
2734 5160 2910 5218 sanet,
2951 5162 3221 5223 quatenus
3252 5152 3321 5205 ad
3351 5166 3623 5221 regnum
3671 5168 3797 5210 cu:-

2145 5248 2324 5313 lorum
2350 5245 2499 5316 quod
2526 5245 2754 5317 angelus
2784 5245 3055 5315 superbus
3098 5258 3195 5314 per
3217 5242 3544 5298 elationem
3586 5246 3800 5315 perdi-

2143 5339 2300 5403 didit,
2332 5338 2495 5392 homo
2520 5337 2749 5392 humilis
2780 5336 3059 5406 pervenire
3082 5334 3277 5406 possit.

2221 5428 2475 5486 Secunda
2498 5429 2688 5499 petitio
2718 5438 2800 5484 est
2824 5437 3013 5483 contra
3031 5426 3319 5494 invidiam,
3351 5440 3470 5495 qua
3500 5426 3755 5485 dicitur
3782 5450 3799 5483 :

2154 5525 2479 5581 ¢.Adveniat
2504 5538 2734 5593 regnum
2758 5530 2935 5577 tuum.
2975 5540 2993 5573 ι
3029 5519 3283 5584 Regnum
3336 5520 3670 5589 siquidem
3700 5522 3805 5581 Dei

2142 5618 2293 5674 salus
2321 5625 2406 5673 est
2440 5616 2751 5692 hominum,
2782 5614 2910 5684 quia
2952 5622 3084 5668 tunc
3113 5611 3263 5667 Deus
3311 5612 3371 5667 in
3412 5611 3808 5672 hominibus

2142 5722 2369 5779 regnare
2399 5706 2623 5774 dicitur,
2650 5705 2870 5761 quando
2901 5703 3002 5774 ipsi
3038 5702 3294 5759 homines
3324 5700 3615 5762 Domino
3654 5707 3805 5766 sub.
