3948 6488
195 423 333 480 1069

1124 417 1696 477 DEFLOllATlONES
1740 418 1840 474 SS.
1884 416 2194 474 PATRUM.
2235 446 2305 458 -—
2343 414 2473 472 LIB.
2514 413 2579 471 ll.

3334 419 3467 473 l070

186 536 480 609 jieiuutur,
536 548 593 595 et
617 536 780 593 modo
805 535 853 592 ei
880 534 1211 593 adhaerendo
1238 552 1334 606 per
1365 535 1548 602 ﬁdem,
1580 543 1632 589 et
1661 540 1783 604 post
1810 536 1857 593 Α
1886 540 2077 587 nostro
2100 530 2282 585 debito
2304 529 2515 585 absolvi
2545 528 2841 585 debeamus
2863 568 2878 596 ,
2905 544 2972 584 ex
3002 531 3284 602 proposita
3313 534 3432 587 salu
3450 563 3466 573 -

190 628 515 683 inhaerendo
547 644 644 697 per
690 626 947 697 speciem.
988 627 1093 694 Qui
1126 643 1256 697 ergo
1296 627 1431 698 petit
1465 635 1525 681 ut
1551 641 1780 697 regnum

193 717 289 773 Dei
321 719 607 787 adveniat,
650 719 740 773 ille
776 717 1021 789 profecto
1046 720 1277 774 salutem
1319 718 1601 773 hominum
1633 732 1782 787 quaa-

192 810 284 863 rit.
314 808 394 864 Ac
426 825 524 880 per
554 811 657 865 hoc
686 813 813 865 dum
847 826 947 881 pro
998 810 1283 865 communi
1320 810 1567 864 omnium
1606 810 1781 864 salute

190 901 453 970 postulat,
509 902 699 957 livoris
739 902 931 957 vitium
981 918 1039 957 se
1089 903 1381 971 reprobare
1417 902 1777 956 demonstrat.

191 993 331 1050 Huic
354 996 603 1067 petitioni
634 996 798 1051 datur
832 995 1072 1066 Spiritus
1094 994 1333 1066 pietatis,
1366 1002 1427 1049 ut
1458 1001 1572 1065 ipse
1598 996 1665 1049 ad
1684 1010 1781 1049 cor

191 1090 420 1144 veniens
470 1089 538 1143 ad
586 1089 979 1159 benignitatem
1010 1089 1143 1143 illud
1175 1087 1458 1154 accendat,
1502 1096 1778 1158 quatenus

191 1181 263 1236 ad
304 1182 552 1236 eamdem
604 1182 771 1236 homo
821 1190 1039 1237 aeternae
1092 1181 1425 1237 haereditatis
1476 1180 1781 1252 possessio-

190 1288 341 1339 nem,
366 1273 434 1327 ad
459 1289 626 1343 quam
653 1273 791 1329 alios
819 1273 1106 1344 pervenire
1133 1273 1302 1342 cupit,
1335 1274 1450 1343 ipse
1471 1273 1773 1344 perveniat.

259 1363 447 1420 Tertia
488 1366 679 1435 petitio
736 1375 821 1420 est
882 1376 1071 1422 contra
1131 1366 1307 1430 iram,
1368 1382 1476 1437 qua
1522 1367 1725 1423 dicitur
1760 1409 1775 1422 .

194 1474 216 1507 ο
251 1454 376 1510 Fiat
421 1457 678 1512 voluntas
732 1466 825 1511 tua
865 1457 1014 1512 sicut
1066 1458 1120 1512 in
1178 1458 1319 1513 coelo
1368 1468 1423 1513 et
1470 1458 1716 1515 interra.
1750 1479 1768 1511 ι

187 1545 312 1601 Non
342 1547 489 1602 enim
525 1549 640 1602 vult
670 1547 999 1603 contendere
1022 1549 1117 1618 qui
1147 1549 1279 1604 dicit
1317 1569 1329 1604 :
1364 1568 1383 1603 ε
1422 1549 1543 1605 Fiat
1574 1551 1776 1606 volun-

188 1647 275 1694 tas
302 1648 419 1705 tua,
459 1658 477 1692 ι
537 1640 631 1695 sed
657 1639 759 1695 sibi
787 1641 1006 1710 placere
1040 1640 1243 1696 indicat
1287 1642 1552 1713 quidquid
1581 1643 1777 1698 volun-

187 1731 318 1786 tatis
349 1730 444 1786 Dei
492 1730 678 1797 fuerit,
722 1732 838 1787 sive
869 1733 923 1787 in
955 1749 1015 1788 se
1066 1749 1161 1789 seu
1197 1733 1250 1788 in
1300 1735 1422 1790 aliis
1472 1736 1773 1791 secundum

188 1823 477 1877 arbitrium
545 1839 660 1879 suae
714 1825 1049 1893 dignationis
1094 1826 1395 1897 dispensat.
1448 1826 1590 1883 Huic
1643 1845 1775 1900 ergo

186 1915 443 1987 petitioni
472 1915 633 1969 datur
675 1915 914 1986 Spiritus
945 1918 1209 1986 scientiae,
1237 1930 1296 1976 ut
1326 1922 1442 1991 ipse
1478 1923 1544 1978 ad
1564 1938 1661 1979 cor
1691 1939 1776 1979 ve-

188 2007 355 2062 niens
394 2007 611 2061 erudiat
655 2007 810 2075 illud,
871 2016 926 2063 et
969 2011 1264 2066 salubriter
1310 2024 1664 2086 compungat,
1714 2024 1775 2071 ut

185 2100 327 2157 sciat
347 2100 513 2154 homo
547 2101 748 2155 malum
779 2101 923 2171 quod
952 2105 1158 2172 patitur
1205 2120 1272 2159 ex
1320 2121 1418 2161 sua
1455 2108 1613 2176 culpa
1648 2124 1773 2178 pro-

182 2193 400 2257 venire,
433 2193 481 2248 si
512 2194 646 2264 quid
677 2204 859 2249 autem
901 2195 1033 2251 boni
1072 2197 1347 2265 habuerit,
1372 2215 1437 2253 ex
1462 2201 1775 2257 misericor-

195 2284 291 2340 dia
320 2283 543 2339 Domini
582 2287 898 2357 procedere,
933 2304 998 2345 ac
1032 2306 1129 2360 per
1170 2291 1273 2346 hoc
1325 2292 1521 2361 discat,
1569 2295 1682 2350 sive
1719 2295 1773 2350 in

185 2378 361 2435 malis
407 2395 533 2449 quae
559 2380 818 2447 sustinet,
868 2383 985 2438 sive
1013 2383 1068 2437 in
1093 2383 1255 2440 bonis
1275 2401 1398 2455 qua:
1442 2402 1550 2442 non
1587 2388 1771 2456 habet,

180 2477 381 2525 contra
413 2468 729 2527 Creatorem
787 2488 895 2527 non
947 2473 1132 2542 irasci,
1164 2475 1260 2531 sed
1312 2491 1411 2546 per
1453 2479 1637 2534 omnia
1680 2496 1776 2550 pa-

186 2560 447 2617 tientiam
492 2562 771 2618 exhibere.
816 2562 1031 2632 Optime
1056 2579 1187 2637 ergo
1236 2580 1335 2636 per
1395 2570 1776 2639 compunctio-

187 2667 325 2708 nem
378 2651 566 2710 cordis
606 2669 729 2725 quae
776 2652 985 2725 Spiritu
1046 2656 1289 2712 scientiae
1331 2669 1595 2728 operante
1635 2660 1776 2717 inte-

178 2743 310 2799 rius
337 2759 402 2798 ex
429 2745 737 2801 humilitate
768 2746 1035 2812 nascitur,
1075 2747 1157 2803 ira
1184 2757 1240 2804 et
1265 2748 1568 2822 indignatio
1603 2751 1775 2808 animi

182 2834 502 2908 mitigatur,
546 2836 675 2909 quia
716 2852 1017 2894 econverso
1066 2839 1300 2896 stultum
1360 2841 1442 2898 ira
1492 2842 1773 2914 interﬁcit,

177 2929 414 2999 quando
436 2929 493 2984 in
521 2930 770 2987 adversis
798 2946 899 3002 per
921 2931 1275 3002 impatientiae
1298 2934 1493 2990 vitium
1516 2936 1774 3007 agitatus,

177 3031 356 3092 atque
383 3032 639 3090 caecatus,
665 3024 751 3079 vel
778 3026 982 3080 malum
1001 3026 1145 3097 quod
1172 3028 1377 3097 patitur
1394 3044 1454 3085 se
1485 3032 1773 3100 meruisse,

175 3117 274 3171 vel
300 3116 506 3172 bonum
529 3118 674 3188 quod
709 3118 893 3187 habet,
944 3136 1043 3189 per
1093 3120 1323 3191 gratiam
1355 3123 1634 3193 accepisse
1663 3140 1773 3181 non

1883 629 1952 684 tis
1982 627 2296 685 conditione
2342 626 2599 682 donatur.
2658 622 2798 681 Huic
2843 641 2973 697 ergo
3008 625 3257 697 petitioni
3306 625 3468 681 datur

1883 721 2121 794 Spiritus
2143 722 2381 789 consilii,
2408 721 2503 793 qui
2532 722 2727 777 doceat
2753 736 2856 777 nos
2874 722 2928 777 in
2954 722 3059 777 hoc
3084 722 3470 778 saeculolibeu-

1880 824 1964 869 ter
1994 814 2350 885 peccantibus
2400 813 2455 867 in
2505 828 2605 868 nos
2636 812 3071 868 misericordiam
3126 813 3466 885 impendere,

1879 915 2151 977 quatenus
2192 907 2245 960 in
2278 905 2465 960 futuro
2492 920 2616 961 cum
2646 919 2747 975 pro
2772 905 3014 976 peccatis
3045 906 3254 961 nostris
3287 908 3431 961 ratio
3451 934 3464 947 -

1878 1015 2002 1054 nem
2026 998 2291 1055 reddituri
2317 1012 2531 1067 sumus,
2560 1012 2873 1054 mereamur
2915 998 3354 1054 misericordiam
3387 997 3467 1053 in-

1878 1091 2083 1147 venire.

1952 1182 2114 1239 Sexta
2144 1183 2335 1254 petitio
2356 1191 2440 1238 est
2461 1191 2649 1238 contra
2672 1181 2877 1254 gulam,
2911 1197 3020 1254 qua
3047 1182 3246 1239 dicitur
3276 1199 3292 1238 :
3333 1201 3352 1234 ε
3384 1179 3465 1236 Ne

1878 1292 1980 1330 nos
2001 1276 2228 1330 inducas
2250 1275 2303 1329 in
2330 1274 2706 1339 tentationem,
2736 1293 2754 1325 ι
2791 1273 2843 1328 id
2861 1282 2945 1329 est
2969 1273 3153 1328 induci
3179 1273 3464 1343 permittas

1879 1367 1933 1419 in
1991 1365 2367 1420 tentationcm.
2427 1362 2553 1420 Haec
2597 1374 2680 1419 est
2717 1364 2948 1418 tentatio
2995 1379 3102 1433 qua
3143 1379 3244 1418 nos
3276 1364 3468 1418 illecea

1877 1455 1974 1510 bra
2001 1457 2187 1510 carnis
2217 1471 2359 1526 saepe
2393 1471 2490 1525 per
2517 1453 2822 1509 naturalem
2851 1453 3150 1523 appetitum
3177 1453 3246 1507 ad
3284 1452 3467 1508 excel-

1878 1564 1999 1605 sum
2038 1549 2255 1604 trahere
2282 1548 2495 1615 nititur,
2523 1557 2576 1602 et
2597 1548 2828 1602 latenter
2853 1546 3186 1615 voluptatem
3221 1545 3463 1615 subjicit,

1877 1640 2006 1695 dum
2051 1640 2338 1695 manifeste
2383 1640 2542 1695 nobis
2575 1639 2642 1694 de
2692 1637 3015 1694 necessitate
3058 1637 3354 1692 blanditur.
3404 1636 3465 1691 ιιι

1877 1748 2041 1803 quam
2067 1731 2313 1803 profecto
2341 1732 2693 1786 tentationem
2718 1739 2848 1785 tunc
2870 1744 3215 1801 nequaquam
3249 1728 3466 1784 induci-

1879 1838 2022 1888 mur,
2057 1822 2102 1877 si
2133 1822 2212 1878 sic
2243 1822 2531 1877 studemus
2582 1821 2885 1876 secundum
2928 1835 3246 1875 mensuram
3275 1835 3463 1875 neces-

1878 1915 2056 1970 sitatis
2089 1925 2300 1970 naturae
2328 1914 2640 1971 subsidium
2668 1914 3004 1984 impendere,
3032 1922 3093 1968 ut
3117 1921 3300 1968 tamen
3320 1929 3467 1968 sem-

1876 2022 1974 2076 per
2001 2008 2418 2062 meminerimus
2442 2007 2740 2077 appetitum
2778 2006 2846 2060 ab
2878 2006 3132 2062 illecebra
3164 2007 3465 2076 voluptatis

1876 2115 2149 2156 coercere.
2203 2098 2360 2166 Quod
2395 2108 2455 2155 ut
2478 2099 2693 2169 impleri
2739 2099 3043 2164 valeamus,
3092 2098 3255 2154 datur
3304 2099 3465 2154 nobis

1876 2194 2189 2263 petentibus
2213 2192 2451 2264 Spiritus
2482 2192 2873 2262 intelligentiae,
2905 2201 2963 2246 ut
2991 2194 3207 2246 interna
3236 2191 3464 2247 refectio

1876 2284 2025 2339 verbi
2055 2282 2150 2339 Dei
2180 2284 2481 2355 appetitum
2525 2284 2856 2339 exteriorem
2889 2284 3165 2353 cohibeat,
3224 2291 3280 2340 et
3307 2300 3463 2339 men-

1881 2388 1987 2435 tem
2019 2378 2253 2448 spiritali
2277 2378 2399 2434 cibo
2420 2378 2758 2445 roboratam,
2805 2393 2907 2433 nec
2952 2378 3131 2433 valeat
3160 2378 3463 2448 corporalis

1876 2479 2091 2542 egestas
2136 2469 2420 2541 frangere,
2478 2486 2579 2526 nec
2630 2470 2818 2527 carnis
2873 2470 3126 2540 voluptas
3178 2485 3463 2540 superare

1876 2561 2169 2632 Propterea
2193 2577 2430 2633 namque
2454 2561 2721 2618 Dominus
2750 2562 2869 2633 ipse
2900 2562 3157 2617 tentatori
3184 2578 3306 2630 suo,
3330 2563 3463 2619 dum

1876 2655 2147 2715 esurienti
2173 2655 2278 2714 sibi
2322 2655 2730 2713 fraudulentam
2760 2656 2829 2711 de
2865 2656 3154 2712 exterioris
3197 2656 3357 2727 panis
3384 2670 3459 2710 re-

1877 2749 2116 2808 fectione
2156 2751 2566 2823 suggestionem
2608 2749 2850 2819 faceret,
2893 2750 3178 2821 respondit
3224 2749 3463 2806 dicens:

1885 2862 1903 2895 ι
1934 2841 2053 2898 Non
2082 2842 2137 2896 in
2166 2841 2285 2898 solo
2326 2856 2469 2912 pane
2502 2840 2636 2897 vivit
2676 2841 2865 2909 homo,
2891 2841 2988 2897 sed
3024 2840 3079 2896 in
3112 2841 3265 2897 omni
3297 2841 3463 2897 verbo

1877 2933 1971 2990 Dei
1996 2932 2213 3004 (Matth.
2252 2932 2350 3002 iv),
2377 2951 2397 2984 ι
2421 2940 2480 2987 ut
2507 2940 2693 3003 aperte
2722 2931 3126 2989 demonstraret
3159 2932 3310 3003 quia,
3336 2931 3461 2989 cum

1876 3041 2032 3081 mens
2065 3026 2159 3080 illo
2180 3039 2319 3096 pane
2342 3024 2493 3081 intus
2517 3024 2782 3092 reﬁcitur,
2816 3040 2925 3080 non
2947 3040 3277 3097 magnopere
3307 3034 3461 3080 curat

1878 3118 1926 3173 si
1950 3117 2084 3173 loris
2111 3117 2179 3173 ad
2231 3124 2447 3187 tempus
2491 3115 2689 3170 famem
2735 3115 2921 3171 carnis
2977 3115 3239 3186 patiatur.
3290 3114 3459 3171 Datur

174 3208 463 3279 agnoscit.
515 3208 670 3266 Hanc
710 3219 891 3266 autem
940 3211 1220 3278 virtutem,
1274 3213 1327 3267 id
1384 3222 1471 3269 est
1508 3229 1776 3286 compun-
1802 3229 1844 3286 ρ
1878 3224 2011 3281 ergo
2036 3216 2226 3265 contra
2259 3208 2442 3279 gulam
2470 3204 2709 3278 Spiritus
2737 3206 3127 3279 intelligentiae,
3156 3207 3251 3263 sed
3279 3207 3369 3262 ille
3396 3207 3461 3262 ad

174 3298 431 3354 ctionem
458 3298 574 3354 sive
596 3298 837 3355 dolorem
860 3300 1145 3370 praemium
1169 3303 1563 3360 consolationis
1592 3309 1776 3377 sequi-

172 3400 301 3454 tur,
325 3400 389 3444 ut
416 3391 511 3460 qui
539 3389 629 3443 hic
654 3398 849 3460 sponte
875 3406 1062 3446 coram
1093 3390 1205 3447 Deo
1253 3408 1349 3462 per
1379 3394 1616 3451 lamenta
1640 3398 1778 3453 allii-

171 3482 359 3551 gitur,
424 3479 535 3535 illic
596 3495 784 3536 verum
833 3481 1097 3554 gaudium
1142 3492 1197 3540 et
1245 3484 1489 3542 laetitiam
1529 3487 1777 3546 invenire

170 3581 493 3629 mereatur.

252 3661 471 3730 Quarta
512 3664 705 3734 petitio
726 3674 814 3721 est
844 3675 1034 3723 contra
1063 3669 1374 3736 tristitiam,
1399 3686 1506 3741 qua
1533 3672 1733 3729 dicitur
1759 3693 1773 3729 :

170 3773 197 3807 α
235 3753 458 3809 Panem
503 3764 754 3811 nostrum
807 3758 1193 3827 quotidianum
1224 3761 1293 3814 da
1326 3761 1491 3816 nobis
1533 3763 1715 3821 hodie.
1751 3783 1770 3815 ι

1879 3317 1974 3358 cor
2000 3301 2244 3368 veniens,
2276 3300 2536 3356 emundat
2572 3299 2704 3355 illud
2728 3307 2889 3371 atque
2910 3299 3184 3370 puriﬁcat,
3219 3307 3275 3355 et
3309 3300 3461 3354 illum

1881 3393 2200 3449 interiorem
2231 3392 2452 3448 oculum
2478 3407 2546 3447 ex
2571 3391 2784 3446 ratione
2806 3391 2958 3446 verbi
2987 3390 3085 3445 Dei
3132 3391 3291 3462 quasi
3323 3406 3452 3463 quo-

1878 3485 2006 3541 dam
2030 3484 2259 3557 collyrio
2282 3499 2507 3549 sanans,
2523 3499 2589 3539 eo
2614 3498 2787 3555 usque
2809 3482 3145 3541 luminosum
3172 3493 3337 3555 atque
3377 3500 3450 3541 se-

1939 3594 2072 3634 num
2096 3577 2280 3646 efﬁcit,
2328 3587 2389 3634 ut
2415 3578 2484 3633 ad
2517 3578 2692 3648 ipsam
2717 3577 2882 3632 etiam
2913 3576 3132 3634 deitatis
3155 3578 3463 3633 claritatem

1879 3670 2357 3741 contemplandam
2406 3669 2693 3741 perspicax
2742 3668 2856 3724 ﬁat.
2891 3667 3098 3724 Contra
3139 3669 3330 3724 vitium
3362 3669 3436 3740 igi

1879 3774 1968 3821 tur
1990 3765 2130 3835 gula
2164 3763 2468 3819 remedium
2499 3763 2826 3833 opponitur,
2858 3762 3068 3818 scilicet
3103 3761 3340 3833 Spiritus
3378 3763 3461 3817 in-

159 3846 438 3902 Tristitia
482 3863 721 3919 namque
763 3850 983 3905 taedium
1033 3860 1117 3906 est
1152 3852 1323 3906 animi
1358 3868 1485 3908 cum
1516 3869 1775 3923 mterore,

156 3941 415 4012 quando
448 3956 625 4009 mens,
651 3943 1059 4013 quodammodo
1090 3944 1359 4001 labefacta
1406 3955 1462 4002 et
1508 3950 1644 4002 vitio
1675 3965 1777 4005 suo

149 4034 515 4100 amaricata,
546 4035 762 4091 interna
809 4036 953 4091 bona
1004 4052 1116 4092 non
1148 4038 1371 4108 appetit,
1405 4047 1569 4110 atque
1624 4042 1777 4097 omni

147 4127 380 4198 vigore
410 4136 494 4182 est
532 4137 769 4196 mortua,
801 4129 954 4184 nullo
980 4130 1289 4200 Spiritualis
1340 4132 1660 4190 refectionis
1681 4136 1777 4191 de-

145 4221 396 4278 siderio
422 4221 720 4278 bilarescit.
752 4221 1049 4293 Propterea
1077 4224 1146 4280 ad
1189 4226 1497 4282 sanandum
1545 4228 1650 4285 hoc
1696 4230 1776 4284 vi-
1953 4220 2195 4292 Septima
2226 4220 2415 4292 petitio
2439 4228 2733 4276 estcomm
2764 4219 3060 4287 luxuriam,
3092 4235 3201 4291 qua
3226 4220 3462 4277 dicitur-

144 4315 322 4368 tium
348 4313 640 4382 deprecari
673 4328 775 4369 nos
803 4322 1018 4385 oportet
1070 4315 1501 4372 misericordiam
1554 4316 1671 4386 Dei,
1717 4328 1779 4375 ut
1886 4333 1905 4367 ι
1933 4313 2131 4369 Libera
2178 4327 2279 4368 nos
2315 4327 2347 4367 a
2394 4312 2562 4367 malo.
2604 4330 2623 4362 ι
2666 4309 3067 4367 convenienter
3101 4324 3234 4365 sane
3273 4326 3463 4365 servus

140 4406 296 4477 ipsa
327 4404 498 4461 solita
526 4404 726 4475 pietate
752 4407 950 4463 animae
972 4406 1132 4463 taedio
1154 4424 1257 4464 suo
1279 4409 1558 4482 languenti
1608 4411 1779 4467 inter.
1879 4406 2185 4461 libertatem
2212 4403 2367 4474 petit,
2397 4415 2451 4459 et
2480 4402 2686 4458 idcirco
2715 4401 2845 4457 huic
2868 4400 3118 4472 petitioni
3149 4400 3310 4455 datur
3342 4400 3453 4469 Spi-

139 4513 250 4553 ηε
303 4495 635 4553 refectionis
679 4498 944 4568 pabulum
979 4498 1286 4569 admoveat,
1339 4510 1401 4557 ut
1443 4505 1589 4575 quod
1650 4508 1767 4578 ipsa

1882 4498 2022 4551 ritus
2077 4491 2378 4564 sapientiai,
2429 4491 2524 4563 qui
2578 4491 2838 4547 amissam
2873 4491 3106 4561 -captivo
3160 4491 3462 4545 libertatem

132 4589 392 4645 absens
427 4588 603 4643 nescit
654 4597 929 4659 appetere,
976 4599 1139 4661 gustu
1187 4591 1578 4650 misericordiae
1628 4613 1768 4667 prae-
1798 4598 1843 4653 D
1872 4588 2140 4653 restituat,
2170 4593 2226 4641 et
2243 4586 2436 4656 jugum
2462 4583 2663 4654 iniquae
2685 4583 3073 4639 dominationis
3088 4583 3232 4653 quod
3250 4582 3367 4638 suis
3392 4583 3463 4635 vi-

133 4678 360 4736 sentis
419 4678 700 4733 admonita
754 4680 982 4750 incipiat
1025 4694 1230 4738 amare.
1279 4681 1452 4737 Datur
1490 4700 1622 4757 ergo
1654 4689 1782 4747 huic

130 4769 448 4844 petitioni
494 4767 731 4839 Spiritus
774 4769 1135 4838 fortitudinis,
1170 4781 1231 4827 ut
1278 4772 1618 4831 fatiscentem
1663 4781 1781 4835 ani-

128 4879 329 4920 mam
363 4861 578 4932 exigat,
632 4870 906 4932 quatenus
941 4862 1030 4916 illa
1063 4863 1278 4934 pristini
1323 4865 1530 4934 vigoris
1580 4867 1781 4924 virtute

123 4961 440 5025 recepta,
487 4950 752 5007 adefectu
786 4951 872 5006 sui
917 4953 1060 5008 taedii
1106 4953 1172 5009 ad
1202 4952 1538 5010 desiderium
1580 4958 1779 5013 interni

116 5044 401 5105 amoris
435 5042 816 5098 convalescat.’
836 5041 999 5099 Creat
1025 5059 1154 5115 ergo
1187 5043 1423 5114 Spiritus
1447 5045 1781 5105 fortitudinis

114 5142 191 5199 in
221 5137 443 5196 corde
470 5134 929 5206 famemjustitiae,
956 5146 1035 5203 ut,
1063 5135 1193 5191 dum
1219 5137 1307 5192 hic
1331 5152 1427 5208 per
1446 5138 1778 5196 desiderium

112 5231 414 5307 pietatis
466 5226 682 5283 fortiter
728 5227 1066 5293 accenditur,
1122 5228 1235 5285 illic
1264 5244 1363 5300 pro
1413 5232 1639 5300 praemio
1668 5235 1781 5304 ple-

106 5339 286 5382 nam
326 5319 707 5377 beatitudinis
745 5319 1047 5375 satietatem
1077 5327 1471 5390 consequatur.

203 5414 473 5484 Quinta
508 5411 700 5482 petitio
733 5423 815 5467 est
840 5419 1030 5466 contra
1057 5411 1366 5477 avaritiam,
1388 5428 1497 5483 qua
1538 5414 1736 5470 dicitur
1763 5434 1777 5470 :

109 5532 139 5568 σ
198 5505 495 5566 Βίηύιιθ
525 5503 683 5559 nobis
707 5502 886 5559 debita
914 5513 1124 5569 nostra,
1177 5504 1320 5560 sicut
1344 5514 1398 5560 et
1423 5521 1525 5561 nos
1552 5506 1781 5572 dimitti»

96 5618 277 5662 mus
343 5596 711 5652 debitoribus
737 5596 963 5651 nostris.
1003 5616 1022 5648 ι
1072 5594 1291 5652 Justum
1321 5597 1466 5652 enim
1493 5594 1578 5655 est
1628 5608 1689 5653 ut
1726 5600 1779 5654 in

96 5687 478 5756 reddendo
506 5686 691 5742 debito
713 5702 821 5742 non
853 5688 1046 5743 debeat
1065 5703 1187 5744 esse
1212 5689 1432 5755 anxius,
1464 5691 1557 5761 qui
1583 5692 1636 5746 in
1664 5693 1782 5747 exi-

94 5786 354 5864 gendo
392 5779 641 5836 noluerit
686 5794 810 5835 esse
831 5794 1054 5835 avarus.
1112 5778 1179 5835 Et
1200 5775 1333 5836 ideo
1386 5798 1511 5838 cum
1559 5800 1588 5837 a
1621 5785 1780 5840 nobis

90 5898 227 5960 per
264 5872 411 5933 Dei
440 5872 671 5940 gratiam
701 5873 894 5927 vitium
928 5872 1170 5927 avaritia:
1192 5873 1418 5941 tollitur,
1469 5876 1702 5945 qualiter
1744 5893 1774 5933 a

1878 3856 2210 3926 telligentiw.
2250 3854 2330 3910 Ex
2358 3854 2568 3925 Spiritu
2611 3863 2795 3910 autem
2846 3854 3216 3926 intelligentia:
3242 3855 3458 3910 mundi-

1880 3949 1954 4004 tia
1976 3947 2163 4004 cordis
2199 3946 2465 4001 nascitur.
2503 3944 2772 4000 Mnnditia
2816 3959 2948 3999 vero
2980 3947 3163 4001 cordis
3194 3945 3464 4002 visionem

1883 4039 1975 4095 Dei
1997 4046 2377 4109 promeretur;
2400 4036 2547 4093 sicut
2574 4036 2843 4107 scriptum
2865 4046 2949 4092 est
2978 4054 2991 4090 :
3023 4054 3042 4087 ι
3079 4035 3229 4091 Beati
3256 4037 3463 4093 munde

1879 4129 2066 4195 corde,
2087 4127 2350 4199 quoniam
2377 4126 2481 4198 ipsi
2510 4126 2681 4183 Deum
2710 4126 2974 4183 videbunt
3002 4126 3224 4198 (Matth.
3256 4134 3335 4199 v).
3369 4147 3389 4180 ι

1881 4773 2082 4845 pientia
2116 4786 2351 4840 namque
2392 4785 2420 4824 a
2467 4783 2661 4839 sapore
2703 4768 2923 4834 dicitur,
2958 4783 3083 4823 cum
3115 4783 3271 4822 mens
3300 4777 3462 4839 gustu

1880 4867 2108 4921 internae
2142 4860 2449 4918 dulcedinis
2496 4869 2660 4927 tacta,
2693 4869 2858 4915 totam
2892 4875 2952 4915 se
2997 4875 3095 4929 per
3131 4859 3464 4918 desiderium

1881 4957 2029 5012 intus
2059 4954 2283 5024 colligit,
2314 4968 2415 5008 nec
2444 4951 2578 5008 foris
2611 4952 2724 5022 jam
2755 4962 3010 5008 enervata
3062 4953 3117 5007 in
3146 4955 3333 5011 carnis
3366 4970 3462 5011 vo-

1881 5046 2085 5116 luptate
2107 5044 2443 5109 dissolvitur,
2472 5043 2598 5113 quia
2632 5052 2804 5098 totum
2836 5044 2985 5099 intus
3008 5045 3249 5113 possidet
3272 5045 3324 5101 in
3355 5061 3465 5115 quo

1879 5137 2199 5193 delectatur.
2249 5134 2503 5205 Congrue
2550 5135 2714 5205 igitur
2762 5144 2954 5191 contra
2997 5136 3322 5192 exteriorem
3364 5154 3466 5192 vo-

1880 5229 2142 5300 luptatem
2170 5228 2397 5282 interior
2425 5226 2655 5285 dulcedo
2683 5228 2996 5298 opponitur,
3022 5238 3081 5283 ut
3107 5238 3312 5300 quanto
3344 5230 3465 5299 plus

1883 5322 1973 5376 illa
2003 5335 2192 5391 sapere
2221 5328 2275 5375 et
2302 5320 2517 5391 placere
2544 5320 2847 5390 incoeperit,
2872 5330 3024 5376 tanto
3051 5322 3277 5376 liberius
3301 5330 3465 5391 atque

1882 5413 2141 5469 libentius
2180 5413 2283 5468 ista
2321 5411 2671 5478 condemnat,
2702 5414 3033 5484 tandemque
3078 5414 3133 5467 in
3173 5412 3464 5483 semetipsa

1882 5519 2037 5561 mens
2067 5504 2370 5575 paciﬁcata,
2409 5503 2541 5558 dum
2574 5505 2709 5560 nihil
2750 5513 2836 5560 est
2868 5503 3002 5560 foris
3035 5504 3181 5575 quod
3223 5512 3462 5575 appetat,

1883 5605 1992 5652 tota
2023 5612 2119 5667 per
2133 5610 2375 5651 amorem
2406 5597 2555 5651 intus
2585 5597 2911 5666 requiescat.
2949 5594 3186 5666 Spiritus
3212 5610 3343 5667 ergo
3374 5610 3464 5649 sa~

1882 5691 2093 5760 picnter
2124 5705 2217 5745 cor
2246 5705 2344 5744 sua
2368 5688 2656 5746 dulcedine
2701 5696 2947 5759 tangens,
2997 5696 3051 5743 et
3085 5688 3221 5743 foris
3255 5701 3461 5742 conru-

1882 5784 2162 5856 piscentiae
2203 5784 2456 5840 ardorem
2506 5791 2802 5853 temperat,
2860 5790 2915 5838 et
2960 5783 3137 5853 sopita
3201 5778 3453 5851 concupi-

1885 5876 2090 5932 scentia
2122 5876 2269 5933 intus
2292 5891 2477 5948 pacem
2505 5884 2675 5942 creat,
2704 5883 2974 5947 quatenus
3001 5876 3128 5931 dum
3164 5891 3318 5932 mens
3344 5883 3459 5930 tota

1882 4683 2037 4738 ribus
2067 4695 2177 4734 non
2207 4678 2400 4745 valuit,
2441 4692 2536 4747 per
2566 4676 2798 4748 gratiam
2847 4676 3068 4746 adjutus
3108 4675 3318 4731 evadat.
3356 4675 3463 4730 Sa-
3562 4698 3581 4721 ο
