3950 6380
482 381 615 439 1071

1602 358 1931 418 WERNERI
1968 351 2264 411 ABBA'I'IS
2303 349 2362 407 S.
2401 346 2628 405 BLASll

3640 341 3773 398 ωτι

481 495 553 553 ad
580 493 858 548 internum
890 485 1151 559 gaudium
1195 480 1488 552 colligitur,
1529 478 1687 549 plene
1730 492 1796 531 ac
1840 474 2076 546 perfecte
2105 484 2149 540 Α
2178 465 2419 559 pietatis,
2457 461 2721 559 scientiae,
2753 458 3113 528 fortitudinis,
3152 457 3400 559 consilii,
3437 455 3774 559 intellectas,

482 586 652 641 homo
684 582 752 637 ad
785 580 1076 648 imaginem
1110 574 1205 630 Dei
1236 571 1583 635 reformetur,
1613 568 1758 624 sicut
1801 565 2067 635 scriptum

484 688 570 737 est
610 696 625 735 :
673 695 694 731 ι
722 675 873 732 Beati
914 671 1150 745 pacifici,
1177 671 1439 742 quoniam
1473 664 1569 720 filii
1596 662 1692 721 Dei
1723 662 2065 719 vocabuntur

485 769 707 833 (Matth.
739 769 817 839 v).
847 785 868 820 ι

560 919 635 974 De
673 916 1014 990 petitionibus
1049 927 1192 990 quas
1216 914 1524 990 conueniant
1561 904 1906 978 prwseutibm
1953 909 2002 954 et

1165 980 1386 1053 futuris.

556 1111 728 1185 igitur
752 1109 899 1168 sicut
921 1106 1166 1164 Ecclesia
1196 1103 1452 1176 bipartita
1476 1110 1580 1168 est,
1605 1100 1661 1155 in
1694 1105 1847 1170 parte
1868 1090 2077 1151 scilicet

488 1203 886 1274 triumphante,
914 1208 969 1255 et
1000 1200 1056 1254 in
1081 1205 1237 1269 parte
1265 1194 1554 1256 militante,
1584 1192 1658 1246 ita
1689 1191 1791 1245 iste
1812 1202 2077 1243 numerus

492 1292 837 1365 septenarius
863 1290 1189 1361 petitionum
1214 1285 1474 1341 dividitur
1501 1284 1556 1337 in
1595 1289 1834 1352 quatuor
1860 1286 1915 1332 et
1950 1276 2075 1330 tria.

491 1384 737 1453 Quatuor
786 1395 1025 1451 namque
1071 1376 1404 1433 conveniunt
1446 1373 1589 1444 parti
1639 1368 1929 1434 militanti,
1976 1367 2079 1422 tria

491 1491 623 1532 vero
670 1472 1050 1545 triumphanti.
1090 1468 1228 1525 Pars
1265 1482 1500 1539 namque
1537 1464 1783 1520 militans
1838 1461 2081 1532 quandiu

494 1567 653 1633 vivit,
673 1566 727 1620 in
761 1564 972 1621 lubrico
996 1570 1104 1631 est,
1126 1574 1179 1618 et
1206 1560 1327 1617 ideo
1352 1556 1663 1614 necessaria
1682 1564 1768 1611 est
1786 1553 2007 1625 quidem
2029 1553 2081 1609 ei

494 1660 763 1731 quadrata
784 1655 961 1712 forma
979 1655 1297 1726 petitionum
1317 1666 1439 1722 quae
1456 1650 1610 1704 firma
1630 1655 1734 1712 est,
1754 1661 1823 1701 ne
1843 1644 2078 1699 labatur.

497 1750 623 1806 llaec
633 1765 764 1821 ergo
781 1745 1342 1820 quatuorpetitiones,
1359 1743 1561 1799 scilicet
1581 1759 1599 1792 ι
1618 1753 1813 1811 panem
1831 1744 2080 1792 nostrum

2170 535 2476 630 sapientiai.
2504 552 2751 610 Virtutes
2783 563 2966 608 autem
2992 560 3154 608 sunt:
3179 551 3497 621 Paupertas
3522 535 3776 620 spiritus,

2170 647 2556 714 mansuetudo,
2573 647 2780 709 luctus,
2800 644 3030 712 esuries,
3049 651 3107 699 et
3128 643 3251 700 sitis
3270 641 3547 713 iustitiae;
3568 642 3779 697 miseri-

2172 740 2380 807 cordia,
2407 737 2675 793 munditia
2702 735 2905 803 cordis,
2929 744 2983 790 et
3008 750 3137 805 pax.
3160 732 3555 789 Beatitudines
3576 741 3779 799 autem,

2171 846 2401 903 regnum
2430 828 2721 894 cmlorum,
2760 835 2922 882 terra:
2965 824 3269 896 possessio,
3307 824 3663 889 consolatio,
3697 838 3781 880 sa-

2173 923 2365 988 tietas,
2411 917 2802 975 misericordia:
2843 917 3182 983 consecutio,
3225 915 3372 972 visio
3420 913 3551 983 Dei,
3587 923 3649 970 et
3687 916 3777 985 qui

2175 1015 2272 1070 filii
2298 1013 2393 1069 Dei
2416 1011 2781 1069 vocabuntur.
2807 1006 3115 1063 Videndum
3135 1016 3220 1064 est
3240 1015 3436 1063 autem
3468 1007 3777 1077 qualiteret

2176 1121 2299 1177 quae
2318 1103 2629 1176 petitiones,
2643 1110 2738 1157 aut
2759 1114 2884 1171 quae
2903 1100 3046 1155 dona
3069 1106 3277 1169 petant,
3295 1107 3355 1154 et
3381 1098 3548 1169 quod
3567 1098 3779 1163 faciant,

2177 1205 2232 1253 et
2279 1209 2450 1267 quare
2480 1192 2597 1248 fieri
2636 1190 2999 1263 postulentur.
3056 1189 3301 1245 Accedat
3348 1190 3535 1260 igitur
3579 1191 3685 1245 iste
3720 1190 3779 1245 ι-

2178 1284 2315 1340 delis
2363 1290 2555 1338 orator
2598 1281 2832 1352 gemina:
2873 1277 3182 1334 dilectionis
3224 1279 3466 1346 virtute,
3502 1279 3711 1335 celum
3736 1290 3781 1335 et

2179 1377 2397 1434 mansio
2424 1375 2518 1431 Dei
2544 1373 2722 1431 factus
2739 1415 2756 1442 ,
2799 1382 2853 1428 et
2888 1371 3038 1427 dicat
3064 1390 3080 1427 :
3108 1390 3129 1422 ι
3156 1370 3575 1426 Sanctificetur
3602 1387 3781 1427 nom

2181 1478 2357 1525 tuum.
2390 1484 2409 1517 ι
2436 1464 2604 1532 Quasi
2627 1464 2833 1520 diceret
2858 1481 2872 1518 :
2912 1459 2991 1514 Da
3011 1460 3194 1526 nobis,
3224 1458 3505 1529 Domine,
3531 1459 3783 1532 Spiritu

2182 1556 2357 1612 sancti
2381 1555 2618 1622 timoris,
2646 1554 2742 1626 qui
2768 1554 2825 1608 in
2861 1553 3021 1609 nobis
3059 1551 3223 1607 faciat
3258 1553 3785 1622 paupertatentsﬁ-

2182 1648 2344 1715 ritus,
2371 1656 2430 1703 ut
2457 1647 2644 1702 omnia
2671 1646 2992 1716 temporalia
3017 1655 3463 1717 postponamus,
3505 1652 3570 1699 et
3598 1645 3786 1699 sandi-

2184 1739 2495 1795 ticationem
2525 1738 2583 1793 in
2622 1737 2899 1808 baptismo
2938 1744 3220 1806 acceptam
3256 1749 3717 1805 consequamur,
3740 1744 3787 1790 It

495 1841 878 1914 quotidianum
913 1840 981 1895 da
1007 1838 1186 1904 nobis,
1216 1833 1432 1907 (Matth.
1468 1834 1567 1902 vt),
1606 1851 1624 1884 ι
1660 1840 1714 1888 et
1739 1840 1937 1886 caetera
1961 1843 2084 1899 quae
2117 1837 2158 1892 Β
2188 1826 2404 1883 tandem
2443 1826 2602 1898 plene
2641 1825 2969 1881 sanctificati
3013 1840 3246 1897 regnum
3288 1825 3591 1880 caelorum
3634 1824 3787 1895 possi-

498 1944 824 2008 scquuntur,
878 1932 1133 2006 praesenti
1181 1932 1305 1986 vitae
1348 1928 1699 1992 conveniunt,
1729 1926 1785 1981 in
1829 1939 1939 1996 qua
1981 1924 2077 1979 iu-

496 2026 766 2082 choantur
818 2034 874 2081 et
915 2023 1303 2094 perficiuntur.
1354 2019 1412 2074 in
1440 2020 1543 2074 hac
1591 2018 1736 2074 enim
1776 2017 1887 2072 vita
1945 2030 2086 2086 pane

497 2118 651 2174 verbi
676 2116 773 2173 Dei
804 2124 859 2172 et
883 2130 1024 2188 pane
1051 2113 1302 2184 corporis
1333 2111 1536 2167 Christi
1567 2110 1866 2177 reficimur,
1897 2108 1992 2164 sed
2019 2121 2086 2162 ea

500 2208 675 2277 finita,
707 2223 806 2263 nec
855 2221 996 2278 pane
1042 2204 1473 2276 Scripturarum,
1527 2217 1627 2257 nec
1660 2216 1798 2272 pane
1839 2198 2088 2270 corporis

502 2301 709 2358 Christi
738 2300 1017 2355 reticinrur
1039 2314 1106 2355 eo
1132 2297 1297 2355 modo
1330 2311 1442 2373 quo
1477 2309 1624 2351 nunc
1652 2292 1948 2349 reficimur.
1987 2289 2090 2346 Ve-

500 2406 623 2446 rum
665 2390 811 2461 quod
840 2388 1007 2446 modo
1053 2388 1214 2459 quasi
1267 2401 1465 2459 panem
1513 2400 1638 2442 cum
1685 2384 1870 2439 labore
1916 2381 2090 2439 sumi-

501 2499 650 2552 mus,
683 2492 813 2538 tunc
842 2480 1003 2553 quasi
1046 2488 1238 2552 potum
1269 2479 1431 2535 facile
1469 2476 1857 2551 percipiemus.
1892 2475 1949 2531 In
1986 2476 2091 2531 hac

499 2574 664 2630 etiam
695 2574 807 2629 vita
837 2573 970 2629 dum
1006 2572 1168 2643 quasi
1198 2570 1548 2636 offendimus,
1579 2569 1780 2625 dimitti
1821 2576 1877 2623 et
1907 2567 2093 2623 dimit-

502 2675 619 2721 tere
668 2678 893 2719 necesse
935 2662 1224 2727 habemus,
1265 2660 1361 2716 sed
1406 2660 1463 2715 in
1496 2657 1704 2725 futuro,
1756 2657 1897 2713 sicut
1945 2656 2092 2710 nulla

502 2756 608 2813 erit
638 2754 870 2822 offensa,
916 2752 991 2808 ita
1019 2753 1171 2808 nulla
1219 2751 1325 2807 erit
1370 2750 1684 2808 necessario
1730 2748 2088 2820 indulgentia.

504 2846 607 2904 ilic
635 2847 802 2903 etiam
828 2854 1128 2912 tentamur,
1159 2850 1215 2899 et
1259 2841 1562 2898 timendum
1592 2849 1677 2897 est
1704 2855 1773 2895 ne
1805 2838 2092 2895 tentationi

504 2938 951 2999 succumbamus.
990 2936 1067 2992 ibi
1097 2935 1245 2992 enim
1281 2935 1430 2991 nulla
1456 2948 1683 3006 prorsus
1708 2933 1812 2988 erit
1841 2931 2090 2988 tentatio.

504 3031 564 3088 ln
599 3031 854 3104 praesenti
887 3042 1108 3101 quoque
1137 3024 1558 3083 innumerabilia
1595 3023 1736 3079 mala
1772 3030 2091 3090 occurrunt,

2185 1919 2434 1975 deamus.
2468 1936 2487 1971 ι
2515 1916 2782 1973 Adveniat
2805 1932 3033 1989 regnum
3060 1925 3239 1982 tuum,
3273 1934 3295 1968 ι
3331 1916 3393 1972 id
3423 1924 3523 1973 est
3558 1915 3633 1972 da
3654 1915 3788 1969 nobis

2189 2022 2244 2068 et
2271 2011 2537 2083 Spiritum
2573 2010 2812 2083 pietatis,
2834 2025 2947 2081 quo
2979 2010 3160 2077 mites,
3184 2009 3516 2076 mansueti,
3548 2016 3606 2064 et
3636 2009 3785 2062 burni-

2186 2104 2265 2161 les
2291 2102 2440 2172 iacti,
2473 2112 2663 2161 contra
2687 2102 2941 2159 inimicos
2997 2110 3264 2159 nocentes
3291 2103 3465 2157 nulla
3519 2102 3786 2172 iniquitate

2188 2213 2529 2267 moveamur,
2562 2206 2625 2254 ut
2657 2198 2875 2255 interim
2918 2213 3020 2254 nos
3064 2199 3217 2268 ipsos
3252 2208 3564 2268 regentes,
3600 2208 3656 2254 et
3695 2213 3723 2251 a
3748 2207 3787 2252 te

2189 2291 2305 2362 regi
2345 2292 2650 2362 cupientes,
2688 2292 2908 2348 tandem
2950 2291 3005 2345 in
3050 2300 3194 2346 terra
3231 2288 3570 2345 viventium
3601 2292 3785 2345 ﬁrm-

2189 2384 2595 2455 possessionem
2619 2384 2986 2440 obtineamus.
3027 2402 3046 2435 ι
3078 2381 3197 2437 Fiat
3220 2382 3508 2437 voluntas
3535 2390 3636 2438 tua
3674 2381 3787 2436 sicut

2191 2478 2246 2532 in
2274 2477 2416 2533 caelo
2436 2485 2491 2533 et
2513 2477 2568 2532 in
2593 2485 2760 2544 terra,
2791 2496 2810 2529 ι
2850 2477 2957 2533 hoc
2979 2486 3063 2532 est
3104 2475 3178 2529 da
3222 2484 3278 2530 et
3310 2473 3611 2546 Spiritum
3638 2475 3789 2530 scita.

2194 2570 2302 2637 tia),
2328 2569 2424 2641 qui
2453 2570 2649 2625 doceat
2679 2584 2780 2625 nos
2814 2568 3002 2640 lugere
3034 2582 3134 2638 pro
3158 2567 3412 2637 peccatis
3434 2570 3664 2623 nostris
3682 2582 3785 2622 cun

2192 2660 2356 2718 Petro
2392 2670 2447 2717 et
2472 2660 2664 2729 Maria,
2712 2677 2813 2732 pro
2843 2661 3035 2716 alienis
3078 2675 3303 2731 quoque
3355 2675 3501 2715 cum
3550 2660 3787 2731 Apostota

2198 2755 2293 2827 qui
2316 2754 2450 2811 dicit
2476 2774 2490 2810 :
2525 2774 2544 2807 ι
2572 2753 2708 2822 Quis
2739 2755 3164 2820 scandalizatur,
3197 2762 3251 2808 et
3280 2767 3394 2825 ego
3436 2768 3565 2808 non
3596 2754 3781 2808 ureris

2193 2857 2298 2905 etc.
2339 2846 2429 2921 (11
2451 2847 2574 2905 Cor.
2622 2849 2724 2920 xi.)
2748 2847 2857 2904 Pro
2888 2846 3158 2903 desiderio
3187 2861 3422 2918 quoque
3457 2846 3659 2918 patria:
3680 2860 3783 2900 cu

2191 2938 2403 2996 Joanne
2423 2941 2518 3012 qui
2539 2941 2671 2997 dicit
2694 2959 2735 2995 τι
2750 2940 2816 2995 Et
2830 2955 2930 3011 ego
2955 2938 3148 2994 ﬂebam
3163 2937 3406 2993 multum
3420 2939 3785 3009 (Ammona

2193 3047 2320 3088 cum
2345 3031 2515 3088 David
2537 3031 2752 3091 dicente
2777 3049 2791 3086 :
2825 3050 2843 3082 ι
2871 3030 2989 3087 Heu
3012 3031 3147 3085 mihi
3172 3029 3303 3101 quia
3334 3029 3631 3086 inoolatus
3651 3045 3785 3085 mea:

505 3124 696 3181 hostes
737 3130 866 3180 sunt
909 3120 1154 3177 visibiles
1188 3128 1242 3175 et
1275 3116 1600 3185 invisibiles,
1647 3131 1756 3171 non
1799 3129 2094 3186 possumus
2194 3125 2551 3197 prolongatus
2572 3125 2685 3182 est!
2721 3123 2935 3197 »(Ρδαι.
2959 3123 3137 3195 cxrx.)
3163 3120 3237 3178 Ut
3258 3136 3361 3195 per
3390 3123 3616 3179 luctum
3638 3123 3785 3178 istan

505 3215 726 3288 penitus
751 3228 940 3270 carere
966 3211 1227 3283 peccatis.
1264 3210 1394 3282 quia
1421 3223 1638 3280 semper
1670 3207 1886 3263 macula
1916 3215 2003 3263 est
2036 3206 2095 3260 in
2121 3214 2164 3272 C
2197 3219 2450 3275 voluntas
2482 3218 2574 3274 Dei
2603 3227 2815 3274 tantum
2841 3217 2896 3273 in
2920 3217 3084 3273 nobis
3120 3216 3471 3287 perﬁciatur,
3513 3225 3573 3272 et
3601 3229 3787 3272 conso-

505 3305 640 3361 luna
662 3303 786 3367 (Job
802 3300 934 3373 xxv)
956 3319 972 3370 ;
998 3316 1101 3357 nec
1130 3318 1149 3352 ι
1170 3298 1563 3371 justifieabitur
1588 3297 1641 3352 in
1673 3303 1969 3367 conspectu
2000 3293 2096 3351 Dei

509 3400 690 3457 omnis
704 3399 872 3454 homo
884 3395 1072 3452 vivens
1090 3393 1265 3467 (Psal.
1279 3393 1469 3462 cxut).
1484 3411 1502 3444 ι
1524 3391 1663 3460 Quia
1677 3390 1731 3446 in
1749 3390 1957 3462 angelis
1979 3389 2097 3446 suis

510 3491 715 3564 reperit
733 3489 1079 3562 pravitatem,
1099 3495 1154 3542 et
1176 3504 1196 3537 ι
1220 3484 1522 3540 inebriatus
1543 3491 1625 3539 est
1642 3482 1697 3536 in
1721 3482 1864 3537 cmlo
1884 3480 2097 3553 gladius

511 3582 824 3656 meusUsa.
850 3579 1064 3647 xxxrv),
1093 3595 1111 3631 ι
1131 3585 1187 3632 et
1215 3584 1362 3631 astra
1382 3590 1491 3630 non
1519 3582 1649 3631 sunt
1662 3575 1862 3629 munda
1886 3577 1942 3629 in
1966 3589 2099 3630 con-

511 3684 702 3749 spectu
720 3674 862 3745 ejus,
878 3683 933 3727 et
944 3671 1067 3727 ideo
1081 3669 1299 3726 liberari
1328 3684 1357 3724 a
1379 3668 1523 3724 malo
1546 3682 1771 3724 necesse
1788 3683 1910 3724 esse
1932 3667 2100 3722 habe-

514 3781 660 3822 mus.
680 3761 739 3817 In
763 3760 950 3817 futuro
974 3773 1212 3830 namque
1233 3756 1381 3813 nulla
1402 3757 1507 3813 erit
1529 3756 1669 3811 mala
1695 3757 1963 3824 incussio,
1998 3770 2100 3811 nec

515 3857 623 3912 ulla
650 3852 959 3910 necessaria
975 3850 1242 3907 liberatio.
1280 3848 1416 3905 Alia:
1443 3857 1625 3904 autem
1654 3857 1765 3905 tres
1788 3848 2096 3919 petitiones,

514 3948 722 4005 scilicet
743 3965 761 3996 ο
786 3943 1154 4000 sanetiticetur
1169 3957 1364 3997 nomen
1392 3950 1568 4008 tuum,
1599 3940 1852 3997 adveniat
1870 3955 2098 4012 regnum

515 4052 693 4107 tuum,
728 4042 822 4094 fiat
850 4039 1102 4093 voluntas
1146 4044 1259 4102 tua,
1293 4054 1312 4086 ι
1336 4042 1466 4101 etc.,
1511 4033 1708 4089 futurae
1732 4033 1857 4087 vita:
1897 4048 2099 4088 conve-

512 4133 694 4199 niunt,
730 4132 859 4203 quia
890 4138 944 4185 et
973 4129 1020 4185 si
1050 4127 1141 4183 hic
1169 4126 1598 4183 sanctificatione
1636 4125 1833 4180 mentis
1877 4124 2102 4194 incipiat

513 4233 569 4281 et
594 4239 822 4297 regnum
852 4230 906 4278 et
932 4220 1186 4277 voluntas
1218 4217 1334 4286 Dei,
1370 4227 1553 4273 tamen
1589 4216 1775 4271 omnia
1801 4214 2099 4287 proficren-

514 4326 608 4374 tur
644 4316 700 4370 in
737 4313 955 4379 futuro,
1005 4311 1098 4365 ubi
1145 4326 1213 4365 ex
1262 4317 1377 4365 toto
1425 4308 1780 4364 sanctilicatis
1825 4308 2008 4362 anima
2047 4316 2103 4364 et

517 4422 748 4479 corpore
770 4419 899 4461 cum
918 4402 1142 4458 Christo
1169 4399 1541 4470 regnabimus,
1567 4407 1623 4454 et
1647 4397 1741 4453 Dei
1767 4398 2100 4454 voluntatem

516 4498 933 4570 eomplebimus.
966 4492 1276 4549 Notandum
1317 4506 1447 4546 vero
1474 4490 1601 4562 quia
1647 4498 1756 4547 tres
1787 4490 2098 4561 petitiones,

2196 3309 2453 3365 lationem
2496 3309 2807 3382 lugentibus
2851 3309 3183 3380 promissam
3233 3322 3589 3364 mereamur.
3642 3327 3665 3360 ι
3700 3305 3790 3362 Pa-

2195 3416 2323 3458 nem
2347 3410 2597 3459 nostrum
2620 3400 3005 3472 quotidianum
3035 3400 3105 3455 da
3139 3400 3300 3455 nobis
3340 3398 3542 3456 hodie.
3574 3419 3596 3453 ι
3636 3398 3787 3467 Quas'

2196 3494 2444 3551 dicatur:
2470 3492 2547 3548 Da
2590 3494 2771 3559 nobis,
2821 3491 3073 3556 Domine,
3101 3491 3375 3563 Spiritum
3420 3490 3783 3551 fortitudiaiS.

2197 3600 2309 3655 quo
2347 3594 2541 3641 contra
2584 3583 2958 3639 omnia'mala
3003 3581 3174 3637 fortes
3220 3598 3366 3653 pane
3410 3582 3574 3639 verbi
3612 3583 3709 3638 Dei
3742 3592 3789 3635 et

2197 3676 2322 3732 cibo
2370 3674 2617 3746 corporis
2662 3673 2868 3730 Christi
2905 3673 3239 3739 reficiamur,
3289 3681 3351 3727 ut
3391 3675 3713 3729 esurientes
3742 3680 3790 3727 et

2199 3766 2754 3837 sitientesjustitiam,
2803 3765 3021 3821 tandem
3066 3766 3120 3819 in
3166 3764 3519 3822 beatitudine
3562 3766 3789 3822 saturari

2199 3872 2537 3914 mereamur:
2588 3876 2607 3908 ι
2637 3855 2704 3911 Et
2745 3857 2959 3913 dimitte
3002 3857 3163 3911 nobis
3192 3855 3382 3911 debita
3422 3867 3653 3927 nostra,
3680 3878 3700 3910 ι
3746 3858 3791 3911 id

2199 3958 2302 4018 est,
2333 3949 2404 4006 da
2441 3948 2602 4005 nobis
2639 3947 2906 4021 Spiritum
2952 3948 3191 4016 consilii,
3237 3957 3298 4003 ut
3336 3947 3388 4004 si
3437 3949 3500 4003 in
3548 3948 3793 4022 μημιιὶ

2202 4041 2438 4098 offensas
2474 4042 2650 4098 vitare
2695 4057 2805 4097 non
2851 4056 3171 4112 possumus,
3217 4041 3415 4097 saltem
3458 4041 3577 4097 hoc
3620 4042 3794 4098 oonsi-

2202 4134 2333 4189 lium
2367 4134 2687 4202 habeamus,
2730 4142 2789 4189 ut
2814 4133 3201 4190 misericordes
3229 4134 3433 4202 simus,
3464 4144 3529 4190 et
3571 4150 3785 4206 peccat

2203 4226 2350 4280 tibus
2375 4224 2744 4296 ignoscamus,
2769 4235 2829 4280 ttt
2854 4225 2907 4279 in
2951 4223 3138 4280 futuro
3178 4224 3633 4281 misericordiam
3672 4240 3793 4281 coa-

2202 4327 2518 4383 sequamur.
2539 4334 2557 4366 ε
2578 4311 2644 4368 Et
2666 4329 2734 4368 ne
2760 4329 2862 4369 nos
2885 4314 3113 4369 inducas
3132 4314 3188 4370 in
3210 4314 3638 4382 tentationem,»
3660 4316 3795 4370 idest

2203 4405 2272 4460 da
2298 4414 2352 4460 et
2377 4404 2643 4477 Spiritum
2678 4407 3068 4479 intelligentiae,
3109 4422 3221 4477 quo
3256 4407 3669 4464 tentationihus
3698 4409 3795 4463 cir-

2205 4497 2541 4568 cumplicati,
2571 4514 2695 4569 quae
2721 4497 2968 4555 facienda
2998 4508 3127 4555 sunt
3159 4499 3567 4570 intelligamus,
3596 4512 3651 4557 et
3680 4516 3791 4557 cor-

517 4590 772 4665 quantvis
798 4588 852 4643 in
898 4586 1084 4641 futuro
1131 4583 1508 4656 perficiantur,
1541 4590 1597 4637 et
1623 4583 1814 4637 ordine
1842 4585 2105 4653 temporis
2135 4605 2181 4661 ι)
2208 4588 2278 4644 da
2302 4596 2490 4643 nostra
2521 4589 2869 4655 mundantes,
2901 4589 3250 4659 aliquatenus
3288 4586 3464 4644 Deum
3497 4592 3791 4653 videamus,

518 4681 629 4738 sint
652 4677 1008 4750 posteriores,
1037 4685 1216 4730 tamen
1243 4674 1297 4728 in
1323 4673 1574 4729 oratione
1603 4681 1734 4729 sunt
1759 4673 1990 4744 priores,
2016 4676 2104 4731 vel

520 4788 617 4843 pro
644 4769 885 4826 ternario
930 4763 1390 4832 commendando,
1436 4764 1629 4836 inquo
1660 4763 1944 4822 Trinitatis
1987 4782 2106 4840 my-

520 4861 750 4918 sterium
781 4860 971 4933 fulget,
998 4860 1082 4915 vel
1103 4858 1233 4931 quia
1263 4856 1541 4928 digniores
1567 4864 1715 4913 sunt.

489 4986 501 5012 ι
591 4951 859 5008 Praeterea
915 4951 1257 5021 septenarius
1305 4950 1409 5005 iste
1457 4964 1720 5005 numerus
1784 4948 2106 5020 petitionum

523 5058 829 5115 congruere
878 5052 1061 5114 potest
1104 5041 1427 5113 praecedenti
1477 5040 1785 5103 septenario
1809 5040 2105 5108 donorum,

520 5136 787 5193 virtutum
833 5142 887 5190 et
916 5132 1333 5199 beatitudinum,
1378 5132 1446 5188 de
1489 5148 1600 5203 quo
1647 5141 1793 5188 totus
1837 5146 2020 5187 sermo
2049 5133 2105 5186 in

523 5233 712 5283 monte
739 5231 825 5281 est
848 5222 1089 5287 habitus,
1129 5231 1190 5277 ut
1213 5222 1444 5293 singulis
1494 5222 1848 5293 petitionibus
1891 5224 2105 5296 singula

522 5316 666 5374 dona
711 5320 1058 5387 appetantur,
1106 5328 1230 5382 quae
1273 5312 1516 5383 singulas
1568 5313 1798 5371 virtutes
1847 5313 2104 5382 ellieiant,

522 5407 726 5479 quibus
775 5404 1005 5477 singula:
1056 5401 1426 5459 beatitudines
1479 5413 1754 5475 aptantur.
1811 5405 2107 5461 Petitiones

523 5515 656 5572 ergo
684 5510 832 5569 sunt,
863 5513 1002 5571 quas
1030 5513 1197 5571 supra
1219 5496 1480 5564 diximus,
1515 5498 1760 5555 scilicet:
1797 5517 1816 5551 ι
1849 5494 2103 5554 Sanctifi-

527 5601 682 5649 cetur
702 5609 924 5660 nomen,
945 5611 965 5645 ι
981 5602 1110 5661 etc.;
1135 5591 1277 5646 dona
1303 5606 1430 5646 vero
1443 5602 1589 5658 sunt,
1616 5592 1841 5662 spiritus
1865 5590 2100 5657 timoris,

2133 5750 2202 5767 ν

2208 4688 2268 4734 ut
2296 4680 2351 4734 in
2379 4678 2565 4736 futuro
2587 4680 2746 4751 plena
2774 4681 2988 4736 visione
3009 4670 3190 4752 ipsut'n
3217 4689 3613 4739 contueamur.
3654 4702 3676 4736 ι
3700 4682 3793 4738 Sed

2204 4771 2377 4827 libera
2418 4786 2520 4826 nos
2568 4787 2601 4826 a
2639 4770 2805 4838 male,
2841 4790 2860 4823 ι
2897 4770 3003 4826 hoc
3046 4782 3152 4839 est,
3182 4772 3253 4827 da
3284 4782 3341 4828 et
3386 4770 3667 4843 Spiritum
3712 4788 3791 4827 sa-

2205 4861 2446 4934 pientiae,
2475 4877 2585 4932 quo
2620 4862 2691 4918 ab
2731 4862 2882 4917 omni
2930 4863 3075 4919 malo
3124 4864 3446 4931 liberemur,
3500 4875 3569 4920 ut
3596 4869 3649 4920 in
3678 4878 3791 4920 arca

2210 4951 2394 5009 cordis
2470 4953 2729 5009 animalia
2786 4954 2992 5009 domita
3053 4955 3221 5011 simul
3270 4965 3327 5012 et
3380 4955 3659 5012 indomita
3716 4970 3791 5011 re-

2211 5043 2518 5114 quiescant,
2567 5054 2625 5100 ut
2673 5046 2854 5115 pravis
2902 5038 3144 5103 motibus
3189 5046 3414 5115 sedatis,
3464 5056 3527 5103 et
3572 5047 3793 5118 imagine

2207 5132 2389 5190 Patris
2420 5135 2690 5203 restituta,
2742 5135 2837 5190 lilii
2887 5135 2983 5191 Dei
3021 5145 3077 5192 et
3123 5152 3246 5194 esse
3292 5152 3637 5194 mereamur.
3682 5136 3791 5191 nec

2210 5225 2473 5284 hactenus
2497 5228 2564 5284 de
2593 5230 2947 5301 congruentia
2973 5231 3298 5301 petitionum
3329 5216 3613 5309 donorum
3637 5232 3794 5287 virtu—

2209 5326 2323 5373 tum
2356 5320 2837 5377 et-beatitudinum
2884 5323 3027 5378 dicta
3058 5323 3356 5391 sufﬁciant;
3402 5340 3651 5395 quorum
3697 5322 3790 5379 alia

2209 5410 2507 5479 postulant,
2542 5411 2595 5465 id
2629 5420 2714 5467 est
2738 5412 3057 5482 petitiones;
3085 5414 3191 5468 alia
3228 5414 3591 5485 postulantur
3634 5421 3693 5470 nt
3718 5411 3792 5468 fa-

2211 5500 2381 5571 ciant,
2410 5512 2469 5556 ut
2495 5502 2667 5568 dona;
2693 5503 2801 5560 alia
2829 5503 2968 5560 fiunt
2998 5513 3058 5560 ut
3088 5506 3337 5573 virtutes,
3370 5506 3481 5563 alia
3511 5502 3793 5579 perﬁciat

2214 5600 2278 5648 ut
2302 5593 2663 5651 bcatitudines
