3950 6380
203 440 359 495 1075

1170 435 1745 493 DEFI.ORATIONES
1783 441 1881 496 SS.
1922 441 2230 499 PATRUM.
2266 475 2336 485 —-
2375 445 2502 502 LIB.
2545 447 2609 504 11.

3356 458 3491 514 1078

1336 651 1846 730 ΒΟΜΙΝΙΟΑ
1891 737 1896 741 _
1939 655 2359 734 OCTAVA.

1458 850 1826 911 Secundum
1867 851 2230 912 Matthmum

344 1007 617 1062 Attendite
647 1023 674 1062 a
708 1006 862 1062 falsis
892 1009 1174 1078 prophetis
1208 1009 1302 1080 qui
1334 1011 1558 1066 veniunt
1599 1012 1666 1067 ad
1699 1028 1796 1067 vos
1826 1019 1871 1074 Α
1902 1031 2009 1070 non
2051 1015 2304 1070 calefieri.
2342 1015 2433 1072 Sic
2471 1017 2635 1073 etiam
2668 1028 2844 1088 potest
2888 1019 3006 1075 fieri
3051 1029 3108 1074 ut
3153 1021 3330 1078 malus
3378 1038 3488 1079 non

169 1097 260 1150 'in
299 1099 642 1155 vestimentis
667 1100 876 1167 ovium,
929 1101 1263 1157 intrinsecus
1291 1111 1471 1158 autem
1519 1114 1648 1159 sunt
1689 1106 1801 1176 lupi

200 1199 458 1255 rapaces.
491 1187 536 1240 A
565 1188 834 1242 fructibus
875 1204 1065 1244 eorum
1097 1193 1436 1262 cognoscetis
1461 1207 1558 1248 eos
1581 1192 1798 1262 (Matth.

200 1277 331 1346 vn).
364 1296 382 1328 ι
419 1277 556 1344 Quia
586 1295 888 1348 paucorum
928 1291 1010 1336 est
1040 1291 1328 1352 angustam
1358 1283 1502 1337 viam
1531 1282 1798 1352 invenire,

202 1365 630 1424 fraudulentiam
663 1385 854 1425 eorum
895 1372 988 1442 qui
1015 1387 1136 1428 eam
1176 1390 1421 1444 qnzerere
1461 1377 1802 1431 mentiuntur

199 1460 451 1528 exponit.
498 1480 516 1511 α
545 1461 837 1528 Attendite,
877 1481 895 1514 ›
941 1463 994 1517 id
1041 1472 1125 1519 est
1171 1476 1376 1520 cavete.
1423 1465 1500 1521 De
1544 1469 1801 1524 omnibus

204 1546 508 1617 hypocritis
539 1549 628 1604 hic
656 1559 833 1620 potest
856 1552 1103 1623 intelligi,
1134 1556 1227 1610 sed
1261 1557 1572 1626 specialiter
1601 1559 1669 1614 de
1697 1560 1802 1614 hae-

203 1638 394 1693 reticis
428 1637 640 1696 fructus
669 1642 976 1697 animarum
1006 1645 1364 1714 rapientibus.
1394 1647 1550 1704 Unde
1580 1659 1634 1705 et
1658 1651 1801 1720 lupis

201 1737 616 1797 comparantur.
663 1729 943 1800 Prmeipue
986 1736 1213 1789 cavendi
1249 1746 1378 1792 sunt
1412 1738 1674 1807 haeretici,
1707 1757 1800 1796 co-

201 1819 505 1886 gnitionem
537 1818 786 1876 veritatis
817 1839 982 1892 quam
1023 1840 1130 1879 non
1163 1826 1366 1882 habent
1396 1830 1796 1898 promittentes.

208 1905 546 1964 Vestimenta
591 1912 776 1966 ovium
809 1923 938 1968 sunt
966 1915 1163 1969 blanda
1201 1918 1362 1972 verba
1397 1920 1796 1988 innocentium,

204 2008 516 2072 cwteraque
549 2003 830 2073 religionis
872 2006 1050 2077 signa.
1081 2005 1199 2063 Non
1229 2019 1410 2066 autem
1451 2013 1574 2068 ideo
1599 2015 1799 2070 debent

200 2106 336 2147 oves
373 2094 556 2149 odisse
605 2097 990 2152 vestimentum
1045 2115 1229 2167 suum,
1279 2104 1424 2172 quod
1475 2105 1797 2178 plerumque

203 2183 296 2238 illo
323 2200 382 2239 se
420 2187 698 2242 occultant
745 2189 879 2259 lupi,
913 2191 1046 2245 dum
1091 2193 1240 2249 aliud
1285 2195 1353 2250 ad
1389 2195 1791 2266 decipiendum,

201 2274 350 2329 aliud
367 2277 646 2347 excipiunt
667 2280 734 2333 ad
759 2281 1202 2350 depraedandum.
1229 2283 1425 2340 Verum
1457 2303 1552 2356 per
1579 2297 1790 2359 tempo-

203 2368 334 2424 ralis
363 2371 636 2426 commodi
665 2374 1042 2444 tentatiouem,
1069 2377 1184 2434 sive
1220 2381 1620 2449 persecutionis
1653 2392 1790 2438 tem-
1824 2359 1864 2412 Β

202 2474 353 2529 pore,
391 2463 635 2532 aperitur
683 2464 816 2536 quid
843 2466 972 2522 sint.
1004 2467 1240 2526 Fructus
1292 2481 1421 2528 sunt
1450 2475 1594 2530 mala
1626 2491 1790 2547 opera

201 2566 411 2610 eorunL

277 2664 296 2694 ι
317 2641 571 2713 Nunquid
602 2645 865 2717 colligunt
892 2647 959 2703 de
997 2650 1173 2720 spinis
1206 2668 1362 2720 uvas,
1399 2664 1494 2709 aut
1527 2665 1594 2710 de
1623 2657 1793 2712 tribu-

201 2735 270 2788 lis
308 2734 484 2791 ficus?
512 2757 530 2787 ι
577 2737 862 2808 Sapientes
895 2757 1004 2797 non
1038 2744 1294 2816 colligent
1326 2762 1460 2802 uvas
1493 2748 1560 2802 de
1589 2749 1786 2818 spinis,

203 2826 254 2881 id
287 2836 369 2882 est
395 2827 576 2883 dulcia
607 2830 767 2884 verba
796 2831 864 2886 de
907 2832 1202 2902 haereticis,
1247 2837 1341 2908 qui
1379 2838 1502 2893 ideo
1529 2839 1790 2894 dicuntur

201 2918 370 2987 spinae
397 2928 451 2974 et
480 2921 687 2986 tribuli,
737 2922 868 2992 quia
917 2927 1168 2982 sauciant
1207 2929 1419 2984 animas
1453 2946 1549 3000 per
1595 2932 1788 2987 verbo-

201 3026 322 3064 rum
353 3011 667 3070 blanditias.
701 3014 962 3072 Tribulus
991 3027 1076 3073 est
1107 3035 1280 3090 genus
1307 3021 1489 3077 herba:
1518 3024 1781 3093 spinosa}.

205 3119 224 3152 ι
255 3099 437 3173 Neque
470 3105 538 3161 de
566 3106 738 3176 spinis
775 3110 1038 3182 colligunt
1066 3110 1298 3180 fructus,
1341 3129 1518 3185 neque
1547 3116 1614 3170 de
1643 3116 1784 3172 rubo

203 3193 536 3253 vindemiant
591 3214 751 3255 uvam
789 3199 943 3272 (Luc.
973 3201 1070 3272 vt).
1107 3221 1125 3256 ι
1165 3202 1347 3273 Spinae
1392 3214 1446 3261 et
1483 3206 1607 3261 rubi
1654 3217 1783 3263 sunt

199 3298 344 3340 curae
387 3288 603 3356 saeculi,
662 3299 716 3345 et
769 3293 1096 3360 punctiones
1155 3295 1453 3362 vitiorum,
1526 3296 1595 3352 de
1654 3299 1781 3368 qni-

200 3375 300 3430 bus
328 3379 599 3446 peccatori
621 3380 827 3435 dictum
854 3393 937 3438 est
962 3401 975 3435 :
1013 3402 1031 3436 t
1063 3383 1229 3440 Terra
1260 3394 1350 3441 tua
1390 3387 1576 3458 spinas
1602 3398 1655 3444 et
1681 3391 1781 3445 tri-

200 3470 350 3525 hulos
376 3472 702 3540 germinabit
727 3474 821 3530 tibi
851 3474 1005 3544 (Gen.
1040 3478 1146 3548 tu).
1181 3498 1199 3530 ›
1237 3479 1402 3535 Ficus
1431 3497 1561 3535 vero
1588 3491 1642 3536 et
1676 3500 1780 3538 uva

198 3561 424 3617 dulcedo
447 3581 600 3619 nova:
626 3570 1060 3624 conversationis
1106 3579 1208 3636 est,
1241 3587 1406 3640 quam
1437 3571 1692 3630 Christus
1724 3575 1777 3629 in

1907 1106 1979 1160 sit
2027 1107 2121 1177 qui
2161 1108 2334 1164 malus
2365 1109 2488 1177 fuit,
2520 1125 2628 1165 non
2670 1119 2850 1166 tamen
2884 1121 3062 1182 potest
3112 1114 3230 1169 fieri
3262 1124 3322 1170 ut
3367 1130 3486 1170 ma-

1905 1195 1992 1251 lus
2025 1197 2166 1253 bene
2192 1196 2376 1254 faciat.
2407 1199 2542 1255 Nam
2575 1210 2628 1256 et
2658 1201 2704 1256 si
2732 1202 3026 1272 aliquando
3054 1205 3220 1272 utilis,
3250 1221 3360 1261 non
3385 1206 3489 1262 hoc

1905 1290 2022 1360 ipse
2048 1290 2198 1358 facit,
2223 1294 2315 1349 sed
2344 1293 2527 1349 divina
2553 1296 2889 1365 providentia
2922 1298 2999 1352 fit.
3019 1295 3138 1352 Non
3174 1299 3319 1369 quod
3344 1298 3488 1354 Pha-

1904 1382 2051 1438 risaei
2080 1385 2285 1441 utiliter
2311 1387 2678 1442 audiebantur
2703 1389 2921 1444 illorum
2951 1399 3090 1456 erat,
3129 1391 3224 1446 sed
3255 1389 3375 1446 Dei.
3411 1391 3487 1447 De

1903 1475 2104 1545 quibus
2153 1476 2285 1532 dicit
2331 1479 2635 1548 propheta:
2691 1499 2709 1531 ε
2741 1479 3037 1537 Seminatis
3086 1481 3348 1549 triticum,
3391 1481 3489 1538 sed

1902 1568 2090 1636 spinas
2110 1569 2314 1625 metitis
2339 1569 2472 1640 (Jer.
2501 1571 2621 1640 χιι).
2648 1590 2666 1622 ι
2693 1569 2810 1624 Νοη
2838 1587 2968 1642 ergo
2995 1571 3274 1628 auditores
3296 1587 3488 1628 eorum

1903 1659 1970 1713 de
1998 1659 2173 1728 spinis
2207 1660 2459 1730 legebant
2501 1676 2657 1728 uvas,
2699 1662 2793 1716 sed
2821 1677 2918 1732 per
2956 1663 3144 1732 spinas
3171 1662 3238 1718 de
3266 1663 3393 1729 vite,
3427 1672 3489 1718 ut

1904 1748 1948 1803 si
1981 1749 2106 1818 quis
2136 1766 2232 1818 per
2265 1751 2512 1821 spineam
2563 1766 2742 1820 sepem
2789 1751 2856 1805 ad
2905 1767 2963 1806 se
3010 1751 3250 1806 traheret
3296 1766 3482 1819 uvam,

1903 1854 2009 1893 uva
2043 1839 2131 1893 illa
2161 1857 2266 1894 non
2296 1849 2442 1895 esset
2467 1842 2772 1911 spinarum,
2809 1842 2901 1896 sed
2931 1842 3076 1896 vitis.

1978 1950 1998 1983 ι
2044 1929 2229 1987 Bonus
2254 1933 2418 1987 homo
2447 1933 2514 1988 de
2556 1933 2703 1987 bono
2729 1933 2988 1988 thesauro
3022 1934 3204 1989 cordis
3240 1935 3324 1990 sui
3356 1951 3486 2006 pro-

1901 2019 2006 2076 fert
2033 2021 2197 2086 bona,
2225 2031 2278 2077 et
2301 2023 2479 2078 malus
2507 2023 2672 2078 homo
2709 2023 2775 2078 de
2803 2024 2948 2077 malo
2973 2024 3230 2079 thesauro
3270 2023 3482 2094 profert

1901 2109 2066 2164 mala.
2121 2108 2198 2163 Ex
2249 2110 2584 2165 abundantia
2636 2112 2783 2165 enim
2834 2112 3016 2168 cordis
3061 2127 3123 2168 os
3161 2113 3420 2184 loquitur.
3454 2132 3474 2167 ι

1899 2199 2044 2255 Idem
2076 2209 2161 2256 est
2186 2200 2484 2256 thesaurus
2510 2202 2689 2257 cordis
2710 2202 2855 2272 quod
2879 2203 3032 2258 radix
3055 2212 3139 2260 est
3162 2205 3395 2270 arboris,
3426 2213 3483 2262 et

1897 2289 2043 2358 quod
2069 2288 2137 2344 de
2163 2289 2327 2345 corde
2356 2289 2652 2360 profertur,
2681 2292 2822 2347 idem
2851 2301 2934 2348 est
2956 2295 3102 2364 quod
3117 2294 3333 2350 arboris
3361 2293 3478 2348 fru-

1893 2388 2035 2435 ctus.
2065 2379 2170 2448 Qui
2198 2396 2331 2452 ergo
2359 2381 2415 2436 in
2450 2383 2615 2438 corde
2640 2384 2962 2439 thesaurum
2989 2385 3268 2454 patientia:
3298 2385 3481 2456 perfe-

1892 2471 2074 2541 ctique
2103 2471 2270 2544 hujus
2295 2474 2502 2531 amoris
2529 2475 2765 2544 optimos
2789 2474 3003 2532 fructus
3023 2476 3328 2545 effundens,
3360 2478 3481 2533 dili-

1891 2563 1970 2634 git
2000 2563 2306 2632 inimicum,
2331 2565 2472 2622 bene
2496 2565 2626 2622 facit
2665 2567 2868 2622 odienti
2894 2583 2973 2635 se,
3000 2568 3274 2624 benedicit
3301 2570 3476 2625 male-

1889 2656 2090 2711 dicenti
2121 2671 2200 2712 se.
2233 2653 2394 2712 Omni
2425 2659 2628 2728 petenti
2675 2659 2865 2713 tribuit
2905 2675 3026 2725 sua,
3073 2668 3345 2714 errantem
3382 2676 3479 2730 pa-

1890 2748 2085 2802 tienter
2129 2749 2374 2817 corrigit.
2420 2749 2587 2820 Atqui
2634 2764 2813 2820 neque
2855 2751 3176 2805 thesaurum
3206 2753 3261 2806 in
3311 2753 3476 2807 corde

1889 2849 2092 2903 servat,
2119 2841 2234 2895 odit
2256 2841 2516 2907 amicum,
2537 2841 2784 2912 diligenti
2807 2840 3106 2908 malefacit,
3132 2841 3476 2898 hencdicenti

1891 2932 2187 2987 maledicit.
2219 2931 2310 2988 Sic
2337 2948 2558 3003 quoque
2586 2948 2687 2987 nec
2709 2933 2959 2988 diabolus
2981 2933 3147 2999 bona,
3175 2948 3275 2988 nec
3310 2933 3474 2987 Chri-

1887 3035 2006 3079 stus
2032 3025 2174 3079 mala
2213 3040 2376 3096 opera
2419 3033 2596 3094 potest
2629 3023 2826 3079 facere.
2859 3023 2964 3079 Per
2993 3023 3107 3078 oris
3140 3023 3474 3079 locutionem

1889 3117 2144 3171 universa
2171 3132 2294 3186 qum
2323 3124 2446 3170 actu
2490 3116 2574 3169 vel
2613 3115 2852 3186 cogitatu
2886 3115 2953 3170 de
2982 3115 3146 3170 corde
3177 3113 3470 3184 proferun-

1887 3217 1994 3276 tur,
2036 3208 2300 3264 Dominus
2344 3209 2645 3279 signiiicat;
2676 3223 2801 3262 nam
2845 3208 3014 3264 moris
3061 3206 3474 3278 Scripturarum

1882 3309 1966 3355 est
1995 3299 2158 3354 verba
2182 3315 2284 3370 pro
2327 3300 2489 3354 rebus
2533 3314 2756 3369 ponere,
2799 3305 2859 3352 ut
2899 3297 2952 3352 in
2998 3296 3138 3353 Isaia
3167 3298 3368 3353 dicitur
3405 3299 3475 3353 de

1883 3389 2161 3447 Ezechia:
2203 3410 2221 3442 ι
2250 3389 2369 3445 Non
2399 3390 2504 3446 fuit
2553 3391 2775 3446 verbum
2821 3389 2966 3459 quod
3005 3406 3114 3446 non
3160 3391 3474 3446 ostenderet

1881 3482 1963 3536 eis
1993 3480 2132 3554 (Isa.
2165 3481 2381 3552 xxxrx).
2417 3501 2435 3534 ι
2469 3479 2673 3536 Rerum
2701 3480 2890 3548 utique
2914 3495 3022 3536 non
3064 3482 3354 3536 verborum
3379 3495 3469 3535 re-

1881 3575 2079 3629 velavit
2124 3590 2351 3630 arcana.
2405 3593 2424 3626 ι
2488 3571 2680 3628 Omnis
2720 3572 2887 3626 arbor
2920 3613 2936 3638 ,
2991 3591 3010 3624 ι
3062 3572 3115 3626 id
3157 3582 3241 3626 est
3283 3572 3468 3627 omnis

195 3654 353 3708 nobis
379 3655 573 3723 esurit,
606 3665 660 3710 et
713 3656 896 3712 fervor
935 3659 1244 3716 dilectionis
1284 3663 1378 3729 qui
1424 3663 1780 3721 laetificatcor
1809 3701 1850 3758 Ο
1887 3667 2074 3733 homo,
2120 3667 2235 3722 sive
2279 3682 2395 3733 rex,
2459 3665 2574 3722 sive
2617 3665 2892 3736 princeps,
2938 3665 3052 3720 sive
3097 3665 3303 3726 senior,
3353 3663 3470 3718 sive

196 3744 456 3800 hominis.
491 3745 628 3801 Iiinc
671 3748 934 3818 scriptum
964 3760 1086 3805 est:
1125 3770 1143 3802 ‹
1175 3750 1339 3808 Ficus
1363 3755 1589 3823 protulit
1625 3774 1780 3827 gros—
1811 3744 1850 3758 ν
1881 3757 2099 3824 juvenis
2123 3799 2138 3823 ,
2182 3757 2316 3811 nulli
2361 3766 2646 3826 parcetur,
2693 3755 2788 3811 sed
2833 3757 3013 3812 omnis
3073 3756 3240 3810 arbor
3283 3774 3303 3808 ε
3357 3771 3469 3812 non

197 3851 289 3891 sos
339 3853 491 3904 suos,
515 3840 688 3894 vinea:
733 3841 989 3899 florentes
1035 3843 1257 3898 odorem
1289 3845 1558 3902 dederunt
1601 3847 1779 3920 (Cant.

200 3935 285 3998 ιι).
319 3946 338 3980 ι
373 3927 492 3983 Νοη
521 3932 659 3987 licus
681 3931 747 3987 de
770 3933 963 4004 spinis,
1007 3949 1114 3989 non
1149 3951 1254 3991 uva
1288 3936 1356 3991 de
1385 3937 1526 3992 rubo
1563 3939 1778 4010 colligi-

197 4030 306 4086 tur,
334 4024 462 4093 quia
493 4041 650 4082 mens
675 4029 856 4087 adhuc
885 4029 1086 4086 veteris
1111 4030 1350 4087 hominis
1380 4033 1781 4089 consuetudine

195 4115 446 4183 depressa
479 4117 739 4174 simulare
783 4129 980 4190 potest,
1018 4130 1072 4176 et
1098 4120 1311 4178 fructus
1361 4123 1486 4178 novi
1540 4124 1781 4180 hominis

196 4203 335 4258 ferre
364 4220 471 4260 non
505 4216 699 4277 potest.
739 4207 895 4275 Quod
927 4211 974 4266 si
1007 4212 1300 4282 aliquando
1335 4217 1475 4268 facta
1521 4217 1604 4269 vel
1635 4217 1778 4270 dicta

197 4296 463 4351 malorum
515 4309 744 4368 prosunt
790 4301 972 4367 bonis,
1021 4318 1131 4356 non
1194 4304 1300 4358 hoc
1361 4304 1572 4360 faciunt
1622 4308 1774 4373 mali,

197 4389 288 4444 sed
322 4390 611 4446 consilium
646 4391 738 4446 Dei
764 4411 778 4460 ;
806 4393 886 4449 sic
913 4395 980 4448 de
1011 4395 1118 4451 illis
1144 4405 1418 4466 operatur.

270 4497 289 4529 ι
326 4478 415 4535 Sic
463 4484 643 4537 omnis
707 4484 873 4539 arbor
935 4485 1078 4540 bona
1127 4486 1340 4542 fructus
1395 4488 1570 4544 bonos
1625 4490 1772 4547 facit.

195 4570 336 4626 Mala
359 4582 540 4628 autem
574 4577 738 4631 arbor
785 4576 1000 4632 fructus
1049 4580 1224 4635 malos
1271 4578 1422 4634 facit.
1454 4577 1571 4636 Non
1597 4590 1777 4650 potest

195 4663 353 4718 arbor
381 4666 524 4720 bona
555 4667 765 4723 fructus
796 4671 968 4724 malos
991 4669 1202 4736 facere;
1237 4686 1415 4742 neque
1438 4672 1601 4728 arbor
1630 4675 1773 4729 mala

195 4754 403 4812 fructus
432 4758 607 4814 bonos
630 4758 826 4815 facere.
859 4781 877 4812 ι
911 4760 1064 4818 Sicut
1084 4779 1274 4818 verum
1302 4773 1382 4820 est
1411 4765 1556 4835 quod
1585 4767 1652 4821 de
1676 4767 1774 4822 tri-

194 4845 332 4902 bulis
354 4864 462 4903 non
487 4850 821 4922 colliguntur
847 4853 1091 4920 ticus,sic
1119 4871 1304 4910 verum
1328 4866 1411 4911 est
1435 4858 1582 4927 quod
1607 4859 1772 4913 arbor

195 4939 330 4993 bona
359 4939 572 4997 fructus
603 4943 778 4998 honos
811 4942 959 5000 facit.
992 4945 1170 4999 Arbor
1197 4945 1340 5001 bona
1371 4947 1456 5001 vel
1500 4949 1642 5004 mala
1686 4959 1771 5005 est

1886 3845 2066 3900 ferens
2126 3845 2364 3902 fructum
2408 3847 2616 3902 bonum
2672 3846 2955 3901 excidetur
3000 3865 3018 3897 ι
3066 3862 3097 3900 a
3149 3846 3469 3903 secantibus

1884 3937 2130 4008 angelis,
2194 3955 2213 3988 ι
2265 3946 2320 3991 et
2364 3937 2420 3991 in
2461 3938 2641 4009 ignem
2685 3938 2934 3993 mittetur
2997 3947 3291 3992 aeternum.
3333 3957 3351 3989 ι
3405 3937 3466 3992 Si

1886 4029 1973 4082 ille
2001 4029 2096 4098 qui
2125 4043 2232 4082 non
2263 4026 2394 4082 facit
2423 4027 2662 4084 fructum
2689 4027 2894 4082 bonum
2928 4028 3270 4097 separandos
3309 4038 3392 4083 est
3434 4044 3466 4082 a

1879 4120 2065 4191 justis,
2113 4121 2254 4175 sicut
2297 4121 2436 4174 haedi
2481 4121 2549 4175 ab
2593 4120 2770 4192 agnis,
2819 4128 2874 4175 et
2919 4120 2972 4174 in
3021 4121 3201 4191 ignem
3239 4121 3465 4175 mitten-

1881 4214 1986 4268 dus
2025 4221 2109 4268 est
2148 4228 2280 4268 voce
2308 4213 2436 4267 illa:
2489 4211 2624 4279 tlte,
2670 4213 2964 4278 maledicti,
3009 4213 3064 4267 in
3107 4213 3288 4284 ignem
3313 4224 3464 4270 teter-

1880 4321 2010 4359 num
2037 4303 2255 4374 (Matth.
2289 4306 2451 4375 xxv);
2487 4325 2504 4357 ι
2535 4305 2664 4376 quid
2688 4305 2794 4359 erit
2833 4304 2900 4360 de
2925 4304 3016 4358 illo
3045 4305 3138 4374 qui
3162 4305 3272 4375 agit
3299 4306 3460 4375 quid-

1877 4397 2008 4467 quid
2047 4398 2176 4452 mali
2214 4396 2595 4468 potest?Quia
2631 4397 2796 4452 arbor
2840 4395 2984 4450 mala
3029 4396 3243 4451 fructus
3291 4397 3463 4452 honos

1882 4485 2064 4540 facere
2110 4502 2218 4541 non
2266 4494 2466 4556 potest,
2509 4486 2674 4555 igitur
2722 4504 2739 4536 ι
2793 4499 2860 4538 ex
2900 4483 3170 4538 fructibus
3191 4499 3406 4549 eorum,
3437 4503 3454 4534 ι

1877 4578 1928 4632 id
1953 4588 2036 4632 est
2061 4578 2322 4633 falsorum
2350 4577 2739 4648 prophetarum
2768 4595 2786 4627 ι
2821 4577 3162 4647 00gnoscetis
3183 4591 3279 4632 eos
3312 4596 3328 4627 ι
3356 4576 3460 4632 fal-

1875 4688 1988 4725 $05.

1951 4781 1966 4810 ι
1993 4760 2105 4815 Non
2121 4761 2302 4815 omnis
2323 4761 2414 4830 qui
2431 4759 2563 4813 dicit
2584 4759 2740 4825 mihi,
2767 4757 3016 4828 Domine,
3035 4759 3462 4830 Domine,intra-

1874 4852 1953 4906 bit
1977 4868 2225 4921 regnum,
2259 4852 2352 4906 sed
2380 4851 2474 4919 qui
2501 4849 2630 4905 facit
2654 4853 2989 4908 voluntatem
3003 4852 3186 4908 Patris
3210 4853 3339 4921 mei,
3361 4855 3457 4924 qui

1873 4943 1926 4996 in
1959 4943 2112 4998 caelis
2129 4942 2360 5011 est,ipse
2392 4942 2618 4996 intrabit
2643 4943 2694 4996 in
2714 4957 2941 5013 regnum
2971 4943 3257 4999 ccelorum.
3281 4965 3299 4998 ›
3338 4944 3457 5002 Sic-

193 5033 375 5102 homo,
407 5052 515 5090 non
541 5053 607 5092 ex
637 5048 854 5104 natura,
895 5055 1018 5109 qua
1041 5054 1072 5094 a
1106 5037 1216 5095 Deo
1240 5041 1294 5094 in
1327 5041 1586 5097 omnibus
1624 5043 1768 5098 bona

1890 5043 1935 5088 tt
1987 5043 2208 5104 propter
2244 5035 2441 5105 dogma
2473 5036 2700 5104 justitiae
2736 5037 2963 5092 cavendi
2993 5046 3122 5092 sunt
3162 5038 3286 5094 falsi
3329 5055 3458 5110 pro-

191 5137 366 5181 creata
397 5137 501 5196 est,
533 5130 626 5184 sed
654 5146 721 5185 ex
751 5132 1028 5186 voluntate
1057 5131 1198 5186 bona
1221 5133 1304 5188 vel
1338 5134 1503 5189 mala.
1533 5133 1767 5192 Fructus

191 5228 315 5273 sunt
339 5235 524 5290 opera,
567 5237 689 5293 qua:
722 5237 823 5278 nec
852 5223 994 5277 bona
1024 5223 1181 5279 malae
1210 5223 1507 5279 voluntatis
1535 5235 1770 5296 possunt

189 5325 328 5377 esse,
363 5326 464 5367 nec
507 5313 650 5367 mala
682 5313 840 5368 bona:
875 5314 1189 5368 voluntatis.
1225 5312 1435 5369 Tandiu
1467 5331 1598 5387 ergo
1623 5317 1766 5371 bona

191 5402 369 5469 arbor,
400 5404 454 5458 id
485 5414 569 5460 est
595 5405 772 5462 bonus
817 5408 1004 5475 homo,
1039 5407 1250 5465 fructus
1280 5409 1456 5463 malos
1498 5426 1604 5463 non
1636 5410 1768 5466 facit

191 5494 430 5562 quandiu
478 5495 657 5551 bonus
699 5505 803 5564 est,
837 5507 890 5552 et
936 5499 1122 5552 tandiu
1178 5499 1340 5553 arbor
1387 5499 1550 5564 mala,
1583 5499 1634 5552 id
1681 5511 1767 5556 est

191 5586 363 5641 malus
389 5591 576 5653 homo,
610 5598 794 5644 manet
823 5589 876 5642 in
901 5589 1166 5645 fructibus
1188 5599 1558 5661 peccatorum,
1591 5605 1768 5659 quatt-

191 5677 281 5734 diu
317 5678 382 5732 ad
436 5681 812 5749 pmnitentiam
868 5697 978 5736 non
1016 5682 1371 5736 convertitur.
1422 5679 1538 5734 Non
1593 5689 1768 5749 potest

189 5785 310 5827 esse
335 5772 510 5827 calida
552 5777 664 5828 nix.
698 5773 832 5827 Nam
869 5790 993 5828 cum
1025 5774 1217 5844 i....ipit
1261 5789 1383 5828 esse
1431 5773 1626 5838 calida,
1658 5788 1767 5826 non

190 5864 300 5934 iam
327 5865 507 5922 nivem
534 5866 627 5922 sed
656 5879 855 5936 aquam
877 5882 1160 5923 vocamus.
1187 5865 1373 5922 Potest
1391 5880 1520 5933 ergo
1541 5864 1766 5932 mutari,

1876 5125 2070 5196 phetae,
2122 5126 2382 5182 habentes
2435 5142 2585 5196 spem
2636 5129 2974 5198 bonae,vitae,
3013 5130 3092 5186 sic
3117 5139 3173 5186 et
3209 5131 3264 5185 hi
3291 5147 3456 5187 econ-

1876 5216 2065 5282 trario,
2115 5215 2210 5285 qui
2267 5231 2391 5270 cum
2441 5215 2665 5286 integra:
2730 5217 2852 5275 fidei
2903 5230 2957 5274 et
3015 5219 3278 5276 doctrinae
3319 5221 3449 5286 sint,

1873 5317 2053 5362 tamen
2088 5309 2318 5379 turpiter
2347 5309 2554 5365 vivunt.
2592 5309 2895 5382 Utrumque
2921 5313 3066 5367 enim
3095 5329 3318 5368 necesse
3345 5323 3448 5380 est,

1877 5409 1936 5452 ut
1974 5417 2111 5470 opus
2146 5417 2418 5467 sermone,
2443 5412 2497 5457 et
2535 5419 2716 5458 sermo
2751 5405 3008 5474 operibus
3047 5406 3448 5474 comprobetur.

1881 5511 1900 5542 ‹
1922 5491 2062 5557 Quid
2093 5493 2301 5548 vocatis
2328 5510 2434 5559 me,
2465 5494 2713 5560 Domine,
2735 5493 3000 5560 Domine;
3035 5504 3088 5550 ct
3131 5511 3238 5548 non
3269 5495 3452 5552 facitis

1872 5602 1994 5657 quae
2055 5588 2217 5642 dico?
2261 5607 2278 5640 ›
2333 5588 2487 5659 (Luc.
2536 5591 2635 5656 vr.)
2667 5589 2745 5644 Ac
2781 5589 2826 5643 si
2887 5589 3012 5642 aliis
3073 5589 3254 5645 verbis
3299 5590 3450 5645 dice-

1873 5689 1954 5733 ret
1976 5699 1987 5733 :
2013 5678 2152 5745 Quid
2171 5678 2298 5735 folia
2330 5690 2489 5735 rectae
2514 5680 3130 5745 confusionisjactatis,
3155 5681 3250 5751 qui
3275 5681 3449 5736 honos

1873 5771 2084 5827 fructus
2143 5787 2252 5826 non
2297 5773 2626 5828 ostenditis?
2655 5771 2792 5826 Hinc
2819 5773 3114 5842 Apostolus
3137 5783 3452 5829 secreturus

1873 5866 2170 5936 perfectum
2198 5857 2530 5937 dismpuhim
2555 5868 2620 5922 ab
2649 5865 2949 5937 hypocrita,
2978 5865 3112 5920 dixit
3136 5883 3150 5919 :
3180 5883 3198 5920 ι
3221 5863 3448 5922 Veniam
