3948 6468
518 457 545 512 1
555 460 662 516 075

1622 454 1951 512 WEliNERI
1987 456 2283 515 ABBATIS
2324 459 2382 517 S.
2424 463 2645 521 BLASII

3643 465 3753 523 1076

516 573 588 631 ad
609 588 708 629 vos
722 581 775 628 et
792 585 1117 643 cegnoscam
1142 586 1252 625 non
1283 587 1591 627 sermonem
1615 588 1804 628 eorum
1822 572 2100 643 quiinflati
2133 583 2174 639 Λ
2209 579 2396 635 animo
2438 596 2560 636 suo.
2595 580 2701 637 Sed
2745 595 2813 636 ne
2838 581 2963 651 quis
2990 577 3288 635 contendat
3318 592 3429 631 non
3450 592 3611 632 omne
3630 594 3753 635 men-

516 673 668 731 sunt,
689 661 782 720 sed
803 663 1059 717 virtutem
1080 660 1136 733 (Ι
1154 661 1279 717 Cor.
1298 663 1391 728 tv).
1408 684 1425 716 ι
1443 663 1534 719 Ille
1558 681 1688 736 ergo
1711 665 1926 735 proprie
1945 665 2097 734 dicit,

517 753 768 820 Domine,
792 752 1044 819 Domine,
1086 753 1179 822 qui
1202 755 1536 811 voluntatem
1570 771 1707 811 sono
1744 757 1892 811 vocis
1926 772 2100 811 enun-

515 845 635 899 tiat.
666 842 978 900 Secundum
1014 845 1117 900 hoc
1135 846 1277 916 quod
1302 846 1377 900 ait
1396 847 1687 917 Apostolus
1708 867 1751 902 ει
1776 847 1947 903 Nemo
1970 850 2102 905 dicit

512 932 779 990 Dominus
811 932 993 1001 Jesus,
1022 935 1128 990 nisi
1159 937 1212 989 in
1245 934 1447 1006 Spiritu
1486 926 1678 993 sancto
1703 938 1754 1010 (1
1778 938 1883 993 Cor
1930 940 2051 1010 xu).
2075 960 2094 992 ι

514 1023 655 1081 Vere
682 1025 827 1080 enim
857 1025 1035 1081 dicere
1059 1025 1325 1082 Dominus
1345 1026 1525 1095 Jesus,
1556 1040 1640 1084 est
1662 1030 1825 1084 corde
1856 1031 2097 1095 credere,

512 1132 610 1171 ore
635 1116 903 1183 confiteri,
942 1118 1202 1188 operibus
1245 1120 1508 1176 attestari.
1561 1120 1697 1176 Nam
1753 1138 1922 1177 unum
1982 1124 2102 1179 sine

513 1208 624 1269 alio
682 1224 882 1278 negare
934 1219 1036 1265 est.
1103 1209 1289 1266 Item:
1346 1231 1364 1263 ι
1415 1211 1533 1267 Non
1593 1213 1774 1269 omnis
1828 1214 1925 1285 qui
1970 1215 2103 1269 dicit

511 1300 649 1354 milii
700 1301 957 1365 Domine,
999 1299 1260 1368 Domine,
1305 1321 1324 1355 ι
1357 1313 1462 1359 etc.
1501 1321 1519 1354 ι
1555 1302 1674 1359 Non
1739 1305 1795 1359 in
1847 1319 2102 1360 sermone

509 1400 600 1448 est
629 1407 856 1463 regnum
886 1391 999 1459 Dei,
1032 1394 1128 1448 sed
1165 1393 1219 1448 in
1246 1394 1447 1449 virtute
1482 1393 1533 1465 (ι
1563 1394 1687 1451 Cor.
1716 1398 1813 1466 tv).
1847 1416 1867 1449 ι
1903 1396 2021 1451 Νοη
2050 1405 2103 1453 te

506 1483 784 1553 juvathoc
810 1484 958 1554 quod
980 1484 1140 1552 dicis,
1165 1484 1678 1555 Domine,Domine,
1701 1489 1807 1544 nisi
1826 1489 1880 1544 in
1906 1489 2103 1544 timore

514 1574 774 1629 servieris
789 1572 1045 1642 Domino,
1061 1575 1168 1632 nisi
1192 1575 1447 1631 alacriter
1475 1578 1729 1633 mandata
1753 1578 1873 1648 ejus
1902 1579 2099 1649 imple-

512 1664 676 1731 veris,
702 1665 808 1720 nisi
848 1680 1066 1720 omnem
1113 1665 1234 1735 ejus
1262 1664 1457 1722 feceris
1505 1667 1868 1735 voluntatem,
1897 1669 2004 1725 nisi
2033 1670 2102 1725 ab

511 1755 662 1810 omni
693 1764 744 1809 te
774 1756 1120 1811 immunditia
1147 1757 1498 1824 abstinueris,
1531 1774 1860 1830 omnemque
1888 1761 2098 1832 iniqui-

508 1858 676 1901 tatem
726 1846 1067 1916 deposueris.
1100 1846 1281 1903 Gratis
1324 1850 1567 1917 clamas,
1604 1849 1872 1906 vociferas
1909 1853 2097 1923 gratis,

507 1937 718 1993 cxaltas
736 1952 925 1993 vocem
939 1946 1111 2005 tuam,
1129 1939 1318 1995 dicens
1342 1958 1356 1994 :
1376 1939 1626 2007 Domine,
1644 1940 1894 2009 Domine,
1908 1952 2098 1999 testem

488 2029 890 2085 ‘inobedientia’
929 2039 1036 2086 tua:
1071 2046 1260 2096 vocas,
1304 2046 1429 2086 eum
1453 2031 1745 2087 Dominum
1785 2034 2098 2099 nominans,

507 2136 616 2175 non
648 2121 848 2175 timens
891 2120 1035 2175 sicut
1083 2119 1378 2176 Dominum
1432 2137 1611 2193 neque
1650 2123 1706 2176 in
1756 2131 1992 2179 tremore
2047 2125 2100 2179 ei

507 2212 775 2268 serviens.
804 2210 923 2267 Non
954 2213 1135 2268 omnis
1162 2215 1257 2284 qui
1297 2215 1414 2270 sine
1438 2212 1602 2281 facto,
1640 2215 1733 2270 sed
1766 2223 1975 2270 tantum
2003 2231 2099 2273 ore

508 2318 597 2359 me
622 2302 912 2358 Dominum
931 2304 1184 2373 appellat,
1207 2303 1457 2360 introibit
1478 2306 1530 2359 in
1556 2320 1783 2376 regnum
1808 2307 2095 2375 caelorum,

507 2396 604 2450 sed
652 2396 781 2466 quia
822 2410 991 2466 opera
1038 2396 1201 2469 digna
1244 2413 1367 2453 meo
1404 2400 1629 2454 nomine
1682 2397 1831 2464 facit,
1873 2407 1927 2453 et
1961 2415 2097 2454 con-

506 2487 870 2544 versationem
894 2486 1112 2559 dignam
1137 2504 1271 2544 meae
1295 2489 1712 2545 sanctificationi
1744 2490 2022 2561 adimplet.

1094 2579 1172 2635 De
1215 2582 1511 2639 mendacio.

579 2670 919 2726 Mendacium
965 2681 1049 2729 est
1089 2672 1227 2728 falsa
1293 2673 1618 2745 significatio
1660 2690 1784 2730 cum
1816 2676 2097 2731 voluntate

511 2762 757 2818 fallendi.
793 2761 910 2818 Non
963 2771 1049 2818 est
1076 2772 1256 2819 autem
1308 2763 1444 2820 falsa
1477 2764 1822 2835 significatio,
1851 2765 1945 2821 ubi
1991 2765 2093 2821 etsi

508 2854 657 2910 aliud
696 2868 763 2909 ex
807 2854 916 2909 alio
957 2854 1313 2925 significatur,
1348 2871 1536 2911 verum
1580 2866 1665 2912 est
1711 2866 1894 2912 tamen
1945 2857 2093 2927 quod

505 2944 867 3016 significatur,
900 2945 946 3000 si
978 2953 1123 3001 recte
1151 2946 1502 3019 intelligatur.
1534 2946 1951 3018 (AUGUSTINUS.)
1998 2946 2095 3003 Est

507 3046 691 3093 autem
721 3038 995 3109 quoddam
1033 3053 1206 3110 genus
1253 3039 1574 3105 mentiendi,
1627 3040 1682 3093 in
1724 3039 1871 3109 quod
1898 3052 2091 3095 omnes

506 3131 878 3193 consentiunt,
915 3130 979 3185 de
1025 3144 1136 3202 quo
1178 3130 1567 3202 inquirendum
1601 3131 1708 3186 erit
1746 3140 1928 3186 utrum
1985 3130 2089 3185 ali-

505 3222 727 3291 quando
753 3222 825 3277 sit
848 3221 979 3276 utile
1019 3220 1216 3276 falsum
1246 3222 1468 3292 aliquod
1492 3222 1803 3287 enuntiare,
1835 3237 1962 3276 cum
1995 3237 2091 3276 vo-

508 3314 716 3368 luntate
764 3313 1005 3368 fallendi.
1063 3312 1199 3367 Nam
1251 3315 1345 3383 qui
1380 3315 1486 3369 hoc
1521 3313 1782 3379 sentiunt,
1824 3313 2088 3368 adhibent

506 3406 882 3461 testimonium
934 3404 1217 3460 sententia:
1262 3419 1395 3467 sua},
1444 3413 1938 3459 commemorantes
1987 3402 2090 3458 Sa-

510 3514 646 3563 ram,
676 3514 802 3553 cum
832 3497 1066 3563 risisset,
1097 3496 1306 3566 angelis
1331 3510 1559 3564 negasse
1579 3494 1706 3564 quia
1731 3496 1913 3550 riserit
1935 3495 2087 3566 (Cen.

507 3591 693 3658 svnt);
731 3587 898 3643 Jaeob
922 3602 1140 3657 quoque
1191 3603 1222 3641 a
1252 3594 1404 3656 patre
1440 3586 1831 3655 interrogatum
1863 3602 2091 3656 respon-

505 3683 653 3736 disse
665 3681 810 3750 quod
824 3682 937 3750 ipse
950 3690 1094 3736 esset
1107 3679 1250 3737 Esau
1264 3681 1437 3751 major
1450 3680 1880 3752 ﬁliusejust’Gcn.
1898 3684 2088 3753 xxvn);

509 3772 793 3844 IEgyptias
815 3774 980 3826 etiam
1024 3772 1364 3838 obstetrices,
1398 3788 1465 3827 ne
1494 3771 1730 3828 infantes
1752 3771 1963 3828 lle'braei
1994 3789 2093 3828 na-

509 3869 725 3915 scentes
773 3861 1227 3927 interficerentur,
1271 3862 1436 3916 etiam
1487 3860 1599 3918 Deo
1651 3863 1989 3933 approbante
2037 3871 2092 3917 et

507 3958 913 4014 remunerante,
940 3952 1198 4007 mentitas
1218 3950 1415 4023 (Exod.
1443 3952 1504 4022 ι).
1535 3950 1600 4006 Ει
1623 3954 1791 4007 multa
1817 3953 2089 4023 ejusmodi

505 4043 751 4112 exempla
774 4043 1052 4114 eligentes,
1078 4059 1271 4098 eorum
1306 4043 1591 4099 hominum
1624 4045 1908 4098 mendacia
1934 4060 2091 4099 com»

506 4141 815 4189 memorant
842 4149 982 4202 quos
1008 4133 1229 4203 culpare
1274 4149 1385 4189 non.
1423 4134 1677 4200 audeant,
1706 4144 1869 4205 atque
1900 4135 1972 4188 ita
2010 4133 2090 4188 fa-

506 4227 672 4281 tearis
701 4225 998 4295 aliquando
1026 4240 1148 4281 esse
1194 4241 1357 4295 posse
1414 4242 1522 4281 non
1571 4226 1749 4281 solum
1798 4226 2091 4296 reprelien-

506 4320 661 4373 sione
692 4334 799 4372 non
840 4317 1087 4389 dignum,
1129 4318 1223 4371 scd
1267 4318 1432 4371 etiam
1469 4317 1693 4388 dignum
1736 4318 1896 4372 laude
1938 4333 2092 4371 men-

504 4413 743 4466 dacium.
782 4411 1005 4465 Addunt
1031 4410 1194 4463 etiam
1217 4451 1230 4474 ,
1261 4425 1371 4478 quo
1398 4424 1507 4464 non
1553 4410 1700 4464 solos
1736 4418 1983 4479 premant
2008 4409 2090 4463 di-

503 4500 649 4555 vinis
674 4500 828 4554 libris
864 4498 1097 4565 deditos,
1130 4498 1223 4553 sed
1251 4497 1415 4552 etiam
1449 4513 1642 4554 omnes
1674 4500 1923 4553 homines
1963 4515 2089 4554 sen-

505 4608 739 4663 sumque
757 4606 1103 4647 communem
1124 4632 1137 4656 ,
1164 4592 1408 4648 dicentes
1442 4611 1454 4645 :
1488 4592 1545 4647 Si
1574 4593 1701 4663 quis
1725 4592 1794 4647 ad
1823 4602 1874 4647 te
1896 4592 2091 4648 confu-

506 4686 637 4755 giat,
671 4685 766 4756 qui
796 4684 1084 4739 mendacio
1111 4693 1207 4738 tuo
1236 4685 1411 4755 pessit
1436 4700 1467 4739 a
1498 4693 1673 4739 morte
1699 4684 1943 4751 liberari,
1982 4701 2089 4739 non

504 4791 565 4830 es
616 4775 970 4830 mentiturus.
1005 4773 1063 4830 Si
1093 4776 1296 4847 aliquid
1327 4783 1563 4846 aegrotus
1599 4775 1900 4846 interroget
1941 4776 2091 4846 quod

505 4866 555 4920 ei
596 4867 737 4922 seire
774 4882 884 4922 non
925 4867 1163 4938 expedit,
1199 4868 1294 4938 qui
1325 4867 1491 4922 etiam
1531 4866 1705 4937 possit
1762 4874 1814 4919 te
1846 4882 1954 4919 non
1999 4880 2089 4920 re-

511 4957 813 5026 spondente
843 4959 1067 5029 gravius
1092 4959 1277 5029 atlligi,
1309 4957 1609 5013 audebisne
1644 4965 1740 5012 aut
1789 4971 1978 5010 verum
2009 4956 2093 5010 di-

507 5061 631 5103 cere
658 5049 712 5102 in
739 5050 1036 5118 perniciem
1068 5050 1306 5105 hominis
1348 5058 1443 5104 aut
1477 5049 1662 5116 silere,
1711 5049 1892 5118 potius
1924 5063 2089 5117 quam

509 5138 739 5195 honesto
764 5148 818 5195 et
843 5140 1181 5197 misericordi
1208 5140 1493 5197 mendacio
1516 5139 1811 5194 valetudini
1834 5139 1955 5209 ejus
1976 5140 2094 5209 opi-

505 5230 718 5286 tulari?
749 5231 845 5288 His
876 5235 1057 5304 itaque
1085 5234 1285 5289 talibus
1310 5231 1694 5301 copiosissime
1729 5245 1788 5287 se
1816 5231 2092 5285 arbitran-

509 5336 598 5380 tur
626 5341 839 5396 urgere,
871 5337 932 5382 ut
961 5328 1007 5383 si
1039 5326 1360 5382 consulendi
1407 5340 1575 5380 causa
1605 5324 1772 5393 exigit
1795 5324 2092 5396 aliquando

508 5418 860 5475 mentiamur.
905 5420 1108 5476 Contra
1142 5420 1218 5473 illi
1261 5419 1465 5489 quibus
1496 5418 1671 5488 placet
1714 5433 1991 5487 nunquam
2014 5418 2095 5473 sic

508 5512 881 5567 mentiendum
935 5514 1108 5567 multo
1162 5510 1356 5565 fortius
1401 5518 1588 5582 agunt,
1642 5517 1857 5565 utentes
1912 5509 2093 5580 primo

507 5603 833 5657 auctoritate
875 5602 1082 5667 divina,
1109 5600 1366 5669 quoniam
1404 5600 1458 5653 in
1504 5600 1626 5669 ipso
1656 5597 1923 5669 Decalogo
1955 5598 2093 5653 scri-

507 5703 557 5760 p:
570 5709 659 5746 um
678 5702 764 5750 est
781 5712 825 5748 τι
848 5694 1066 5748 Falsum
1082 5692 1539 5761 testintoninnrne
1553 5691 1705 5746 dicas
1723 5687 1918 5762 (Exod.
1936 5692 2052 5760 xv).
2068 5709 2085 5741 ι

508 5780 630 5850 Quo
675 5784 1297 5857 generecomplectimur
1317 5798 1479 5838 omne
1519 5783 1888 5837 mendacium.
1925 5782 2092 5849 Quis-

506 5876 632 5936 puis
661 5875 805 5939 enim
858 5876 1061 5951 aliquid
1115 5874 1383 5940 enuntiat,
1420 5873 1793 5939 testimonium
1847 5874 2093 5950 perhibet

2202 672 2418 727 dacium
2440 672 2639 729 falsum
2664 674 3033 729 testimonium
3060 685 3183 725 esse
3208 669 3596 739 appellandum
3613 709 3627 735 ,
3648 674 3751 740 quid

2202 763 2452 820 dicturus
2497 773 2580 820 est
2632 766 2700 820 ad
2732 764 2785 818 id
2835 761 2979 833 quod
3010 760 3275 831 scriptum
3309 767 3396 814 est
3422 777 3437 811 :
3468 778 3486 808 ι
3518 756 3595 813 Os
3637 764 3754 830 quod

2204 856 2467 910 mentitur
2501 856 2701 911 occidit
2735 853 3016 909 animam?
3042 872 3059 904 ι
3092 850 3246 923 (Sap.
3283 851 3348 919 ι.)
3374 849 3535 916 Quod
3569 866 3630 906 ne
3656 854 3754 922 quis

2203 943 2498 998 arbitretur
2525 944 2769 1013 exceptis
2798 941 3075 1011 aliquibus
3098 939 3500 994 mentientibus
3530 953 3673 1007 posse
3689 941 3753 995 in-

2205 1033 2394 1104 telligi,
2428 1033 2537 1088 alio
2564 1034 2685 1089 loco
2713 1033 2857 1102 legat
2886 1050 2898 1085 :
2928 1029 3167 1085 «Perdes
3195 1044 3396 1084 omnes
3430 1028 3528 1098 qui
3559 1029 3754 1099 loquun-

2205 1132 2294 1177 tur
2320 1124 2664 1178 mendacium
2691 1122 2868 1192 (Psal.
2898 1121 3008 1191 ν).›
3043 1119 3257 1175 Etenim
3288 1134 3388 1174 ore
3417 1134 3524 1174 suo
3541 1119 3649 1189 ipse
3672 1120 3753 1177 Do-

2205 1213 2389 1268 minus
2410 1213 2542 1269 dicit
2570 1231 2583 1267 :
2613 1232 2632 1264 ι
2654 1211 2756 1279 Sit,
2809 1212 3006 1281 inquit,
3058 1212 3115 1265 in
3148 1224 3245 1265 ore
3278 1215 3484 1274 vestro,
3522 1207 3634 1275 Est,
3668 1223 3749 1277 est,

2202 1303 2346 1370 Non,
2381 1305 2704 1376 non:quod
2753 1313 2936 1359 autem
2984 1303 3223 1374 amplius
3277 1311 3386 1366 est,
3437 1317 3469 1356 a
3522 1300 3656 1355 malo
3689 1313 3754 1358 est

2205 1393 2434 1465 (Matth.
2479 1395 2591 1465 ν).›
2626 1393 2705 1448 Ex
2742 1394 2830 1450 bis
2857 1402 2913 1449 et
2946 1393 3071 1449 aliis
3103 1391 3425 1462 bujusmodi
3453 1394 3754 1463 argumentis

2202 1487 2466 1558 probatur
2490 1487 2545 1541 in
2574 1487 2682 1541 ulla
2707 1500 2874 1542 causa
2904 1501 3012 1540 non
3040 1485 3208 1540 licere
3240 1484 3489 1539 mentiri.

2273 1578 2567 1635 Menticndi
2583 1587 2766 1634 autem
2789 1585 2916 1632 octo
2938 1592 3133 1645 genera
3163 1584 3314 1631 sunt.
3329 1574 3582 1629 Primum
3609 1575 3754 1647 itaque

2201 1678 2286 1725 est
2309 1670 2542 1739 capitale
2576 1668 2920 1724 mendacium
2948 1685 2963 1723 :
2988 1666 3135 1738 quod
3159 1666 3318 1737 longe
3338 1674 3425 1721 est
3448 1667 3751 1736 fugiendum,

2203 1758 2331 1829 quia
2363 1758 2423 1813 fit
2461 1760 2517 1813 in
2561 1759 2814 1814 doctrina
2842 1758 3124 1829 religionis
3167 1773 3234 1813 ac
3271 1757 3517 1828 pietatis,
3549 1756 3615 1811 ad
3639 1759 3755 1827 quod

2205 1850 2550 1905 mendacium
2593 1850 2741 1904 nulla
2772 1848 3084 1904 conditione
3115 1848 3355 1919 quisque
3382 1846 3545 1902 debet
3572 1847 3753 1914 adduci,

2202 1942 2333 2012 quia
2362 1957 2619 2013 magnum
2657 1942 2837 1997 scelus
2865 1949 2971 1997 est.
3003 1949 3060 1996 et
3089 1941 3327 2011 primum
3357 1955 3534 2009 genus
3553 1938 3756 1994 detesta-

2203 2034 2327 2090 bilis
2366 2035 2657 2090 mendacii.
2688 2033 3001 2089 Secundum
3040 2041 3245 2099 autem,
3282 2033 3434 2103 quod
3467 2034 3572 2086 tale
3608 2039 3679 2085 est
3706 2041 3753 2086 ut

2200 2133 2256 2179 et
2284 2125 2419 2180 nulli
2436 2126 2609 2195 prosit
2635 2134 2689 2180 et
2713 2126 2859 2180 obsit
2886 2125 3072 2192 alicui,
3108 2124 3239 2194 quia
3270 2123 3408 2179 nulli
3434 2122 3669 2178 facienda
3688 2132 3756 2182 est

2202 2217 2497 2287 injuria,et
2511 2219 2566 2273 in
2592 2219 2697 2274 hoc
2716 2233 2914 2290 genere
2936 2232 3047 2272 non
3070 2217 3231 2272 debet
3254 2216 3502 2271 mentiri.
3519 2215 3751 2279 Tertium,

2199 2306 2349 2378 quod
2389 2307 2462 2362 ita
2506 2308 2729 2378 prodest
2757 2306 2853 2362 uni
2882 2316 2938 2362 ut
2987 2306 3135 2362 obsit
3160 2307 3341 2371 alteri,
3384 2306 3632 2376 quamvis
3663 2321 3753 2360 non

2199 2398 2268 2454 ad
2316 2398 2718 2455 immunditiam
2750 2399 2896 2455 obsit
2915 2399 3273 2470 corporalem,
3292 2408 3348 2454 et
3379 2400 3436 2453 in
3464 2400 3571 2454 hoc
3590 2414 3755 2471 genere

2200 2490 2332 2545 nulli
2360 2507 2485 2546 cum
2527 2490 2756 2545 alterius
2797 2490 2998 2561 injuria
3038 2490 3443 2546 consulendum
3473 2500 3578 2546 est.
3604 2492 3750 2558 Quar-

2199 2591 2337 2648 tum,
2377 2581 2525 2652 quod
2573 2582 2635 2637 fit
2682 2597 2799 2637 sona
2848 2582 3140 2637 mentiendi
3178 2583 3407 2638 libidine
3429 2582 3748 2653 fallendique,

2198 2672 2344 2743 quod
2377 2687 2588 2728 merum
2620 2674 2967 2730 mendacium
2995 2684 3100 2739 est,
3127 2675 3255 2745 quia
3283 2674 3457 2730 libido
3493 2674 3752 2730 mentiendi

2196 2778 2294 2834 per
2322 2779 2382 2820 se
2403 2764 2578 2834 ipsam
2601 2764 2799 2819 vitiosa
2830 2772 2933 2819 est.
2962 2763 3250 2831 Quintum,
3276 2765 3427 2835 quod
3455 2766 3517 2820 tit
3541 2763 3752 2837 placendi

2196 2854 2496 2925 cupiditate
2540 2854 2608 2911 de
2654 2854 3119 2926 suaviloquiozin
3152 2869 3265 2926 quo
3311 2871 3513 2927 genere
3555 2871 3646 2910 nec
3681 2863 3753 2909 est

2195 2946 2597 3014 mentiendum;
2629 2946 2757 3017 quia
2786 2946 2832 3002 si
2870 2947 2988 3017 ipsa
3021 2947 3221 3001 veritas
3265 2948 3376 3002 fine
3414 2947 3647 3018 placendi
3668 2947 3755 3000 ho-

2196 3035 2438 3093 minibus
2466 3038 2801 3093 enuntianda
2827 3054 2937 3093 non
2963 3046 3067 3105 est,
3094 3047 3306 3108 quanto
3331 3040 3515 3093 minus
3555 3037 3754 3093 menda-

2194 3129 2340 3184 cium
2389 3144 2487 3199 per
2531 3129 2805 3200 seipsum,
2846 3131 2976 3202 quia
3029 3131 3380 3187 mendacium
3429 3139 3531 3195 est,
3582 3131 3759 3200 utique

2198 3228 2355 3290 turpe
2380 3228 2483 3275 est.
2513 3218 2608 3274 llis
2642 3222 2899 3277 omnibus
2930 3223 3150 3292 penitus
3185 3223 3398 3278 evitatis
3436 3231 3597 3292 atque
3633 3220 3759 3289 reje-

2195 3310 2317 3375 ctis,
2348 3318 2431 3364 est
2460 3318 2673 3365 sextum
2715 3313 2922 3382 genus?
2951 3311 3107 3379 Quod
3132 3322 3187 3367 et
3219 3314 3354 3368 nulli
3391 3313 3541 3367 obest
3566 3322 3619 3366 et
3647 3326 3761 3381 pm-

2194 3403 2314 3458 dest
2340 3402 2503 3457 alicui
2541 3402 2921 3475 interroganti.
2976 3404 3083 3459 Sed
3118 3414 3173 3461 et
3215 3406 3271 3459 in
3314 3405 3416 3459 boc
3444 3420 3633 3474 genere
3661 3418 3759 3456 non

2195 3501 2275 3546 est
2310 3493 2704 3560 mentiendum,
2733 3494 2862 3564 quia
2894 3510 2997 3549 nec
3026 3505 3175 3550 recte
3212 3495 3573 3564 corrumpitur
3609 3495 3761 3548 etiam

2198 3582 2495 3635 testimonii
2520 3583 2743 3650 veritas,
2788 3598 2889 3654 pro
2934 3584 3265 3654 cujusquam
3310 3584 3591 3654 temporali
3628 3598 3763 3637 cam-

2197 3671 2361 3726 modo
2386 3688 2450 3727 ac
2472 3673 2665 3729 salute.
2693 3674 2776 3729 Ad
2799 3676 3189 3745 sempiternam
3233 3692 3367 3732 vero
3398 3678 3618 3731 salutem
3655 3676 3764 3728 nul-

2196 3764 2283 3818 lus
2326 3765 2607 3821 ducendus
2636 3774 2720 3822 est
2757 3768 3062 3836 opitulante
3110 3769 3402 3824 mendacio
3438 3789 3450 3823 :
3485 3786 3589 3823 non
3628 3769 3759 3822 enim

2198 3853 2358 3907 malis
2389 3855 2824 3909 convertentium
2864 3856 3112 3911 moribus
3138 3857 3205 3910 ad
3235 3858 3409 3911 bonos
3434 3871 3610 3911 mores
3644 3870 3764 3909 con-

2196 3948 2491 4002 vertendus
2514 3957 2617 4003 est.
2655 3948 2928 4014 Quoniam
2975 3965 3103 4019 erga
3157 3950 3312 4002 illum
3345 3950 3491 4004 salus
3533 3947 3761 4003 facienda

2195 4046 2299 4103 est,
2328 4038 2487 4094 debet
2536 4040 2701 4094 etiam
2752 4041 2866 4109 ipse
2896 4055 3196 4096 conversus
3243 4040 3423 4096 facere
3446 4058 3572 4112 erga
3607 4040 3761 4102 alios;

2196 4138 2359 4199 atque
2389 4130 2461 4186 ita
2497 4148 2605 4185 non
2638 4132 2703 4185 ad
2738 4131 2933 4196 bonos,
2966 4130 3061 4185 sed
3104 4132 3172 4186 ad
3222 4133 3400 4187 malas
3434 4148 3608 4187 mores
3641 4147 3763 4185 con-

2197 4222 2447 4285 vertitur,
2474 4238 2598 4276 cum
2626 4222 2729 4277 hoc
2754 4222 2802 4275 ei
2830 4224 3101 4292 prmbetur
3124 4222 3454 4277 imitandum
3481 4235 3759 4278 converso-

2197 4314 2339 4382 quod
2377 4312 2426 4367 ei
2460 4313 2759 4381 priestitnm
2802 4322 2887 4367 est
2935 4314 3325 4369 convertenda.
3362 4315 3657 4384 Septimqu
3689 4320 3762 4365 est

2196 4402 2339 4471 quod
2370 4411 2421 4455 et
2452 4401 2583 4455 nulli
2629 4402 2786 4457 obest
2836 4412 2890 4457 et
2937 4403 3160 4472 prodest
3219 4404 3408 4468 alicui,
3455 4412 3675 4472 excepto
3719 4399 3761 4453 si

2190 4494 2355 4563 judex
2388 4486 2705 4562 intct'tog‘ct.
2749 4489 2859 4547 Nec
2897 4493 2952 4546 in
3001 4494 3106 4548 hoc
3146 4509 3370 4564 quoque
3399 4509 3587 4565 genere
3624 4507 3766 4546 tnenv

2127 4621 2170 4676 ο
2198 4583 2440 4638 tiendum
2464 4583 2584 4636 erit.
2621 4582 2740 4636 Non
2765 4584 2911 4638 enim
2944 4584 3273 4654 cujusquam
3301 4586 3658 4640 commoditas
3681 4590 3765 4635 aut

2196 4675 2345 4730 salus
2373 4675 2687 4744 temporalis
2740 4676 3082 4746 perficienda:
3129 4678 3255 4732 ﬁdei
3293 4678 3622 4749 prmfereuda
3650 4682 3765 4729 est:

2195 4781 2296 4820 nec
2340 4767 2385 4821 si
2424 4768 2717 4837 quisquam
2768 4767 2823 4821 in
2853 4778 3000 4823 recte
3045 4768 3206 4823 factis
3255 4769 3459 4825 nostris
3494 4778 3597 4823 tam
3629 4766 3765 4820 male

2196 4873 2468 4924 movetur,
2498 4868 2557 4913 ut
2603 4861 2695 4914 fiat
2723 4861 2888 4914 etiam
2934 4860 3121 4915 animo
3164 4862 3426 4929 deterior,
3452 4863 3718 4931 longeque
3744 4875 3772 4912 ι

2194 4950 2395 5020 pietate
2438 4950 2723 5005 remotior.
2774 4949 3067 5020 Propterea
3099 4960 3244 5006 recte
3291 4952 3434 5007 facta
3484 4950 3772 5007 deferenda

2195 5052 2344 5109 sunt,
2397 5059 2521 5098 cum
2573 5043 2625 5096 id
2660 5043 2819 5099 nobis
2866 5044 3140 5114 prtecipue
3176 5046 3483 5099 tenendum
3525 5045 3617 5109 sit,
3669 5060 3777 5113 qua

2195 5150 2393 5189 vocare
2420 5146 2584 5206 atque
2611 5135 2842 5190 invitare
2870 5135 3134 5192 debemus
3164 5152 3307 5206 quos
3338 5140 3477 5192 sicut
3530 5145 3777 5191 nosmet-

2178 5225 2345 5295 ipsos
2379 5226 2697 5297 diligimus;
2739 5224 3152 5297 fortissimeque
3192 5229 3381 5283 animo
3430 5229 3663 5282 bibenda
3702 5236 3782 5281 est

2196 5318 2287 5373 illa
2317 5319 2619 5388 apostolica
2652 5320 2955 5374 sententia:
2979 5338 2998 5371 ι
3018 5320 3154 5375 Aliis
3176 5321 3399 5390 quidem
3426 5337 3618 5375 sumus
3647 5322 3782 5372 odor

2194 5410 2321 5465 vitae
2350 5412 2404 5464 in
2432 5412 2629 5476 vitam;
2670 5412 2793 5467 aliis
2820 5412 2955 5467 odor
2978 5413 3172 5468 mortis
3197 5413 3250 5466 in
3280 5424 3511 5468 mortem
3534 5412 3625 5483 (fl
3657 5412 3782 5468 Cor.

2197 5507 2313 5572 11).»
2353 5500 2416 5556 Et
2450 5503 2519 5557 ad
2543 5504 2648 5559 hoc
2679 5504 2805 5573 quis
2840 5503 3077 5560 idoneus
3099 5504 3122 5556 ἲ
3148 5500 3415 5558 Octavum
3462 5520 3640 5576 genus
3671 5514 3779 5565 est,

2194 5594 2342 5665 quod
2370 5605 2422 5650 et
2465 5595 2600 5650 nulli
2655 5596 2834 5662 obest,
2866 5607 2920 5650 et
2959 5594 3026 5650 ad
3070 5595 3176 5650 lmc
3216 5595 3463 5665 prodest,
3495 5605 3548 5650 ut
3570 5597 3651 5650 ab
3683 5595 3785 5649 im-

2196 5683 2466 5740 munditia
2519 5686 2791 5757 corporali
2842 5685 3077 5755 aliquem
3110 5692 3388 5752 tueamur,
3414 5686 3690 5740 duntaxat
3723 5702 3782 5737 ea

2194 5779 2407 5835 ratione
2430 5794 2537 5850 qua
2563 5778 2817 5849 superius
2842 5776 3419 5834 commemoravimus.
3445 5776 3551 5832 Nec
3594 5778 3660 5833 in
3682 5777 3789 5831 boc

2197 5888 2392 5945 genere
2435 5872 2537 5931 erit
2580 5871 2971 5937 mentiendum,
3008 5869 3134 5939 quia
3165 5879 3223 5927 et
3271 5869 3327 5925 in
3359 5870 3518 5928 bonis
3552 5871 3794 5927 castitas
