3948 6448
201 443 338 498 1077

1125 443 1700 502 DEFLORATIONES
1742 447 1840 502 SS.
1884 448 2190 504 PATRUM.
2231 479 2300 489 --
2338 447 2468 504 LIB.
2509 446 2574 502 ll.

3338 451 3476 506 1078

197 555 366 612 animi
393 556 658 626 pudicrtia
689 556 955 627 corporis,
997 565 1053 613 et
1090 557 1145 612 in
1195 559 1355 615 malis
1386 559 1439 614 id
1484 561 1628 630 quod
1677 561 1782 631 ipsi
1813 577 1856 632 Î‘
1889 561 2086 618 falsum
2123 571 2226 631 est,
2255 563 2342 619 vel
2382 571 2594 619 certum
2641 559 2844 617 habere
2896 575 2996 632 pro
3027 560 3258 628 incerto,
3294 561 3476 618 incer-

197 646 434 703 facimus
451 663 518 704 eo
543 648 688 718 quod
717 648 830 703 fieri
854 649 1089 705 sinimus
1115 650 1294 720 majus
1322 662 1424 706 est.

268 738 328 794 ln
367 739 457 795 his
494 755 626 811 ergo
661 750 786 796 octo
818 741 1110 812 generibus
1139 751 1289 798 tanto
1319 744 1556 814 quisque
1602 745 1786 802 minus

195 838 407 900 peccat,
435 847 561 887 cum
604 833 886 900 mentitur,
923 842 1130 903 quanto
1154 835 1381 905 emergit
1405 836 1472 890 ad
1507 844 1783 900 octavum,

197 932 464 992 tantoque
492 924 729 993 amplius
756 933 964 993 quanto
994 927 1226 996 emergit
1249 925 1315 980 ad
1344 926 1602 996 primum.
1629 927 1788 993 Quis-

195 1017 327 1085 quis
353 1023 537 1069 autem
568 1030 690 1070 esse
715 1016 935 1084 aliquod
964 1032 1136 1086 genus
1166 1017 1435 1072 mendacii
1483 1019 1626 1088 quod
1660 1033 1788 1088 pec-

195 1116 382 1162 catum
412 1121 522 1161 non
562 1107 632 1161 sit
681 1107 972 1177 putaverit,
1017 1108 1245 1178 decipiet
1265 1109 1502 1179 seipsum
1533 1109 1784 1178 turpiter,

195 1213 328 1253 cum
379 1199 670 1253 honestum
716 1214 775 1254 se
805 1199 1149 1270 deceptorem
1191 1201 1490 1255 arbitratur
1527 1201 1784 1256 aliorum.

197 1290 488 1346 Mendaces
535 1289 724 1360 itaque
778 1290 990 1346 faciunt
1043 1301 1105 1347 ut
1169 1308 1270 1347 nec
1315 1307 1439 1347 vera
1483 1292 1788 1348 dicentibus

197 1380 489 1447 credatur;
535 1382 711 1436 reddit
755 1381 902 1437 enim
948 1398 1090 1453 sape
1126 1383 1402 1437 hominem
1433 1383 1603 1437 multa
1635 1382 1787 1438 falsi-

199 1482 286 1528 tas
309 1473 474 1528 etiam
518 1473 573 1527 in
601 1473 826 1528 veritate
851 1483 1187 1544 suspectum.
1222 1472 1376 1543 Sape
1402 1490 1531 1529 vera
1558 1475 1788 1544 promit-

197 1562 266 1616 tit
288 1563 382 1633 qui
404 1561 539 1617 falsa
561 1562 807 1618 dicturus
827 1571 930 1629 est,
947 1571 1027 1630 ut,
1052 1578 1176 1619 cum
1202 1563 1440 1633 primum
1469 1564 1790 1633 acquisierit

198 1651 385 1720 fidem,
411 1653 478 1707 ad
528 1653 739 1724 reliqua
784 1654 1066 1708 mendacia
1110 1655 1394 1710 audientes
1424 1655 1679 1710 credulos
1704 1653 1788 1709 fa-

196 1747 331 1802 ciat.
372 1745 556 1802 Multis
588 1746 839 1801 videntur
867 1761 992 1801 vera
1042 1761 1164 1802 esse
1208 1762 1330 1815 qua
1379 1745 1514 1803 falsa
1565 1756 1712 1812 sunt,
1737 1757 1791 1802 et

198 1838 327 1893 ideo
369 1853 479 1891 non
519 1853 582 1892 ex
628 1836 761 1902 Deo,
789 1838 881 1892 sed
931 1853 996 1892 ex
1054 1853 1157 1892 suo
1212 1838 1496 1893 mendacio
1551 1837 1789 1908 loquun-

1887 667 2071 712 tumve
2104 671 2204 726 pro
2231 665 2399 723 certo,
2433 657 2548 712 sive
2593 653 2792 710 falsum
2828 653 2899 708 sit
2936 653 3052 708 sive
3078 669 3289 709 verum.
3320 652 3476 708 Unde

1887 755 1942 802 et
1968 747 2210 802 haretici
2241 747 2325 801 vel
2355 745 2478 802 falsi
2516 746 2795 816 propheta
2844 744 3335 815 pseudopropheta
3387 743 3476 798 di-

1888 849 2108 895 cuntur.
2132 840 2260 910 quia
2277 837 2588 909 Scripturas
2613 855 2722 892 non
2755 852 2891 893 sano
2921 852 3086 892 sensu
3116 836 3355 906 sapiunt,
3380 834 3476 891 sed

1888 943 1983 984 eas
2023 930 2092 984 ad
2137 943 2379 984 errorem
2423 943 2604 1000 prava
2631 926 3000 997 intelligentia
3023 925 3262 991 ducunt;
3298 939 3478 994 neque

1889 1020 2212 1090 semetipsos
2259 1035 2450 1074 earum
2501 1020 2756 1074 sensibus
2787 1017 3051 1081 subdunt,
3097 1016 3190 1073 sed
3231 1032 3326 1072 eas
3351 1031 3478 1086 per-

1888 1125 2046 1166 verse
2073 1111 2140 1165 ad
2177 1125 2421 1166 errorem
2450 1109 2728 1181 preprinm
2757 1109 3001 1164 trahunt.
3035 1107 3298 1162 Doctores
3322 1120 3477 1162 erro-

1889 1217 2034 1268 rum,
2065 1200 2277 1256 scilicet
2307 1200 2568 1266 haretici,
2590 1200 2772 1270 pravis
2798 1196 3357 1269 persuasionibus.ita
3381 1209 3478 1266 per

1890 1299 2208 1363 argumenta
2241 1290 2622 1346 fraudulentia
2652 1305 2782 1345 suos
2821 1289 3030 1358 illigant
3076 1288 3374 1352 auditores,
3417 1294 3480 1340 ut

1889 1401 1985 1440 eos
2016 1386 2176 1456 quasi
2200 1384 2512 1456 labyrintho
2537 1382 2838 1452 implicent,
2871 1396 2902 1436 a
2929 1393 3038 1451 quo
3067 1380 3215 1435 exire
3238 1393 3348 1432 non
3378 1393 3477 1431 va-

1891 1475 2057 1530 leant.
2111 1475 2285 1529 Tanta
2328 1483 2412 1528 est
2457 1472 2840 1527 hareticorum
2884 1471 3174 1536 calliditas,
3230 1477 3291 1523 ut
3339 1467 3478 1522 falsa

1891 1566 2036 1621 veris
2083 1566 2339 1636 malaque
2379 1563 2540 1620 bonis
2594 1562 2984 1634 permisceant,
3037 1559 3480 1630 salutaribusque

1889 1658 2056 1715 rebus
2102 1659 2428 1728 plerumque
2478 1671 2732 1711 errorum
2780 1654 2931 1711 virus
2981 1654 3330 1720 interserant,
3369 1667 3481 1722 quo

1891 1749 2108 1806 facilius
2157 1748 2373 1819 possint
2414 1748 2740 1819 pravitatem
2773 1747 3016 1818 perversi
3059 1744 3332 1817 dogmatis
3376 1742 3480 1798 sub

1891 1841 2072 1911 specie
2116 1840 2447 1912 persuadere
2495 1839 2764 1894 veritatis.
2827 1837 3158 1907 Plerumque
3222 1835 3326 1890 sub
3378 1847 3482 1888 no-

198 1937 311 1983 tur.
355 1927 758 1999 Nonnunquam
794 1928 1000 1984 falsitas
1030 1929 1335 1999 veriloquio
1365 1929 1702 2000 adjungitnr,
1733 1935 1860 1988 etB
1890 1931 2036 1986 mine
2096 1929 2491 1987 catholicorum
2545 1931 2833 1986 doctorum
2887 1927 3127 1983 haretici
3187 1942 3286 1981 sua
3333 1925 3480 1981 dicta

197 2025 523 2094 plerumque
566 2038 596 2076 a
647 2022 872 2077 veritate
925 2021 1118 2092 incipit
1173 2022 1267 2092 qui
1298 2020 1435 2077 falsa
1485 2022 1784 2092 contingit;

197 2117 373 2170 latent
395 2114 536 2184 sape
552 2129 678 2170 vera
709 2113 1074 2169 circumlinita
1094 2113 1252 2168 melle
1267 2114 1582 2177 verborum,
1599 2122 1652 2168 et
1669 2122 1790 2167 tan-

193 2205 294 2260 diu
336 2207 594 2276 deceptor
627 2207 910 2260 veritatem
941 2205 1184 2272 simulat,
1229 2221 1521 2276 quousque
1555 2205 1790 2260 fallendo

195 2299 456 2368 decipiat.
488 2295 893 2368 Nonnunquam
938 2297 1093 2368 pejus
1123 2307 1210 2354 est
1241 2297 1587 2354 mendacium
1613 2298 1790 2353 medi-

195 2390 305 2444 tari
334 2405 498 2459 quam
533 2389 704 2459 loqui.
750 2386 886 2443 Nam
934 2389 1207 2443 interdum
1257 2388 1493 2459 quisque
1533 2389 1790 2444 incautus

193 2481 340 2535 solet
370 2497 435 2535 ex
465 2480 892 2550 pracipitatione
923 2479 1071 2549 loqui
1096 2480 1442 2535 mendacium
1464 2521 1479 2547 ,
1539 2479 1791 2535 meditari

193 2589 268 2627 an
278 2583 386 2627 tem
405 2589 514 2626 non
528 2581 705 2643 potest
717 2573 820 2628 nisi
836 2587 928 2642 per
940 2572 1200 2628 studium.
1221 2572 1455 2628 Gravius
1469 2587 1599 2644 ergo
1614 2573 1702 2627 ille
1723 2587 1791 2627 ex

194 2666 388 2720 studio
437 2682 505 2719 in.
529 2666 654 2719 utiri
699 2665 1034 2735 perhibetur,
1063 2680 1227 2734 quam
1260 2665 1306 2722 is
1339 2666 1432 2736 qui
1455 2681 1522 2721 ex
1544 2665 1792 2736 pracipi-

195 2756 413 2808 latione
465 2759 580 2809 soâ€˜a
620 2755 904 2810 mentitur.
941 2753 1300 2825 Summopere
1351 2757 1652 2812 cavendum
1707 2765 1791 2812 est

195 2862 368 2900 omne
391 2847 755 2913 mendacium,
773 2847 1024 2917 quamvis
1049 2862 1445 2918 nonnunquam
1470 2850 1543 2904 sit
1569 2849 1792 2920 aliquod

198 2938 478 2992 mendacii
509 2954 680 3008 genus
707 2939 879 3008 culpa
901 2940 1141 3007 levioris,
1180 2941 1227 2995 si
1257 2943 1552 3010 quisquam
1578 2955 1677 3010 pro
1706 2957 1794 2997 sa-

197 3033 319 3086 lute
364 3033 645 3086 hominum
684 3033 997 3089 mentiatur.
1045 3033 1150 3090 Sed
1197 3033 1326 3103 quia
1371 3034 1636 3106 scriptum
1667 3043 1788 3090 est:

199 3143 220 3174 Ï‚
260 3123 335 3178 Os
368 3124 514 3193 quod
553 3125 812 3180 mentitur
860 3125 1060 3181 occidit
1107 3126 1345 3180 animam
1374 3125 1526 3196 (Sap.
1565 3126 1625 3196 Î¹),
1656 3146 1674 3178 Î¹
1706 3134 1788 3182 et:

1893 2025 2266 2092 conscribunt,
2299 2035 2359 2080 ut
2393 2023 2768 2080 indubitanter
2793 2022 2930 2076 lecta
2967 2019 3280 2076 credantur.
3332 2017 3482 2072 Non-

1893 2131 2174 2188 nunquam
2223 2115 2590 2186 hlasphemias
2635 2131 2762 2170 suas
2806 2113 2994 2168 latenti
3042 2112 3167 2167 dolo
3221 2112 3275 2166 in
3325 2109 3480 2165 libris

1892 2222 2204 2266 neStrorum
2229 2210 2584 2274 interserunt,
2609 2207 3029 2276 doctrinamque
3056 2219 3239 2259 veram
3268 2201 3481 2258 adulte-

1893 2303 2065 2358 rando
2093 2311 2468 2372 corrumpunt,
2484 2300 2693 2356 scilicet
2722 2299 2804 2353 vel
2834 2297 3137 2367 adjiciendo
3161 2310 3284 2366 qua
3314 2293 3480 2364 impia

1893 2403 2042 2460 sunt,
2074 2394 2158 2450 vel
2185 2393 2486 2449 auferendo
2508 2408 2630 2463 qua
2655 2392 2742 2462 pia
2767 2400 2915 2446 sunt.
2948 2389 3120 2444 Caute
3143 2386 3480 2452 mcditanda,

1893 2493 2164 2556 cautoque
2224 2500 2390 2541 sensu
2448 2483 2729 2556 probanda
2782 2491 2911 2538 sunt
2944 2498 3066 2552 qua
3109 2481 3386 2550 leguntur,
3419 2483 3494 2534 ut'

1888 2578 2044 2649 juxta
2075 2577 2373 2648 apostolica
2403 2577 2630 2642 monita,
2653 2585 2706 2630 et
2733 2584 3018 2629 teneamus
3039 2588 3162 2643 qua
3186 2581 3331 2627 recta
3353 2579 3483 2626 sunt

1895 2669 1950 2738 (I
1996 2669 2174 2725 Thess.
2201 2670 2278 2742 v),
2324 2678 2378 2724 et
2425 2667 2726 2723 refutemus
2777 2682 2900 2736 qua
2941 2665 3216 2723 contraria
3264 2663 3483 2719 veritati

1894 2765 2156 2831 existunt;
2203 2763 2393 2833 sicque
2424 2761 2585 2816 bonis
2614 2760 2974 2826 instruamur,
2999 2768 3061 2814 ut
3089 2773 3120 2813 a
3144 2757 3302 2814 malis
3325 2755 3482 2811 illaesi

1893 2871 2334 2926 permaneamus.

1965 2945 2120 3012 Quod
2151 2955 2330 3000 autem
2362 2944 2602 3000 Joannes
2629 2942 2696 2999 de
2729 2943 2928 2998 talibus
2955 2941 3232 3012 prophetis
3254 2939 3308 2994 in
3332 2939 3484 3010 Apo-

1895 3037 2098 3108 calypsi
2141 3053 2238 3092 sua
2272 3037 2419 3090 dicat
2447 3036 2750 3089 videamus.
2784 3053 2802 3084 Î¹
2830 3032 2974 3099 Vidi,
3001 3052 3018 3084 Î¹
3054 3032 3329 3102 inquiens,
3358 3049 3380 3084 Î¹
3415 3030 3486 3087 da

1895 3143 1991 3183 ore
2014 3127 2287 3192 draconis,
2319 3140 2373 3181 et
2414 3127 2480 3182 de
2533 3141 2627 3180 ore
2657 3125 2865 3190 bestia,
2909 3137 2963 3180 et
3006 3125 3074 3180 de
3121 3139 3215 3179 ore
3245 3124 3485 3194 pseudo-

200 3234 220 3266 â€¹
257 3215 465 3270 Perdes
499 3233 595 3272 eos
625 3218 719 3287 qui
752 3217 1048 3287 loquuntur
1079 3217 1421 3272 mendacium
1452 3217 1625 3288 (Paul.
1665 3218 1742 3286 v),
1767 3238 1785 3271 Î¹
1820 3264 1863 3319 C
1897 3219 2172 3289 propheta
2203 3218 2428 3288 spiritus
2460 3227 2570 3272 tres
2621 3217 2934 3271 immundos
2965 3216 3019 3270 in
3068 3215 3290 3270 modum
3321 3231 3486 3272 rana-

194 3311 310 3364 hoc
333 3325 556 3381 quoque
582 3311 848 3367 mendacii
874 3328 1044 3382 genus
1069 3311 1291 3382 perfecti
1316 3313 1418 3367 viri
1446 3329 1792 3384 summopere

195 3402 449 3473 fugiunt,
483 3411 543 3456 ut
572 3418 672 3457 nec
694 3402 824 3456 vitia
854 3403 1148 3472 cujuslibet
1177 3420 1269 3473 per
1299 3419 1488 3459 eorum
1520 3403 1792 3461 fallaciam

191 3493 592 3560 defendamur,
613 3509 711 3548 nec
735 3509 847 3548 sua
869 3495 1064 3549 anima
1093 3505 1346 3561 noceant,
1373 3495 1503 3550 dum
1535 3507 1795 3567 prastare

194 3588 461 3640 nituntur
484 3587 674 3642 alienae
710 3586 884 3652 carni,
910 3601 1224 3657 quanquam
1253 3587 1356 3642 hoc
1383 3587 1562 3657 ipsum
1587 3589 1794 3658 peccati

191 3695 386 3748 genus
413 3678 670 3732 facillime
694 3678 982 3732 credamus
1015 3678 1272 3733 relaxari.
1304 3676 1439 3732 Nam
1471 3679 1516 3733 si
1541 3679 1797 3748 qualibet

190 3769 372 3838 culpa
402 3769 650 3838 sequenti
671 3767 918 3822 mercede
946 3778 1229 3839 purgatur,
1263 3777 1470 3838 quanto
1495 3769 1670 3838 magis
1689 3769 1796 3825 hoc

189 3860 374 3915 facile
405 3861 732 3930 abstergitur
769 3875 934 3929 quam
967 3876 1176 3914 merces
1209 3860 1324 3928 ipsa
1370 3859 1794 3914 concomitalur.

189 3951 382 4005 Multa
423 3952 778 4017 mentiuntur,
815 3951 983 4005 multa
1023 3951 1233 4020 lingunt
1276 3952 1548 4018 homines,
1577 3959 1798 4020 propter

187 4043 499 4097 hominum
549 4044 800 4098 laudem:
841 4045 1029 4114 sicque
1060 4044 1118 4098 fit
1151 4053 1208 4097 ut
1249 4055 1302 4098 et
1344 4043 1430 4098 isti
1487 4043 1799 4097 mentiendo

185 4147 457 4205 pereant,
482 4144 533 4188 et
558 4151 652 4191 eos
681 4152 819 4206 quos
848 4136 1070 4190 laudant
1101 4136 1167 4190 ad
1191 4151 1342 4189 vana
1369 4135 1553 4206 gloria
1581 4134 1798 4189 ruinam

185 4227 536 4298 perducant.
584 4228 739 4282 Sicut
791 4229 927 4282 bene
981 4229 1083 4283 sibi
1135 4227 1390 4282 conscius
1443 4242 1552 4281 non
1609 4227 1803 4282 metuit

181 4320 408 4373 aliena
455 4319 650 4388 lingua
695 4319 1025 4384 convicium,
1070 4317 1142 4372 ita
1194 4327 1246 4372 et
1293 4335 1385 4388 qur
1435 4318 1688 4372 laudatur
1735 4317 1802 4371 ab

182 4412 337 4478 alio,
375 4427 486 4464 non
516 4411 674 4464 debet
723 4426 967 4466 errorem
1018 4411 1213 4466 aliena
1268 4410 1448 4465 laudis
1502 4412 1801 4475 attendere,

179 4503 293 4564 sed
367 4501 544 4572 magis
593 4501 973 4571 unusquisque
1025 4501 1399 4555 testimonium
1450 4499 1801 4554 conscientia

1898 3329 2017 3368 rum
2043 3311 2221 3366 exisse
2247 3311 2433 3382 (Apoc.
2468 3311 2602 3376 xvi).
2634 3329 2652 3361 Î¹
2705 3308 2846 3374 Quid
2873 3318 2955 3364 est
2983 3309 3146 3364 draco
3177 3310 3200 3362 ?
3249 3309 3354 3364 hoc
3399 3317 3487 3364 est

1895 3413 1949 3458 et
1990 3403 2160 3458 bestia
2187 3411 2240 3456 et
2291 3401 2783 3472 pseudopropheta,
2815 3400 2868 3454 id
2919 3408 3004 3455 est
3047 3401 3296 3455 diabolus
3356 3415 3485 3455 cum

1896 3495 2043 3550 omni
2076 3510 2303 3564 corpore
2332 3509 2455 3549 suo.
2486 3492 2690 3547 Tamen
2743 3500 2965 3562 propter
3008 3491 3327 3547 instantiam
3356 3507 3488 3561 pero

1898 3605 2158 3644 sonarnm
2186 3598 2238 3643 et
2283 3596 2615 3658 potestatum
2646 3586 2736 3640 illa
2780 3594 3173 3644 commemorat
3203 3601 3323 3655 quae
3367 3599 3487 3639 ma-

1893 3680 2068 3750 jorem
2101 3681 2302 3734 habent
2330 3680 2732 3758 potestatemin
2766 3679 2885 3747 ipso
2933 3679 3200 3733 malorum
3234 3690 3486 3746 corpore,

1896 3772 2191 3826 draconem
2224 3771 2450 3835 scilicet,
2507 3770 2560 3824 id
2589 3779 2670 3824 est
2693 3769 2969 3825 diabolum
2999 3787 3013 3834 ;
3038 3770 3298 3835 bestiam,
3329 3768 3490 3822 Anti-

1899 3860 2164 3915 christum
2195 3879 2208 3925 ;
2245 3859 2797 3928 pseudoprophetam,
2826 3859 2878 3911 id
2914 3867 3019 3924 cst,
3049 3860 3304 3914 doctores
3333 3859 3486 3929 ejus-

1901 3953 2023 4007 dem
2076 3951 2401 4006 Antichristi
2459 3966 2584 4004 cum
2635 3950 2896 4018 subjectis
2947 3951 3218 4019 plebibus.
3270 3950 3346 4004 De
3390 3967 3491 4006 ore

1901 4042 2149 4098 omnium
2175 4041 2370 4095 horum
2397 4040 2751 4111 egrediuntur
2779 4048 2890 4094 tres
2923 4040 3170 4108 Spiritus,
3203 4040 3296 4109 qui
3347 4040 3488 4095 nihil

1903 4142 2030 4190 sunt
2055 4132 2201 4187 aliud
2234 4131 2339 4186 nisi
2369 4146 2513 4185 unus
2550 4129 2794 4200 Spiritus.
2837 4129 3010 4183 Tanta
3049 4130 3248 4199 quippe
3279 4130 3488 4186 malitia

1902 4236 1985 4282 est
2024 4226 2206 4280 unitas
2256 4225 2311 4278 in
2353 4222 2610 4277 omnibus
2653 4221 3017 4285 damonibns,
3056 4231 3134 4288 ut,
3162 4238 3286 4275 cum
3327 4223 3489 4278 multi

1906 4318 2015 4371 sint
2046 4324 2310 4386 potestate
2333 4323 2385 4369 et
2408 4313 2634 4380 malitia,
2686 4313 2739 4366 in
2768 4329 2937 4367 unum
2964 4322 3144 4367 tamen
3169 4314 3490 4384 redigantur

1905 4423 2195 4471 consensu,
2211 4406 2336 4460 licet
2351 4405 2566 4459 diverso
2591 4403 2970 4470 modo,eadem
2993 4412 3259 4474 potestate
3282 4404 3492 4460 scilicet

1905 4509 1957 4554 et
1991 4499 2198 4553 malitia
2251 4498 2503 4552 homines
2537 4497 2878 4569 impugnent.
2912 4495 3066 4552 Unde
3102 4513 3244 4552 unus
3286 4497 3490 4552 dicitur

178 4610 317 4650 sua
356 4603 571 4663 quarat
605 4612 616 4646 :
650 4592 737 4648 cui
780 4593 895 4662 ipse
925 4593 1046 4661 plus
1097 4607 1339 4662 prasens
1368 4591 1553 4661 quiam
1592 4591 1678 4644 ille
1709 4591 1803 4661 qui
1835 4600 1878 4654 Î’
1907 4592 2133 4661 spiritus
2192 4591 2448 4657 mendax,
2487 4590 2628 4645 alius
2673 4590 2898 4660 spiritus
2933 4588 3331 4657 fornicationis,
3377 4599 3488 4645 ter-

177 4686 422 4740 laudat.
463 4704 480 4735 Î¹
510 4681 659 4753 Opus
690 4683 836 4737 enim
860 4698 1020 4738 suum
1054 4685 1432 4753 unusquisque
1463 4681 1705 4751 probet"
1746 4690 1804 4736 ut

177 4778 270 4832 ait
300 4777 614 4846 Apostolus
646 4775 791 4848 (Gal.
822 4777 924 4846 vt),
959 4793 977 4826 Îµ
1002 4784 1056 4830 et
1108 4785 1237 4830 tunc
1269 4775 1319 4827 in
1353 4773 1532 4844 seipso
1574 4775 1805 4843 quisque

176 4870 448 4942 gloriam
481 4869 750 4935 habebit,Â»
803 4868 1015 4923 occulte
1063 4867 1118 4920 in
1169 4883 1266 4922 sua
1299 4867 1652 4931 conscientia,
1695 4881 1802 4920 non

173 4961 402 5033 palam
428 4959 481 5012 in
507 4961 681 5013 aliena
704 4961 907 5029 lingua.
935 4957 1192 5020 Perfecli,
1219 4958 1311 5026 qui
1343 4958 1450 5011 alta
1476 4958 1657 5012 radice
1683 4956 1806 5011 lun-

172 5054 308 5108 dati
341 5062 503 5116 sunt,
527 5060 580 5104 et
617 5051 662 5105 si
694 5051 912 5104 fla'tnine
949 5050 1128 5104 laudis
1171 5064 1235 5104 ac
1257 5051 1693 5119 vituperationis,
1718 5058 1805 5103 ut-

172 5159 442 5215 cunque
499 5144 657 5213 quasi
711 5151 997 5197 ventorum
1041 5142 1314 5198 interdum
1362 5150 1660 5195 curventur
1700 5141 1806 5194 ini-

169 5240 401 5311 pulsu,
453 5234 697 5290 funditus
739 5245 917 5290 tamen
954 5249 1062 5289 non
1107 5233 1459 5304 dejiciuntur,
1499 5231 1593 5287 sed
1633 5231 1806 5302 proti-

169 5346 300 5387 nus
340 5328 620 5382 ï¬rmitate
649 5329 850 5383 radicis
881 5327 948 5380 ad
980 5343 1039 5381 se
1069 5326 1320 5380 redeunt.
1368 5323 1517 5378 Bona
1555 5339 1709 5378 mens
1741 5323 1806 5378 ad

168 5422 432 5478 malum
473 5435 572 5474 nec
623 5420 861 5489 pramiis
890 5433 989 5473 nec
1027 5417 1329 5472 terroribus
1367 5415 1630 5482 vincitur;
1681 5430 1806 5468 nant

167 5511 386 5583 iniqui
451 5518 706 5566 terrorem
748 5512 1025 5568 blanditiis
1089 5511 1351 5574 miscent,
1417 5516 1475 5561 ut
1513 5515 1607 5561 aut
1659 5507 1808 5560 oble-

164 5605 470 5661 ctatione
500 5615 829 5673 quemquam
857 5601 1152 5673 decipiant,
1186 5607 1282 5654 aut
1316 5596 1621 5653 terroribus
1667 5592 1814 5650 franJ

162 5706 350 5770 gaut.

732 5786 807 5842 De
830 5788 982 5857 falsis
1011 5785 1294 5856 prophetis.

250 5882 478 5939 Orare
523 5877 654 5932 nihil
699 5878 843 5935 aliud
890 5889 1162 5949 estquam
1209 5892 1395 5932 verum
1436 5884 1625 5948 putare
1664 5875 1807 5945 quod

1907 4685 2016 4738 tius
2048 4683 2274 4753 spiritus
2326 4682 2661 4737 immundus.
2708 4681 2853 4736 Bene
2898 4690 3078 4737 autem
3112 4681 3338 4751 spiritus
3381 4681 3490 4738 ima

1905 4777 2144 4830 mundus
2202 4776 2403 4830 dicitur
2475 4783 2696 4844 propter
2749 4783 2971 4843 peccata
3028 4773 3212 4843 gravia
3281 4773 3491 4844 quibus

1906 4865 2215 4919 sordidatus
2245 4873 2348 4930 est,
2377 4873 2431 4918 ct
2447 4865 2584 4918 alios
2615 4863 2974 4932 coinquinare
3002 4878 3110 4917 non
3147 4872 3345 4918 cessat.
3382 4862 3489 4933 Ipsi

1906 4972 2122 5026 quoth
2155 4954 2420 5009 immundi
2449 4954 2693 5024 spiritus,
2720 4954 2907 5018 draco,
2965 4954 3139 5008 bestia
3163 4964 3217 5008 et
3255 4957 3493 5024 pseudo-

1908 5048 2169 5117 proplu-ta
2195 5047 2472 5109 dicuntur,
2525 5046 2654 5115 quia
2715 5045 2967 5100 diabolus
2998 5054 3052 5100 et
3093 5061 3286 5101 onmes
3316 5047 3493 5116 iniqui

1909 5155 2077 5194 unum
2103 5147 2263 5208 caput
2291 5145 2345 5190 et
2379 5136 2621 5190 membra
2641 5144 2788 5190 sunt.
2819 5134 2894 5188 De
2924 5151 3160 5206 quorum
3212 5151 3308 5191 ore
3345 5151 3495 5190 rana:

1909 5231 2166 5285 dicuntur
2196 5227 2396 5292 exisse,
2425 5227 2552 5297 quia
2583 5227 2724 5282 sicut
2750 5227 3066 5298 hujusmodi
3092 5227 3350 5283 animalia
3376 5242 3494 5281 mo-

1911 5321 2122 5374 lestiam
2157 5318 2398 5373 inferunt
2424 5319 2755 5385 hominibus,
2779 5318 3029 5375 faciendo
3045 5321 3329 5390 strepitum
3355 5328 3408 5375 et
3438 5319 3492 5374 in

1912 5428 2070 5468 cano
2123 5411 2407 5477 versando,
2462 5411 2534 5465 ita
2582 5412 2817 5466 ministri
2865 5412 3185 5467 Antichristi
3237 5411 3290 5465 in
3336 5425 3496 5466 cano

1912 5514 2259 5574 peccatorum
2290 5512 2595 5570 versantes,
2645 5504 2849 5558 electos
2872 5503 2967 5558 Dei
2999 5518 3100 5557 sua
3147 5502 3492 5572 garrulitate,

1911 5595 1963 5650 id
1998 5605 2080 5650 est
2130 5595 2320 5648 harcsi
2370 5606 2423 5646 et
2466 5592 2821 5663 blasphemia,
2852 5600 3254 5661 persequuntur
3301 5601 3497 5648 contra

1911 5685 2213 5746 Christum,
2245 5693 2295 5738 et
2325 5684 2648 5753 inquietant.
2693 5681 2796 5752 Ipsi
2827 5697 3043 5752 quoque
3066 5681 3366 5750 damones,
3397 5698 3497 5754 per

1914 5793 2009 5833 cos
2042 5792 2179 5847 quos
2205 5775 2605 5841 inhabitabunt,
2633 5773 2833 5828 facient
2879 5772 3054 5841 signa,
3092 5782 3187 5829 aut
3224 5787 3355 5828 vera
3398 5773 3495 5829 Dei

1914 5870 2206 5943 permissu,
2261 5877 2353 5923 aut
2418 5865 2553 5926 falsa
2605 5865 2806 5938 quibus
2858 5863 3074 5922 reprobi
3107 5864 3490 5929 decipiantur:
