3948 6452
491 423 633 485 1079

1599 418 1921 475 WERNERI
1960 420 2257 478 ABBATIS
2297 424 2356 478 S.
2396 421 2617 477 BLASll

3620 414 3756 470 1030

490 542 637 601 sicut
662 540 792 597 olim
817 539 1059 596 feceram
1121 537 1285 606 magi,
1315 536 1409 605 qui
1459 534 1709 591 homines
1738 534 2068 590 resuscitare
2095 536 2143 595 Α
2170 536 2289 605 ejus
2314 535 2597 590 imitantur
2619 532 2801 600 ﬁdem,
2822 546 2932 587 non
2959 530 3054 602 qui
3099 544 3167 585 ex
3195 528 3318 599 ejus
3363 525 3613 599 generati
3634 535 3756 580 sunt

487 632 831 698 videbantur,
854 628 997 684 sicut
1027 627 1218 681 Simon
1253 625 1382 682 fecit
1410 627 1466 680 in
1489 632 1783 694 conspectu
1816 622 2068 680 Neronis.

489 724 829 793 QuaprOpter
850 728 1056 790 septem
1081 719 1246 784 tubae,
1270 719 1338 774 de.
1364 717 1565 789 quibus
1594 718 1722 772 alibi
1772 718 1826 771 in
1869 717 2075 786 Apoca-

490 817 627 886 lypsi
651 815 871 879 dicitur,
900 813 966 868 ad
998 812 1281 867 interitum
1314 814 1556 881 ipsorum
1600 810 1872 865 sonabunt
1908 825 2071 879 super

488 922 605 962 eos.
625 904 769 961 Dicit
795 904 943 961 enim
981 923 994 959 :
1030 923 1048 956 ι
1078 902 1201 958 Vidi
1232 913 1440 974 septem
1465 902 1687 973 angelos
1714 910 1920 957 stantes
1948 910 2073 955 ante

485 1006 841 1067 conspectum
878 994 1115 1063 Domini;
1144 1006 1198 1051 ct
1219 995 1361 1051 datae
1410 1003 1539 1050 sunt
1564 994 1671 1049 illis
1700 1003 1903 1064 septem
1932 993 2073 1047 tubae

488 1090 674 1161 (Apoc.
726 1089 873 1160 vm).
916 1108 936 1141 ι
986 1088 1233 1145 Ecclesia
1284 1087 1594 1158 septenario
1647 1101 1879 1142 numero
1930 1099 2071 1154 saepe

483 1181 865 1237 commendata
887 1180 1293 1252 praedicationis
1322 1178 1498 1233 cilicio
1520 1178 1880 1247 mancipatur.
1900 1175 2071 1246 Cujus

484 1272 887 1343 praedicationis
912 1272 1088 1343 prima
1118 1271 1248 1326 tuba
1293 1270 1547 1340 desiguaa
1565 1269 1857 1339 impiorum
1906 1267 2073 1323 inter.

487 1363 626 1419 itum
657 1363 712 1418 in
739 1363 865 1435 igne
894 1374 950 1420 et
995 1362 1299 1435 grandine;
1342 1361 1579 1416 secunda
1609 1361 1740 1417 tuba
1787 1359 2070 1416 diabolum

486 1456 553 1510 de
585 1455 829 1512 Ecclesia
867 1456 1213 1528 propulsum,
1256 1469 1408 1508 mare
1453 1453 1637 1509 saeculi
1677 1452 1956 1508 ardentius
1988 1449 2072 1504 in-

485 1547 842 1616 cendentem;
872 1549 1054 1617 tertia,
1081 1548 1363 1603 [hereticos
1389 1546 1459 1601 ab
1474 1544 1714 1601 Ecclesia
1740 1544 2069 1609 decidentes,

484 1648 540 1692 et
563 1648 768 1695 sanctae
800 1637 1097 1709 Scripturae
1122 1638 1346 1692 flumina
1371 1644 1779 1707 corrumpentes
1810 1653 1825 1701 ;
1853 1642 2069 1705 quarta,

485 1728 751 1784 falsorum
802 1728 1034 1785 fratrum
1087 1728 1360 1784 defectum
1404 1727 1456 1781 in
1503 1726 1886 1783 obscuratione
1929 1724 2074 1779 side-

484 1835 609 1875 rum
646 1838 661 1887 ;
694 1819 907 1890 quinta,
940 1819 1208 1890 majorem
1254 1819 1635 1874 haereticorum
1667 1816 2070 1872 infestationem

484 1920 700 1981 tempus
763 1910 1082 1967 Antichristi
1144 1910 1593 1982 praecurrentium
1641 1928 1655 1975 ;
1712 1917 1863 1964 sexta
1918 1904 2073 1961 Anti-

483 2002 673 2060 christi
702 2013 951 2074 apertum
976 2013 1031 2059 et
1054 2018 1280 2059 suorum
1306 2015 1496 2060 contra
1516 2001 1817 2058 Ecclesiam
1852 2001 2071 2055 bellum.

484 2094 728 2164 Septima
782 2094 912 2148 tuba
960 2104 1123 2150 sonat
1176 2093 1319 2149 diem
1367 2093 1583 2164 judicii,
1627 2106 1736 2161 quo
1771 2090 2074 2145 mercedem

484 2183 754 2241 Dominus
784 2185 900 2240 suis
930 2184 1263 2253 redditurus,
1299 2177 1354 2239 et
1382 2184 1848 2240 exterminaturus
1876 2191 1960 2237 est
1980 2197 2076 2236 eos

483 2279 579 2350 qui
603 2286 969 2349 corruperunt
999 2285 1223 2333 terram.

557 2367 621 2425 Et
681 2370 803 2424 ideo
832 2369 1094 2437 haeretici,
1144 2369 1238 2441 qui
1287 2384 1457 2425 sacrae
1509 2366 1805 2439 Scriptura:
1850 2366 2074 2421 flumina

448 2470 863 2534 -corrumpunt,
922 2472 976 2519 et
1028 2478 1194 2534 super
1240 2477 1381 2533 quos
1428 2462 1556 2517 tuba
1606 2458 2075 2517 condcmnationis

483 2556 871 2615 ecclesiastica:
912 2556 1152 2620 insonat,
1182 2569 1293 2610 non
1325 2562 1559 2625 possunt
1606 2552 1807 2607 habere
1834 2549 2073 2615 veniam,

486 2650 595 2707 nisi
628 2666 726 2721 per
763 2647 1064 2705 Ecclesiam
1099 2647 1427 2703 catholicam
1460 2665 1473 2701 :
1530 2645 1671 2701 sicut
1695 2651 1749 2699 et
1770 2642 1933 2699 amici
1973 2640 2077 2697 Job

485 2758 598 2798 non
620 2757 718 2813 per
767 2756 827 2798 se
857 2741 1075 2811 placare
1107 2738 1278 2794 Deum
1329 2737 1436 2793 sibi
1467 2744 1782 2807 potuerunt,
1838 2733 1945 2788 nisi
1977 2747 2076 2804 pro

484 2835 569 2891 eis
620 2832 726 2889 Job
779 2832 1113 2889 sacrificium
1171 2829 1464 2885 obtulisset
1514 2826 1638 2898 (Job
1690 2827 1847 2897 mi).
1898 2823 2077 2895 Opera

485 2924 653 2991 bona,
699 2936 824 2995 qua
867 2921 1107 2978 haeretici
1159 2920 1389 2987 faciunt,
1448 2928 1502 2974 et
1548 2917 1782 2990 justitia,
1831 2916 1967 2972 nihil
1996 2914 2078 2971 eis

485 3019 736 3089 prodest,
769 3022 1003 3070 testante
1026 3011 1261 3068 Domino
1317 3025 1414 3081 per
1459 3008 1750 3065 Jcremiam
1789 3006 2073 3080 [Isaiam]:
2136 3050 2143 3057 .

494 3125 513 3161 ι
542 3107 681 3174 Quia
706 3107 813 3162 mei
837 3106 1041 3160 oblitus
1070 3118 1152 3171 es,
1181 3117 1309 3159 ecce
1329 3116 1429 3172 ego
1444 3100 1781 3155 annuntiabo
1805 3098 2075 3170 justitiam

2178 642 2362 683 carne.
2405 626 2478 680 De
2505 642 2691 681 errore
2735 639 2955 695 quoque
3001 621 3243 677 auctoris
3281 638 3313 674 ει
3347 617 3681 689 quibusdam
3709 626 3759 673 et

2177 734 2375 774 nomen
2412 728 2466 772 et
2496 719 2656 788 culpa
2706 716 2964 781 trahitur,
3006 725 3067 769 ut
3106 713 3281 783 ipsius
3331 709 3606 764 vocabulo
3639 723 3760 762 cen-

2177 821 2365 867 seatur
2411 811 2570 881 cujus
2611 824 2854 865 errorem
2899 819 2954 863 et
3002 807 3270 877 sequitur,
3315 805 3465 859 sicut
3508 799 3759 855 Ecclesia

2175 901 2424 971 Pergami
2448 909 2502 954 ct
2527 899 2801 970 Thyatirae
2821 898 3021 952 dicitur
3051 915 3064 950 :
3097 915 3115 946 ι
3145 894 3423 948 Habentes
3445 900 3499 944 et
3518 899 3756 946 tenentes

2173 992 2477 1046 doctrinam
2500 988 2720 1044 Balaam
2741 996 2793 1043 et
2813 986 3031 1042 Iezabel
3066 986 3248 1055 (Apoc.
3278 985 3365 1053 ιι).
3393 1001 3413 1033 ι
3452 980 3756 1042 Doctrinatn

2175 1083 2340 1155 igitur
2362 1082 2582 1135 Balaam
2605 1089 2660 1135 et
2682 1078 2903 1134 Jezabel
2950 1079 3007 1132 in
3031 1075 3360 1147 Apocalypsi
3385 1074 3650 1127 dicuntur
3678 1070 3761 1126 ha-

2173 1174 2301 1228 bere
2332 1180 2553 1241 propter
2589 1169 2972 1232 imitationem,
3013 1182 3123 1222 non
3160 1175 3394 1235 propter
3420 1158 3758 1232 praesentiant

2172 1264 2529 1336 corporalem.

2486 1349 2721 1404 SERMO
2757 1348 2845 1402 DE
2881 1345 3063 1403 ΒΟΝο
3100 1345 3188 1399 ΕΤ
3229 1343 3448 1398 MALO.

2243 1442 2388 1500 Deus
2415 1441 2545 1497 facit
2566 1442 2707 1495 bona
2730 1454 2893 1509 opera
2925 1439 3040 1493 sola
3073 1454 3171 1494 sua
3202 1436 3472 1497 bonitate,
3507 1429 3753 1501 quoniam

2174 1534 2291 1605 ipse
2347 1542 2499 1589 creat
2540 1532 2880 1587 voluntatem
2929 1545 3056 1585 cum
3106 1528 3283 1582 libero
3319 1524 3558 1580 arbitrio
3588 1533 3644 1577 et
3676 1524 3757 1576 dat

2174 1625 2250 1680 illi
2275 1624 2549 1696 justitiam
2603 1637 2699 1692 per
2736 1637 2901 1692 quam
2954 1629 3234 1690 operatur.
3274 1617 3417 1671 Mala
3476 1630 3610 1669 vero
3642 1613 3757 1669 facit

2175 1717 2289 1772 sola
2319 1716 2477 1785 culpa
2512 1714 2774 1778 hominis,
2805 1713 2934 1783 quia
2970 1726 3077 1765 non
3131 1724 3196 1764 ea
3240 1706 3468 1769 faceret,
3506 1706 3553 1759 si
3606 1704 3758 1757 homo

2175 1806 2265 1863 illa
2306 1805 2486 1861 facere
2534 1819 2645 1858 non
2693 1803 2872 1856 vellet.
2926 1799 3070 1855 Deus
3106 1799 3271 1869 igitur
3313 1796 3479 1850 habet
3524 1795 3582 1848 in
3616 1793 3757 1848 bonis

2175 1895 2395 1966 quidem
2418 1893 2564 1964 quod
2596 1893 2737 1947 bona
2759 1901 2887 1948 sunt
2912 1906 3007 1961 per
3034 1889 3355 1953 essentiam,
3375 1895 3431 1942 et
3456 1884 3603 1956 quod
3626 1884 3756 1939 bona

2176 1994 2305 2043 sunt
2326 2001 2423 2055 per
2448 1984 2718 2055 justitiam
2750 2000 2766 2049 ;
2800 1984 2852 2037 in
2888 1982 3049 2036 malis
3073 1996 3202 2035 vero
3246 1976 3597 2035 solummodo
3624 1974 3756 2045 quod

2176 2074 2321 2130 bona
2351 2082 2479 2129 sunt
2502 2087 2597 2144 per
2640 2071 2959 2137 essentiam,
3009 2085 3117 2124 non
3152 2067 3299 2138 quod
3346 2065 3495 2121 mala
3522 2073 3649 2118 sunt
3673 2079 3758 2134 per

2177 2166 2478 2222 absentiam
2511 2165 2706 2222 debita:
2754 2164 3029 2235 justitia}:
3079 2178 3202 2232 quae
3255 2168 3494 2215 nonest
3541 2156 3752 2227 aliquid.

2177 2258 2353 2315 Homo
2382 2267 2564 2314 autem
2588 2256 2751 2313 habet
2779 2256 2833 2310 in
2884 2255 3042 2310 bonis
3091 2253 3238 2325 quod
3293 2251 3441 2307 mala
3473 2266 3582 2305 non
3620 2258 3753 2315 sunt,

2175 2349 2328 2423 quia,
2356 2364 2481 2405 cum
2508 2356 2695 2419 posset
2719 2346 2973 2401 deserere
2998 2344 3270 2414 justitiam
3298 2350 3356 2396 et
3385 2339 3532 2395 mala
3562 2337 3747 2402 facere,

2176 2457 2288 2497 non
2313 2440 2578 2507 deseruit,
2628 2439 2723 2494 sed
2781 2437 3018 2493 servavit
3056 2452 3153 2506 per
3194 2434 3431 2489 liberum
3460 2431 3751 2495 arbitrium,

2176 2535 2341 2591 dante
2389 2543 2445 2590 et
2495 2533 2866 2603 subsequente
2908 2529 3104 2602 gratia.
3157 2526 3213 2582 lu
3267 2525 3436 2583 malis
3484 2539 3618 2580 vero
3663 2523 3752 2578 hoc

2177 2631 2355 2687 solum
2379 2628 2527 2700 quod
2551 2628 2695 2684 mala
2742 2635 2891 2694 sunt,
2922 2625 3052 2696 quia
3078 2640 3142 2679 ea
3174 2624 3290 2680 sola
3323 2622 3574 2693 propria,
3604 2620 3655 2677 id
3676 2628 3745 2677 cst

2176 2720 2381 2792 injusta
2427 2719 2707 2774 voluntate
2737 2717 2888 2773 facit.
2940 2714 3212 2787 lujustitia
3264 2723 3454 2769 autem
3505 2712 3641 2767 nihil
3684 2720 3752 2768 est

2177 2812 2426 2879 omnino,
2487 2811 2632 2868 sicut
2668 2810 2918 2877 caecitas;
2954 2824 3064 2864 non
3095 2808 3244 2862 enim
3275 2815 3362 2863 est
3389 2806 3536 2861 aliud
3552 2806 3751 2861 cacitas

2176 2921 2342 2978 quam
2374 2904 2619 2960 absentia
2641 2902 2793 2958 visus
2843 2902 2936 2957 ubi
2984 2900 3146 2956 debet
3184 2914 3348 2956 esse:
3389 2913 3515 2968 quae
3540 2912 3653 2951 non
3682 2905 3751 2952 est

2177 2998 2354 3067 magis
2388 2996 2442 3051 in
2478 2994 2639 3050 oculo
2676 2993 2772 3049 ubi
2796 2992 2958 3047 debet
2979 3006 3102 3048 esse
3130 2990 3286 3046 visus
3311 3005 3482 3060 quam
3520 2989 3576 3042 in
3619 2988 3750 3058 ligno

2178 3088 2272 3143 ubi
2311 3102 2418 3142 non
2449 3086 2611 3140 debet
2637 3098 2782 3138 esse.
2806 3080 2929 3136 Non
2952 3080 3100 3136 enim
3122 3089 3208 3136 est
3231 3080 3358 3135 talis
3381 3095 3470 3135 res
3499 3077 3752 3148 injustitia

489 3172 663 3262 tuam,
695 3206 750 3253 et
784 3212 948 3266 opera
979 3204 1071 3250 tua
1102 3210 1211 3249 non
1257 3194 1559 3265 proderunt
1613 3192 1709 3247 tibi
1763 3188 1900 3262 (Ira.
1942 3189 2018 3260 v).
2052 3208 2070 3241 ι
2104 3218 2146 3276 c
2179 3196 2288 3251 qua
2314 3179 2590 3234 inliciatur
2610 3184 2665 3231 et
2714 3182 3103 3245 corrumpatur
3140 3172 3346 3236 anima,
3378 3172 3521 3226 velut
3566 3185 3755 3240 corpus

489 3289 763 3356 ilaerelici,
790 3289 1045 3359 quamvis
1069 3288 1242 3357 legem
1278 3295 1375 3341 aut
1404 3285 1697 3355 prophetas
1723 3282 2075 3353 adimplcant,

487 3399 558 3436 ex
588 3397 653 3437 eo
683 3391 863 3437 tamen
890 3379 1038 3451 quod
1080 3377 1333 3435 catholici
1358 3391 1467 3431 non
1492 3386 1640 3442 sunt,
1669 3388 1779 3429 non
1809 3383 1892 3429 est
1935 3372 2079 3429 Deus

491 3475 548 3529 in
576 3488 769 3529 eorum
814 3472 1198 3538 conventibus,
1234 3470 1354 3541 ipso
1386 3467 1620 3523 Domino
1660 3475 1935 3523 testante:
1970 3485 1988 3518 ι
2020 3464 2080 3520 Si

490 3565 702 3624 steterit
730 3563 944 3637 Moyses
968 3572 1024 3619 et
1043 3561 1264 3617 Samuel
1293 3574 1480 3616 coram
1510 3574 1620 3626 me,
1648 3573 1759 3613 non
1790 3568 1875 3615 est
1898 3558 2080 3614 anima

493 3675 619 3716 mea
646 3659 713 3714 ad
741 3656 1005 3729 populum
1057 3657 1249 3711 istum.
1284 3653 1437 3724 Ejice
1492 3666 1588 3708 eos
1618 3668 1647 3707 a
1674 3650 1813 3707 facie
1862 3666 2005 3715 mea,
2030 3659 2083 3705 et

494 3750 848 3822 egrediantur
894 3748 1029 3821 (Jer.
1058 3749 1171 3819 xv).
1197 3768 1215 3800 ι
1256 3746 1362 3803 Per
1403 3746 1625 3819 Moysen
1669 3747 1872 3817 quippe
1901 3754 1955 3799 et
1986 3742 2083 3797 Sa~

493 3841 644 3897 muel
668 3841 840 3913 legem
880 3840 1065 3911 accipe
1084 3847 1138 3896 et
1161 3838 1475 3911 prophetas.
1500 3837 1649 3906 Quos
1683 3836 1936 3908 quamvis
1979 3835 2084 3889 bte-

493 3934 652 3993 retici
704 3949 870 4004 opere
921 3932 1147 4004 implere
1183 3931 1538 3998 contendant,
1597 3940 1821 4001 propter
1879 3927 2082 3983 erroris

493 4037 681 4084 tamen
725 4026 1057 4097 impietatem
1108 4040 1141 4081 a
1184 4025 1341 4081 vultu
1371 4024 1465 4079 Dei
1518 4023 1902 4095 projiciuntur,
1957 4028 2012 4074 et
2049 4035 2079 4074 a

489 4119 767 4192 justorum
793 4117 1025 4175 coetibus
1049 4125 1376 4188 separantur
1422 4130 1668 4186 paganus
1696 4121 1751 4169 et
1772 4112 2078 4168 bmreticus.

493 4208 589 4267 Ille
610 4209 739 4282 quia
765 4224 1048 4280 nunquam
1072 4206 1178 4264 fuit
1204 4222 1332 4263 cum
1362 4205 1461 4263 Dei
1491 4205 1693 4276 populo
1725 4223 1740 4273 ;
1769 4205 1874 4260 iste
1900 4212 2081 4260 autem

495 4302 626 4373 quia
659 4300 891 4358 recessit
919 4317 951 4355 a
995 4298 1093 4355 Dei
1142 4299 1367 4372 populo.
1429 4295 1666 4360 Uterque
1708 4295 2020 4353 recedentes
2052 4309 2085 4348 a

494 4392 715 4448 Christo
740 4391 807 4446 ad
831 4390 1031 4446 diaboli
1056 4390 1328 4460 pertinent
1368 4403 1591 4458 corpus,
1639 4388 1733 4458 qui
1757 4387 1826 4441 ab
1859 4384 2087 4440 idolola—

497 4484 599 4539 tzia
635 4484 703 4539 ad
755 4481 1100 4537 Judaismum
1147 4481 1232 4536 vel
1278 4481 1532 4536 haeresim
1583 4487 1888 4544 transeunt,
1930 4477 2087 4547 juxta

2180 3285 2412 3335 veneno,
2446 3277 2502 3324 et
2530 3283 2654 3339 quae
2674 3266 2843 3322 faciat
2870 3265 3103 3336 aliquid,
3135 3265 3283 3321 sicut
3317 3265 3526 3319 videtur
3546 3260 3756 3330 quando

2179 3364 2356 3419 malus
2379 3362 2543 3417 homo
2576 3359 2704 3415 facit
2732 3360 2874 3414 mala
2925 3373 3113 3428 opera.
3145 3355 3281 3411 Nam
3307 3355 3755 3426 quemadmodum

2180 3471 2305 3513 cum
2372 3454 2638 3510 indomita
2701 3452 2818 3507 fera
2880 3450 3060 3521 ruptis
3114 3450 3352 3506 vinculis
3403 3446 3758 3503 discurrendo

2182 3548 2355 3613 saevit,
2373 3555 2425 3601 et
2450 3559 2577 3600 cum
2607 3544 2763 3598 navis
2794 3543 2838 3598 si
2866 3542 3203 3614 gubernator
3226 3541 3455 3596 dimisso
3500 3538 3759 3609 guberna-

2184 3636 2310 3693 culo
2370 3634 2598 3690 dimittit
2643 3648 2807 3699 eam,
2853 3632 3033 3688 ventis
3077 3640 3308 3703 vagatur
3356 3639 3412 3686 et
3462 3629 3676 3684 vehitur
3704 3629 3754 3681 in

2183 3729 2439 3802 quarlibet
2475 3725 2748 3797 pericula:
2778 3724 3014 3780 dicimus
3043 3724 3173 3794 quia
3209 3726 3315 3779 hoc
3370 3722 3503 3778 facit
3530 3721 3751 3776 absentia

2183 3832 2388 3878 catena:
2425 3826 2520 3873 aut
2546 3816 2897 3888 gubernaculi
2929 3833 2943 3883 ;
2982 3830 3090 3870 non
3117 3815 3266 3885 quod
3298 3814 3548 3868 absentia
3578 3826 3749 3866 eorum

2183 3912 2393 3984 aliquid
2421 3911 2495 3967 sit
2537 3918 2635 3964 aut
2682 3908 2986 3979 quidquam
3036 3906 3223 3973 faciat,
3268 3906 3363 3961 sed
3415 3901 3754 3976 quoniam,si

2184 4007 2461 4070 adessent,
2498 4000 2742 4057 facerent
2762 4016 2831 4056 ne
2860 3998 2977 4055 fera
3009 4000 3226 4054 saaviret
3240 4007 3337 4053 aut
3367 3998 3523 4052 navis
3553 3994 3747 4066 periret.

2182 4099 2260 4154 Ita
2296 4110 2512 4168 quoque
2556 4109 2681 4150 cum
2717 4091 2898 4147 malus
2920 4092 3089 4146 homo
3122 4089 3278 4145 saevit
3335 4097 3390 4143 et
3443 4088 3497 4142 in
3526 4083 3754 4157 quaelibet

2187 4190 2383 4245 animae
2422 4202 2537 4243 sua:
2561 4185 2827 4257 pericula,
2857 4199 2978 4254 qua!
3008 4190 3139 4238 sunt
3162 4183 3309 4236 mala
3358 4196 3545 4251 opera,
3579 4175 3749 4247 impel-

2185 4281 2339 4344 litur,
2371 4279 2677 4334 clamamus
2714 4276 2850 4346 quia
2903 4274 2994 4330 hic
3038 4281 3301 4344 operatur
3343 4270 3624 4342 injustitia,
3652 4280 3744 4320 non

2187 4371 2333 4444 quod
2372 4370 2490 4441 ipsa
2528 4367 2635 4422 ulla
2671 4365 2911 4422 essentia
2964 4365 3038 4422 sit
3089 4374 3186 4419 aut
3234 4361 3403 4418 faciat
3432 4355 3742 4432 aliquid,sed

2186 4462 2334 4536 quod
2361 4461 2614 4515 voluntas
2653 4458 2741 4514 cui
2798 4456 3004 4512 subditi
3071 4463 3203 4512 sunt
3244 4470 3442 4509 omnes
3491 4446 3739 4506 voluntarii

494 4575 858 4645 prophetam-
901 4595 917 4625 ‹
956 4574 1033 4629 De
1088 4574 1233 4628 malo
1279 4574 1538 4627 labuntur
1581 4571 1648 4626 ad
1687 4571 1892 4625 malum
1936 4546 2078 4638 (Jer.

2190 4563 2374 4610 motus
2421 4552 2592 4608 totius
2638 4550 2877 4605 hominis
2906 4590 2923 4615 ,
2972 4548 3198 4603 absente
3240 4546 3457 4616 justitia
3510 4546 3618 4600 sine
3653 4558 3741 4612 qua

498 4667 600 4735 ix).
623 4682 642 4716 ι
676 4662 743 4719 Et
773 4662 1064 4718 Dominum
1089 4678 1197 4717 non
1221 4674 1614 4735 cognoverunt,
1643 4662 1770 4732 quia
1795 4660 1863 4715 de
1896 4633 2078 4713 inlide-

2190 4647 2361 4702 utitur
2382 4645 2548 4699 homo
2578 4642 2854 4697 voluntate
2881 4640 3117 4694 diversis
3158 4637 3495 4708 appetitibus
3521 4633 3738 4705 impulsa,

496 4757 670 4814 litatis
692 4770 880 4812 errore
912 4755 966 4810 in
1015 4769 1261 4810 errorem
1309 4753 1481 4808 alium
1525 4751 1881 4808 transierunt.
1917 4747 2088 4818 Cujus

496 4850 808 4906 doctrinam
838 4849 1073 4920 quisque
1099 4847 1369 4918 sequitur,
1405 4846 1571 4916 hujus
1594 4855 1649 4900 et
1689 4844 1835 4900 filius
1880 4856 2091 4897 nuncu-

499 4948 680 5011 patur,
705 4941 849 4996 sicut
868 4950 923 4995 et
946 4954 1042 5009 per
1063 4938 1408 5009 prophetam,
1434 4937 1817 4991 Amorrhzeum
1852 4942 2085 5004 patrem,

498 5032 778 5087 Cethzeam
810 5040 1038 5086 matrem
1061 5046 1182 5085 esse
1205 5028 1371 5084 Israel
1395 5027 1662 5084 Dominus
1696 5026 1829 5082 dicit
1867 5023 2084 5096 (Ezech.

501 5122 640 5189 xvr),
672 5136 779 5176 non
805 5120 995 5189 utique
1022 5118 1297 5174 nascendo
1330 5116 1426 5173 sed
1470 5116 1756 5172 imitando.
1793 5113 1883 5169 Sic
1925 5121 1977 5167 et
2034 5112 2087 5167 in

502 5205 788 5261 meliorem
817 5213 1028 5275 partem
1070 5204 1165 5258 ﬁlii
1192 5202 1288 5260 Dei
1334 5212 1722 5273 nuncupantur
1762 5199 1854 5270 qui
1895 5215 2092 5269 praece-

500 5306 594 5368 pta
619 5294 714 5351 Dei
765 5290 1107 5351 custodiunt.
1154 5292 1309 5349 Unde
1340 5301 1394 5347 et
1423 5307 1524 5346 nos
1574 5307 1682 5346 non
1734 5301 1950 5356 natura,
1994 5287 2087 5341 sed

501 5389 796 5460 adoptione
842 5387 1147 5442 clamamus
1185 5385 1292 5439 Deo
1332 5384 1575 5439 dicentes
1603 5404 1616 5439 :
1648 5403 1666 5434 ι
1697 5382 1856 5438 Pater
1883 5391 2086 5448 noster,

503 5483 597 5553 qui
641 5496 701 5537 es
757 5481 811 5536 in
857 5486 1014 5537 cwlts
1074 5480 1295 5552 (Matth.
1327 5481 1427 5549 vr),
1464 5498 1483 5531 ι
1515 5494 1623 5532 non
1673 5478 1848 5532 solum
1877 5486 2087 5530 tantum

504 5572 811 5640 nativitate,
863 5573 958 5628 sed
983 5573 1148 5627 etiam
1174 5570 1479 5625 imitatione
1511 5569 1652 5623 filios
1674 5584 1834 5638 posse
1858 5567 2090 5635 alicujus

504 5661 690 5717 vocari
717 5679 732 5727 ;
756 5676 884 5717 nam
908 5660 1082 5716 Juin
1107 5659 1408 5715 secundum
1432 5672 1653 5714 carnem
1703 5655 1796 5709 lilii
1837 5654 2087 5719 Abrahae,

507 5753 817 5811 secundum
843 5761 1317 5809 conversationem
1347 5764 1530 5805 autem
1587 5749 1681 5803 filii
1709 5748 1907 5803 diaboli
1952 5763 2091 5801 mm-

506 5855 778 5919 cupantur
808 5865 821 5902 :
853 5860 916 5902 ac
937 5860 1033 5916 per
1067 5844 1172 5898 hcc
1223 5827 1305 5899 illi
1328 5850 1455 5899 sunt
1503 5855 1686 5898 semen
1730 5839 1960 5895 Abrahae
1998 5839 2089 5909 qui

2188 4754 2247 4795 sc
2272 4745 2327 4792 et
2356 4735 2539 4790 omnia
2577 4732 2684 4789 sibi
2715 4731 2935 4787 subdita
2969 4732 3026 4786 in
3073 4729 3403 4785 multimoda
3453 4728 3593 4783 mala
3634 4722 3742 4777 levis

2187 4839 2242 4886 et
2259 4827 2522 4884 effrenata
2545 4834 2599 4880 et
2621 4825 2743 4880 sine
2771 4832 2984 4879 rectore
3034 4821 3366 4894 praecipitat,
3409 4819 3557 4892 quod
3598 4826 3744 4873 totum

2188 4920 2235 4975 si
2254 4919 2470 4990 justitia
2502 4916 2741 4978 adesset,
2767 4911 3085 4974 prohiberet
3111 4926 3180 4967 ne
3214 4912 3389 4967 ﬁeret.

2269 5011 2349 5065 Ex
2393 5008 2483 5064 bis
2537 5023 2669 5079 ergo
2722 5004 2884 5061 facile
2929 5002 3302 5075 cognoscitur,
3334 5001 3467 5073 quia
3513 4994 3747 5070 injustitia

2190 5102 2394 5158 nullam
2421 5098 2584 5153 habet
2609 5095 2926 5160 essentiam,
2957 5093 3211 5164 quamvis
3240 5091 3463 5162 injusta-
3485 5084 3746 5144 voluntatis

2190 5195 2417 5249 allectus
2437 5199 2491 5245 et
2510 5197 2686 5254 actus,
2712 5188 2807 5258 qui
2839 5201 2934 5256 per
2962 5199 3021 5240 se
3043 5182 3373 5240 considerati
3403 5179 3600 5252 aliquid
3621 5184 3745 5241 sunt,

2190 5299 2325 5339 usus
2354 5279 2674 5351 injustitiam
2696 5285 2871 5332 vocet.
2899 5273 3014 5330 Hac
3040 5275 3157 5344 ipsa
3186 5271 3401 5327 ratione
3430 5268 3747 5338 intelligimus

2191 5375 2395 5431 malum
2445 5372 2582 5427 nihil
2625 5385 2764 5425 esse.
2799 5367 2998 5421 Malum
3063 5379 3301 5435 namque
3353 5366 3459 5418 non
3498 5369 3579 5416 est
3622 5354 3746 5413 aliud

2189 5483 2355 5540 quam
2403 5463 2648 5520 absentia
2704 5461 2872 5516 debiti
2916 5459 3064 5516 boni.
3112 5456 3270 5511 Nulla
3319 5465 3499 5510 autem
3540 5445 3745 5506 essentia

2189 5560 2443 5633 quamvis
2491 5556 2636 5612 mala
2673 5555 2889 5610 dicatur
2939 5561 3024 5608 est
3072 5550 3241 5616 nihil,
3312 5565 3415 5604 nec
3468 5545 3601 5601 mala
3645 5553 3745 5595 esse

2189 5629 2273 5712 est
2298 5655 2373 5709 illi
2428 5649 2631 5722 aliquid
2689 5665 2831 5705 esse.
2864 5645 3008 5701 Nulli
3049 5645 3193 5700 enim
3242 5629 3744 5698 essentiaestaliud

2191 5747 2336 5802 mala
2402 5759 2523 5800 esse
2567 5757 2732 5813 quam
2795 5740 2999 5795 bonum
3049 5736 3127 5791 illi
3170 5734 3364 5789 deesse
3416 5728 3556 5801 quod
3610 5724 3745 5813 debet

2195 5838 2414 5894 habere.
2482 5810 2662 5903 Quare
2714 5832 2853 5886 mala
2915 5845 3053 5896 esse,
3102 5840 3212 5881 non
3260 5836 3347 5879 est
3394 5821 3485 5878 ulli
3524 5810 3745 5874 essentia
