3948 6452
209 420 338 476 1081

1130 412 1705 469 DEFLORATIONES
1746 413 1850 470 SS.
1890 413 2198 468 PATRUM.
2238 446 2304 456 --
2347 413 2475 470 LIB.
2519 413 2580 470 ll.

3347 415 3484 470 1083

203 530 410 602 aliquid
438 544 584 586 esse.
635 527 752 584 Hoc
788 527 857 584 de
903 528 1048 583 malo
1088 527 1234 598 quod
1287 543 1498 596 semper
1531 536 1616 582 est
1660 527 1796 581 nihil
1828 535 1869 590 Α
1905 527 2020 582 sive
2047 528 2102 582 in
2151 529 2346 598 spiritu
2382 528 2496 584 sive
2547 529 2604 583 in
2633 543 2882 599 corpore.
2914 526 3106 584 Omnia
3135 530 3336 600 quippe
3363 547 3484 600 qum

204 624 409 678 dictum
433 621 525 677 sit.
561 619 720 676 Sicut
751 621 895 675 enim
919 621 1028 675 duo
1060 629 1187 673 sunt
1211 620 1372 686 bona,
1398 619 1603 674 scilicet
1625 619 1791 689 justi-

203 716 279 768 tia
307 724 360 769 et
394 713 768 780 commodum,
815 713 889 768 ita
951 723 1080 768 sunt
1119 714 1229 767 duo
1259 713 1401 767 mala
1429 704 1619 767 eorum
1661 729 1791 767 con-

205 804 397 868 traria,
426 803 478 858 id
502 813 585 858 est
622 802 886 871 injustitia
919 811 974 856 et
1019 803 1448 856 incommodum.
1504 800 1617 856 Hoc
1647 801 1792 855 scili-

205 904 292 948 cet
352 893 756 948 incommodum
803 891 1097 960 aliquando
1145 892 1279 946 nihil
1327 902 1411 945 est
1467 900 1523 946 ut
1557 892 1790 955 czecitas,

206 985 506 1056 aliquando
551 993 636 1038 est
677 984 880 1053 aliquid
913 993 971 1038 ut
991 983 1145 1038 dolor
1174 993 1227 1036 et
1277 981 1518 1037 tristitia.
1557 979 1660 1036 Sed
1690 983 1793 1036 hoc

207 1076 417 1130 malum
453 1090 576 1128 cum
605 1074 811 1143 aliquid
847 1083 932 1128 est
960 1073 1130 1128 Deum
1159 1071 1336 1128 facere
1365 1089 1473 1127 non
1506 1088 1789 1142 negamus,

212 1186 234 1217 c
265 1167 396 1235 quia
428 1166 543 1235 ipse
569 1174 653 1220 est
674 1165 880 1220 faciens
906 1181 1094 1235 pacem
1128 1173 1182 1219 et
1208 1179 1398 1219 creans
1425 1165 1626 1218 malum
1651 1163 1788 1233 (13a.

205 1259 358 1325 χιιι).
385 1276 401 1306 ι
422 1255 581 1310 Item:
611 1274 628 1306 ι
667 1254 785 1309 Non
816 1265 900 1310 est
928 1257 1132 1310 malum
1165 1257 1218 1310 in
1248 1256 1488 1322 civitate,
1514 1257 1659 1326 quod
1682 1271 1790 1310 non

207 1348 380 1403 faciat
424 1347 688 1402 Dominus
737 1347 918 1417 (Amos
965 1347 1115 1416 111).»
1177 1345 1295 1416 Ipse
1357 1362 1592 1415 namque
1642 1354 1794 1402 creat

207 1439 558 1496 incommoda
582 1441 784 1509 quibus
833 1449 1050 1496 exercet
1069 1449 1122 1495 et
1143 1449 1337 1510 purgat
1362 1440 1539 1509 iustos
1559 1449 1612 1495 et
1639 1441 1794 1510 punit

211 1531 474 1600 injustos.
508 1529 646 1584 lllud
675 1545 804 1584 vero
856 1529 1060 1584 malum
1093 1528 1238 1598 quod
1269 1529 1468 1583 dicitur
1523 1528 1792 1597 injustitia

205 1637 490 1691 nunquam
516 1631 598 1676 est
623 1621 851 1691 aliquid,
876 1636 974 1674 nec
995 1621 1156 1676 alicui
1189 1621 1264 1675 rei
1292 1629 1375 1674 est
1427 1620 1632 1690 aliquid
1672 1634 1793 1674 esse

206 1710 416 1780 injusta
441 1727 581 1765 esse.
609 1709 707 1765 Vel
757 1711 836 1766 sic
893 1727 1087 1767 creans
1110 1711 1313 1765 malum
1346 1719 1399 1765 et
1445 1709 1650 1766 faciens
1686 1711 1786 1764 bo-

207 1818 344 1857 num
396 1803 754 1873 intelligitur:
811 1802 1016 1857 Crcare
1069 1811 1154 1857 εει
1202 1803 1491 1872 disponere
1519 1809 1573 1855 et
1608 1814 1793 1871 aptare

205 1897 440 1966 aliquid.
479 1895 629 1951 Unde
672 1896 872 1951 dicitur
915 1913 930 1952 :
977 1893 1246 1949 Creantur
1290 1894 1564 1959 consules,
1612 1893 1665 1948 id
1713 1901 1795 1948 est

205 1990 538 2044 orlinanlur
566 1997 619 2043 et
640 1997 894 2058 aptantur
922 1987 990 2042 ad
1038 1988 1163 2053 hoc,
1192 1993 1253 2041 ut
1281 1995 1467 2056 postea
1491 1985 1794 2041 formentur

203 2089 260 2134 et
283 2081 423 2134 fiant
460 2080 734 2135 consules.
790 2078 954 2134 Creat
1003 2094 1133 2148 ergo
1167 2077 1312 2133 Deus
1363 2077 1590 2142 malum,
1615 2075 1669 2131 id
1710 2085 1796 2131 est

203 2181 518 2242 peccatum,
547 2173 768 2243 quando
799 2181 949 2242 aptat
983 2181 1038 2227 et
1080 2171 1301 2226 ordinat
1327 2171 1566 2240 aliquem
1598 2169 1700 2235 sic,
1735 2177 1796 2224 ut

206 2262 412 2316 habeat
462 2264 761 2333 potentiam
815 2261 1096 2332 peccandi.
1135 2261 1291 2327 Quod
1347 2261 1407 2315 ﬁt
1451 2275 1574 2315 cum
1616 2259 1667 2314 ei
1699 2274 1796 2330 per

204 2353 450 2408 liberum
515 2354 803 2410 arbitrium
850 2354 944 2408 dat
992 2353 1285 2423 potentiam
1333 2359 1388 2407 et
1439 2351 1792 2421 aptitudinem

202 2444 349 2499 bene
382 2445 625 2512 vivendi,
657 2445 748 2500 sed
773 2444 975 2515 ‘ipsum
1025 2443 1300 2506 affectum,
1328 2441 1382 2496 id
1411 2450 1496 2496 est
1553 2442 1691 2495 bene
1720 2437 1798 2493 vi-

201 2551 337 2591 vere
367 2551 477 2590 non
527 2536 642 2602 dat,
681 2535 826 2590 sicut
874 2534 1006 2590 facit
1036 2548 1239 2590 caecum
1286 2531 1466 2587 dando
1496 2529 1794 2602 potentiam

202 2623 450 2690 videndi,
483 2633 538 2679 et
567 2623 747 2695 ipsum
781 2623 1050 2689 habitum,
1078 2622 1132 2677 id
1161 2629 1246 2677 est
1290 2620 1468 2676 visum
1525 2619 1608 2674 vel
1634 2618 1796 2674 visio-

202 2731 335 2770 nem
365 2715 638 2786 negando.
662 2714 813 2770 Facit
840 2729 970 2770 vero
995 2713 1224 2780 bonum,
1277 2712 1332 2766 id
1359 2719 1443 2766 est
1485 2709 1686 2766 format
1706 2709 1796 2780 ju-

203 2817 357 2862 stum
405 2805 496 2862 cui
547 2805 776 2876 largitur
819 2820 928 2859 non
976 2804 1153 2860 solum
1211 2803 1512 2873 potentiam
1547 2802 1792 2872 justitiae,

201 2897 305 2953 sed
329 2897 497 2952 etiam
524 2895 694 2966 ipsam
718 2895 1012 2966 justitiam,
1039 2895 1246 2951 scilicet
1267 2893 1498 2949 formam
1545 2894 1664 2963 ejus
1694 2909 1794 2962 po-

202 2990 415 3044 tentiae.
443 2987 581 3043 Hinc
629 2989 830 3043 dicitur
864 3007 877 3042 :
918 3007 936 3040 ι
972 2986 1092 3057 Ipse
1139 2987 1296 3053 dixit,
1346 2995 1399 3040 et
1439 2985 1580 3039 facta
1612 2997 1740 3039 sunt
1778 3002 1792 3050 ;

199 3080 492 3134 mandavit
521 3088 573 3133 et
590 3087 769 3133 creata
786 3087 914 3133 sunt
931 3077 1103 3146 (Psal.
1125 3079 1318 3146 χχχιι).
1341 3074 1690 3129 »Μειιιιιιιηιιε
1710 3074 1797 3127 his

200 3172 306 3243 qui
339 3171 502 3241 longe
525 3179 654 3224 sunt
687 3170 908 3238 remoti,
941 3169 1197 3227 dicimus.
1215 3169 1301 3223 his
1321 3168 1414 3238 qui
1447 3181 1615 3236 prope
1644 3175 1790 3220 sunt.
1821 3205 1863 3262 C

115 3263 128 3274 '
201 3262 351 3316 Dum
379 3277 508 3316 vero
531 3261 668 3315 nihil
693 3270 777 3316 est
800 3261 978 3331 longe,
1011 3260 1115 3316 nisi
1150 3259 1297 3330 quod
1323 3261 1372 3314 ei
1401 3269 1485 3314 est
1506 3257 1788 3325 dissimile,

200 3365 378 3421 prope
404 3351 550 3422 quod
593 3359 678 3406 est
707 3351 905 3406 simile.
941 3348 1047 3405 Sed
1075 3366 1304 3406 summae
1331 3349 1602 3414 essentia},
1634 3348 1685 3403 id
1709 3357 1794 3403 est

200 3441 348 3508 Deo,
395 3443 527 3512 quid
571 3450 656 3497 est
680 3443 1022 3510 dissimilius,
1052 3458 1216 3514 quam
1248 3442 1300 3496 id
1332 3442 1475 3512 quod
1504 3441 1641 3495 nihil
1667 3441 1794 3496 est?

199 3534 357 3601 Quid
383 3533 620 3589 similius
674 3549 839 3604 quam
893 3534 950 3589 id
991 3533 1138 3605 quod
1171 3548 1280 3588 non
1317 3533 1494 3588 solum
1546 3541 1651 3599 est,
1697 3531 1793 3587 sed

199 3625 382 3678 etiam
437 3623 733 3678 formatum
785 3633 868 3679 est
910 3625 934 3678 ?
981 3623 1256 3678 Mandavit
1303 3624 1468 3694 igitur
1514 3623 1656 3679 Deus
1709 3623 1794 3680 his

197 3730 337 3786 quae.
364 3731 470 3770 non
495 3716 839 3784 exstiterunt,
874 3725 929 3772 et
959 3717 1071 3772 imo
1117 3716 1306 3786 procul
1355 3717 1425 3771 ab
1463 3732 1530 3771 eo
1552 3717 1792 3784 fuerunt,

197 3815 268 3860 et
293 3815 476 3861 creata
535 3815 686 3872 sunt,
734 3807 787 3862 id
837 3818 920 3863 est
972 3818 1151 3878 aptata
1202 3817 1256 3862 et
1296 3808 1557 3877 disposita
1585 3807 1652 3862 ad
1693 3808 1796 3863 hoc

200 3906 276 3950 ut
325 3897 531 3952 formas
581 3913 711 3954 suas
766 3899 1086 3969 reciperent.
1146 3898 1290 3953 Dixit
1322 3909 1501 3954 autem
1546 3899 1632 3955 his
1674 3915 1796 3970 qua:

192 3989 324 4059 jam
375 3999 556 4044 creata
607 3999 782 4055 erant,
831 3999 884 4044 et
932 3992 1043 4045 imo
1083 4000 1430 4046 accesserant
1464 3991 1513 4045 ei
1565 4007 1660 4062 per
1701 4007 1798 4061 po-

197 4081 443 4134 tentiam
493 4081 788 4150 recipiendi
831 4079 1086 4146 formam,
1136 4090 1189 4136 et
1236 4084 1377 4137 facta
1423 4092 1568 4149 sunt,
1618 4081 1670 4136 id
1714 4091 1799 4137 est

194 4169 468 4226 formata.
523 4169 676 4238 Quod
730 4180 911 4226 autem
968 4170 1111 4228 Deus
1161 4174 1347 4226 omnia
1395 4171 1578 4238 faciat,
1611 4173 1664 4229 id
1715 4181 1800 4228 est

191 4261 436 4324 formet,
487 4261 614 4316 inde
637 4261 902 4331 probatur
939 4262 1069 4332 quia
1101 4271 1251 4317 creat
1274 4263 1480 4317 omnia.
1511 4262 1614 4329 Qui
1651 4264 1796 4318 enim

193 4353 433 4407 initium
457 4351 550 4406 dat
571 4353 770 4407 creatis
800 4353 983 4418 rebus,
1009 4353 1124 4422 ipse
1155 4367 1376 4422 quoque
1405 4355 1617 4423 perlicit
1647 4370 1760 4409 eas.

699 4442 831 4496 Item
860 4444 924 4496 de
955 4445 1088 4496 bono
1109 4455 1156 4497 et
1180 4443 1341 4497 malo.

1897 634 1925 672 a
1957 618 2069 672 Deo
2099 618 2236 674 facta
2261 629 2408 687 sunt,
2433 629 2487 674 et
2517 621 2776 674 unitatem
2809 621 3102 690 quamdam
3137 621 3189 674 in
3213 637 3272 676 se
3299 634 3484 676 osten-

1895 711 2052 776 dunt,
2084 721 2138 766 et
2176 711 2434 780 speciem,
2476 723 2530 766 et
2583 711 2855 766 ordinem.
2887 711 3160 782 Quidquid
3204 713 3350 766 enim
3385 713 3484 766 ho-

1898 818 2021 858 rum
2053 813 2156 868 εει,
2186 811 2239 856 ει
2272 819 2441 857 unum
2500 803 2704 872 aliquid
2735 811 2820 856 est
2867 805 3009 857 sicut
3054 812 3262 857 natura}
3288 819 3483 871 corpo-

1895 910 2018 949 rum
2073 903 2128 948 et
2181 893 2395 962 ingenia
2426 893 2733 947 animarum
2766 911 2779 959 ;
2813 902 2868 947 et
2917 894 3098 962 aliqua
3150 895 3332 963 specie
3363 892 3480 946 for-

1895 993 2096 1050 matur,
2128 984 2270 1038 sicut
2319 991 2448 1037 sunt
2493 983 2680 1052 figurae
2708 984 2788 1038 vel
2830 984 3119 1053 qualitates
3163 999 3479 1054 corporum,

1895 1091 1959 1130 ac
1987 1075 2246 1130 doctrinae
2272 1075 2356 1129 vel
2389 1083 2533 1129 artes
2565 1075 2873 1128 animarum
2909 1093 2923 1140 ;
2967 1085 3021 1129 et
3071 1076 3317 1128 ordinem
3377 1075 3482 1129 ali-

1894 1184 2056 1238 quem
2082 1169 2214 1237 petit
2263 1176 2358 1221 aut
2391 1175 2559 1231 tenet,
2591 1166 2733 1220 sicut
2763 1174 2891 1219 sunt
2921 1166 3162 1234 pondera
3195 1166 3280 1219 vel
3309 1166 3481 1220 collo--

1895 1261 2136 1315 cationes
2165 1275 2480 1329 corporum,
2519 1268 2682 1328 atque
2704 1273 2918 1312 amores
2970 1267 3132 1328 atque
3162 1259 3482 1313 delectatio-

1895 1365 1994 1404 nes
2015 1351 2344 1404 animarum.
2384 1349 2511 1405 llaec
2569 1349 2694 1414 tria,
2725 1349 2817 1402 ubi
2855 1364 3048 1418 magna
3080 1358 3229 1410 sunt,
3273 1363 3484 1418 magna:

1896 1455 2110 1497 natura:
2151 1451 2318 1507 sunt;
2349 1443 2440 1496 ubi
2475 1458 2662 1511 parva,
2716 1458 2894 1511 parva:
2949 1452 3159 1496 naturae
3189 1453 3356 1508 sunt;
3391 1441 3481 1496 ubi

1895 1532 2043 1586 nulla
2075 1540 2222 1598 sunt,
2271 1532 2418 1586 nulla
2444 1540 2638 1584 natura
2667 1541 2770 1585 est.
2815 1529 3014 1584 Malum
3061 1532 3282 1600 quippe,
3317 1532 3368 1586 id
3400 1540 3486 1586 est

1895 1624 2174 1694 corruptio
2205 1639 2300 1678 seu
2329 1623 2577 1687 amissio,
2603 1623 2685 1678 vel
2717 1622 2887 1688 modi,
2918 1622 2999 1675 vel
3030 1623 3252 1692 speciei,
3281 1623 3364 1677 vel
3393 1637 3485 1678 or-

1895 1714 2041 1770 dinis
2094 1715 2382 1780 naturalis,
2414 1716 2459 1769 si
2493 1730 2710 1769 omnem
2756 1714 3001 1781 modum,
3050 1714 3307 1783 speciem,
3339 1712 3488 1768 ordi-

1897 1822 2021 1861 nem
2046 1805 2280 1871 auferat,
2333 1805 2481 1859 nulla
2544 1804 2845 1859 remanebit
2877 1814 3072 1858 natura
3109 1822 3120 1856 :
3153 1819 3219 1856 ac
3249 1818 3345 1872 per
3381 1804 3486 1858 hoc

1826 1873 1868 1927 Β
1897 1914 2020 1968 qua:
2060 1898 2338 1966 corrumpi
2393 1905 2591 1966 potest,
2637 1896 2800 1950 etiam
2847 1895 2964 1964 ipsa
3016 1894 3236 1963 aliquod
3283 1894 3486 1948 bonum

1893 1999 2020 2045 est:
2080 2005 2189 2044 non
2249 1989 2394 2043 enim
2443 1989 2492 2044 ei
2545 2002 2742 2042 nocere
2794 1996 2972 2057 potest
3025 1987 3324 2056 corruptio,
3379 1985 3485 2040 nisi

1895 2079 2188 2134 adimendo
2211 2087 2264 2134 et
2288 2077 2584 2133 minuendo
2609 2077 2836 2130 bonum.
2869 2075 3070 2130 Malum
3101 2090 3320 2146 quoque
3345 2075 3489 2130 bene

1895 2169 2208 2225 ordinatum
2249 2178 2304 2224 et
2333 2169 2452 2223 loco
2493 2183 2595 2224 suo
2635 2168 2896 2238 positum,
2944 2167 3275 2222 eminentius
3335 2183 3488 2222 com-

1895 2261 2116 2316 mendat
2145 2261 2290 2316 bona
2325 2271 2384 2315 ut
2411 2260 2585 2330 magis
2610 2260 2858 2330 placeant
2884 2269 2938 2314 et
2964 2259 3323 2314 laudabiliora
3354 2258 3486 2326 sint,

1894 2349 2025 2406 dum
2050 2359 2438 2421 comparantur
2459 2350 2640 2404 malis.
2673 2348 2826 2403 Sicut
2855 2356 3036 2403 autem
3061 2347 3335 2403 contraria
3356 2361 3490 2401 con-

1895 2439 2082 2496 trariis
2109 2440 2360 2510 opposita
2423 2438 2695 2495 sermonis
2729 2439 3189 2510 pulchritudinem
3232 2436 3486 2499 reddunt.

1896 2531 1971 2585 ita
1993 2530 2230 2601 quadam
2267 2545 2378 2586 non
2425 2531 2744 2594 verborum,
2797 2529 2895 2585 sed
2943 2543 3128 2584 rerum
3174 2526 3490 2597 eloquentia

1896 2621 2297 2677 contrariorum
2322 2621 2669 2692 oppositione
2697 2621 2882 2676 sazculi
2909 2619 3264 2690 pulchritudo
3313 2632 3492 2688 oppo-

1896 2714 2068 2780 nitur,
2101 2722 2266 2783 atque
2313 2714 2450 2769 ordo
2497 2713 2824 2770 saeculorum
2873 2720 3135 2782 tanquam
3185 2706 3495 2782 pulcherri-

1897 2824 2047 2862 mum
2077 2824 2296 2863 carmen
2323 2809 2488 2864 etiam
2519 2807 2845 2879 quibusdam
2891 2806 3174 2862 antithetis
3220 2807 3483 2860 honesta-

1899 2908 2008 2954 tur.
2065 2899 2219 2954 Unde
2266 2901 2529 2971 scriptum
2577 2908 2700 2956 est:
2754 2920 2772 2952 ι
2819 2899 3021 2955 Contra
3054 2899 3256 2953 malum
3283 2898 3492 2952 bonum

1897 3000 2000 3055 est,
2027 3000 2080 3046 et
2103 3000 2295 3046 contra
2346 3001 2579 3046 mortem
2609 2992 2740 3058 vita,
2779 2993 2922 3046 sicut
2971 3000 3159 3044 contra
3188 2990 3336 3059 pium
3365 3003 3494 3059 pec-

1897 3090 2074 3135 cator.
2109 3080 2170 3136 Et
2219 3082 2300 3137 sic
2348 3081 2561 3137 intuere
2603 3082 2788 3136 omnia
2826 3080 3112 3135 Altissimi.
3160 3080 3294 3134 Bina
3338 3079 3492 3146 bina,

1899 3188 2068 3227 unum
2101 3182 2292 3229 contra
2321 3189 2492 3229 unum
2523 3172 2720 3241 (Eccli.
2750 3173 2971 3242 xxxiii).
2999 3192 3017 3224 ι

1967 3263 2047 3318 Ex
2064 3265 2220 3320 bonis
2245 3273 2447 3332 autem,
2473 3264 2527 3320 id
2550 3273 2634 3320 est
2656 3280 2722 3320 ex
2740 3263 2912 3320 libero
2939 3264 3168 3318 arbitrio
3191 3262 3492 3317 voluntatis

1897 3365 2017 3411 orta
2050 3365 2180 3412 sunt
2224 3357 2387 3411 mala.
2412 3353 2598 3426 Neque
2646 3356 2752 3412 hoc
2783 3354 3000 3410 Domini
3032 3353 3337 3424 refragatur
3362 3369 3494 3408 sen-

1898 3451 2067 3505 tentia
2111 3464 2219 3520 qua
2247 3449 2386 3504 dixit
2417 3467 2429 3502 :
2462 3467 2481 3500 ι
2515 3445 2634 3502 Non
2670 3456 2850 3516 potest
2902 3447 3067 3502 arbor
3104 3446 3244 3500 bona
3277 3443 3495 3499 fructus

1897 3539 2075 3594 malos
2096 3537 2274 3593 facere
2300 3537 2519 3604 (Matth.
2546 3539 2700 3606 vn),i
2736 3537 2790 3591 id
2818 3545 2901 3590 est
2918 3535 3060 3590 bona
3091 3534 3347 3588 voluntas
3383 3548 3493 3586 non

1897 3636 2078 3698 potest
2111 3626 2290 3681 facere
2320 3627 2462 3681 mala
2489 3641 2674 3696 opera,
2695 3625 2905 3680 scilicet
2927 3623 3115 3678 tandiu
3168 3622 3311 3676 mala
3333 3622 3497 3676 arbor

1899 3728 2082 3773 manet
2111 3717 2165 3771 in
2191 3725 2537 3788 peccatorum
2580 3715 2868 3781 fructibus,
2895 3712 3140 3785 quandiu
3197 3713 3263 3766 ad
3312 3711 3498 3781 paeni-

1899 3809 2122 3862 tentiam
2153 3825 2260 3861 non
2290 3808 2643 3874 convertitur,
2668 3815 2723 3860 et
2751 3805 2938 3861 tandiu
2984 3805 3129 3859 bona
3191 3804 3354 3857 arbor
3381 3817 3494 3856 non

1902 3899 2033 3954 facit
2067 3899 2243 3954 malos
2293 3897 2524 3963 fructus,
2570 3897 2814 3968 quandiu
2865 3897 2918 3950 in
2975 3897 3158 3951 studio
3237 3895 3496 3949 bonitatis

1900 3997 2239 4059 perseverat;
2281 3987 2371 4044 sed
2421 4003 2488 4042 ex
2533 3987 2676 4040 bona
2711 3985 2950 4040 hominis
2994 3995 3189 4039 natura
3219 3984 3353 4038 oriri
3391 3998 3494 4035 vo-

1901 4082 2082 4136 luntas
2102 4089 2157 4134 et
2187 4079 2329 4135 bona
2370 4086 2552 4149 potest
2577 4086 2631 4132 et
2662 4078 2825 4131 mala.
2852 4074 3142 4146 Nunquam
3193 4090 3324 4128 vero
3377 4088 3497 4127 ma-

1899 4172 2011 4228 lum
2041 4181 2220 4242 potest
2246 4186 2388 4234 esse,
2417 4170 2509 4230 ubi
2553 4169 2762 4223 nullum
2797 4175 2882 4222 est
2905 4167 3131 4221 bonum.
3162 4163 3317 4219 Unde
3356 4163 3494 4218 mira

1901 4280 1990 4320 res
2015 4263 2306 4319 conficitur
2326 4271 2406 4328 ut,
2427 4262 2557 4332 quia
2591 4260 2772 4315 omnis
2811 4267 3005 4313 natura
3035 4257 3175 4310 bona
3223 4265 3326 4319 est,
3360 4254 3496 4314 nihil

1902 4357 2048 4410 aliud
2068 4356 2174 4410 dici
2191 4355 2452 4409 videatur.
2480 4369 2603 4408 cum
2628 4351 2823 4406 vitiosa
2852 4357 3048 4403 natura
3076 4348 3217 4402 mala
3249 4346 3450 4401 dicitur
3479 4363 3492 4399 :

1903 4449 2053 4503 verbi
2082 4448 2277 4519 gratia,
2311 4447 2490 4504 malus
2529 4446 2696 4499 homo
2743 4442 3003 4514 quoniam
3031 4440 3232 4494 malum
3266 4439 3493 4491 bonum.

278 4537 427 4592 Cum
451 4537 592 4592 bona
617 4547 670 4592 et
712 4537 854 4591 mala
905 4537 1016 4592 sint
1051 4537 1349 4602 contraria,
1375 4537 1648 4592 contraria
1675 4553 1801 4592 vero
1835 4539 1877 4593 D
1909 4539 2082 4594 Homo
2119 4539 2263 4594 enim
2291 4548 2373 4594 est
2398 4547 2614 4604 natura,
2643 4544 2698 4590 et
2736 4536 2938 4590 bonum
2973 4542 3076 4598 est,
3109 4540 3163 4586 et
3187 4531 3375 4584 vitium
3411 4539 3497 4584 cst

193 4631 349 4686 nulli
383 4631 460 4684 rei
491 4631 654 4685 simul
704 4631 881 4684 inesse
914 4638 1163 4698 possunt,
1193 4629 1334 4682 mala
1367 4641 1545 4683 tamen
1584 4637 1638 4683 et
1665 4629 1803 4682 bona

190 4735 322 4774 non
357 4719 534 4774 solum
563 4735 687 4775 esse
726 4727 958 4789 possunt
1013 4718 1198 4785 simul,
1245 4719 1340 4773 sed
1393 4719 1535 4774 mala
1580 4720 1806 4773 omnino

193 4815 333 4869 sine
357 4812 540 4877 bonis,
568 4821 622 4866 et
655 4812 758 4866 nisi
811 4813 864 4865 in
907 4811 1067 4867 bonis
1095 4826 1216 4866 esse
1260 4825 1368 4864 non
1395 4820 1646 4880 possunt,
1677 4812 1806 4880 quia

192 4903 249 4960 si
283 4901 498 4957 bonum
549 4916 656 4956 non
700 4909 866 4966 esset,
909 4915 1136 4970 prorsus
1177 4913 1279 4955 nec
1307 4899 1512 4956 malum
1559 4915 1680 4957 esse
1711 4916 1809 4971 po-

194 4993 438 5059 tuisset,
465 4993 593 5063 quia
625 5007 733 5046 non
763 4990 930 5046 modo
962 4991 1055 5045 ubi
1089 4991 1432 5057 consisteret,
1460 4991 1552 5046 sed
1582 5002 1636 5047 et
1667 4993 1808 5048 unde

191 5083 460 5139 oriretur
487 5083 714 5150 malum,
740 5082 795 5138 id
821 5091 906 5138 est
930 5081 1210 5152 corruptio
1233 5092 1464 5148 naturae,
1481 5083 1688 5138 scilicet
1713 5099 1808 5138 ex-

192 5175 540 5230 terminatio
581 5175 732 5242 boni,
777 5175 860 5228 vel
892 5175 1062 5228 minui
1109 5175 1254 5229 bono
1282 5189 1391 5228 non
1435 5175 1674 5239 haberet,
1701 5175 1804 5230 nisi

190 5277 364 5323 esset
397 5267 541 5337 quod
595 5276 1036 5336 corrumperetur
1061 5267 1306 5334 bonum:
1335 5265 1537 5319 malum
1570 5266 1794 5335 quippe,

191 5363 259 5417 id
301 5368 390 5414 est
426 5359 728 5429 corruptio,
761 5358 939 5428 privat
992 5373 1206 5427 semper
1235 5367 1485 5412 naturam
1516 5357 1806 5428 qualicun-

193 5467 328 5524 que
358 5451 520 5505 bono.
553 5448 689 5503 Nam
722 5450 921 5502 minuit
969 5449 1090 5518 ejus
1139 5449 1398 5518 speciem,
1431 5448 1513 5502 vel
1563 5449 1806 5514 modum,

191 5544 302 5600 vel
335 5544 607 5606 ordinem,
641 5542 782 5595 sicut
811 5541 941 5594 vitia
972 5541 1282 5594 animorum
1317 5550 1446 5594 sunt
1474 5541 1809 5611 privationes

189 5637 555 5694 naturalium
598 5636 870 5690 bonorum
891 5643 946 5689 et
993 5636 1190 5699 morbi,
1239 5645 1294 5690 et
1341 5637 1566 5690 vulnera
1597 5636 1811 5706 privant

187 5747 454 5801 corpora
485 5730 740 5784 sanitate.
784 5726 910 5782 Hmc
935 5743 1172 5799 namque
1220 5731 1346 5795 tria,
1389 5731 1546 5794 ordo,
1590 5730 1807 5790 modus.

187 5825 454 5896 species,
481 5822 754 5894 generalia
786 5827 914 5874 sunt
962 5817 1101 5872 bona
1159 5823 1209 5875 in
1246 5823 1407 5877 rebus
1434 5839 1463 5876 a
1497 5821 1604 5878 Deo
1628 5820 1807 5886 factis,

1908 4632 2132 4685 malum.
2167 4629 2285 4685 Non
2325 4637 2410 4684 est
2444 4638 2624 4683 tamen
2671 4627 2876 4682 malum
2927 4625 3152 4690 bonum,
3184 4636 3360 4690 neque
3394 4619 3496 4674 bo-

1907 4740 2038 4777 num
2072 4723 2317 4777 malum:
2351 4719 2472 4776 ideo
2503 4718 2648 4790 quod
2677 4719 2843 4773 homo
2870 4717 3047 4772 malus
3091 4730 3201 4770 non
3249 4722 3334 4768 est
3390 4712 3497 4766 nisi

1907 4815 2111 4870 bonum
2162 4813 2388 4868 malum.
2434 4809 2610 4866 Homo
2656 4824 2850 4879 nempe
2898 4808 3102 4862 bonum
3163 4812 3266 4869 est,
3291 4802 3498 4856 malum

1909 4907 2183 4978 iniquum.
2218 4905 2284 4960 Et
2311 4905 2552 4960 cavenda
2581 4912 2666 4958 est
2697 4904 2788 4956 illa
2831 4900 3146 4972 prophetica
3176 4896 3445 4954 sententia
3481 4915 3494 4952 :

1915 5017 1934 5050 ι
1968 4997 2058 5052 Vae
2096 4997 2184 5053 his
2225 4997 2321 5067 qui
2365 4995 2557 5052 dicunt
2603 4992 2749 5064 quod
2808 4993 3012 5048 bonum
3056 4999 3142 5046 est
3189 4989 3417 5053 malum,
3444 4995 3502 5042 et

1907 5091 2054 5161 quod
2093 5089 2293 5144 malum
2320 5095 2404 5145 εει
2439 5088 2644 5144 bonum
2677 5085 2836 5155 (Isai.
2869 5086 2945 5156 v).
2978 5107 2996 5137 ι
3033 5084 3183 5156 Opus
3216 5084 3362 5139 enim
3403 5081 3499 5137 Dei

1909 5184 2132 5252 culpant
2157 5182 2306 5252 quod
2343 5190 2429 5238 est
2457 5181 2644 5246 homo,
2668 5188 2723 5234 et
2765 5180 2959 5235 vitium
2988 5179 3228 5234 hominis
3277 5175 3504 5231 laudant

1909 5275 2056 5345 quod
2103 5282 2188 5329 est
2241 5274 2522 5344 iniquitas;
2547 5271 2738 5328 Omnis
2765 5288 2894 5327 vero
2917 5281 3109 5326 natura
3149 5269 3252 5323 etsi
3303 5267 3501 5321 vitiosa

1909 5377 2012 5433 est,
2046 5367 2100 5420 in
2120 5375 2383 5436 quantum
2416 5376 2610 5422 natura
2635 5375 2717 5421 est
2755 5367 2894 5420 bona
2919 5373 3022 5430 est,
3049 5363 3101 5417 in
3129 5371 3397 5432 quantum
3422 5358 3502 5411 vi-

1913 5461 2053 5514 tiosa
2082 5468 2166 5514 est
2213 5459 2354 5514 mala
2399 5468 2502 5514 est.
2531 5458 2735 5514 Natura
2766 5474 2986 5528 quoque
3031 5457 3273 5510 sentiens
3295 5495 3308 5519 ,
3335 5452 3499 5506 etiam

1913 5567 2036 5605 cum
2064 5551 2230 5614 dolet,
2261 5549 2454 5603 melior
2483 5558 2567 5603 est
2597 5566 2762 5618 quam
2809 5549 2946 5616 lapis
2997 5560 3118 5615 quae
3160 5559 3270 5597 non
3321 5551 3499 5612 potest

1911 5640 2124 5704 dolere;
2147 5638 2431 5693 rationalis
2451 5654 2579 5693 vero
2611 5637 2954 5708 praestantior
2978 5642 3062 5689 est
3087 5633 3252 5687 etiam
3277 5631 3498 5694 misera,

1914 5745 2079 5799 quam
2109 5729 2198 5784 illa
2227 5745 2350 5799 quae
2376 5729 2606 5784 rationis
2636 5729 2720 5782 vel
2749 5743 2944 5783 sensus
2974 5734 3058 5781 est
3091 5737 3308 5793 expers.
3337 5719 3502 5774 Maie-

1913 5823 2039 5878 dicti
2071 5838 2200 5892 ergo
2227 5831 2354 5877 sunt
2399 5823 2490 5891 qui
2539 5821 2871 5876 maledicunt
2919 5817 3217 5881 diabolum,
3246 5812 3502 5884 blasphe-
