3948 6442
504 373 642 430 ίθὸὅ

1637 359 1967 418 WERNERI
2004 358 2303 415 ABBATIS
2340 359 2399 415 S.
2438 358 2659 416 DLASll

3642 365 3756 424 ωδι

503 493 718 542 mantes
750 486 807 541 ln
844 448 919 542 eo
959 497 1098 553 opus
1143 495 1236 536 -et
1282 494 1384 551 pro
1435 476 1582 532 malo
1624 474 1817 545 ipsius.
1846 473 2091 528 Primum
2123 476 2170 533 Α
2197 471 2301 527 bus
2347 471 2675 528 subintravit
2733 474 3039 546 ignorantia
3095 488 3285 529 rerum
3346 473 3675 545 agendarum
3715 490 3762 536 et

506 593 640 634 sane
671 576 897 640 malum,
929 574 981 628 id
1024 581 1108 628 est
1160 571 1332 641 prima
1378 568 1614 641 privatio
1643 566 1774 623 boni
1811 565 2095 622 rationalis

505 676 737 732 natura,
774 673 829 719 et
859 678 1023 719 causa
1056 663 1327 717 malorum
1377 660 1481 717 fuit
1520 659 1772 716 voluntas
1815 657 2095 714 mutabilis

505 758 655 824 boui,
688 758 758 812 ah
784 755 1111 811 immutabili
1141 754 1285 810 bono
1313 752 1592 809 deﬁciens.
1624 751 1799 808 Porro
1820 750 1977 805 mala
2001 764 2096 804 vo-

503 850 730 905 luntatis
774 848 989 903 initium
1038 862 1147 902 non
1204 846 1380 916 potuit
1426 861 1549 903 esse
1587 846 1696 902 nisi
1731 842 2006 914 superbia,
2035 838 2090 895 id

502 949 587 996 est
611 956 769 995 amor
793 940 1029 1011 prOpria
1057 938 1441 994 excellentiaa
1494 938 1714 994 Initium
1734 937 1880 993 enim
1909 932 2091 990 omnis

504 1031 711 1102 peccati
743 1029 996 1102 superbia
1020 1026 1214 1102 (Eccli.
1248 1027 1326 1098 ι).
1359 1046 1377 1080 ο
1420 1026 1625 1086 Deinde
1658 1027 1822 1085 etiam
1858 1022 2094 1081 nolenti-

2197 563 2638 633 concupiscentia
2687 567 3001 631 noxiarum,
3030 566 3236 636 quibus
3267 565 3504 621 comites
3541 566 3762 626 subluis-.-

2194 662 2395 710 runtur
2418 671 2573 712 error
2599 665 2654 712 et
2684 657 2859 713 dolor.
2884 657 3019 724 Qua
3059 657 3171 711 duo
3222 656 3393 721 mala,
3427 656 3645 726 quando
3679 659 3777 737 imy

2195 747 2459 803 mineutia
2487 748 2816 816 sentiuntur,
2846 762 2910 803 ea
2939 746 3226 818 fugitantis
3272 746 3448 801 animi
3481 755 3661 802 motus
3686 765 3764 805 vo-

2195 847 2354 895 catur
2384 848 2585 896 metus.
2616 839 2788 895 Porro
2828 855 2954 896 cum
3001 839 3331 909 adipiscitur
3376 838 3560 895 avaris
3590 854 3763 896 concu-

2195 929 2483 1000 piscentia,
2513 932 2700 988 latitia
2727 933 3044 989 ventilatur.
3071 930 3154 987 Ex
3183 931 3275 987 his
3320 930 3640 987 morborum
3661 930 3763 989 fon-

2193 1018 2342 1077 tibus
2364 1023 2545 1080 omnis
2573 1023 2795 1080 miseria
2822 1031 3063 1081 emanat.

1718 1300 2225 1380 DOMINICA
2305 1302 2577 1382 NONA

1806 1481 2175 1544 Secundum
2206 1481 2465 1544 Lucam.

584 1664 605 1698 ς
649 1642 824 1700 Homo
848 1645 1069 1717 quidam
1099 1654 1218 1701 erat
1236 1646 1408 1711 dives,
1434 1644 1529 1717 qui
1568 1644 1803 1701 habebat
1825 1644 2089 1701 villicum.
2124 1651 2168 1707 Β
2195 1644 2423 1709 vaverit,
2452 1650 2601 1699 certa
2628 1642 3021 1701 misericordia
3065 1658 3183 1700 sua
3223 1643 3486 1700 mercede
3508 1643 3766 1710 donandus

508 1734 575 1791 Et
589 1736 677 1791 hic
693 1735 1006 1791 diﬁ‘amatus
1020 1745 1103 1793 est
1115 1736 1258 1807 apud
1275 1736 1427 1792 illum
1448 1738 1607 1808 quasi
1619 1736 2095 1808 dissipassetbona

509 1827 705 1897 ipsius,
730 1838 865 1883 ietc.
893 1827 1047 1900 (Luc.
1064 1829 1203 1897 xvi.)
1232 1826 1388 1884 Nunc
1412 1829 1479 1884 ad
1502 1844 1697 1886 avaros
1720 1830 2096 1901 superbosque

507 1917 844 1986 Pharisaos;
875 1936 1023 1976 nunc
1052 1920 1120 1976 ad
1161 1919 1463 1990 discipulos
1491 1921 1600 1977 illis
1621 1921 1970 1979 audientibus
2012 1923 2096 1979 lo-

505 2012 695 2081 quitur
748 2011 1035 2078 Dominus,
1093 2021 1153 2068 ut
1203 2012 1549 2083 resipiscaot.
1583 2011 1813 2070 Villlcus
1876 2013 2096 2085 proprie

507 2101 839 2172 gubernator
868 2112 922 2157 et
957 2112 1144 2158 custos
1175 2102 1317 2159 villa
1362 2113 1466 2159 est.
1493 2102 1647 2161 Unde
1680 2114 1734 2161 et
1761 2121 1794 2161 a
1838 2106 1967 2161 villa
1995 2121 2096 2161 no-

506 2196 657 2251 mine
696 2196 924 2267 accepit.
951 2193 1050 2252 llic
1095 2211 1225 2251 vero
1262 2196 1485 2267 ponitur
1525 2213 1625 2268 pro
1672 2213 1962 2255 teconomo
1985 2240 2000 2266 ,
2041 2199 2094 2256 id

505 2297 590 2343 est
617 2287 1015 2359 dispensatore,
1039 2287 1133 2358 qui
1155 2288 1362 2344 scilicet
1384 2289 1695 2346 universam
1725 2291 1951 2347 domum
1975 2292 2093 2348 dis-

506 2391 722 2451 pensat.
748 2379 1101 2437 (Economus
1147 2382 1294 2437 enim
1346 2391 1454 2437 tam
1487 2385 1734 2454 pecunia
1778 2400 1944 2455 quam
1977 2384 2094 2440 fru-

507 2488 637 2543 gum
670 2481 726 2528 et
759 2474 1028 2541 omnium,
1059 2489 1182 2544 qua
1223 2473 1481 2532 dominus
1516 2477 1779 2547 possidet,
1810 2477 2097 2549 dispensa-

508 2571 679 2617 torem
703 2563 992 2634 significat.
1024 2562 1253 2621 Villicus
1279 2580 1409 2636 ergo
1457 2575 1542 2622 est
1587 2567 1675 2624 cui
1707 2567 1852 2624 Deus
1881 2569 2094 2640 aliquas

506 2654 769 2722 pecunias
812 2655 881 2709 ad
932 2656 1270 2727 erogandum
1324 2658 1621 2715 commisit.
1648 2658 1887 2731 Dissipat
1928 2661 2096 2733 igitur

505 2760 632 2799 cum
657 2746 798 2802 male
820 2755 1133 2818 congregat,
1162 2749 1243 2804 vel
1272 2751 1493 2820 quando
1513 2765 1625 2806 non
1653 2751 1789 2807 bene
1815 2754 2090 2823 expendit.

513 2856 533 2889 ι
566 2836 633 2892 Et
665 2840 881 2895 vocavit
919 2841 1095 2909 illum,
1123 2851 1177 2898 et
1217 2843 1295 2899 ait
1343 2843 1462 2899 illi:
1494 2842 1637 2912 Quid
1667 2845 1774 2900 hoc
1816 2846 1979 2901 audio
2026 2846 2095 2903 de

2198 1736 2289 1789 sit.
2322 1731 2414 1788 Vel
2433 1732 2515 1789 sic
2535 1733 2855 1803 accipiatur,
2885 1742 2948 1789 ut
2976 1748 3104 1789 cum
3138 1732 3317 1790 Judai
3349 1734 3593 1792 decimas
3610 1738 3766 1797 dicant

2196 1825 2394 1881 debere
2421 1824 2540 1880 dari
2566 1825 2943 1882 sacerdotibus
2978 1834 3035 1880 et
3068 1825 3278 1892 levitis,
3310 1841 3418 1881 nos
3443 1842 3607 1898 super
3626 1830 3770 1900 justio

2197 1917 2329 1984 tiam
2363 1931 2555 1972 eorum
2587 1917 2929 1973 abundantes
2954 1918 3173 1988 justitia
3208 1918 3423 1974 Christi
3458 1919 3648 1977 demus
3672 1939 3769 1980 tne-

2196 2009 2453 2065 dietatem
2478 2010 2770 2076 honorum,
2797 2009 2937 2065 sicut
2948 2018 2999 2065 et
3024 2008 3293 2065 Zacltaus
3320 2009 3455 2066 fecit
3476 2027 3584 2067 non
3610 2014 3766 2070 solum

2196 2099 2265 2156 de
2282 2100 2573 2169 fructibus,
2590 2101 2685 2158 sed
2710 2110 2765 2157 et
2788 2101 2855 2157 de
2880 2102 3141 2159 omnibus
3169 2103 3335 2159 bonis
3356 2106 3498 2161 suis.
3515 2107 3622 2161 Aut
3642 2118 3769 2164 certe

2196 2195 2539 2267 duplicemus
2580 2195 2801 2249 illorum
2827 2195 3069 2252 decimas
3112 2195 3376 2252 Ecclesia
3420 2197 3604 2253 dando
3629 2200 3769 2269 quin-

2196 2299 2282 2346 tas
2332 2309 2351 2341 ι
2388 2288 2456 2344 Ει
2507 2289 2751 2344 laudavit
2812 2287 3078 2344 Dominus
3130 2289 3379 2344 villicum
3463 2290 3767 2361 iniquitatis,

2195 2383 2323 2455 quia
2352 2384 2648 2454 prudenter
2675 2380 2913 2446 fecisset,
2943 2383 3073 2452 quia
3106 2382 3203 2437 ﬁlii
3238 2388 3411 2452 hujus
3449 2382 3631 2438 saculi
3657 2399 3769 2452 pru-

2196 2474 2471 2530 dentiores
2495 2482 2625 2530 sunt
2652 2473 2777 2530 filiis
2803 2474 2945 2529 lucis
2980 2474 3033 2528 in
3083 2475 3442 2546 generatione
3471 2491 3592 2530 sua.
3625 2493 3643 2527 ι
3671 2474 3767 2530 Cu-

2190 2565 2284 2637 jus
2311 2567 2542 2638 quisque
2564 2580 2728 2637 opera
2756 2564 2888 2621 facit
2933 2566 3054 2637 ejus
3099 2576 3155 2622 et
3204 2568 3354 2624 filius
3382 2568 3603 2623 dicitur.
3638 2566 3767 2624 Unde

2195 2668 2249 2715 et
2280 2658 2407 2713 boni
2435 2665 2563 2713 sunt
2588 2658 2682 2712 lilii
2714 2657 2851 2714 lucis
2873 2666 3119 2724 aterna;
3147 2659 3279 2713 mali
3298 2674 3434 2714 vero
3463 2658 3558 2714 lilii
3578 2660 3765 2724 saculi,

2197 2750 2249 2805 id
2274 2758 2357 2804 est
2379 2749 2748 2805 tenebrarum.
2781 2750 2856 2804 De
2887 2749 3089 2819 quibus
3127 2747 3389 2806 Salomon
3426 2748 3634 2822 [Isaias]
3663 2751 3765 2806 ait:

2203 2860 2221 2893 ι
2255 2840 2343 2896 Va
2379 2842 2472 2913 qui
2498 2841 2771 2911 sapientes
2794 2843 2928 2898 estis
2957 2841 3014 2896 in
3056 2843 3233 2898 oculis
3261 2843 3485 2909 vestris,
3508 2851 3562 2898 et
3598 2859 3765 2899 coram

509 2928 803 2988 te?Redde
846 2934 1113 2990 rationem
1165 2934 1515 2992 villicationis
1592 2946 1717 2993 tua.
1765 2935 1886 2992 Jam
1945 2938 2091 2993 enim
2128 2997 2160 3006 Α
2195 2933 2604 3004 vobismetipsis
2634 2935 2929 3003 prudentes
2952 2932 3114 3004 (Isai.
3146 2935 3224 3004 v).
3264 2953 3282 2986 ι
3312 2933 3374 2989 In
3418 2935 3523 2991 hoc
3564 2936 3768 3006 dispen-

507 3037 618 3076 non
660 3023 865 3092 poteris
888 3024 1149 3082 villicare.
1185 3046 1202 3078 ι
1234 3025 1407 3083 Vocat
1448 3027 1593 3085 Deus
1634 3032 1856 3100 quando
1897 3031 2095 3088 incutit

508 3111 757 3168 timorem
791 3122 1006 3170 aterna
1042 3116 1429 3173 damnationis.
1463 3117 1659 3175 Reddit
1706 3121 1874 3176 homo
1926 3121 2089 3176 ratio-

508 3220 656 3272 nem,
687 3207 755 3273 si,
787 3209 1032 3280 cogitans
1059 3212 1443 3268 villicationem
1482 3228 1606 3268 cum
1635 3213 1737 3270 ista
1766 3214 1875 3269 vita
1906 3214 2095 3270 finien-

507 3294 657 3363 dam,
685 3299 858 3369 magis
880 3301 946 3355 de
974 3302 1322 3372 acquirendis
1349 3304 1543 3360 amicis
1566 3320 1731 3375 quam
1760 3304 1826 3360 de
1859 3321 2086 3377 congre-

507 3388 700 3457 gandis
722 3390 923 3445 divitiis
949 3400 1162 3447 tractat.

586 3499 606 3531 ι
652 3481 740 3535 Ait
763 3490 944 3537 autem
970 3484 1185 3538 villicus
1216 3484 1357 3539 intra
1400 3500 1497 3539 se:
1531 3484 1677 3565 Quid.
1724 3484 1917 3543 faciam
1963 3488 2091 3557 quia

506 3569 765 3626 dominus
810 3588 966 3627 meus
1010 3573 1187 3629 aufert
1226 3590 1255 3630 a
1305 3590 1391 3631 me
1437 3576 2092 3635 villicationem?Fodere

507 3679 618 3721 non
645 3669 821 3732 valeo,
858 3669 1169 3723 mendicare
1221 3672 1502 3726 erubesco.
1545 3672 1673 3729 Scio
1696 3675 1826 3745 quid
1869 3675 2088 3745 faciam,

509 3767 591 3824 ut,
621 3774 747 3813 cum
790 3769 1006 3815 amotus
1057 3761 1214 3817 fuero
1243 3778 1273 3817 a
1303 3763 1632 3822 villicatione
1652 3809 1666 3834 ,
1692 3769 1954 3839 recipiant
2005 3787 2093 3827 me

510 3850 568 3905 in
605 3849 802 3905 domos
831 3867 980 3908 suas.
1012 3872 1030 3904 ι
1061 3854 1255 3909 Ablata
1284 3855 1613 3913 villicatione
1651 3858 1837 3917 fodere
1864 3877 1971 3918 non
1999 3878 2096 3918 va-

510 3943 708 4011 lemus,
736 3946 863 4017 quia
893 3956 1015 4017 post
1049 3949 1191 4004 hanc
1224 3949 1390 4004 vitam
1424 3967 1533 4006 non
1572 3954 1698 4009 licet
1728 3956 1886 4013 nobis
1912 3958 2094 4028 inqui-

510 4053 631 4093 rere
688 4038 925 4094 fructum
968 4040 1123 4096 bona
1174 4048 1606 4103 conversationis
1652 4048 1831 4119 ligone
1885 4051 2093 4108 demta

509 4133 967 4201 compunctionis.
998 4133 1303 4194 Mendicare
1332 4138 1673 4195 confusionis
1713 4150 1819 4207 est,
1843 4157 1909 4196 eo
1931 4143 2093 4198 modo

510 4239 621 4293 quo
646 4224 807 4281 fatua
835 4227 1073 4294 virgines
1096 4230 1503 4286 mendicabunt.
1523 4231 1725 4286 Domus
1754 4243 2089 4302 sanctorum,

2197 3034 2377 3081 sutore
2402 3040 2511 3080 non
2547 3025 2808 3080 debemus
2850 3025 2918 3081 ad
2971 3026 3299 3082 imitandum
3339 3042 3575 3095 sumere,
3606 3038 3665 3083 ut
3694 3028 3767 3084 vel

2197 3117 2419 3172 domino
2455 3116 2725 3181 fraudem,
2755 3117 2836 3172 vel
2864 3118 2932 3173 de
2962 3116 3156 3173 fraude
3191 3118 3591 3190 eleemosynam
3615 3120 3769 3175 facia-

2200 3223 2342 3271 mus,
2380 3206 2474 3261 sed
2507 3206 2780 3262 interdum
2809 3208 3199 3264 similitudines
3227 3211 3535 3265 econtrario
3572 3209 3772 3266 ducun-
3809 3222 3826 3237 ‘

2199 3306 2305 3352 tur.
2338 3297 2410 3351 Ut
2437 3298 2523 3353 hic
2548 3307 2601 3353 et
2623 3300 2689 3354 de
2705 3299 2890 3369 judice
2923 3300 3114 3371 iniquo
3144 3318 3159 3355 :
3195 3303 3336 3357 unde
3362 3301 3530 3358 Lucas
3556 3304 3612 3357 in
3644 3318 3770 3358 xvnt

2198 3391 2455 3460 capitulo.
2484 3389 2541 3445 Si
2580 3406 2710 3461 ergo
2752 3391 3020 3467 Dominus
3064 3393 3409 3464 dispendium
3428 3411 3628 3466 passus
3658 3404 3770 3450 tau—

2199 3490 2313 3535 tum
2346 3482 2532 3537 laudat
2550 3482 2894 3553 prudentiam
2921 3484 3339 3554 dispensatoris,
3368 3503 3476 3543 non
3504 3490 3649 3558 quod
3677 3490 3765 3543 ad-

2198 3591 2391 3631 versus
2414 3591 2540 3631 eum
2568 3576 2961 3641 fraudulenter,
2993 3578 3088 3633 sed
3121 3595 3224 3649 pro
3257 3595 3315 3635 se
3337 3581 3629 3650 prudenter
3651 3597 3764 3653 ege-

2200 3670 2290 3736 rit,
2316 3670 2490 3724 multo
2517 3669 2690 3738 magis
2716 3668 2992 3735 Christus,
3025 3671 3119 3741 qui
3144 3672 3360 3726 nullum
3393 3674 3658 3729 sustinere
3675 3691 3760 3745 po-

2199 3770 2324 3828 test,
2349 3773 2402 3817 et
2430 3778 2638 3835 pronus
2665 3772 2750 3818 est
2777 3763 2844 3817 ad
2881 3764 3251 3833 clementiam,
3282 3766 3527 3821 laudabit
3549 3768 3763 3837 discipu-

2200 3861 2319 3927 los,
2356 3860 2402 3916 si
2465 3861 2531 3915 ad
2590 3858 2710 3930 ejus
2754 3869 3082 3930 praceptum
3133 3861 3522 3917 misericordes
3563 3861 3758 3917 fuerim.

2201 3951 2356 4007 Unde
2392 3954 2639 4023 sequitur
2668 3969 2682 4007 :
2722 3969 2740 4002 ‹
2774 3950 2835 4007 Et
2866 3967 2966 4022 ego
2999 3952 3153 4008 vobis
3195 3953 3319 4008 dico
3352 3971 3366 4007 :
3407 3953 3587 4009 Facite
3630 3953 3761 4008 vobis

2201 4046 2408 4101 amicos
2430 4045 2496 4100 de
2528 4059 2841 4099 mammona
2869 4043 3172 4114 iniquitatis
3194 4086 3208 4110 ,
3234 4054 3294 4099 ut
3323 4060 3452 4100 cum
3479 4044 3759 4100 defcceritis

2200 4137 2466 4207 recipiant
2510 4153 2607 4194 vos
2656 4138 2712 4191 in
2761 4147 2962 4192 aterna
3000 4137 3378 4191 tabernacula.
3426 4157 3446 4190 ι
3480 4136 3759 4191 Mammona

2204 4230 2465 4302 Syrorum
2498 4229 2682 4300 lingua
2728 4230 2931 4284 divitia
2977 4239 3350 4299 nuncupatur,
3384 4240 3439 4285 et
3488 4229 3756 4299 iniquitati:

509 4317 710 4385 quibus
764 4328 1005 4390 tempore
1063 4323 1228 4392 hujus
1258 4323 1606 4378 villicationis
1660 4324 2093 4382 miscricordiam
2127 4339 2171 4393 ι)
2202 4323 2445 4377 additum
2474 4330 2579 4389 est,
2600 4322 2743 4392 quod
2776 4322 2842 4376 de
2871 4321 3160 4391 iniquitate
3193 4322 3437 4376 collecta
3465 4332 3605 4376 Sunt.
3628 4320 3758 4375 Unde

510 4407 899 4480 impendimus,
928 4413 1180 4470 calestes
1211 4415 1528 4471 mansiones
1553 4425 1682 4470 sunt
1714 4415 1767 4469 in
1791 4415 1958 4473 domo
1987 4417 2093 4474 Pa-

510 4501 631 4557 tris.

586 4612 606 4644 ι
651 4595 981 4652 Convocatis
1010 4596 1194 4667 itaque
1222 4598 1451 4670 singulis
1493 4599 1833 4657 debitoribus
1887 4601 2095 4657 domini

509 4687 619 4753 sui,
645 4688 857 4744 dicebat
900 4690 1076 4759 primo
1107 4709 1121 4745 :
1151 4689 1426 4757 Quantum
1470 4692 1633 4746 debes
1674 4692 1898 4747 domino
1940 4695 2097 4748 meo?

509 4780 579 4835 At
605 4780 696 4836 ille
716 4783 852 4838 dixit
885 4802 897 4838 :
930 4782 1160 4839 Centum
1202 4784 1367 4841 cados
1413 4784 1539 4839 olei.
1568 4783 1820 4855 Dixitque
1851 4787 1924 4840 illi
1954 4805 1966 4840 :
1991 4787 2098 4843 Ac-

509 4874 631 4944 cipe
702 4876 1010 4931 cautionem
1073 4886 1265 4943 tuam,
1331 4886 1386 4932 ct
1448 4878 1627 4933 scribe
1674 4878 2092 4949 quinquaginta.

511 4962 717 5023 Deinde
751 4969 840 5022 alii
866 4969 1000 5024 dixit
1030 4989 1041 5023 :
1075 4968 1153 5023 Tu
1178 4985 1307 5023 vero
1337 4982 1603 5041 quantum
1631 4971 1833 5028 debes?
1862 4972 2095 5028 Centum

511 5072 672 5111 coros
720 5060 903 5113 tritici.
949 5060 1039 5114 Ait
1062 5061 1135 5114 illi
1165 5079 1177 5115 :
1204 5062 1403 5132 Accipe
1430 5063 1641 5119 litteras
1668 5073 1811 5129 tuas,
1836 5073 1892 5119 et
1921 5066 2098 5121 scribe

512 5149 812 5218 octoginta.
847 5169 865 5199 ι
905 5150 1103 5220 Accipe
1131 5153 1361 5219 litteras,
1388 5154 1649 5210 subaudis
1681 5154 1734 5209 in
1766 5155 1967 5225 quibus
2002 5156 2097 5212 dc-

512 5242 685 5296 bitum
704 5239 1026 5311 scripseras.
1040 5241 1235 5298 Cautio
1245 5253 1329 5299 est
1353 5246 1712 5316 undecunque
1732 5256 1955 5303 cavetur
1968 5263 2098 5302 con—

514 5340 595 5385 tra
621 5330 880 5395 injuriam
909 5340 968 5385 ut
982 5331 1195 5401 justitia
1222 5341 1491 5389 teneatur.
1506 5334 1686 5391 Cados
1698 5335 1895 5409 [κάδος]
1912 5336 2098 5393 Grace

513 5425 776 5493 amphora
791 5425 1177 5481 estcontinens
1194 5441 1360 5481 urnas
1386 5434 1498 5482 tres
1519 5445 1533 5493 ;
1560 5428 1734 5484 Coros
1750 5427 1947 5505 [κόρος]
1967 5444 2097 5484 vero

512 5513 711 5569 modiis
734 5515 954 5585 triginta
972 5515 1294 5586 completur.
1315 5514 1469 5582 Quod
1493 5526 1674 5574 autem
1695 5520 1790 5573 uni
1812 5520 2100 5575 medietas-

511 5606 669 5662 alteri
690 5606 879 5677 quinta
902 5623 1029 5677 pars
1050 5607 1343 5663 dimittitur
1356 5608 1674 5678 simpliciter
1694 5620 1977 5682 acceptum
1999 5610 2100 5666 doc

513 5708 620 5763 cet,
645 5698 772 5768 quia
796 5698 978 5754 omnis
1002 5699 1096 5769 qui
1135 5698 1489 5776 indigentiam
1516 5699 1809 5769 cujuslibet
1842 5702 2098 5771 pauperis

516 5797 833 5853 sanctorum
864 5790 947 5845 vel
977 5806 1042 5846 ex
1089 5790 1315 5846 dimidia
1341 5791 1423 5847 vel
1464 5806 1530 5847 ex
1556 5792 1746 5861 quinta
1779 5802 1930 5862 parte
1958 5793 2097 5849 rele-

2193 4415 2411 4487 vulgata
2441 4414 2712 4469 sententia
2755 4413 2957 4469 dicitur
2991 4410 3167 4478 :Quia
3196 4413 3351 4469 dives
3401 4422 3498 4466 aut
3538 4423 3616 4468 est
3665 4412 3756 4464 iui-

2204 4523 2368 4578 quus,
2393 4514 2489 4561 aut
2514 4505 2689 4561 ltares
2724 4505 2918 4575 iniqui.
2949 4504 3115 4560 Docet
3170 4520 3303 4573 ergo
3329 4506 3401 4559 de
3438 4505 3633 4559 divitiis
3670 4503 3758 4556 ini.

2197 4599 2424 4670 quitatis
2454 4598 2664 4653 amicos
2700 4596 2900 4664 facere,
2930 4612 3036 4651 non
3063 4597 3339 4667 quoslibet
3383 4611 3654 4667 pauperes,
3676 4593 3759 4648 sed

2195 4708 2292 4749 eos
2312 4692 2406 4763 qui
2439 4706 2541 4746 nos
2570 4698 2795 4761 possent
2822 4691 3065 4760 recipere
3086 4691 3140 4743 in
3159 4689 3427 4757 ,cmlestcs
3454 4689 3755 4743 mansiones.

2198 4782 2295 4838 Vel
2324 4782 2439 4837 ita':
2465 4779 2754 4836 Faciamus
2801 4782 3012 4835 amicos
3057 4780 3124 4833 de
3151 4780 3339 4848 iniqua
3373 4794 3685 4842 mammona,
3706 4783 3754 4830 ut

2197 4873 2479 4946 largiendo
2505 4872 2840 4943 pauperibus
2883 4870 3204 4942 angelorum
3244 4870 3407 4925 nobis
3439 4880 3752 4926 catenarum-

2195 4982 2303 5038 que
2333 4976 2646 5021 sanctorum
2697 4964 2931 5035 gratiam
2985 4977 3395 5031 comparemus.
3421 4960 3542 5016 Hac
3564 4960 3754 5029 quidem

2198 5060 2341 5116 male
2394 5058 2747 5128 intelligendo
2798 5055 3043 5125 rapiunt,
3072 5062 3133 5109 ut
3185 5055 3346 5124 quasi
3383 5054 3519 5108 bene
3565 5052 3756 5121 dispen-

2199 5163 2340 5217 sent,
2366 5152 2457 5207 sed
2488 5159 2784 5223 gravantur
2808 5149 2990 5218 potius
3011 5161 3175 5217 quam
3204 5144 3551 5214 adjuveutur.
3582 5139 3757 5196 Hostia!

2198 5245 2344 5300 enim
2381 5242 2674 5312 impiorum
2708 5238 3124 5295 abominabiles.
3160 5235 3296 5290 llinc
3323 5246 3380 5291 et
3410 5252 3507 5306 per
3537 5235 3758 5289 Salomo-

2200 5352 2323 5393 nem
2352 5334 2597 5392 dicitur:
2634 5354 2652 5385 ‹
2683 5332 2787 5400 Qui
2830 5332 2989 5387 ofl‘crt
3038 5329 3370 5385 sacrificium
3421 5329 3489 5384 de
3531 5324 3755 5397 superbia

2199 5426 2476 5498 pauperis,
2506 5441 2572 5481 ac
2598 5425 2645 5480 si
2673 5425 2918 5479 victimet
2960 5422 3130 5477 ﬁlium
3165 5421 3220 5476 in
3250 5415 3758 5489 'conspectulpatris

2200 5518 2394 5587 (Eccli.
2427 5516 2761 5582 xxxrv).i-—-
2785 5535 2805 5567 ι
2843 5514 2947 5581 Qui
2979 5513 3152 5568 ﬁdelis
3177 5519 3262 5566 cst
3289 5512 3344 5565 in
3374 5510 3617 5575 minimo,
3644 5505 3755 5562 etin

2201 5612 2400 5683 majori
2444 5610 2619 5666 fidelis
2650 5618 2752 5666 est.
2788 5606 2855 5663 Et
2883 5607 2973 5677 qui
3015 5606 3069 5660 in
3102 5603 3320 5659 modico
3341 5603 3585 5673 iniquus,
3620 5611 3666 5655 et
3710 5598 3755 5651 iu

2202 5703 2395 5774 majori
2431 5702 2653 5773 iniquus
2678 5709 2813 5757 est.»
2842 5698 2899 5753 In
2926 5696 3151 5754 minimo
3184 5705 3272 5751 est
3300 5694 3479 5753 ﬁdelis
3508 5692 3599 5766 qui
3619 5689 3757 5747 habet

2194 5796 2409 5852 viscera
2442 5794 2658 5852 nietatis
2681 5803 2736 5851 et
2771 5808 2932 5865 opera
2975 5788 3392 5854 misericordia,
3437 5788 3615 5845 dando
3638 5784 3754 5840 cico-
