3948 6498
204 447 347 504 1035

1144 408 1722 508 DEFLORATIONES
1761 452 1860 510 ss.
1905 453 2219 512 PATRUM.
2258 487 2330 498 —
2368 458 2499 517 ue.
2543 458 2607 515 ιι.

3360 466 3498 522 1086

204 576 492 635 mosynas,
527 571 585 619 et
610 561 888 635 diligendo
929 562 1234 634 proximos.
1261 564 1320 620 In
1352 567 1545 638 majori
1569 577 1653 624 est
1678 568 1804 623 flde-
1830 575 1876 632 Α
1904 573 2138 628 ctrinam
2193 573 2408 630 Domini
2461 576 2686 633 dividat.
2731 583 2793 635 in
2844 578 3074 634 minimo
3116 580 3327 636 fidelem
3372 598 3499 642 esse

205 658 276 713 lis
300 654 396 727 qui
432 654 670 709 omnino
700 655 943 710 adhzeret
990 654 1262 723 Creatori,
1287 665 1341 711 et
1382 673 1527 713 unus
1578 658 1804 728 spiritus

209 765 334 805 cum
368 762 436 803 eo
457 746 737 802 desiderat
764 746 924 801 effici.
950 745 1055 812 Qui
1085 747 1232 802 enim
1266 746 1489 804 fratrem
1522 762 1634 803 non
1676 748 1805 803 dili-

208 844 306 913 git,
338 855 503 911 quem
545 838 736 903 videt,
779 853 882 893 nec
941 838 1233 893 miseretur
1285 839 1478 910 egeni,
1527 840 1804 911 quomodo

208 933 385 1004 diligit
410 931 585 986 Deum
615 945 779 1001 quem
803 945 912 984 non
931 929 1078 984 videt
1094 933 1125 996 ;'
1146 938 1200 985 et
1240 931 1517 1001 quomodo
1562 931 1803 1001 seipsum

210 1026 324 1083 Deo
359 1023 601 1081 tribuet?
628 1021 971 1093 Theophilus
1001 1021 1398 1090 Antiochenus,
1429 1023 1522 1093 qui
1569 1032 1806 1092 quatuor

207 1119 674 1190 evangelistarum
707 1117 762 1171 in
802 1131 972 1170 unum
1000 1131 1140 1185 opus
1168 1114 1311 1169 dicta
1338 1115 1658 1185 compinxit,
1688 1115 1804 1170 haec

208 1225 378 1280 super
405 1208 547 1262 hanc
578 1206 892 1278 parabolam
926 1204 981 1259 in
1017 1205 1135 1260 suis
1168 1205 1580 1261 commentariis
1612 1212 1698 1260 est
1722 1204 1805 1259 lo-

207 1314 414 1362 cutus:
454 1322 472 1355 ι
501 1301 664 1357 Dives
703 1301 912 1356 habens
955 1299 1197 1355 villicum
1230 1298 1316 1354 vel
1364 1298 1798 1370 dispensatorem

207 1396 359 1453 Deus
386 1396 736 1467 omnipotens
766 1401 880 1459 est,
907 1392 1067 1461 cujus
1090 1391 1435 1461 dispensator
1467 1390 1570 1446 fuit
1599 1390 1802 1448 Paulus

205 1488 383 1560 legem
423 1486 520 1540 Dei
566 1485 784 1541 discens
824 1500 856 1539 a
881 1482 1195 1539 Gamaliele.
1226 1481 1331 1549 Qui
1378 1497 1503 1538 cum
1545 1481 1802 1554 cmpissct

205 1579 559 1636 Christianos
588 1576 864 1648 persequi,
892 1584 946 1630 et
975 1574 1184 1630 domini
1225 1575 1310 1631 sui
1340 1574 1652 1646 superbiam
1687 1574 1800 1630 dis-

206 1673 411 1742 sipare,
433 1678 713 1726 correctus
768 1675 853 1723 est
877 1682 908 1721 a
932 1665 1187 1733 Domino,
1220 1667 1450 1723 audiens
1479 1684 1494 1722 :
1535 1685 1554 1719 ε
1586 1666 1797 1722 Durum

203 1772 290 1820 est
313 1763 409 1819 tibi
435 1770 624 1817 contra
651 1760 933 1816 stimulum
961 1759 1246 1814 calcitrare
1269 1758 1409 1827 (Act.
1444 1758 1544 1828 ιχ).
1579 1777 1598 1811 ι
1620 1756 1797 1814 Dixit-

205 1871 314 1926 que
336 1854 392 1909 in
423 1854 587 1909 corde
610 1868 712 1907 suo
740 1871 752 1906 :
781 1850 922 1918 Quid
963 1850 1158 1905 faciam
1188 1850 1316 1920 quia
1346 1850 1605 1921 magister
1632 1848 1710 1904 fui
1735 1859 1797 1906 'et

1906 677 2166 733 magnum
2195 674 2298 720 est.
2327 663 2462 720 Nam
2497 669 2641 722 sicut
2677 668 2817 723 ratio
2848 669 3225 738 rotunditatis,
3250 671 3301 727 id
3332 682 3499 731 estut

1906 766 1936 805 a
1959 762 2160 822 puncto
2184 754 2363 808 medio
2385 771 2577 811 omnes
2609 756 2765 811 lineae
2809 772 2971 827 pares
3022 758 3077 813 in
3118 770 3362 817 extrema
3393 760 3498 818 du-

1905 852 2121 910 cantur,
2148 844 2339 899 eadem
2362 855 2445 900 est
2471 846 2526 901 in
2560 862 2757 917 magno
2792 848 2946 904 disco
2979 864 3145 920 quam
3177 851 3230 905 in
3265 866 3496 908 numero

1903 933 2124 1005 exiguo,
2155 935 2228 989 ita
2271 935 2363 990 ubi
2394 952 2561 1007 parva
2587 939 2737 1010 juste
2760 934 3045 1011 geruntur,
3075 956 3185 997 non
3228 943 3496 999 minuitur

1899 1027 2127 1098 justitia:
2150 1029 2489 1100 magnitudo.

2339 1120 2417 1176 De
2452 1131 2682 1192 quatuor
2707 1123 3052 1180 debitoribus.

1972 1210 2219 1279 Quatuor
2276 1211 2551 1268 debitores
2605 1223 2781 1268 sunt:
2826 1213 2990 1282 Deus,
3043 1216 3291 1286 spiritus,
3337 1232 3491 1286 caro,

1902 1303 2164 1359 mundus.
2197 1302 2342 1360 Deus
2390 1305 2549 1360 debet
2575 1305 2812 1376 spiritui,
2858 1316 2917 1361 ut
2939 1323 3063 1362 eum
3103 1318 3159 1364 et
3182 1311 3494 1380 cognitione

1901 1395 2148 1451 veritatis
2176 1395 2445 1451 illuminet
2471 1409 2524 1452 et
2552 1412 2740 1453 amore
2768 1399 2986 1454 virtutis
3017 1399 3349 1469 inflammet;
3381 1405 3494 1473 spi-

1901 1487 2041 1542 ritus
2070 1485 2229 1542 debet
2254 1485 2366 1541 Deo
2388 1488 2442 1541 in
2467 1488 2724 1544 omnibus
2750 1505 2872 1560 qua:
2896 1491 3102 1560 agenda
3126 1501 3254 1547 sunt
3274 1493 3344 1547 ab
3372 1493 3493 1564 ipso

1899 1576 2106 1633 erudiri
2123 1586 2178 1632 et
2188 1576 2489 1633 secundum
2510 1578 2688 1648 ipsum
2705 1582 2921 1650 operari
2943 1598 2958 1647 ;
2974 1583 3197 1652 spiritus
3208 1582 3495 1639 debetcar-

1898 1668 1977 1734 ni,
2003 1675 2061 1722 ut
2088 1683 2210 1723 eam
2233 1676 2288 1724 et
2316 1684 2347 1723 a
2370 1669 2530 1724 malis
2558 1669 2830 1733 cohibeat,
2857 1680 2911 1726 et
2932 1672 2987 1727 in
3026 1672 3187 1729 bonis
3208 1683 3490 1743 exerceat;

1897 1773 2028 1814 caro
2054 1758 2212 1813 debet
2259 1758 2477 1829 spiritui
2513 1758 2568 1813 in
2604 1759 2750 1815 bono
2779 1761 2992 1832 agendo
3041 1763 3407 1819 ministerium
3437 1774 3494 1821 et

1899 1850 1954 1905 in
1982 1849 2273 1906 commodo
2309 1851 2613 1921 appetendo
2638 1852 2897 1921 modum;
2926 1869 3056 1909 caro
3077 1855 3236 1910 debet
3262 1857 3489 1925 mundo,

203 1948 445 2013 villicus,
477 1960 621 2000 nunc
658 1959 824 2012 cogor
863 1958 986 1998 esse
1027 1942 1331 2012 discipulus
1372 1950 1427 1996 et
1471 1942 1797 2012 operarius?
1829 1928 1870 1986 Β
1897 1957 1964 1997 ex
1993 1941 2114 2012 ejus
2164 1942 2499 1997 abundantia
2551 1944 2697 2014 quod
2746 1945 3088 2001 necessitatis
3118 1955 3203 2002 est
3251 1963 3489 2017 sumere,

203 2039 415 2095 Fodere
434 2054 541 2092 non
563 2038 739 2103 valeo,
756 2037 805 2090 id
826 2044 910 2092 est
929 2035 1183 2089 mandata
1206 2034 1349 2089 enim
1374 2034 1508 2105 legis
1534 2043 1691 2089 terrae
1712 2034 1796 2089 in-

202 2130 518 2188 cumbentia
570 2129 846 2184 destructa
896 2135 1043 2183 sunt.
1073 2125 1385 2181 Mendicare
1423 2124 1713 2192 erubesco,
1736 2134 1797 2181 ut

202 2225 296 2295 qui
334 2224 531 2278 doctor
575 2221 785 2277 fueram
839 2219 1174 2285 Iudaeorum,
1203 2235 1350 2274 nunc
1394 2219 1649 2289 incipiant
1696 2219 1795 2274 do~

202 2317 437 2371 ctrinam
464 2316 656 2371 salutis
695 2314 1005 2369 mendicare
1033 2313 1102 2367 ab
1127 2312 1360 2365 Anania.
1386 2309 1603 2365 Faciam
1632 2310 1796 2381 igitur

203 2419 263 2464 ut
302 2425 392 2464 me
430 2408 699 2479 recipiant
743 2404 1067 2467 Christiani,
1094 2419 1218 2459 cum
1270 2403 1475 2474 ejectus
1525 2402 1682 2459 fuero
1727 2402 1795 2459 de

201 2500 537 2556 villicatione
564 2515 704 2553 mea.
729 2498 1015 2567 Coepitque
1041 2496 1143 2561 eis,
1175 2494 1270 2565 qui
1313 2496 1465 2565 prius
1500 2494 1795 2550 versaban-

201 2602 292 2649 tur
326 2593 384 2647 in
414 2591 555 2662 lege,
582 2601 637 2646 et
686 2590 766 2646 sic
793 2589 1137 2646 crediderant
1185 2596 1244 2641 ut
1295 2587 1693 2642 arbitrarentur
1733 2601 1794 2643 se

203 2687 257 2741 in
287 2686 405 2758 lege
423 2683 831 2755 jnstificandos,
854 2682 1037 2736 dicere
1057 2681 1229 2751 legem
1254 2679 1531 2743 abolitam,
1561 2678 1795 2749 prophe-

203 2787 288 2833 tas
321 2777 650 2848 praeterisse,
676 2783 731 2829 et
760 2788 882 2844 quae
910 2782 1035 2827 ante
1068 2786 1167 2842 pro
1211 2772 1365 2825 lucro
1396 2768 1610 2824 fuerant
1633 2784 1795 2840 repu-

201 2868 304 2923 tari
355 2876 417 2922 ut
470 2875 732 2923 stercora.
784 2861 1011 2918 Vocavit
1052 2863 1234 2932 itaque
1261 2861 1401 2916 duos
1439 2860 1507 2915 de
1540 2860 1794 2930 plurimis

200 2959 565 3015 debitoribus.
599 2956 820 3012 Primus
838 2955 1193 3025 qui_debebat
1220 2961 1439 3009 centum
1471 2952 1642 3008 cados
1663 2950 1790 3020 olei,

199 3061 564 3122 congregatos
595 3048 844 3104 videlicet
886 3063 953 3103 ex
1002 3045 1257 3118 gentibus
1290 3042 1382 3099 Dei
1412 3042 1793 3099 misericordia

200 3142 528 3214 indigentes.
555 3140 624 3197 Et
668 3142 735 3196 de
790 3138 1105 3197 centenario
1156 3149 1385 3191 numero
1409 3175 1426 3203 ,
1463 3133 1558 3205 qui
1598 3134 1792 3204 plenus

144 3284 151 3291 .
198 3243 278 3290 est
312 3244 480 3304 atque
516 3232 787 3302 perfectus
816 3268 830 3295 ,
873 3229 999 3285 fecit
1042 3227 1206 3284 scribi
1240 3224 1791 3299 quinquagenarium,

197 3328 292 3398 qui
320 3326 538 3396 proprie
562 3324 940 3395 pmnitentium
969 3330 1052 3377 est
1077 3321 1231 3390 juxta
1252 3319 1532 3389 juhilzeum
1563 3332 1791 3386 annum,

196 3427 251 3472 et
306 3418 455 3471 illam
498 3415 815 3485 parabolam
872 3414 926 3467 in
976 3427 1138 3466 Lxxw
1191 3411 1340 3476 luce,
1375 3411 1426 3464 in
1483 3426 1589 3480 qua
1640 3408 1794 3463 alteri

200 3508 512 3579 quingenti,
540 3506 696 3561 alteri
727 3503 959 3559 debitori
984 3518 1012 3556 ι.
1039 3501 1246 3555 denarii
1287 3500 1656 3554 dimittuntur.
1692 3498 1794 3554 See-

195 3600 442 3655 cundum
493 3607 674 3652 autem
725 3594 939 3650 voratit
999 3593 1291 3664 pupulum,
1324 3591 1531 3646 scilicet
1576 3589 1795 3645 Iudaeo-

195 3708 346 3755 rum,
369 3689 462 3760 qui
498 3688 680 3744 tritico
721 3687 1098 3741 mandatorum
1158 3682 1250 3737 Dei
1298 3682 1537 3736 nutritus
1574 3690 1710 3747 erat,
1741 3689 1796 3737 et

193 3780 432 3834 debebat
473 3779 521 3832 ei
554 3777 926 3834 centenarium
980 3789 1290 3839 numerum,
1320 3781 1376 3826 et
1419 3772 1598 3841 coegit
1642 3787 1792 3839 eum,

193 3871 345 3942 quod
369 3871 437 3925 de
460 3878 677 3925 centum
707 3868 907 3923 faceret
929 3882 1094 3931 uxx,
1129 3865 1181 3919 id
1210 3874 1291 3920 est
1313 3864 1560 3919 crederet
1597 3864 1650 3917 in
1689 3862 1795 3919 Do—

194 3963 335 4017 mitti
382 3962 839 4016 resurrectionem
878 3967 1069 4013 octava
1117 3957 1204 4011 die
1251 3956 1471 4011 factam.
1509 3954 1794 4027 Octoginta

193 4054 348 4107 enim
377 4051 724 4121 complentur
751 4051 816 4104 de
839 4064 934 4103 vm
962 4047 1285 4112 Dceadihus,
1308 4055 1360 4101 ct
1385 4055 1438 4100 ut
1467 4045 1532 4098 de
1558 4046 1794 4099 Sabbato

193 4146 464 4203 transiret
502 4145 569 4199 ad
618 4144 850 4213 primam
898 4141 1140 4195 Sabbati.
1172 4139 1254 4194 Ob
1304 4141 1444 4193 hanc
1490 4154 1713 4193 causam
1762 4153 1793 4192 a

192 4239 439 4294 Domino
466 4236 791 4307 praedicatur
817 4234 955 4289 bene
1001 4232 1219 4296 fecisse,
1252 4230 1397 4301 quod
1424 4231 1490 4285 de
1533 4230 1667 4300 legis
1696 4245 1795 4283 au-

194 4331 450 4386 steritate
478 4337 721 4383 mutatus
742 4328 811 4383 sit
842 4327 897 4380 in
930 4323 1204 4393 Evangelii
1239 4323 1606 4379 clementiam.
1637 4321 1793 4387 Quod

194 4423 244 4477 si
276 4422 565 4492 quaesieris
588 4436 757 4490 quare
800 4427 1024 4472 vocetur
1052 4416 1266 4470 villicus
1288 4413 1382 4483 qui
1408 4413 1545 4467 bene
1568 4412 1788 4481 quidem

191 4514 486 4577 offerebat,
509 4513 602 4567 sed
628 4528 736 4566 non
759 4511 895 4564 bene
919 4508 1195 4563 dividebat
1214 4506 1445 4561 credens
1473 4506 1526 4558 in
1550 4502 1790 4568 Patrem,

1897 2033 2045 2103 quod
2075 2033 2293 2089 virtutis
2319 2041 2403 2088 est
2447 2048 2737 2102 exercere;
2771 2037 3014 2093 mundus
3058 2038 3219 2094 debet
3242 2040 3394 2095 carni
3432 2042 3491 2096 in

1894 2124 2224 2180 necessitate
2272 2125 2601 2194 subsidium,
2652 2127 2707 2181 in
2740 2129 3129 2185 exercitatione
3164 2130 3492 2187 incitamen-

1895 2223 2031 2271 tum.
2074 2215 2181 2271 Sed
2224 2216 2453 2287 spiritus
2490 2216 2738 2273 Creatori
2768 2219 3013 2275 debitum
3052 2236 3162 2276 non
3207 2222 3488 2292 persolrlt,

1895 2307 2025 2377 quia
2050 2321 2147 2377 per
2168 2307 2482 2377 superbiam
2503 2307 2679 2364 elatus
2701 2310 3002 2365 contemnit
3029 2310 3099 2366 ab
3119 2325 3185 2366 eo
3202 2312 3489 2368 scientiam

1898 2396 2146 2452 veritatis
2176 2411 2421 2467 qurerere
2447 2396 2531 2451 vel
2560 2412 2656 2468 per
2685 2398 2958 2469 pigritiam
2983 2400 3183 2472 ligatus
3208 2412 3488 2474 acceptam

1893 2486 2308 2559 intelligentiam
2354 2487 2567 2543 fastidit
2592 2503 2757 2559 opere
2793 2502 3067 2545 exercere.
3114 2490 3409 2567 PrOpterea
3433 2502 3490 2549 et

1894 2578 2012 2650 ipse
2040 2579 2270 2636 Creator
2298 2581 2513 2652 spiritui
2550 2581 2796 2637 debitum
2839 2582 2989 2653 juste
3038 2592 3220 2654 negat,
3270 2595 3331 2641 ut
3359 2600 3488 2641 eum

1893 2688 1995 2730 nec
2021 2673 2088 2729 ad
2127 2673 2571 2746 cognoscendum
2596 2689 2784 2729 verum
2828 2674 3117 2739 illuminet,
3152 2690 3254 2731 nec
3291 2676 3359 2731 ad
3390 2676 3490 2732 bo-

1894 2781 2026 2820 num
2073 2765 2369 2820 amandum
2419 2765 2740 2820 inflammet.
2775 2762 2912 2820 Nam
2951 2766 3246 2836 superbum
3278 2768 3426 2824 intus
3455 2785 3489 2824 a

1894 2855 2203 2927 cognitione
2240 2856 2488 2912 veritatis
2516 2856 2723 2925 abjicit,
2767 2857 2981 2928 pigrum
3020 2865 3200 2912 autem
3244 2857 3297 2913 in
3325 2874 3490 2930 opere

1894 2945 2029 3002 foris
2058 2946 2264 3018 affligit.
2295 2946 2509 3005 Rursus
2535 2949 2665 3019 quia
2710 2949 2851 3004 idem
2880 2950 3109 3020 spiritus
3143 2952 3294 3006 carni
3330 2952 3488 3008 debi-

1896 3048 2012 3096 tum
2045 3055 2155 3095 non
2189 3041 2465 3109 persolvit,
2503 3050 2561 3096 ut
2596 3056 2717 3096 eam
2751 3040 2998 3097 videlicet
3031 3042 3117 3097 vel
3151 3058 3183 3097 a
3220 3044 3367 3098 malo
3393 3059 3491 3100 co-

1896 3130 2099 3198 hibeat,
2128 3131 2211 3186 vel
2239 3131 2294 3187 in
2322 3132 2467 3187 bono
2496 3141 2764 3200 exerceat,
2790 3133 2850 3187 fit
2871 3142 2930 3188 ut
2951 3142 3007 3188 et
3046 3134 3163 3204 ipsa
3189 3150 3318 3190 caro
3336 3135 3488 3206 justa

1899 3223 1993 3279 Dei
2038 3224 2446 3295 dispensatione
2501 3240 2610 3279 non
2668 3240 2731 3280 ea
2782 3225 3036 3281 exhibeat
3090 3226 3304 3297 spiritui
3364 3242 3491 3297 quae

1897 3316 2082 3383 debet,
2126 3316 2230 3371 hoc
2260 3316 2453 3382 est;vel
2506 3316 2564 3370 in
2614 3316 2759 3371 bono
2810 3317 3023 3387 agendo
3099 3316 3487 3387 ministerium,

1896 3410 1981 3464 vel
2014 3409 2066 3463 in
2096 3409 2398 3479 appetendo
2435 3407 2726 3465 commodo
2763 3409 3008 3463 modum.
3044 3407 3176 3464 ltem
3205 3409 3332 3478 quia
3357 3427 3490 3465 caro

1895 3521 1991 3575 per
2014 3504 2395 3575 negligentiam
2419 3503 2649 3574 spiritus
2678 3504 2859 3558 laxata
2884 3503 3090 3557 mundo
3112 3503 3349 3560 debitum
3376 3519 3489 3558 nou

1895 3595 2137 3661 exhibet,
2169 3594 2262 3649 sed
2292 3594 2374 3648 eis
2402 3593 2731 3647 affluentiam
2764 3593 2829 3648 ad
2861 3594 3047 3647 luxum
3076 3593 3370 3662 voluptatis
3400 3592 3487 3647 in-

1896 3694 2134 3756 torquet,
2159 3694 2212 3741 et
2255 3684 2323 3739 ad
2365 3685 2809 3740 exercitationem
2845 3684 3060 3740 virtutis
3101 3684 3219 3754 ejus
3248 3684 3491 3741 admini-

1897 3776 2215 3833 strationem
2256 3792 2363 3831 non
2396 3777 2625 3844 obtinet,
2658 3777 2774 3847 ipse
2803 3793 3023 3847 quoque
3067 3776 3304 3833 mundus
3338 3777 3490 3849 justa

1900 3867 2408 3937 recompensatione
2445 3866 2513 3921 ad
2542 3868 2821 3922 miseriam
2866 3869 3089 3938 spiritus
3121 3869 3491 3939 multiplican-

1895 3959 2044 4025 dam,
2075 3974 2194 4013 eam
2225 3966 2281 4012 et
2310 3955 2511 4031 frangit
2539 3958 2785 4012 adversis
2814 3968 2868 4012 et
2910 3961 3188 4028 prosperis
3215 3959 3487 4017 dissolvit.

1895 4048 2070 4119 Hujus
2116 4059 2295 4103 autem
2345 4049 2630 4104 discordis
2671 4049 2798 4118 quia
2850 4050 3001 4103 solus
3045 4052 3271 4119 spiritus
3299 4060 3491 4107 auctor

1894 4151 1998 4208 est,
2024 4156 2248 4196 necesse
2284 4148 2369 4195 est
2390 4149 2449 4194 ut
2470 4139 2586 4208 ipse
2615 4140 2777 4194 etiam
2808 4140 2957 4209 prior
2978 4140 3043 4194 ad
3069 4156 3255 4209 pacem
3282 4143 3487 4210 redeat,

1893 4240 1947 4287 et
1965 4241 2155 4285 ca2tera
2192 4239 2315 4300 post
2334 4246 2395 4285 se
2417 4230 2812 4300 subsequenter
2839 4230 2904 4283 ad
2939 4242 3126 4299 pacem
3169 4241 3485 4300 componat.

1897 4321 1955 4376 Si
1985 4322 2131 4376 enim
2160 4321 2276 4390 ipse
2316 4329 2369 4375 et
2397 4320 2639 4375 Creatori
2687 4319 2925 4374 debitam
2972 4320 3394 4389 subjectionem,
3433 4331 3488 4377 ct

1894 4413 2047 4469 carni
2068 4412 2277 4481 justum
2306 4412 2547 4483 regimen
2575 4412 2833 4466 exhibere
2859 4411 3149 4476 studuerit,
3175 4411 3410 4482 perfecta
3434 4422 3488 4469 ct

1894 4514 2271 4563 consummata
2290 4505 2504 4575 justitia
2534 4505 2906 4575 subsequitur,
2931 4514 2984 4560 et
3007 4503 3299 4559 reformata
3318 4503 3487 4572 justi-

190 4608 294 4662 sed
312 4604 509 4658 Filium
540 4619 895 4673 persequens,
922 4602 1127 4655 habens
1151 4598 1318 4653 Deum
1339 4598 1787 4666 omnipotentem,
1824 4626 1866 4679 η
1896 4601 1968 4654 tia
2001 4598 2291 4654 concordia
2318 4612 2537 4667 quoque
2559 4605 2613 4650 et
2634 4612 2738 4666 pax
2764 4595 3002 4667 perfecta
3026 4604 3330 4664 reparatur.
3362 4594 3486 4650 sic-

191 4697 294 4753 sed
349 4694 614 4759 Spiritum
672 4702 923 4748 sanctum
975 4706 1202 4761 negans.
1243 4687 1571 4743 Prudentior
1607 4686 1791 4755 itaque

189 4789 304 4843 fuit
334 4787 540 4842 Paulus
586 4786 639 4839 in
689 4782 1125 4854 transgressione
1174 4780 1309 4851 legis
1365 4779 1492 4835 filiis
1515 4778 1791 4848 quondam

189 4881 364 4943 lucis,
402 4878 496 4948 qui
536 4878 589 4931 in
621 4877 737 4946 lege
774 4874 973 4929 versati
1030 4871 1335 4938 Christum,
1361 4872 1455 4942 qui
1484 4870 1581 4926 Dei
1616 4870 1794 4925 Patris

189 4986 394 5025 verum
440 4970 622 5023 lumen
656 4976 759 5032 est,
786 4965 1159 5036 prodiderunt.
1201 4962 1258 5016 Si
1289 4972 1468 5016 autem
1508 4962 1575 5017 de
1625 4976 1797 5015 mam-

189 5076 372 5116 mona
427 5058 731 5129 iniquitatis
784 5058 922 5111 bene
981 5054 1293 5124 dispensata
1347 5052 1686 5121 recipiuntur
1738 5051 1792 5104 in

190 5163 408 5209 aeterna
457 5150 831 5212 tabernacula,
861 5160 1072 5219 quanto
1128 5147 1303 5216 magis
1348 5158 1531 5200 sermo
1572 5141 1793 5197 divinus

192 5246 257 5301 in
285 5260 399 5317 quo
444 5245 592 5300 nulla
638 5251 723 5299 est
772 5242 1057 5312 iniquitas,
1089 5239 1183 5310 qui
1233 5236 1498 5307 apostolis
1554 5232 1793 5288 creditus

189 5348 284 5394 est
334 5339 511 5393 bonos
535 5337 942 5407 dispensatores
991 5333 1190 5387 levabit
1238 5331 1292 5384 in
1323 5328 1561 5384 emtum?
1591 5326 1795 5393 Quam-

189 5435 392 5489 obrem
427 5431 519 5501 qui
553 5431 725 5485 fidelis
751 5438 834 5485 est
883 5428 937 5482 in
987 5426 1238 5488 minimo,
1271 5424 1322 5477 id
1353 5431 1437 5478 est
1478 5420 1531 5475 in
1558 5417 1794 5475 carnali-

190 5524 326 5591 bus,
366 5536 422 5579 et
452 5524 505 5577 in
538 5521 735 5591 majori
786 5519 959 5574 fidelis
986 5518 1110 5582 erit,
1136 5516 1188 5571 id
1223 5523 1307 5570 est
1348 5514 1400 5568 in
1432 5512 1789 5584 spiritalibus.

189 5619 304 5687 Qui
333 5625 518 5671 autem
565 5616 619 5669 in
646 5628 812 5684 parvo
840 5612 1061 5681 iniquus
1092 5617 1194 5675 est,
1221 5615 1282 5662 ut
1320 5622 1428 5661 non
1475 5606 1564 5660 det
1611 5604 1796 5659 fratri-

189 5712 302 5767 bus
326 5704 399 5765 ad
435 5708 697 5764 utendum
721 5706 868 5777 quod
896 5722 926 5759 a
953 5705 1062 5759 Deo
1107 5720 1206 5774 pro
1235 5701 1492 5757 omnibus
1518 5709 1601 5755 est
1641 5714 1794 5755 crea-

186 5814 337 5873 tum,
368 5804 475 5861 iste
503 5812 557 5856 et
587 5802 641 5856 in
670 5799 940 5871 spirituali
977 5797 1207 5869 pecunia
1235 5793 1523 5851 dividenda
1571 5793 1792 5862 iniquus
1856 5826 1859 5829 -

184 5906 320 5968 erit,
348 5905 414 5951 ut
466 5899 578 5949 non
626 5908 723 5962 pro
776 5889 1118 5957 necessitate,
1143 5889 1234 5947 sed
1285 5903 1383 5958 pro
1418 5886 1669 5955 persons
1693 5884 1790 5938 do-

1895 4701 1957 4746 ut
1979 4693 2124 4746 enim
2154 4707 2221 4745 ex
2251 4691 2371 4759 ejus
2412 4690 2679 4759 injustitia
2712 4705 2815 4759 pax
2844 4698 2899 4743 et
2936 4687 3229 4743 concordia
3259 4694 3486 4741 cuncto-

1895 4801 2016 4839 rum
2064 4784 2315 4845 solvitur,
2352 4783 2425 4837 ita
2460 4798 2558 4853 per
2587 4784 2707 4852 ejus
2750 4781 3071 4851 injustitiam
3117 4780 3368 4833 universa
3402 4792 3487 4831 re-

1895 4877 2276 4931 conciliantur.
2305 4873 2456 4930 llanc
2481 4884 2660 4929 autem
2688 4872 2956 4942 justitiam
2987 4872 3213 4942 spiritus
3245 4870 3484 4925 habitam

1894 4969 2119 5038 perdere
2170 4967 2381 5037 potuit;
2441 4968 2700 5021 omissam
2753 4980 2883 5020 vero
2918 4980 3013 5035 per
3053 4979 3112 5018 se
3164 4977 3486 5033 recuperare

1894 5076 2002 5114 non
2052 5067 2249 5129 potest,
2305 5058 2456 5126 quia,
2487 5073 2555 5112 ne
2607 5057 2850 5112 debitum
2901 5055 3147 5112 Creatori
3190 5055 3483 5126 persolvat,

1894 5150 2201 5223 ignorantia
2232 5149 2468 5216 fallitur;
2494 5164 2562 5204 ne
2583 5163 2713 5203 vero
2739 5147 2983 5203 debitum
3008 5148 3160 5203 carni
3190 5147 3485 5220 persolvat,

1897 5242 2340 5312 concupiscentia
2367 5241 2692 5311 prwpeditur
2724 5259 2737 5294 :
2770 5249 2824 5295 et
2854 5242 2899 5296 si
2929 5240 3068 5296 forte
3096 5255 3161 5295 ex
3192 5248 3345 5310 parte
3365 5240 3485 5293 illu-

1894 5334 2139 5387 minatus
2162 5348 2351 5386 verum
2383 5347 2677 5402 agnoscere
2703 5332 2948 5403 cmperit,
2983 5342 3038 5387 et
3071 5347 3136 5387 ex
3162 5340 3315 5401 parte
3350 5345 3484 5385 con-

1895 5425 2144 5479 firmatus
2154 5424 2358 5479 bonum
2373 5424 2669 5493 adimplere
2680 5440 2789 5479 non
2820 5433 3018 5495 potest,
3040 5432 3221 5478 tamen
3240 5423 3326 5477 hic
3343 5419 3484 5489 quod

1900 5516 2203 5588 perfectum
2229 5527 2313 5572 est
2338 5516 2719 5586 adipisci,sed,
2745 5518 2888 5573 sicut
2913 5518 3173 5586 scriptum
3200 5513 3461 5578 est,utde

1894 5618 2167 5683 gustatam
2192 5624 2291 5680 pro
2312 5618 2461 5679 parte
2476 5610 2749 5679 justitiam
2766 5610 2978 5664 esurire
2998 5617 3051 5662 et
3067 5606 3219 5661 sitire
3237 5603 3484 5673 incipiat,

1894 5714 1946 5758 ct
1993 5717 2102 5757 non
2135 5701 2328 5771 adepta
2376 5700 2714 5769 plenitudine
2760 5700 2827 5754 ad
2859 5699 3162 5755 satietatem
3193 5695 3482 5767 pertingat.

2428 5787 2508 5842 De
2548 5788 2938 5843 misericordia.

1972 5903 1991 5935 ι
2033 5880 2432 5939 Misericordiae
2491 5877 2728 5945 Domini,
2791 5898 2810 5933 ι
2861 5879 2937 5936 ait
2987 5876 3309 5944 Psalmista,
3367 5892 3389 5929 ι
3424 5874 3480 5931 in
