3948 6458
544 400 682 455 1987

1679 398 2000 453 WEllNElll
2040 395 2336 451 ABBATIS
2375 394 2433 451 S.
2472 396 2694 452 BLSSII

3674 406 3797 462 £088

539 520 803 567 aeternum
834 513 1065 566 cantabo
1093 510 1267 579 (Psal.
1294 511 1579 579 Lxxxvm).
1610 528 1629 560 ι
1658 507 1904 565 Cantabo
1932 510 1985 563 in
2013 524 2120 574 me,
2151 512 2196 568 Α
2227 510 2468 579 vigorem
2492 509 2709 565 virium.
2740 510 2831 565 Sic
2855 514 3037 567 anima
3073 522 3258 569 nostra
3283 531 3394 569 non
3432 524 3558 571 erat
3602 518 3801 589 idonea,

536 611 594 656 et
631 602 927 657 cantahiles
958 601 1079 655 aliis
1103 598 1298 654 faciam
1325 598 1727 653 misericordias
1752 598 1989 665 Domini,
2020 599 2122 653 mi-

535 691 865 747 sericordias
888 692 1012 745 dico
1034 691 1087 744 in
1104 703 1366 746 aeternum
1389 705 1698 745 mansuras.
1718 689 2121 746 Misericordias

534 781 659 837 ideo
691 781 970 852 pluraliter
991 784 1162 852 ponit,
1192 784 1320 854 quia
1355 792 1488 853 quot
1514 774 1644 837 sunt
1666 784 1928 849 miserati,
1960 784 2012 838 id
2039 793 2122 841 est

531 890 631 946 per
662 875 1096 930 misericordiam
1126 877 1383 946 reparati,
1414 877 1634 932 totidem
1663 886 1790 933 sunt
1817 887 1871 932 et
1902 879 2119 933 miseri-

531 968 751 1022 cordiae.
785 969 839 1022 ln
869 978 1132 1024 aztcrnum
1170 980 1350 1025 autem
1405 971 1527 1025 idco
1557 971 1731 1041 ponit,
1763 981 1823 1027 ut
1868 973 2121 1027 ostendat

530 1072 628 1127 per
665 1058 769 1113 hoc
798 1078 809 1113 :
843 1060 923 1116 sic
957 1061 1035 1115 ira
1080 1077 1178 1131 per
1232 1061 1406 1116 Adam
1455 1062 1558 1118 fuit
1594 1065 1926 1134 temporalis,
1957 1064 2036 1119 sic
2066 1073 2120 1119 et

530 1150 906 1205 misericordia
948 1168 1043 1221 per
1084 1152 1362 1208 Christum
1409 1169 1669 1209 concessa
1710 1164 1793 1211 est
1823 1156 2115 1212 azternalis.

530 1239 785 1311 Ideoque,
844 1245 983 1300 bone
1028 1244 1179 1312 Jesu,
1238 1267 1257 1298 ί
1290 1248 1342 1302 in
1381 1251 1782 1318 generationem
1806 1260 1862 1306 et
1894 1265 2119 1320 genera-

529 1331 732 1386 tionem
782 1337 1118 1391 annuntiabo
1180 1339 1459 1393 veritatem
1519 1350 1667 1395 tuam
1732 1341 1786 1395 in
1846 1356 1942 1396 ore
1996 1357 2118 1397 meo

530 1422 733 1493 (ibid.).
776 1444 795 1477 ι
847 1424 902 1480 In
955 1430 1381 1499 generationem,
1413 1431 1659 1501 inquam,
1708 1442 1763 1487 et
1789 1433 2115 1502 fgeneratio—

530 1531 677 1579 nem,
727 1520 961 1574 cantabo
1001 1521 1424 1590 misericordias,
1457 1534 1510 1579 et
1545 1526 1881 1581 annuntiabo
1912 1527 2114 1582 verita-

528 1616 637 1662 tem
677 1618 847 1676 tuam,
885 1627 993 1666 non
1040 1613 1332 1669 falsitatem
1364 1632 1563 1682 meam,
1597 1617 1650 1671 in
1693 1633 1788 1674 ore
1826 1619 1939 1688 jam
1970 1635 2113 1687 meo,

528 1694 583 1753 id
614 1710 699 1755 est
730 1702 880 1755 cordi
904 1717 1168 1770 consono,
1198 1706 1326 1776 quia
1350 1707 1496 1777 quod
1529 1716 1680 1763 tuum
1715 1719 1798 1764 est
1823 1712 2110 1767 annuntio.

525 1786 910 1858 Obscquantur
945 1792 1127 1862 itaque
1156 1795 1400 1849 membra
1428 1812 1545 1851 mea
1586 1796 1817 1853 Domino
1860 1814 2002 1867 meo,
2027 1800 2112 1855 lo~

524 1895 685 1948 quar,
721 1881 815 1936 sed
856 1891 946 1937 tua
987 1883 1201 1954 loquar,
1231 1888 1359 1957 quia
1388 1888 1671 1944 veritatem
1705 1898 1854 1945 tuam
1897 1907 2114 1947 annun-

523 1971 676 2025 tiabo
712 1971 765 2025 in
797 1986 890 2027 ore
916 1989 1057 2029 meo.
1087 1974 1142 2030 Si
1167 1978 1311 2031 enim
1335 1994 1443 2034 non
1467 1979 1759 2050 obsequor,
1787 1995 1977 2037 servus
2002 1998 2111 2038 non

522 2076 678 2128 sum;
722 2072 775 2118 et
823 2064 869 2120 si
905 2081 1025 2121 mea
1061 2068 1276 2139 loquor,
1322 2072 1554 2127 mendax
1603 2089 1746 2128 sum.
1791 2072 2023 2144 Ideoque
2054 2084 2115 2131 nt

520 2168 624 2223 ego
653 2155 865 2225 loquar,
897 2167 949 2212 et
971 2166 1063 2213 tua
1088 2160 1301 2231 loquar,
1326 2162 1436 2217 duo
1454 2164 1704 2233 quaedam
1733 2174 1862 2220 sunt
1892 2184 1905 2220 :
1940 2183 2111 2222 unum

519 2260 726 2312 meum,
745 2248 974 2305 alterum
1004 2259 1188 2319 tuum;
1215 2254 1418 2309 veritas
1438 2255 1659 2325 quidem
1682 2265 1795 2323 tua,
1819 2273 1882 2313 os
1907 2274 2109 2327 meum,

519 2345 576 2391 et
599 2336 719 2393 ideo
743 2340 1022 2396 veritatem
1051 2350 1198 2397 tuam
1228 2346 1565 2400 annuntiabo
1593 2347 1647 2401 in
1672 2363 1768 2402 ore
1797 2364 1938 2414 meo,
1969 2349 2113 2403 veri-

518 2436 689 2484 tatem
714 2430 836 2486 dico
860 2433 1254 2505 pertingentem
1299 2436 1354 2491 in
1379 2440 1781 2509 generationem
1806 2450 1859 2496 et
1887 2457 2112 2513 genera-

518 2517 746 2585 tionem,
780 2519 832 2575 id
870 2530 956 2577 est
994 2522 1047 2577 in
1097 2533 1382 2592 aeternum,
1426 2527 1570 2583 sicut
1615 2537 1671 2599 et
1711 2530 2106 2588 misericordia.

519 2606 669 2675 Quas
698 2620 878 2666 autem
904 2614 1310 2672 misericordias
1334 2628 1535 2685 cantet,
1558 2628 1613 2674 et
1635 2636 1800 2691 quam
1825 2623 2107 2681 veritatem

516 2701 808 2756 annuntiet
832 2703 1134 2761 videamus.
1167 2725 1184 2758 ι
1213 2705 1481 2774 Quoniam
1509 2710 1694 2767 dixisti
1726 2712 1782 2768 in
1820 2723 2106 2784 aeternum,

517 2795 894 2853 misericordia
926 2800 1284 2858 mdiﬁeabitur
1310 2804 1363 2857 in
1394 2806 1570 2872 ccelis,
1594 2810 1990 2879 praeparabitur
2018 2827 2108 2867 ve.

516 2883 653 2938 ritas
685 2894 775 2940 tua
836 2887 890 2940 in
924 2888 1005 2943 eis
1028 2890 1229 2964 (ibid.).
1269 2913 1288 2945 ι
1342 2892 1575 2966 Ideoque
1624 2913 1816 2954 secure
1871 2903 2104 2958 cantabo

516 2973 920 3033 misericordias
961 2988 1102 3049 tuas,
1130 2992 1182 3037 et
1229 2987 1569 3041 annuntiabo
1616 2990 1896 3046 veritatem
1930 3002 2100 3061 tuam,

514 3064 772 3132 quoniam
799 3074 855 3119 tu
885 3068 977 3138 qui
1007 3086 1106 3126 nec
1140 3070 1282 3129 fallis
1330 3090 1429 3129 nec
1458 3074 1661 3133 falleris
1696 3078 1903 3147 dixisti,
1933 3081 1985 3135 id
2020 3092 2105 3138 est

2228 609 2285 654 ut
2311 616 2449 669 pane
2484 601 2578 655 illo
2628 617 2738 671 quo
2769 614 3063 659 vescuntur
3093 608 3271 676 angeli
3318 608 3665 677 reﬁceretur,
3688 616 3801 683 quia

2222 707 2286 747 os
2316 703 2563 747 nostrum
2591 703 2859 750 vetustate
2908 697 3155 751 clausum
3206 700 3518 767 tenebatur,
3556 703 3656 755 sed
3691 705 3801 762 data

2221 793 2304 837 est
2337 783 2495 839 nobis
2524 793 2699 854 petra,
2728 785 2782 840 id
2811 794 2893 842 est
2916 787 3189 854 Christus,
3214 790 3283 843 ad
3310 806 3502 860 quam,
3546 802 3801 852 vetustate

2221 876 2423 940 attrita,
2452 891 2513 931 os
2535 886 2780 932 nostrum
2808 879 3046 933 novitate
3059 890 3306 949 apertum
3327 882 3593 937 idoneum
3616 883 3797 943 factum

2219 974 2303 1021 est
2345 965 2414 1020 ad
2442 968 2772 1022 vescendum
2819 985 2962 1040 pane
3003 971 3095 1026 illo
3136 975 3483 1045 angelorum,
3514 978 3619 1047 qui
3655 978 3717 1033 de
3747 996 3799 1037 se

2218 1056 2356 1111 dixit
2387 1075 2400 1111 :
2438 1076 2457 1109 ι
2498 1057 2612 1129 Ego
2639 1074 2760 1114 sum
2791 1062 2947 1130 panis
2980 1062 3135 1118 vivus
3164 1067 3259 1135 qui
3295 1066 3364 1122 de
3403 1069 3546 1124 crelo
3595 1070 3797 1129 descen-

2219 1146 2295 1201 dit
2323 1147 2504 1216 (Joan.
2534 1150 2631 1219 γι).
2672 1169 2690 1201 ι
2726 1149 2826 1205 llic
2859 1153 3015 1220 panis
3044 1154 3113 1209 ab
3141 1157 3324 1211 anima
3358 1160 3638 1231 cujusque
3658 1179 3798 1220 reno-

2220 1238 2327 1292 vati
2376 1239 2466 1294 hic
2502 1241 2666 1295 etiam
2703 1243 3009 1298 comeditur
3048 1264 3062 1299 :
3107 1256 3237 1303 tunc
3271 1265 3404 1304 vero
3434 1253 3681 1320 plenarie
3716 1255 3795 1311 illo

2219 1327 2547 1397 reliciemur,
2587 1333 2807 1400 quando
2840 1333 2892 1387 in
2927 1335 3231 1404 angelicum
3281 1340 3532 1395 habitum
3564 1357 3795 1401 commu-

2219 1419 2478 1484 tabimur,
2502 1430 2556 1476 et
2584 1423 2697 1493 ipse
2723 1427 2827 1477 erit
2847 1427 3032 1480 omnia
3073 1426 3127 1481 in
3153 1429 3415 1485 omnibus
3453 1431 3507 1500 (I
3536 1432 3665 1488 Cor.
3695 1440 3790 1505 xv).

2217 1509 2437 1566 Interim
2461 1513 2515 1567 in
2544 1514 2648 1569 hac
2672 1518 3110 1587 peregrinatione
3130 1520 3302 1591 quid?
3347 1521 3548 1594 Utique
3574 1542 3683 1582 non
3711 1529 3793 1584 de-

2217 1602 2599 1674 relinquimur,
2651 1606 2779 1677 quia
2801 1606 3066 1666 Dominus
3113 1610 3322 1668 faciens
3366 1623 3454 1671 est
3493 1618 3788 1675 misericor-

2216 1690 2335 1747 dias
2368 1710 2382 1749 :
2418 1705 2795 1753 verumtamen
2829 1714 2938 1753 non
2976 1700 3082 1756 nisi
3117 1700 3450 1762 facientibus
3491 1708 3789 1765 misericor-

2215 1782 2353 1838 dias.
2386 1802 2404 1835 ι
2435 1784 2582 1840 Beati
2615 1789 2759 1843 enim
2790 1792 3191 1860 misericordes,
3215 1797 3480 1866 quoniam
3519 1800 3625 1869 ipsi
3647 1802 3789 1857 mise-

2213 1875 2506 1931 ricordiam
2539 1892 2944 1950 consequentur
2971 1884 3191 1953 (Matth.
3225 1888 3303 1956 v).
3350 1907 3369 1939 ι
3416 1888 3590 1955 Quem
3623 1902 3787 1951 autem

2214 1965 2438 2021 modum
2484 1969 2871 2027 misericordiae
2916 1976 3119 2045 exigit?
3169 1975 3329 2033 Hunc
3357 1980 3587 2045 scilicet,
3642 1984 3787 2056 dilige

2213 2056 2496 2113 inimicum
2534 2068 2711 2127 tuum,
2740 2070 2795 2117 et
2836 2065 2984 2118 omni
3010 2068 3212 2134 petenti
3246 2078 3298 2123 te
3343 2070 3538 2126 tribue.
3578 2072 3787 2132 Videtur

2213 2157 2395 2203 autem
2428 2166 2730 2222 repugnare
2749 2155 2894 2224 quod
2919 2156 3140 2225 dicitur,
3172 2160 3384 2217 scilicet
3417 2182 3438 2215 ι
3461 2164 3706 2236 iniquum
3727 2185 3785 2225 ne

2211 2239 2483 2310 suscipias
2507 2242 2699 2312 (Eccli.
2721 2244 2851 2315 xu);
2878 2265 2897 2298 ι
2928 2256 2983 2302 et
2998 2248 3127 2303 illud
3147 2267 3160 2304 :
3182 2253 3373 2307 tandiu
3405 2254 3636 2312 desudet
3657 2259 3781 2313 elec-

2211 2345 2436 2404 mosyna
2461 2334 2514 2389 in
2545 2351 2709 2392 manu
2742 2347 2831 2393 tua
2864 2340 3037 2397 donec
3063 2342 3276 2413 justum
3316 2346 3569 2404 invenias
3595 2351 3681 2405 cui
3700 2351 3783 2406 des

2209 2438 2351 2480 eam.
2400 2425 2506 2482 Sed
2555 2429 2673 2484 vult
2719 2429 2985 2489 Dominus
3025 2445 3085 2489 ut
3138 2438 3579 2495 misericordiam
3632 2441 3783 2499 facias

2209 2518 2372 2572 etiam
2427 2519 2635 2591 iniquo,
2690 2538 2802 2578 non
2842 2539 3104 2596 tauquam
3153 2529 3365 2601 iniquo.
3415 2531 3668 2588 Occurrit
3696 2536 3782 2592 tibi

2200 2608 2375 2675 homo
2404 2612 2645 2684 iniquus,
2678 2615 2733 2670 in
2764 2632 2875 2687 quo
2904 2617 3071 2675 homo
3105 2636 3245 2693 opus
3267 2634 3354 2681 est
3402 2625 3531 2693 Dei;
3575 2627 3779 2699 iniquus

2208 2718 2338 2758 vero
2367 2719 2506 2776 opus
2531 2718 2613 2762 est
2642 2708 2903 2766 hominis.
2934 2711 3010 2768 Da
3051 2716 3204 2784 operi
3235 2714 3353 2784 Dei,
3382 2718 3457 2773 ita
3487 2729 3548 2773 ut
3572 2735 3674 2774 non
3700 2730 3777 2777 at-

2208 2797 2400 2852 tendas
2429 2815 2568 2868 opus
2599 2801 2857 2872 hominis,
2908 2805 2960 2860 id
3010 2817 3095 2862 est
3139 2816 3200 2862 ut
3252 2810 3400 2879 quod
3446 2812 3663 2882 iniquus
3702 2825 3778 2870 est

2207 2904 2316 2943 non
2346 2890 2557 2960 placeat
2583 2894 2701 2961 tibi,
2727 2896 2879 2965 quia,
2907 2897 2953 2951 si
2992 2898 3189 2969 recipis
3214 2900 3466 2971 iniquum
3490 2905 3542 2958 in
3570 2906 3777 2960 nomine

2204 2978 2399 3049 iniqui,
2431 2984 2734 3039 mercedem
2758 2986 2930 3057 iniqui
2957 2990 3186 3059 recipies
3211 3010 3225 3046 :
3255 2992 3336 3048 sic
3367 2996 3461 3065 qui
3494 2997 3677 3067 recipit
3693 2998 3777 3067 ju-

2205 3077 2349 3124 stum
2403 3071 2458 3125 in
2528 3075 2748 3129 nomine
2793 3077 2949 3147 justi,
3011 3081 3316 3136 mercedem
3378 3084 3512 3154 justi
3560 3087 3781 3158 accipiet

512 3154 807 3221 permisisti
838 3158 1270 3219 misericordiam
1307 3176 1362 3219 et
1389 3168 1693 3234 veritatem,
1727 3169 1916 3227 dicens
1941 3173 2013 3226 ita
2046 3176 2098 3229 in

2207 3161 2426 3232 (Matth.
2460 3164 2537 3236 ι).
2573 3164 2677 3220 Sed
2711 3168 2908 3240 aliquis
2939 3186 3193 3251 perverse
3222 3184 3275 3229 et
3317 3176 3481 3230 nimis
3507 3177 3652 3248 large
3674 3154 3779 3234 Ini-

511 3241 867 3313 dispositione
906 3260 1017 3306 tua.
1059 3253 1452 3324 Misericordia,
1491 3259 1543 3315 id
1587 3270 1671 3316 est
1706 3264 1978 3332 reparatio
2017 3266 2102 3320 fu-

511 3341 653 3403 tura,
683 3339 1039 3398 aediﬁcabitur
1065 3360 1163 3416 per
1181 3348 1433 3418 gratiam,
1458 3350 1511 3405 id
1534 3361 1619 3407 est
1646 3352 1957 3422 perﬁcietur
1976 3372 2101 3427 per-

514 3425 725 3497 tingens
751 3430 806 3485 in
836 3443 1121 3506 aeternum,
1148 3438 1253 3495 hoc
1274 3449 1359 3496 est
1383 3460 1394 3495 :
1430 3440 1521 3498 Sic
1548 3444 1756 3500 aediﬁco
1784 3456 1843 3502 ut
1873 3425 2100 3505 non—de-

511 3524 739 3575 struam.
771 3519 837 3577 Et
860 3540 984 3579 vere
1012 3527 1085 3582 ita
1113 3528 1235 3595 erit,
1262 3531 1393 3601 quia
1429 3532 1483 3587 in
1525 3533 1633 3589 illis
1660 3551 1756 3605 per
1786 3536 2097 3594 misericor-

444 3597 456 3607 ’
509 3608 656 3665 diam
679 3619 942 3684 reparatis
956 3618 1109 3676 factis
1131 3597 1330 3678 coelum
1345 3628 1756 3697 praeparabitur,
1781 3630 1884 3687 hoc
1904 3642 2095 3687 estex-

508 3699 788 3795 hibebitur
813 3709 935 3765 aliis
970 3721 1162 3768 utnon
1209 3716 1519 3786 desperent,
1560 3722 1654 3776 sed
1702 3736 1921 3792 sperent
1947 3727 2093 3795 quod

508 3793 712 3850 veritas
741 3804 853 3864 tua,
890 3799 943 3855 id
984 3812 1068 3858 est
1098 3806 1386 3877 completio
1422 3814 1819 3880 promissorum
1872 3793 2089 3873 tuorum

506 3884 787 3942 evidenter
822 3902 1080 3960 appareat
1110 3895 1163 3950 in
1190 3897 1291 3953 eis.
1323 3898 1442 3955 Erit
1465 3901 1609 3957 enim
1641 3903 1693 3957 in
1725 3904 1833 3961 alio
1861 3908 2090 3963 scientia

506 3973 838 4045 linguarum,
874 3981 928 4036 in
958 3984 1064 4039 alio
1094 3988 1268 4057 gratia
1297 3990 1614 4059 sanitatum,
1644 3994 1696 4048 in
1728 3997 1849 4052 aliis
1884 3997 2091 4054 discreo

504 4070 582 4125 tio
614 4071 934 4142 spirituum;
961 4086 1014 4132 et
1057 4088 1250 4136 caetera
1295 4083 1596 4152 spiritualia
1643 4087 1807 4154 dona,
1856 4089 1997 4145 sicut
2030 4099 2087 4146 tu

504 4163 825 4232 promisisti.
877 4165 1031 4235 Quod
1078 4171 1322 4229 videntes
1351 4174 1445 4229 alii
1474 4192 1585 4231 non
1631 4178 1995 4248 desperabunt
2021 4182 2088 4239 de

505 4256 866 4325 completione
895 4261 1290 4329 promissorum
1332 4274 1573 4333 tuorum,
1608 4271 1737 4340 quia
1780 4273 1995 4343 replesti
2029 4275 2085 4331 in

505 4344 666 4402 bonis
688 4348 1016 4406 desiderium
1048 4369 1260 4421 eorum,
1290 4358 1385 4426 qui
1406 4374 1504 4429 per
1525 4361 1954 4418 misericordiam
1994 4382 2085 4423 re-

502 4440 673 4506 parati
700 4437 826 4495 facti
853 4456 981 4498 sunt
1004 4445 1145 4499 cceli.
1174 4444 1344 4516 Igitur
1367 4451 1622 4522 quisquis
1652 4468 1748 4524 per
1768 4456 2080 4511 misericor-

499 4529 646 4585 diam
702 4544 1007 4602 reparatus,
1038 4550 1103 4591 ac
1153 4554 1248 4608 per
1294 4540 1398 4596 hoc
1445 4543 1645 4598 ccelum
1695 4544 1892 4614 factus,
1936 4547 2081 4602 hunc

498 4621 624 4693 pius
653 4622 919 4681 Dominus
945 4630 1228 4684 coronabit
1272 4642 1396 4701 post
1423 4634 1773 4705 repletioncm
1809 4637 2079 4692 bonorum

499 4728 748 4781 suorum,
775 4727 828 4772 et
856 4717 960 4774 hoc
993 4722 1156 4777 modo
1184 4725 1485 4792 coronabit,
1516 4727 1645 4797 quia
1676 4728 1920 4798 perducit
1955 4745 2082 4785 eum

498 4802 565 4857 ad
584 4804 713 4862 illud
729 4807 931 4863 bonum
958 4811 1101 4880 quod
1116 4822 1199 4868 est
1227 4830 1502 4870 summum
1522 4819 1768 4874 omnium
1788 4820 2078 4879 bonorum.

569 4895 754 4968 Itaque
786 4915 893 4955 non
925 4900 978 4956 in
1011 4902 1094 4958 his
1120 4904 1302 4973 bonis,
1340 4909 1430 4963 ubi
1461 4924 1791 4982 quocunque
1821 4922 1874 4967 te
1901 4923 2081 4972 vertas

496 4986 708 5042 vilescit
737 4990 1003 5060 habitum,
1033 4997 1179 5065 quod
1226 5000 1472 5056 accendit
1511 5000 1902 5059 desideratum.
1944 5004 2077 5062 Nam

495 5078 719 5146 quando
747 5095 854 5136 non
888 5083 1081 5152 habeo,
1114 5089 1306 5157 cupio;
1338 5100 1626 5160 postquam
1657 5108 1785 5149 vero
1811 5094 2078 5164 habuero,

494 5178 828 5228 contemno:
864 5183 919 5230 et
955 5192 1053 5246 per
1083 5177 1170 5234 illa
1214 5181 1354 5237 bona
1368 5184 1568 5254 quibus
1612 5186 1830 5255 replesti
1861 5188 2076 5244 deside-

493 5261 635 5318 rium
668 5280 850 5321 meum
897 5272 1249 5329 renovabitur
1270 5275 1531 5344 juventus
1577 5294 1697 5335 mea
1721 5288 1782 5335 ut
1814 5280 2076 5351 juventus

493 5355 689 5424 aquilae
719 5355 893 5428 (Psal.
924 5364 1041 5432 cu).
1074 5362 1194 5420 Prze
1222 5376 1499 5424 senectute
1530 5373 1893 5441 supercrescit
1919 5375 2077 5445 aqui-

491 5445 557 5500 lae
596 5450 849 5519 superius
891 5464 1130 5512 rostrum
1178 5456 1421 5513 inferiori
1449 5461 1504 5516 in
1541 5470 1752 5517 tantum
1779 5472 1840 5519 ut
1868 5480 1969 5521 nec
2010 5481 2074 5522 os

491 5537 722 5605 aperire,
774 5557 873 5596 nec
904 5559 962 5598 se
1010 5546 1231 5601 reticere
1257 5550 1450 5618 possit,
1489 5558 1543 5604 et
1576 5550 1655 5605 sic
1695 5553 1922 5621 penuria
1964 5554 2071 5611 cibi

491 5625 688 5683 deﬁcit.
715 5629 773 5684 In
826 5634 918 5688 tali
948 5637 1195 5705 angustia
1247 5649 1465 5695 acutum
1497 5642 1728 5713 lapidem
1779 5646 1993 5714 quaerit,
2019 5657 2073 5703 et

493 5721 681 5775 tandiu
709 5726 872 5778 rostri
916 5727 1311 5786 incrementum
1343 5734 1647 5800 contundit,
1685 5735 1859 5790 donec
1889 5753 1947 5793 se
1985 5755 2070 5794 re-

492 5810 650 5867 ﬁcere
672 5815 862 5882 possit,
892 5826 944 5872 et
967 5818 1095 5878 tunc
1115 5822 1306 5893 recipit
1332 5833 1385 5879 et
1430 5825 1661 5880 nitorem
1689 5841 1986 5892 pennamm
2017 5842 2070 5886 et

2205 3257 2558 3313 sericordiam
2587 3260 2858 3330 accipiens
2898 3262 3031 3318 dicit
3057 3282 3069 3318 :
3097 3263 3351 3337 Nunquid
3380 3283 3487 3322 non
3512 3271 3777 3340 corrigam

2202 3347 2373 3402 lilium
2405 3350 2772 3419 luxuriosum,
2807 3368 2908 3410 nec
2939 3370 3157 3410 servum
3188 3358 3538 3413 sceleratum?
3559 3359 3610 3414 Is
3637 3362 3778 3416 sciat

2200 3442 2327 3511 quia
2354 3443 2537 3513 regula
2582 3442 2798 3500 Domini
2828 3462 2939 3501 non
2977 3449 3325 3518 reprehendit
3360 3451 3491 3515 haec,
3520 3453 3566 3507 si
3596 3452 3729 3507 (iant
3759 3473 3772 3508 :

2200 3532 2311 3589 imo
2342 3537 2710 3605 reprehendit,
2755 3538 2803 3593 si
2848 3555 2959 3595 non
3000 3540 3153 3596 ﬁant.
3204 3541 3379 3598 Debes
3424 3545 3566 3598 enim
3605 3547 3770 3601 corri-

2200 3642 2326 3697 gere
2355 3642 2547 3684 omnes
2577 3630 2645 3684 ad
2688 3633 3083 3689 correctionem
3129 3642 3279 3689 tuam
3327 3638 3768 3707 pertinenteszsi

2197 3728 2375 3773 autem
2408 3720 2501 3790 qui
2555 3721 2623 3775 ad
2677 3731 2730 3777 te
2776 3724 3007 3780 attinent
3048 3725 3145 3781 tibi
3195 3726 3443 3785 inferunt
3498 3730 3761 3800 injuriam,

2196 3810 2462 3879 patienter
2491 3813 2767 3871 sustineas
2802 3831 2946 3883 eam,
2975 3818 3102 3887 quia
3147 3819 3291 3875 sicut
3319 3822 3629 3877 misericors
3648 3824 3762 3888 erit,

2194 3903 2239 3957 si
2279 3911 2336 3958 tu
2375 3904 2634 3961 misertus
2680 3905 2871 3975 fueris,
2931 3909 3004 3964 ita
3033 3911 3196 3965 etiam
3217 3914 3534 3970 misericors
3569 3914 3683 3980 erit,
3706 3922 3763 3969 ut

2193 4008 2298 4047 non
2331 4005 2612 4052 remaneat
2636 3997 2868 4054 inultum
2898 4002 3161 4073 quidquid
3185 4019 3285 4073 pro
3309 4005 3522 4075 justitia
3552 4007 3755 4076 pateris.

2195 4080 2332 4138 Vere
2378 4083 2645 4141 Dominus
2674 4095 2759 4142 est
2800 4088 3008 4146 faciens
3053 4092 3484 4163 misericordias,
3519 4097 3640 4167 quia
3678 4106 3757 4152 est

2192 4175 2479 4230 miscrator
2524 4185 2580 4232 et
2627 4178 2961 4235 misericors.
3009 4181 3321 4241 Misericors
3367 4188 3583 4256 quidem
3634 4187 3751 4241 alle-

2189 4268 2390 4333 ctione,
2424 4268 2713 4325 miscrator
2733 4272 3088 4342 exhibitione,
3120 4276 3251 4345 quia
3285 4277 3529 4347 undique
3556 4294 3648 4333 nos
3670 4292 3750 4330 ro-

2187 4368 2276 4413 rat
2326 4361 2393 4415 ad
2457 4364 2891 4431 conversionem,
2950 4367 3191 4438 undique
3254 4370 3324 4424 ad
3378 4373 3741 4441 pmnitcntiam,

2188 4449 2329 4505 sicut
2377 4454 2672 4522 Apostolus
2718 4456 2838 4511 ait:
2887 4476 2905 4507 ‹
2944 4457 3027 4512 An
3066 4458 3286 4528 ignoras
3316 4461 3535 4517 divitias
3580 4464 3742 4533 gratia:

2188 4541 2440 4598 Domini?
2467 4546 2550 4599 An
2598 4547 2778 4602 nescis
2816 4548 2944 4618 quia
2972 4551 3230 4619 patientia
3262 4552 3358 4609 Dei
3402 4557 3471 4610 ad
3502 4558 3741 4624 pteniten-

2186 4636 2315 4689 tiam
2349 4645 2398 4689 te
2429 4636 2687 4692 adducit?
2714 4656 2733 4690 ι
2756 4639 2928 4711 (Rom.
2969 4644 3052 4713 It.)
3072 4642 3241 4699 Vocat
3266 4663 3369 4702 nos
3387 4660 3635 4704 creatura:
3659 4651 3739 4704 be-

2187 4727 2413 4789 neliciis,
2442 4737 2601 4783 vocat
2630 4745 2729 4785 nos
2758 4731 3094 4800 spiritalibus
3116 4736 3296 4805 donis,
3324 4748 3381 4794 et
3415 4741 3532 4796 ideo
3557 4752 3629 4797 est
3649 4743 3738 4795 mi-

2183 4831 2394 4872 serator
2413 4827 2467 4873 et
2490 4818 2821 4876 misericors.
2847 4820 2949 4876 Sed
2978 4825 3049 4879 ita
3076 4826 3410 4900 intelligatur
3430 4832 3732 4899 misericors,

2183 4917 2242 4961 ut
2289 4916 2343 4962 et
2385 4909 2631 4964 videatur
2653 4910 2857 4981 justus.
2891 4911 3041 4969 Sicut
3065 4918 3211 4971 enim
3264 4935 3413 4976 nunc
3439 4930 3519 4977 est
3542 4922 3733 4977 miscri-

2181 5013 2325 5065 cors,
2359 5001 2429 5055 ita
2462 5001 2678 5056 tandem
2708 5004 2813 5058 erit
2853 5021 3037 5059 verax.
3071 5004 3137 5061 Et
3172 5008 3296 5063 ideo
3346 5013 3625 5068 timendum
3663 5022 3736 5067 est

2182 5105 2249 5143 ne
2282 5092 2497 5145 tandem
2535 5094 2879 5162 experiamur
2901 5095 3133 5164 justum,
3161 5103 3427 5168 quoniam
3465 5120 3600 5159 nunc
3617 5120 3735 5158 cou-

2181 5185 2477 5240 temnimus
2503 5185 2820 5256 benignum.
2872 5186 3151 5257 Siquidem
3184 5192 3300 5261 ipse
3335 5196 3458 5263 pius
3496 5196 3734 5251 Dominus

2177 5277 2505 5348 longanimis
2554 5287 2639 5335 est
2666 5289 2720 5334 et
2763 5281 2994 5335 multum
3025 5283 3358 5343 misericors.
3409 5288 3733 5360 Longanimis

2175 5383 2278 5438 est,
2301 5371 2429 5442 quia
2460 5387 2568 5426 non
2601 5373 2785 5427 statim
2815 5374 2970 5443 punit
2998 5385 3221 5444 peccata
3270 5389 3479 5447 nostra,
3511 5381 3598 5437 sed
3624 5382 3733 5435 lon-

2175 5461 2489 5533 ganimitate
2514 5464 2710 5534 qumrit
2731 5464 2871 5520 bona
2897 5479 3081 5536 opera.
3113 5467 3171 5523 Si
3195 5470 3343 5525 enim
3376 5474 3588 5542 puniret
3612 5486 3729 5542 pec-

2173 5563 2435 5623 catorem,
2466 5571 2628 5625 quem
2654 5556 2877 5612 haberet
2903 5558 3274 5616 laudatorem?
3294 5562 3404 5619 Nec
3430 5574 3598 5620 tamen
3626 5566 3731 5619 vult

2175 5645 2228 5699 in
2281 5647 2503 5701 corvina
2538 5662 2672 5702 voce
2721 5648 3139 5719 dilectationem,
3180 5655 3274 5708 sed
3331 5658 3385 5710 in
3442 5656 3726 5711 columbino

2172 5740 2374 5808 gemitu
2398 5739 2817 5798 confessionem.
2846 5742 3070 5796 Multum
3096 5753 3276 5800 autem
3307 5748 3608 5805 misericors
3628 5755 3715 5809 est.

2171 5831 2300 5899 quia
2326 5842 2636 5888 remunerat
2675 5833 2728 5888 in
2752 5834 2908 5889 nobis
2938 5851 3042 5889 non
3070 5843 3255 5891 nostra
3278 5839 3493 5903 merita,
3523 5836 3607 5895 sed
3633 5849 3719 5890 sua
