3948 6492
169 405 317 460 i989

1116 403 1692 462 DEFLOBATIONES
1732 404 1835 460 SS.
1875 403 2191 462 PATRUM.
2232 436 2299 447 -—
2340 405 2469 461 LIB.
2519 405 2584 464 ll.

3328 407 3468 463 £090

175 526 341 580 dona.
385 522 659 582 Dominus
685 526 870 596 itaque
899 525 1187 579 miserator
1215 535 1268 579 et
1292 525 1623 591 misericors,
1651 524 1771 577 lon-
1800 525 1847 582 Α
1876 521 2167 594 intelligas.
2198 522 2264 578 Et
2286 539 2395 579 non
2425 525 2603 579 solum
2633 521 2803 595 Moysi
2825 530 2879 576 et
2901 520 3022 577 aliis
3049 519 3176 577 fecit
3194 522 3310 578 vias
3336 540 3468 581 suas

179 614 416 688 ganimis
435 627 491 672 et
523 617 763 672 multum
816 616 1132 672 misericors
1176 615 1350 688 (Psal.
1385 618 1503 678 cu).
1542 614 1662 686 Ipse
1696 612 1774 668 fe-

183 707 258 764 cit
296 716 460 764 notas
490 708 610 764 vias
644 724 796 775 suas,
826 708 1259 764 miscricordiam
1293 707 1499 763 scilicet
1536 714 1592 761 et
1628 704 1776 777 judi-

182 800 356 866 cium,
381 815 481 870 per
509 815 651 871 quas
679 801 795 870 ipse
826 800 892 854 ad
925 815 1027 857 nos
1070 801 1242 866 venit,
1288 808 1340 854 et
1388 814 1488 855 nos
1522 798 1590 852 ad
1625 812 1773 862 eum,

182 890 379 963 Moysi.
409 890 513 946 Per
541 890 762 962 Moysen
797 890 1128 962 intelligendi
1156 899 1287 945 sunt
1307 906 1499 945 omnes
1528 887 1774 960 perfecti,

184 984 282 1040 sed
306 984 431 1039 ideo
460 998 585 1038 eum
615 983 798 1053 potius
822 984 997 1052 ponit,
1029 982 1158 1052 quia
1207 998 1303 1052 per
1324 996 1447 1036 eum
1475 981 1646 1051 legem
1678 979 1776 1035 de-

182 1075 286 1142 dit,
348 1074 405 1128 in
456 1090 565 1145 qua
612 1074 729 1145 lege
795 1075 921 1128 data
985 1089 1241 1144 magnum
1306 1071 1627 1143 mysterium
1672 1077 1774 1125 est.

183 1165 270 1221 Ad
309 1167 417 1221 hoc
454 1166 599 1221 enim
642 1166 729 1220 lex
774 1165 898 1220 data
932 1174 1035 1223 est.
1084 1173 1163 1230 ut,
1211 1171 1489 1219 crescente
1533 1169 1777 1233 peccato,

185 1258 414 1328 superbi
445 1258 886 1322 bumiliarentur,
917 1258 1185 1312 humiliati
1214 1257 1621 1321 conliterentur,
1647 1270 1780 1310 con-

186 1348 321 1403 fessi
352 1357 698 1404 sanarentur.
725 1347 836 1404 llas
861 1347 1105 1404 occultas
1149 1348 1265 1401 vias
1296 1360 1427 1400 suas
1455 1353 1613 1399 notas
1655 1342 1782 1397 fecit

186 1438 387 1510 Moysi,
420 1455 515 1510 per
540 1456 702 1511 quem
735 1439 819 1495 lex
849 1440 973 1495 data
1019 1446 1125 1506 est,
1167 1453 1290 1509 qua:
1318 1435 1783 1506 superabundavit

187 1531 474 1598 delictum,
500 1542 559 1586 ut
587 1533 1059 1602 superabundaret
1083 1540 1138 1587 et
1159 1530 1354 1601 gratia.
1387 1527 1495 1583 Nec
1527 1528 1631 1582 hoc
1653 1543 1781 1582 cru-

188 1623 383 1679 deliter
415 1639 444 1678 a
469 1623 580 1679 Deo
608 1623 815 1681 factum
842 1633 948 1691 est,
983 1623 1079 1680 sed
1108 1622 1417 1678 salubriter.
1444 1619 1595 1673 Multi
1633 1619 1778 1674 enim

188 1723 245 1771 et
285 1730 394 1769 non
435 1716 705 1783 sentiunt,
754 1731 855 1772 nec
894 1715 1166 1771 medicum
1216 1722 1487 1784 quazrunt.
1539 1712 1783 1782 Augetur

190 1806 434 1872 morbus,
460 1807 665 1863 crescit
693 1808 962 1873 molestia,
1010 1805 1275 1878 quazritur
1313 1805 1576 1869 medicus,
1607 1811 1661 1857 et
1691 1817 1781 1857 sa-

1876 623 2065 681 notas;
2097 615 2191 671 sed
2220 626 2273 670 et
2296 618 2459 671 etiam
2490 615 2617 670 ﬁliis
2649 614 2834 681 Israel,
2862 614 2913 668 id
2934 622 3017 669 est
3047 614 3470 686 quibuscunque

1876 708 2187 763 minoribus
2209 723 2358 763 nunc
2377 708 2688 762 videntibus
2717 706 2888 762 Deum
2919 706 3041 772 ﬁde,
3074 708 3292 763 tandem
3315 708 3471 763 visu-

1878 800 1956 855 ris
1982 800 2183 870 specie.
2224 798 2375 855 Fecit
2399 808 2558 855 notas
2587 799 2898 854 voluntates
2931 815 3082 855 suas.
3118 798 3232 856 Hoc
3258 809 3341 856 est
3367 816 3469 855 au-

1878 896 1987 943 tem
2013 889 2267 945 voluntas
2298 905 2419 957 sua,
2447 899 2506 944 ut
2554 905 2656 945 nos
2708 891 3054 946 attendamus
3109 891 3466 962 multiplicem

1877 988 2125 1035 nostram
2155 981 2455 1047 miseriam,
2491 990 2546 1036 et
2584 996 2895 1051 quaeramus
2936 980 3285 1048 medicinam,
3312 989 3368 1036 et
3387 981 3469 1036 sic

1878 1072 1933 1126 in
1964 1080 2289 1143 perpetuum
2320 1089 2431 1128 non
2468 1073 2756 1128 irascetur.
2792 1071 2907 1129 Hoc
2934 1072 3099 1128 infert
3121 1073 3189 1128 ad
3215 1072 3469 1129 consola-

1880 1164 2085 1219 tionem
2109 1174 2375 1222 nostram.
2412 1164 2532 1221 Non
2552 1166 2698 1220 enim
2724 1175 2970 1237 satagere
2992 1166 3273 1232 debemus,
3300 1174 3361 1221 ut
3382 1165 3471 1239 [u-

1881 1264 2058 1309 turam
2088 1257 2223 1310 iram
2262 1258 2581 1322 evadamus,
2614 1256 2706 1311 sed
2738 1257 2903 1311 etiam
2925 1269 2986 1311 ut
3010 1266 3333 1327 praesentem
3368 1257 3467 1312 de-

1881 1363 2169 1418 ponamus,
2183 1350 2365 1420 dequa
2387 1349 2680 1419 Apostolus
2706 1366 2749 1402 :t
2771 1347 2997 1405 Fuimus
3013 1350 3158 1404 enim
3174 1350 3470 1419 aliquando

1881 1448 1936 1494 et
1953 1455 2054 1495 nos
2078 1449 2270 1495 natura
2297 1441 2393 1495 ﬁlii
2416 1442 2510 1495 irae
2528 1439 2873 1511 (Ep/tes.tt).t
2894 1439 2960 1495 Et
2989 1440 3112 1496 ideo
3132 1440 3471 1496 consolando

1881 1532 2145 1598 nosdicit,
2165 1533 2293 1603 quia
2318 1548 2427 1587 non
2453 1534 2721 1590 irascetur
2743 1533 2795 1587 in
2819 1542 3162 1603 perpetuum.
3189 1531 3308 1587 Jam
3321 1533 3471 1588 enim

1882 1637 1977 1692 spe
2006 1622 2143 1677 iram
2169 1623 2224 1678 in
2272 1639 2379 1694 qua
2412 1624 2593 1679 adhuc
2620 1638 2832 1690 sumus,
2861 1622 2913 1678 id
2944 1631 3027 1679 est
3046 1638 3237 1694 ptenas
3262 1622 3473 1694 peccati

1879 1715 2181 1784 evasimus,
2205 1705 2423 1772 tandem
2449 1717 2667 1787 penitus
2687 1716 3001 1783 evademus,
3031 1726 3085 1770 et
3107 1715 3248 1771 sicut
3274 1731 3383 1770 non
3416 1714 3475 1770 in

1882 1817 2201 1877 perpetuum
2232 1808 2519 1876 irascetur,
2544 1809 2617 1863 ita
2646 1825 2745 1864 nec
2757 1809 2831 1863 ‘in
2875 1816 3138 1863 aeternum
3162 1808 3471 1863 comminao

186 1906 345 1952 natur
386 1906 654 1969 aegrotus.
703 1897 845 1954 Ecce
890 1897 1166 1970 quomodo
1207 1897 1440 1968 pertinet
1488 1899 1555 1950 ad
1608 1898 1779 1963 legem
1813 1896 1855 1951 Β
1884 1899 2049 1953 bitur.
2078 1898 2204 1955 Haec
2227 1901 2373 1954 enim
2422 1916 2662 1972 praesens
2693 1901 2773 1955 ira
2814 1900 3170 1955 comminatio
3196 1909 3280 1954 est
3322 1907 3477 1953 reter-

180 1987 584 2044 misericordia.
643 1988 923 2046 Judicium
979 2004 1201 2060 quoque
1266 2004 1364 2059 per
1419 1986 1778 2051 contrarium,

174 2079 379 2133 scilicet
422 2090 706 2149 quantum
740 2081 807 2136 ad
851 2097 954 2134 non
999 2079 1341 2136 attendentes
1373 2080 1474 2134 hoc
1510 2077 1782 2148 pertinere

1884 2005 1986 2044 nae.
2018 1990 2061 2043 Α
2092 2006 2200 2061 qua
2229 2006 2330 2047 nos
2362 1990 2789 2046 misericorditer
2816 1988 3081 2045 Dominus
3122 1989 3284 2045 Jesus
3312 1988 3476 2044 Chri-

1885 2091 2004 2136 stus
2032 2081 2263 2139 liberare
2291 2082 2565 2155 dignetur.
2597 2080 2701 2150 Qui
2726 2082 2859 2137 vivit
2886 2090 2941 2137 el
2963 2089 3156 2154 regnat
3178 2079 3339 2137 Deus.

1349 2342 1856 2424 DOMINICA
1936 2345 2349 2424 DECIMA.

266 2625 285 2656 ι
324 2605 463 2660 Cum
495 2606 969 2676 appropinquaret
996 2604 1262 2661 Dommus
1287 2605 1651 2673 Hierusalem,
1694 2607 1782 2662 vi-

196 2700 328 2755 dens
356 2700 637 2753 civitatem
692 2697 842 2752 ﬂevit
884 2712 1047 2767 super
1095 2698 1265 2765 illam,
1298 2699 1487 2756 dicens
1521 2719 1534 2755 :
1566 2697 1707 2767 Quia
1735 2700 1782 2755 si

197 2791 551 2862 cognovisses
586 2799 641 2845 et
674 2799 756 2855 tu,
782 2798 835 2844 et
859 2790 1078 2858 quidem
1104 2789 1160 2844 in
1193 2791 1297 2847 hac
1329 2792 1417 2848 die
1442 2799 1533 2846 tua
1563 2808 1684 2862 quae
1714 2792 1783 2847 ad

197 2897 385 2952 pacem
416 2882 512 2936 tibi
599 2897 749 2936 nunc
778 2892 957 2935 autem
989 2880 1310 2936 abscondita
1353 2890 1481 2937 sunt
1510 2882 1579 2937 ab
1609 2881 1784 2937 oculis

198 2975 329 3030 tuis.
381 2975 520 3043 Quia
552 2976 770 3030 venient
804 2975 921 3031 dies
972 2975 1027 3029 in
1074 2984 1148 3041 te,
1181 2983 1236 3031 et
1277 2975 1699 3032 circumdabunt
1730 2988 1783 3032 te

198 3064 410 3121 inimici
437 3065 513 3120 tui
544 3065 687 3121 vallo
710 3075 765 3121 et
785 3064 1228 3136 coangustabunt
1260 3074 1314 3121 te
1341 3065 1605 3137 undique,
1628 3076 1681 3123 et
1711 3068 1782 3124 ad

199 3166 403 3212 terram
416 3167 762 3228 prosternent
773 3166 845 3225 te,
859 3166 914 3213 et
929 3156 1068 3212 ﬁlios
1084 3165 1207 3212 tuos
1223 3157 1318 3229 qui
1336 3158 1392 3212 in
1408 3167 1459 3214 te
1473 3164 1622 3222 sunt,
1635 3174 1656 3210 ι
1672 3167 1777 3213 etc.

199 3246 359 3319 (Luc.
387 3247 530 3316 ιιι.)
579 3247 837 3304 Litteram
867 3248 949 3304 sic
983 3249 1100 3320 lege
1124 3248 1216 3305 :Si
1257 3248 1611 3320 cognovisses
1651 3248 1782 3318 quia

194 3341 419 3395 venient
442 3340 561 3397 dies
588 3340 642 3394 in
673 3349 743 3407 te,
773 3350 826 3397 et
855 3342 1279 3399 circumdabunt
1303 3351 1355 3396 te
1386 3341 1618 3407 inimici,
1650 3351 1779 3407 etc.,

195 3433 362 3487 etiam
394 3442 456 3487 tu
504 3432 767 3489 subaudis
799 3432 977 3490 ﬁeres.
1037 3433 1171 3501 Quae
1216 3433 1379 3489 modo
1434 3433 1563 3504 quia
1599 3433 1781 3489 nescis

194 3526 341 3595 quod
367 3525 674 3593 imminent,
705 3527 970 3592 exsultas,
995 3528 1124 3582 dum
1154 3542 1377 3583 carnem
1408 3525 1782 3596 voluptatibus

194 3617 317 3673 das.
349 3616 614 3687 Equidem
646 3618 703 3672 in
734 3618 837 3674 hac
861 3629 950 3673 tua
973 3619 1083 3687 die,
1116 3619 1167 3674 id
1204 3626 1290 3675 est
1318 3620 1372 3673 in
1397 3619 1498 3674 hac
1530 3627 1622 3674 tua
1647 3633 1778 3689 pro-

192 3709 474 3778 speritatis
495 3709 763 3775 claritate,
799 3727 922 3782 qua:
961 3713 1027 3766 ad
1053 3727 1241 3782 pacem
1266 3710 1365 3767 tibi
1393 3719 1478 3766 est
1508 3721 1779 3781 tempora-

194 3798 326 3867 lem,
354 3800 651 3857 saubaudis
678 3800 859 3868 ﬂeres,
892 3802 938 3861 si
965 3803 1317 3873 cognovisses
1343 3802 1459 3857 haec
1490 3817 1781 3872 superven-

194 3894 319 3942 tura
341 3891 517 3959 mala;
550 3893 645 3947 sed
672 3906 819 3948 nunc
853 3893 1170 3948 abscondita
1203 3901 1330 3948 sunt
1358 3893 1427 3947 ab
1452 3892 1627 3948 oculis
1651 3908 1777 3948 cor-

191 3980 282 4036 dis
312 3984 413 4038 tui.
443 3983 536 4039 Vel
563 3994 742 4055 potest
765 4001 794 4040 a
822 3986 1092 4057 principio
1112 3985 1336 4055 capituli
1361 3988 1464 4041 sub
1484 4001 1593 4040 uno
1614 4000 1777 4041 versu

190 4069 299 4142 legi
325 4089 500 4144 usque
528 4077 594 4131 ad
624 4093 810 4147 pacem
843 4078 959 4141 tibi,
993 4079 1096 4133 hoc
1120 4078 1316 4132 modo:
1343 4076 1515 4132 Flevit
1543 4076 1732 4132 dicens
1758 4094 1773 4131 :

190 4163 338 4230 Quia
390 4168 435 4222 si
483 4170 832 4240 c0gnovisses
888 4170 1051 4225 etiam
1104 4179 1160 4224 tu
1216 4185 1452 4233 mecum,
1510 4169 1777 4245 subaudis

188 4264 412 4319 ruinam
443 4277 565 4331 qua:
593 4262 861 4328 imminet,
884 4261 1059 4317 ﬁeres.
1091 4262 1353 4333 Equidem
1381 4262 1483 4316 hoc
1503 4269 1587 4316 est
1611 4262 1775 4315 etiam

187 4366 344 4411 certe
368 4356 423 4409 in
456 4355 558 4409 hac
589 4354 676 4410 die
704 4363 817 4420 tua,
853 4368 975 4425 qum
1013 4355 1079 4409 ad
1103 4370 1289 4425 pacem
1317 4354 1410 4407 tibi
1439 4363 1543 4420 est,
1573 4355 1778 4407 subau-

188 4447 280 4503 dis
323 4446 500 4502 ﬁeres.
536 4444 693 4501 Nunc
733 4456 916 4500 autem
958 4446 1279 4501 abscondita
1321 4452 1471 4511 sunt,
1502 4444 1607 4499 erit
1634 4444 1776 4498 alius

3186 2542 3227 2579 ι

1881 2609 2045 2665 simul
2086 2624 2210 2665 cum
2237 2608 2379 2681 ipso.
2416 2608 2586 2665 Nocte
2615 2609 2813 2681 dieque
2852 2608 3042 2681 juncta
3070 2611 3311 2667 manebit
3344 2613 3472 2669 sibi.

1880 2701 2104 2772 Absque
2127 2703 2329 2759 marito
2367 2718 2529 2757 nemo
2560 2701 2764 2758 videbit
2808 2717 2954 2758 eam.
3008 2701 3114 2758 Sed
3156 2703 3399 2772 viduata,
3426 2707 3474 2761 si

1887 2802 2037 2851 caret
2083 2794 2240 2864 ipso,
2292 2810 2401 2849 non
2453 2803 2637 2848 tamen
2680 2792 2823 2848 ultra
2875 2793 3045 2849 nubet
3092 2795 3271 2851 amico
3298 2838 3313 2864 ,
3358 2798 3476 2853 sola

1885 2886 2110 2953 volabit,
2157 2886 2271 2941 sola
2322 2886 2552 2953 sedebit,
2593 2893 2650 2941 et
2678 2901 2837 2956 quasn
2890 2886 3057 2942 corde
3107 2888 3479 2944 teneoitami-

1885 2993 2010 3035 cum
2056 2978 2421 3049 operiensque
2470 2986 2621 3034 casta
2655 2978 2917 3033 manebit.
2977 2976 3070 3035 Sic
3100 2980 3285 3036 anima
3326 2995 3478 3052 qua:-

1885 3085 1993 3139 que
2028 3068 2201 3125 ﬁdelis
2233 3068 2376 3125 facta
2418 3069 2562 3124 virili
2596 3067 2804 3125 foedere
2845 3068 2995 3137 felix,
3028 3086 3267 3142 namque
3307 3072 3477 3128 mari-

1887 3168 1977 3217 tus
2003 3170 2090 3218 est
2115 3161 2219 3217 sibi
2246 3160 2520 3219 Christus.
2546 3159 2685 3216 Cum
2713 3176 2813 3217 sua
2855 3161 2923 3217 de
2946 3178 3004 3218 se
3033 3172 3253 3243 pectora
3281 3166 3475 3235 replet,

1885 3262 1940 3309 et
1975 3254 2112 3309 bene
2131 3253 2286 3322 vivit,
2318 3268 2537 3325 semper
2564 3253 2828 3309 adharret.
2858 3252 2978 3309 Non
3007 3255 3248 3311 alienum
3275 3259 3476 3327 quaerit

1884 3346 2145 3401 amicum.
2213 3345 2636 3412 Quomodolibet
2705 3362 2868 3403 orcus
2928 3348 3227 3417 sumpserit
3295 3349 3473 3416 illum,

1882 3452 2045 3507 quem
2092 3452 2381 3506 superesse
2427 3437 2601 3491 credit
2652 3435 2707 3491 in
2759 3437 2995 3503 aethere,
3050 3438 3175 3493 inde
3223 3438 3474 3497 futurum

1883 3534 2093 3596 spectat
2121 3526 2398 3590 eumdem,
2438 3534 2499 3579 ut
2526 3528 2951 3583 microcosmum
2970 3528 3187 3598 Judicet
3216 3546 3462 3587 omnem.

1881 3615 2129 3673 Hirundo
2150 3626 2333 3672 autem
2365 3625 2450 3672 est
2478 3618 2694 3673 volatile
2742 3618 2909 3674 simili
2951 3620 3139 3685 modo,
3160 3630 3215 3676 et
3245 3632 3475 3691 generat

1881 3711 2070 3765 semel.
2106 3711 2198 3765 Sic
2241 3719 2297 3765 et
2344 3708 2597 3765 Salvator
2645 3727 2801 3767 meus
2847 3722 3010 3768 natus
3060 3722 3144 3768 est
3184 3715 3375 3783 semel,
3413 3715 3471 3771 in

1880 3811 2037 3857 utero
2068 3803 2344 3872 bajulatus
2372 3804 2564 3866 semel,
2599 3802 2898 3861 cruciﬁxus
2923 3815 3007 3861 est
3041 3807 3231 3863 semel.
3260 3818 3315 3862 et
3341 3823 3469 3863 sur-

1878 3894 2021 3948 rexit
2046 3910 2077 3949 a
2102 3895 2334 3949 mortuis
2362 3895 2554 3949 semel.
2594 3893 2750 3951 Unus
2778 3895 2944 3965 Deus,
2975 3914 3083 3952 una
3118 3898 3274 3966 ﬁdes,
3294 3916 3467 3956 unum

1878 3984 2171 4054 baptisma.
2201 3983 2441 4040 Ciconiae
2487 3999 2617 4040 aves
2661 3995 2868 4041 vocatae
2894 4003 2925 4041 a
2965 4005 3103 4044 sono
3142 4006 3254 4060 quo
3291 3992 3469 4063 crepi-

1879 4084 1997 4131 tant
2037 4077 2195 4146 quasi
2237 4076 2483 4131 cicauiaa.
2529 4075 2702 4142 Quem
2732 4091 2930 4132 sonum
2974 4080 3089 4134 oris
3123 4081 3306 4149 potius
3341 4098 3467 4138 esxe

1878 4170 2066 4226 dicunt
2096 4186 2260 4240 quam
2316 4170 2489 4233 vocis,
2519 4168 2648 4239 quia
2685 4184 2811 4223 cum
2842 4169 3125 4238 quatiente
3161 4181 3341 4227 rostro
3375 4175 3462 4228 fa-

1878 4262 2048 4318 ciunt.
2090 4260 2183 4317 Hae
2217 4261 2361 4317 veris
2394 4260 2621 4324 nuntiat,
2646 4261 2923 4317 societatis
2947 4262 3196 4328 comites,
3235 4279 3462 4334 serpen-

1879 4355 2016 4409 tium
2058 4355 2245 4409 hostes
2293 4354 2467 4408 maria
2500 4353 2860 4420 transvolant,
2892 4353 2946 4407 in
2999 4354 3186 4409 Asiam
3228 4357 3461 4411 collecto

1879 4447 2096 4517 agmine
2129 4455 2392 4517 pergunt;
2420 4446 2669 4501 cornices
2698 4446 2867 4501 duces
2917 4461 3011 4501 eas
3036 4449 3367 4517 praecedunt,
3404 4459 3462 4505 et

188 4556 389 4597 versus
425 4555 598 4610 usque
626 4539 693 4593 ad
724 4538 884 4594 ﬁnem
922 4539 1169 4610 capituli.
1225 4538 1290 4593 Et
1320 4553 1429 4593 non
1462 4538 1777 4608 relinquent
1808 4554 1852 4609 ι)
1882 4537 2012 4609 ipsa:
2031 4538 2187 4609 quasi
2209 4538 2483 4592 exercitus
2505 4537 2971 4607 eisobscquuntur
2984 4538 3248 4593 adversus
3276 4539 3429 4593 inimi

187 4632 250 4687 in
279 4641 334 4687 te
368 4631 600 4701 lapidem
634 4646 801 4700 super
830 4630 1065 4701 lapidem
1093 4646 1159 4684 eo
1187 4630 1334 4700 quod
1363 4646 1472 4684 non
1508 4644 1778 4701 cognove-

186 4724 274 4779 ris
306 4730 522 4792 tempus
547 4721 875 4778 visitationis
904 4730 1029 4777 tuae.
1056 4721 1406 4776 Eversionem
1433 4719 1775 4776 Hierusalem

186 4814 394 4870 factam
423 4828 545 4870 esse
585 4829 616 4868 a
660 4813 924 4868 Romanis
957 4814 1297 4883 principibus
1349 4811 1681 4883 Vespasiano
1723 4821 1778 4867 et

186 4906 321 4961 Tito
375 4922 485 4961 non
539 4906 875 4978 ignoramus.
940 4905 1114 4960 Etiam
1188 4906 1304 4975 ipsa
1367 4906 1776 4976 transmigratio

185 4997 431 5053 civitatis
458 5012 606 5051 nunc
634 5004 961 5051 constructae
1007 5004 1159 5050 extra
1201 5003 1411 5064 portam
1447 4995 1538 5049 ubi
1586 4994 1775 5049 Domi-

184 5102 299 5145 nus
322 5089 616 5144 cruciﬁxus
645 5088 748 5143 fuit
773 5097 1024 5154 testatur,
1049 5088 1195 5159 quod
1224 5087 1374 5157 prior
1399 5087 1489 5141 illa
1518 5086 1779 5142 Hierusa-

185 5181 298 5235 lem
331 5179 577 5236 funditus
604 5195 795 5237 eversa
828 5181 918 5235 sit.
954 5179 1079 5235 Haec
1116 5187 1200 5234 est
1252 5194 1419 5233 causa
1450 5178 1781 5233 destructio-

186 5275 279 5329 nis
327 5273 496 5341 illius,
527 5273 655 5344 quia
691 5289 803 5328 non
825 5273 1085 5345 cognovit
1114 5271 1409 5326 Dominum
1438 5272 1660 5341 quando
1693 5272 1778 5324 vi.-

185 5365 381 5420 sitavit
409 5380 555 5419 eam.
590 5363 748 5419 Unde
776 5365 910 5419 illud
957 5365 1340 5435 propheticum
1377 5382 1388 5419 :
1421 5382 1441 5414 ι
1491 5362 1685 5418 Milvus
1720 5364 1776 5417 in

182 5458 335 5512 caelo
377 5456 636 5528 cognovit
680 5466 895 5527 tempus
947 5472 1132 5522 suum,
1163 5464 1343 5510 turtur
1371 5464 1425 5510 et
1459 5455 1696 5510 hirundo
1724 5463 1779 5509 et

180 5549 407 5606 ciconia
440 5548 817 5604 custodierunt
849 5557 1062 5618 tempus
1096 5549 1364 5603 adventus
1395 5549 1503 5614 sui,
1537 5547 1776 5618 populus

180 5653 372 5697 autem
406 5654 568 5695 meus
603 5654 709 5693 non
739 5639 991 5708 cognovit
1038 5638 1307 5709 judicium
1362 5637 1577 5693 Domini
1636 5636 1771 5710 (Jer.

177 5733 331 5803 vm).
374 5751 393 5784 ι
432 5729 641 5785 Turtur
669 5738 753 5785 est
781 5746 954 5801 genus
1001 5732 1260 5796 volatilis,
1282 5741 1336 5787 et
1392 5731 1567 5786 nescit
1612 5731 1775 5784 inane

179 5842 400 5884 amare.
437 5822 577 5877 Nam
609 5824 774 5877 semel
802 5824 895 5877 uni
924 5834 1091 5894 nupta
1123 5826 1339 5891 marito,
1360 5840 1574 5895 semper
1604 5823 1775 5877 ahihit

1881 4645 1975 4685 cas
1987 4644 2137 4684 aves.
2165 4627 2377 4682 Eximia
2402 4628 2507 4683 illis
2530 4629 2674 4683 circa
2694 4628 2834 4682 ﬁlios
2850 4629 3046 4698 pietas.
3063 4626 3199 4682 Nam
3213 4629 3347 4684 adeo
3365 4631 3462 4683 im-

1877 4722 2102 4793 pensius
2154 4720 2340 4775 fovent
2382 4721 2435 4774 in
2486 4720 2628 4776 nidis
2683 4720 2862 4787 ﬁlios,
2937 4729 2994 4775 ut
3041 4720 3264 4776 assiduo
3307 4720 3463 4775 incu-

1878 4814 1995 4870 bitu
2041 4815 2121 4869 eis
2176 4814 2374 4884 pluma:
2421 4822 2633 4868 exeant.
2694 4814 2971 4879 Quantum
3025 4822 3204 4867 autem
3246 4822 3461 4883 tempo-

1879 4905 1955 4960 ris
2017 4905 2382 4976 impenderiut
2436 4903 2635 4959 l‘etihus
2668 4904 2953 4959 educando
2996 4914 3204 4960 tantum
3246 4914 3301 4960 et
3330 4905 3464 4976 ipsa:

1878 4995 2109 5050 invicem
2137 5012 2167 5049 a
2202 4995 2365 5065 pullis
2394 4995 2509 5049 suis
2554 4996 2796 5062 aluntur,
2837 4996 2938 5051 hoc
2979 5006 3063 5052 est
3104 4999 3328 5053 moralis
3368 4999 3464 5054 de-

1879 5087 2090 5142 notatio
2140 5087 2442 5141 clementiae
2486 5098 2540 5140 et
2590 5089 3010 5157 compassionis.
3066 5089 3242 5147 Semel
3279 5092 3465 5163 itaque

1880 5177 2147 5233 Dominus
2195 5176 2343 5232 ﬂevit
2398 5193 2562 5249 super
2611 5179 2923 5246 civitatem,
2988 5197 3112 5237 cum
3163 5183 3461 5252 perituram

1880 5270 2176 5335 nuntiaret,
2201 5268 2295 5324 sed
2322 5270 2566 5340 quotidie
2592 5286 2689 5341 per
2718 5271 2925 5328 electos
2955 5289 3088 5330 suos
3117 5275 3172 5329 in
3219 5274 3462 5330 Ecclesia

1878 5360 2087 5431 plangit
2114 5361 2402 5430 reprobos,
2425 5362 2519 5433 qui
2542 5363 2794 5420 nesciunt
2814 5381 2915 5420 cur
2939 5366 3287 5437 plangantur,
3310 5368 3459 5437 quia,

1874 5453 2030 5525 juxta
2066 5450 2438 5519 Salomonem,
2474 5474 2492 5506 ι
2528 5456 2784 5511 laetantur
2827 5472 2951 5512 cum
3005 5456 3379 5513 malefecerint
3407 5467 3463 5513 et

1879 5546 2156 5600 exsultant
2180 5545 2233 5599 in
2266 5545 2429 5600 rebus
2449 5546 2701 5616 pessimis
2733 5546 2918 5618 (Prov.
2951 5548 3067 5617 11).:
3094 5547 3199 5615 Qui
3230 5547 3275 5602 si
3304 5546 3460 5602 datu—

1879 5635 2154 5690 nationem
2185 5649 2342 5689 suam
2369 5636 2747 5704 praeviderent,
2772 5637 2980 5706 seipsos
3012 5654 3135 5693 cum
3161 5638 3456 5695 electorum

1880 5728 2136 5800 lacrymis
2198 5728 2534 5798 plangercnt.
2624 5726 2791 5782 Suam
2838 5729 3003 5791 igitur
3080 5731 3240 5786 habet
3309 5731 3457 5786 diem

1879 5821 2058 5874 anima
2093 5833 2369 5888 perversa,
2397 5833 2517 5888 quae
2547 5817 2863 5873 transitoria
2886 5819 3083 5888 gaudet
3110 5821 3161 5874 in
3195 5831 3455 5892 tempore.
