3948 6410
504 326 636 383 illi”

1642 321 1967 378 WERNEBI
2005 320 2300 378 ABBATIS
2339 320 2397 377 S.
2441 318 2664 376 BLASII

3643 321 3776 379 i091

494 444 600 501 Cui
627 460 689 502 ea
725 460 847 517 qua:
877 454 1070 501 assunt
1111 442 1177 498 ad
1206 441 1415 514 {pacem
1468 447 1618 505 sunt,
1662 440 1792 510 quia
1837 440 1966 496 dum
2017 454 2080 493 ex
2117 445 2159 502 Α
2187 446 2298 505 tur,
2328 444 2388 492 ut
2426 436 2556 492 solis
2585 434 3039 517 similitudinibus
3071 450 3370 508 corporum
3417 437 3660 507 spiritali
3700 441 3775 494 vi-

492 537 660 592 rchus
702 536 1090 606 temporalibus
1120 534 1357 597 laetatur,
1381 532 1509 586 dum
1540 531 1842 587 honoribus
1869 530 2084 586 extolli-

492 637 605 693 tur,
636 628 765 682 dum
792 627 846 679 in
879 626 1060 681 carnis
1092 625 1368 695 voluptate
1417 624 1727 690 resolvitur,
1751 624 1883 679 dum
1931 623 2082 677 nulla

492 726 739 772 venturae
769 732 945 786 pmna:
981 715 1271 769 formidine
1322 723 1575 781 terretur,
1611 730 1795 785 pacem
1830 715 1990 769 habet
2019 716 2073 769 in

492 809 581 864 die
610 824 730 871 sua,
764 808 857 863 sed
892 824 1055 879 grave
1101 808 1420 862 scandalum
1455 808 1827 863 damnationis
1860 806 2083 862 habebit

490 904 547 958 in
582 903 669 957 die
707 911 971 957 extrema.
1004 901 1214 956 Inimici
1258 912 1385 956 sunt
1429 901 1651 970 maligni
1693 901 1954 970 spiritus,
1987 900 2080 970 qui

488 996 729 1050 animam
776 1013 805 1050 a
860 1011 1092 1066 corpore
1140 1004 1430 1050 exeuntem
1483 995 1756 1059 cnsident,
1805 1011 1972 1065 quam
2022 995 2077 1048 in

488 1101 654 1153 carne
712 1087 945 1156 positam
998 1087 1321 1156 deceptoriis
1370 1085 1824 1141 delectationibus
1874 1085 2075 1141 fovent.

491 1176 644 1233 Vallo
673 1194 794 1233 eam
841 1179 1203 1242 circumdant,
1235 1179 1363 1248 quia
1408 1179 1647 1234 reductis
1677 1178 2076 1248 iniquitatibus,

486 1286 626 1341 quas
650 1271 978 1340 perpetravit
1002 1279 1125 1325 ante
1148 1271 1340 1325 oculos
1369 1270 1587 1338 ejus,ad
1618 1270 1933 1325 societatem
1967 1287 2079 1326 sure

486 1362 854 1416 damnationis
885 1378 1005 1416 eam
1061 1370 1364 1418 coarctant.
1399 1359 1653 1432 Undique
1691 1373 2074 1434 coangustant,

486 1454 709 1523 quando
736 1455 786 1509 ei
814 1471 921 1509 non
948 1456 1125 1510 solum
1148 1455 1351 1523 operis,
1370 1471 1557 1509 verum
1591 1456 1755 1510 etiam
1785 1456 2076 1512 locutionis

487 1544 807 1614 iniquitates
837 1546 1121 1615 replicant.
1156 1544 1313 1600 Tunc
1341 1546 1523 1600 anima
1570 1561 1667 1616 per
1707 1546 2073 1617 cognitionem

485 1645 674 1691 reatus
730 1638 816 1691 sui
854 1637 920 1690 ad
968 1646 1167 1690 terram
1225 1637 1612 1706 prosternitur,
1645 1652 1770 1692 cum
1825 1652 1956 1691 caro
2007 1638 2075 1692 ad

483 1726 761 1795 pulverem
800 1726 1081 1795 redigitur.
1118 1726 1273 1781 Tunc
1303 1727 1359 1780 in
1411 1736 1642 1782 mortem
1687 1727 1783 1782 ﬁlii
1830 1728 1950 1798 ejus
1979 1744 2073 1783 ea~

483 1818 641 1883 dunt,
686 1835 812 1873 cum
842 1820 1203 1884 cogitationes
1240 1820 1444 1875 illicitae
1488 1835 1555 1874 ex
1608 1820 1700 1874 illa
1741 1821 2072 1889 prodeuntes
2104 1818 2145 1872 B
2176 1807 2275 1862 Stis
2328 1807 2482 1861 urbis
2533 1806 2927 1876 Perducunwr-

482 1908 538 1963 in
563 1921 803 1966 extrema
836 1913 1042 1967 ultione
1084 1912 1445 1982 dissipantur,
1477 1912 1623 1969 sicut
1653 1922 1916 1983 scriptum
1946 1923 2066 1969 est:

487 2018 506 2051 σ
545 1999 602 2057 ln
655 2004 745 2058 illa
798 2004 886 2059 die
937 2004 1194 2074 peribunt
1236 2019 1427 2059 omnes
1472 2004 1834 2076 cogitationes
1878 2022 2069 2060 eorum

483 2095 662 2168 (Psal.
690 2097 874 2166 CXLV).
911 2117 928 2148 ι
962 2096 1127 2167 Lapis
1151 2112 1317 2157 super
1339 2097 1573 2167 lapidem
1599 2097 1917 2168 intelligitur
1933 2098 2067 2153 dura

482 2194 744 2267 cogitatio
767 2209 932 2263 super
961 2192 1156 2247 duram
1180 2190 1589 2262 cogitationem.
1616 2189 1934 2247 Perversam
1958 2192 2074 2245 ani-

489 2304 636 2342 mam
666 2287 853 2341 visitat
880 2284 1024 2341 Deus
1051 2284 1297 2354 quotidie
1325 2293 1617 2355 praecepto,
1646 2284 1941 2355 aliquando
1969 2283 2067 2339 lla-

480 2378 644 2451 gello,
670 2376 963 2447 aliquando
990 2375 1281 2443 miraculo,
1318 2384 1380 2430 ut
1398 2376 1492 2445 qui
1524 2374 1698 2431 nescit
1719 2373 1945 2441 audiat;
1975 2380 2071 2428 aut

479 2469 671 2525 dolore
701 2468 1030 2538 cdrnpuncta
1059 2468 1266 2534 redeat,
1292 2477 1387 2523 aut
1408 2466 1688 2523 beneﬁciis
1710 2466 1920 2522 devicta
1948 2480 2068 2521 mav-

479 2561 593 2616 lum
621 2558 769 2631 quod
811 2559 939 2614 fecit
966 2558 1270 2615 erubescat.
1300 2555 1563 2613 Praaterea
1597 2555 1899 2612 notandum
1923 2554 2069 2626 quod

478 2652 758 2721 quondam
791 2649 1133 2720 spiritualem
1182 2659 1434 2704 naturam
1467 2650 1519 2703 in
1563 2647 1724 2703 nobis
1778 2646 2065 2711 habemus,

478 2742 572 2797 ubi
626 2740 994 2811 corporalium
1049 2756 1233 2796 rerum
1296 2739 1606 2795 formantur
1657 2738 2065 2795 similitudines.

475 2832 684 2897 Prima,
715 2848 839 2887 cum
891 2832 1110 2902 aliquod
1167 2847 1370 2903 corpus
1417 2847 1583 2887 sensu
1619 2830 1867 2901 corporis
1892 2830 2069 2901 tangi-

478 2940 637 2984 mus:
693 2923 955 2990 secunda,
1018 2921 1133 2978 sive
1180 2938 1307 2977 cum
1360 2922 1607 2979 absentia
1672 2937 1900 2993 corpora
1950 2922 2065 2993 jam

477 3024 607 3072 nota
634 3014 970 3085 cogitamus:
1009 3013 1190 3080 tertia,
1231 3013 1344 3069 sive
1378 3029 1504 3069 cum
1540 3028 1730 3069 eorum
1774 3029 2066 3084 corporum

476 3122 601 3178 quze
636 3122 743 3162 non
766 3106 1041 3172 novimus,
1077 3106 1170 3161 sed
1200 3115 1379 3161 tamen
1422 3120 1543 3161 esse
1586 3120 1692 3161 non
1750 3104 2065 3162 dubitamus

478 3198 789 3264 intuemur;
824 3206 1042 3267 quarta.
1088 3197 1202 3252 sive
1248 3213 1375 3253 cum
1406 3197 1587 3268 aliqua
1616 3214 1739 3269 quae
1782 3214 1890 3254 non
1934 3206 2062 3254 sunt

477 3290 564 3345 vel
614 3305 738 3345 esse
785 3291 1137 3355 nesciuntur,
1183 3304 1283 3359 pro
1325 3289 1554 3345 arbitrio
1610 3291 1697 3344 vel
1753 3290 2066 3362 Opinatione

476 3383 818 3454 cogitamus;
864 3381 1077 3451 quinta,
1117 3380 1232 3435 sive
1281 3394 1407 3434 cum
1457 3395 1633 3450 nequc
1682 3379 1734 3433 id
1777 3379 2065 3449 agentibus

475 3487 655 3542 neque
688 3471 997 3526 volentibus
1049 3469 1208 3523 nobis
1242 3469 1406 3523 varia:
1450 3465 1641 3523 formae
1692 3467 2062 3538 corporalium

476 3562 895 3619 similitudinum
928 3566 1217 3614 versantur
1247 3558 1300 3611 in
1344 3558 1563 3622 animo;
1590 3567 1761 3624 sexta,
1787 3557 1901 3613 sive
1936 3572 2061 3612 cum

474 3655 659 3726 aliqua
709 3652 1069 3722 corporaliter
1119 3650 1316 3716 acturi,
1358 3664 1422 3705 ea
1497 3651 1613 3720 ipsa
1676 3649 2055 3721 disponimus;

475 3745 706 3815 septima
738 3757 975 3812 quoque,
1016 3756 1138 3797 cum
1193 3741 1307 3811 jam
1361 3741 1414 3795 in
1466 3740 1584 3812 ipso
1631 3750 1778 3809 actu,
1818 3741 1898 3795 vel
1933 3757 2058 3796 cum

475 3835 779 3904 loquimur,
816 3834 900 3888 vel
940 3849 1063 3889 cum
1097 3833 1330 3897 facimus
1366 3848 1557 3888 omnes
1593 3834 1904 3905 corporales
1937 3850 2058 3888 mo-

475 3936 586 3993 tus,
619 3926 938 3982 utexerccri
969 3925 1200 3996 possint,
1237 3925 1644 3995 prmveniuntur
1686 3926 2059 3982 similitudini-

473 4019 579 4074 bus
624 4017 741 4074 suis
773 4017 922 4072 intus
946 4018 1002 4071 in
1032 4016 1266 4087 spiritu;
1309 4025 1523 4081 octava,
1555 4015 1672 4071 sive
1698 4030 1822 4071 cum
1854 4031 1885 4071 a
1924 4016 2057 4071 dor-

471 4109 771 4167 mientibus
807 4107 1022 4163 somnia
1075 4106 1348 4173 videntur,
1398 4106 1484 4161 vel
1537 4106 1673 4161 nihil
1728 4106 1815 4162 vel
1872 4106 2057 4177 aliqua

472 4200 880 4272 signiﬁcantia;
914 4212 1082 4264 nona,
1114 4197 1229 4253 sive
1271 4212 1396 4253 cum
1424 4196 1736 4253 valetudine
1784 4198 2055 4267 corporali

469 4291 703 4346 turbatis
743 4288 1076 4344 intrinsecus
1120 4286 1408 4343 itineribus
1467 4287 1736 4345 sentiendi
1788 4288 2055 4359 imagines

469 4397 785 4455 corporum,
819 4382 1047 4452 spiritus
1085 4380 1229 4436 veris
1256 4380 1580 4451 corporibus
1626 4382 1700 4436 ita
1748 4380 1962 4446 miscet,
1995 4391 2055 4436 ut

2190 531 2345 587 sione
2390 537 2658 596 teneatur,
2704 528 2795 583 ubi
2852 515 3036 583 nescio
3084 538 3271 584 utrum
3328 529 3548 600 possint
3600 530 3774 601 aliqua

2189 623 2327 677 nihil
2357 622 2719 692 signiﬁcantia
2745 621 2939 676 videri.
2975 620 3101 678 Hme
3128 623 3294 693 igitur
3328 632 3529 677 natura
3562 622 3779 691 spirits.

2185 714 2271 780 lis,
2303 715 2357 768 in
2381 729 2487 783 qua
2513 729 2619 768 non
2665 729 2917 783 corpora,
2950 715 3043 770 sed
3071 730 3365 785 corporum
3392 714 3780 771 similitudines

2184 804 2595 873 exprimuntur,
2620 803 2896 860 inferioris
2927 806 3141 876 generis
3154 806 3394 860 visiones
3423 806 3591 859 habet
3619 822 3777 874 quam

2184 895 2315 948 illud
2345 896 2545 949 mentis
2574 910 2638 949 ac
2665 895 3035 964 intelligentia:
3068 896 3254 949 lumen
3288 909 3402 964 quo
3434 902 3492 949 et
3537 894 3650 948 ista
3695 896 3776 949 in-

2183 984 2383 1039 feriora
2414 985 2787 1055 dijudicantur
2839 993 2893 1039 et
2936 1000 2998 1039 ea
3057 993 3383 1049 cernuntur,
3418 1000 3546 1054 quae
3605 1000 3774 1040 neque

2185 1084 2314 1131 sunt
2351 1092 2607 1146 corpora,
2640 1091 2817 1146 neque
2848 1083 3045 1147 gerunt
3091 1073 3303 1129 formas
3334 1074 3551 1129 similes
3581 1089 3775 1145 corpo-

2184 1184 2332 1233 rum,
2369 1169 2518 1223 velut
2546 1169 2663 1238 ipsa
2696 1183 2873 1222 mens.

2600 1259 2737 1313 Item
2761 1259 3023 1329 expositio
3057 1259 3122 1312 de
3146 1257 3352 1313 eodem.

2259 1370 2277 1403 σ
2322 1349 2435 1406 Viae
2465 1349 2596 1405 Sion
2635 1352 2821 1421 lugent
2848 1365 2916 1425 eo
2966 1350 3116 1420 quod
3166 1365 3278 1405 non
3328 1348 3405 1404 sit
3451 1349 3549 1418 qui
3602 1349 3774 1404 veniat

2179 1444 2246 1499 ad
2275 1443 2676 1499 solemnitatem
2720 1441 2938 1513 (Thren.
2970 1442 3032 1498 ri.
3072 1460 3089 1493 ι
3128 1438 3262 1496 Sion
3290 1440 3438 1510 quod
3463 1448 3631 1494 sonat
3657 1458 3767 1510 spe-

2178 1535 2320 1602 cula,
2354 1543 2437 1590 est
2473 1532 2740 1599 Ecclesia,
2768 1549 2891 1603 qua:
2914 1548 3097 1599 regem
3130 1532 3320 1604 gloria:
3352 1533 3407 1585 in
3440 1532 3645 1587 decore
3678 1549 3771 1589 suo

2177 1636 2262 1682 est
2289 1626 2654 1697 spcculatura.
2703 1623 2879 1694 Hujus
2916 1624 3017 1679 vite
3059 1633 3381 1679 sanctorum
3424 1624 3554 1678 vita:
3589 1632 3647 1679 et
3680 1626 3772 1678 do-

2177 1717 2366 1770 ctrina:
2391 1716 2755 1785 accipiuntur,
2777 1730 2872 1784 per
2902 1729 3042 1784 quos
3072 1713 3257 1768 ﬁdeles
3278 1713 3349 1767 ad
3377 1713 3583 1767 mmnia
3616 1715 3768 1769 cccle-

3016 1803 3110 1859 llze
3146 1807 3248 1860 via:
3302 1806 3498 1874 lugent
3564 1821 3766 1875 paucos

2173 1900 2358 1953 venire
2386 1899 2452 1952 ad
2497 1898 2919 1964 solemnitatem,
2962 1896 3093 1968 quia
3130 1897 3267 1968 justi
3289 1898 3534 1968 graviter
3570 1898 3767 1954 deﬂent

2173 2009 2326 2047 raros
2357 1991 2708 2063 frequentare
2763 1990 3032 2044 Dominici
3082 1989 3417 2044 sacramenti
3475 1988 3760 2044 celebrita-

2180 2093 2308 2140 tem.
2334 2083 2469 2139 Nam
2501 2084 2594 2155 qui
2621 2099 2678 2139 se
2716 2084 2804 2137 hic
2829 2082 3068 2136 alienant
3095 2082 3165 2136 ab
3206 2070 3474 2135 Ecclesiae
3501 2077 3762 2135 festivita-

2175 2183 2245 2242 te,
2276 2176 2466 2245 utique
2508 2175 2562 2229 in
2598 2174 2787 2229 futuro
2812 2172 3179 2228 excluduntur
3204 2172 3275 2226 ab
3322 2172 3650 2242 angelorum
3678 2186 3760 2228 so-

2171 2272 2471 2329 lemnitate.
2500 2271 2655 2327 Uude
2686 2271 2884 2343 legitur
2915 2269 3076 2325 hodie
3104 2268 3253 2339 quod
3277 2267 3557 2323 Dominus
3579 2267 3760 2323 videns

2171 2363 2447 2420 civitatem
2492 2362 2835 2419 Hierusalem
2893 2360 3059 2425 ﬁevit,
3095 2373 3333 2430 eamque
3377 2359 3452 2413 ab
3516 2358 3759 2413 hostibus

2170 2454 2549 2522 obsidendam,
2573 2451 3128 2512 circumfodiendam.
3176 2464 3306 2504 cum
3350 2448 3620 2503 omnibus
3644 2447 3760 2504 ﬁliis

2170 2548 2287 2603 suis
2322 2546 2709 2603 destruendam
2734 2544 2985 2615 praedixit
3022 2541 3179 2614 (Luc.
3216 2544 3358 2612 xu).
3407 2540 3623 2596 Civitas
3653 2540 3755 2596 hac

2170 2656 2334 2711 super
2362 2656 2530 2711 quam
2566 2639 2712 2694 Deus
2739 2638 2851 2704 ﬁet,
2876 2646 2961 2693 est
2988 2635 3247 2706 quaalibet
3277 2634 3492 2700 anima,
3511 2648 3637 2704 qua:
3657 2649 3753 2688 non

2168 2732 2381 2803 plangit
2417 2746 2515 2786 sua
2548 2730 2803 2786 crimina.
2852 2726 3029 2794 Quam
3071 2725 3286 2780 inimici
3320 2722 3753 2788 circumdabant,

2168 2825 2300 2878 dum
2324 2823 2646 2878 imminente
2668 2829 2845 2876 morte
2886 2828 3118 2874 caterva:
3144 2817 3467 2873 daemonum
3495 2830 3615 2870 eam
3651 2813 3755 2870 val-

2167 2914 2377 2971 labunt.
2407 2913 2466 2969 ln
2497 2913 2729 2970 circuitu
2779 2912 2983 2967 vallum
3031 2908 3273 2974 fodiunt,
3302 2908 3440 2963 dum
3486 2914 3749 2961 transacta

2168 3009 2310 3065 mala
2345 3017 2472 3065 ante
2501 3007 2694 3063 oculos
2720 3005 2842 3076 ejus
2878 3005 3161 3068 ducentes,
3192 3016 3317 3058 eam
3340 3002 3397 3056 in
3423 2998 3639 3056 foveam
3666 3000 3751 3053 de-

2167 3100 2498 3173 sperationis
2539 3100 2768 3157 ducunt.
2823 3096 3075 3167 Undique
3125 3093 3588 3164 coangustabunt,
3624 3092 3750 3148 dum
3788 3098 3793 3103 ‘

2174 3194 2422 3250 horribili
2455 3193 2604 3248 vultu
2631 3201 2686 3247 et
2720 3199 2877 3263 gestu
2931 3204 3054 3245 eam
3090 3189 3159 3244 ad
3188 3202 3382 3259 pmnas
3429 3187 3582 3242 exire
3608 3201 3755 3242 eom-

2168 3283 2397 3356 pellunt.
2431 3285 2512 3339 Ad
2544 3293 2743 3339 terram
2776 3293 2958 3339 autem
2996 3288 3371 3353 prosternunt,
3392 3280 3522 3335 dum
3557 3295 3756 3350 corpus
3840 3301 3845 3305 ·

2166 3386 2344 3432 morte
2377 3376 2718 3431 interimunt.
2776 3374 2944 3430 Filios
2989 3373 3112 3443 ejus
3152 3370 3441 3434 trucidant,
3462 3369 3595 3424 dum
3626 3383 3752 3423 eam

2165 3469 2233 3523 ad
2264 3476 2469 3523 tartara
2501 3466 2861 3537 perducentes
2889 3480 2989 3537 pro
3018 3464 3181 3519 malis
3230 3462 3486 3532 operibus
3518 3461 3579 3515 in
3615 3476 3751 3530 supr

2164 3562 2330 3633 plicio
2351 3560 2618 3617 cruciant.
2660 3558 2921 3627 Lapidem
2969 3572 3136 3626 super
3173 3556 3410 3625 lapidem
3444 3570 3551 3608 non
3581 3554 3747 3609 relin-

2164 3666 2363 3723 quens,
2393 3649 2521 3721 quia
2550 3649 2758 3704 nullam
2792 3647 2917 3703 duri
2943 3647 3127 3702 cordis
3147 3646 3539 3715 cogitationem
3575 3644 3746 3714 impu-

2164 3741 2338 3797 nitam
2378 3740 2675 3796 dimittent.
2709 3737 2775 3793 Et
2801 3741 2904 3793 hoc
2938 3746 3111 3793 totum
3159 3737 3283 3792 ideo
3306 3735 3598 3807 contingit.
3626 3734 3746 3805 quia

2162 3843 2376 3906 tempus
2399 3832 2730 3889 visitationis
2760 3846 2876 3887 sua
2901 3845 3009 3886 non
3033 3829 3304 3901 agnoscit.
3333 3830 3534 3883 Anima
3560 3829 3743 3883 visita-

2159 3936 2270 3992 tur,
2296 3925 2518 3997 quando
2539 3940 2664 3981 cum
2697 3923 3012 3979 hominibus
3067 3938 3097 3977 a
3145 3920 3258 3978 Deo
3286 3921 3613 3994 ﬂagellatur.
3644 3918 3741 3974 Sed

2158 4018 2275 4089 ipsa
2320 4016 2688 4073 visitationem
2747 4032 2859 4070 non
2902 4014 3174 4087 agnoscit,
3227 4013 3360 4085 quia
3405 4011 3737 4082 disciplinam

2156 4108 2400 4179 recipere
2428 4108 2630 4163 renuit.
2664 4105 2930 4162 Dominus
2959 4114 3145 4161 autem
3171 4104 3240 4160 de
3269 4103 3475 4175 templo
3499 4117 3600 4159 suo
3616 4117 3739 4156 ven-

2156 4200 2350 4257 dentes
2374 4209 2430 4257 et
2473 4208 2717 4256 ementes
2739 4199 2908 4269 ejicit,
2952 4198 3081 4270 quia
3108 4198 3299 4269 culpas
3346 4196 3599 4252 homines
3624 4194 3737 4250 dia-

2154 4294 2280 4349 bolo
2318 4293 2639 4361 vendentes,
2666 4300 2721 4347 et
2765 4306 2958 4362 poenas
2993 4299 3264 4356 ementes,
3310 4288 3529 4360 ﬂagello
3573 4286 3733 4358 pretii-

2152 4386 2335 4443 tentiaa
2356 4403 2387 4443 a
2406 4386 2693 4443 conversis
2704 4385 2942 4455 expellit.
2962 4382 3077 4439 Hoc
3100 4383 3470 4454 pratiguravit
3493 4378 3732 4434 Hieroso-

469 4473 764 4531 internosci
791 4475 876 4529 vel
902 4475 993 4527 vix
1030 4473 1246 4544 possint
1293 4472 1376 4527 vel
1420 4472 1648 4528 omnino
1680 4488 1787 4527 non
1819 4475 2047 4544 possint,
2083 4497 2127 4551 ο
2157 4481 2428 4553 lymorum
2453 4479 2759 4545 subversio,
2793 4493 2916 4549 qua:
2941 4477 3170 4546 contigit
3191 4477 3298 4545 hoc
3319 4475 3483 4529 modo
3514 4492 3528 4528 :
3559 4471 3729 4526 Hieme

468 4576 566 4621 aut
587 4566 896 4638 signiﬁcent
928 4564 1156 4635 aliquid,
1204 4574 1297 4620 aut
1347 4564 1467 4619 sine
1511 4560 1907 4636 signiﬁcatione
1939 4564 2050 4619 ulla

467 4656 817 4721 oboriantur;
849 4654 1083 4720 decima,
1122 4669 1247 4709 cum
1280 4669 1505 4724 prorsus
1545 4653 1917 4709 invalescente
1944 4652 2049 4708 ali-

467 4763 578 4820 quo
600 4748 794 4804 morbo
820 4747 905 4802 vel
934 4747 1123 4802 dolore
1150 4746 1421 4817 corporis,
1446 4753 1502 4801 et
1537 4746 1929 4802 intercludcnte
1964 4744 2050 4801 iu-

469 4850 559 4897 tus
583 4840 702 4896 vias
732 4840 933 4912 quibus
963 4838 1146 4894 anima
1180 4846 1240 4893 ut
1262 4853 1358 4908 per
1394 4853 1614 4894 carnem
1643 4838 1869 4894 sentiret
1891 4853 2049 4893 exer-

465 4931 711 4998 cebatur,
738 4945 803 4985 ac
851 4929 1124 4984 nitebatur
1166 4928 1397 4984 intentio
1443 4930 1606 4985 altius
1651 4945 1815 5000 quam
1852 4944 2047 4985 somno

464 5022 750 5078 absentato
795 5019 989 5091 spiritu
1040 5022 1405 5091 corporalium
1447 5036 1630 5076 rerum
1667 5021 1908 5075 existunt
1952 5030 2047 5077 aut

464 5119 844 5169 monstrantur
914 5111 1179 5181 imagines
1241 5112 1328 5167 vel
1400 5112 1772 5184 signiﬁcantes
1838 5113 2044 5184 aliquid

464 5205 549 5262 vel
592 5205 713 5261 sine
751 5205 862 5259 ulla
907 5204 1305 5275 signiﬁcatione
1335 5213 1683 5276 apparentes.
1737 5203 2038 5261 Undecima

462 5310 589 5355 cum
634 5297 783 5351 nulla
833 5311 900 5353 ex
941 5311 1170 5367 corpore
1199 5312 1367 5352 causa
1411 5298 1701 5364 existente,
1742 5298 1835 5352 sed
1881 5313 2042 5353 assu-

462 5401 643 5450 mente
673 5402 838 5464 atque
867 5394 1113 5464 rapiente
1157 5393 1344 5463 aliquo
1379 5393 1597 5463 spiritu,
1621 5393 1830 5450 tollitur
1854 5394 2041 5449 anima

458 5485 514 5541 in
544 5485 865 5557 huiusmodi
899 5483 1159 5540 ridendas
1186 5484 1574 5539 similitudines
1597 5499 1909 5555 corporum,
1933 5486 2041 5540 mi~

458 5592 618 5633 souis
636 5578 686 5631 ei
697 5577 812 5631 visa
843 5576 1148 5646 corporalia
1161 5590 1287 5631 cum
1312 5575 1564 5630 similiter
1579 5576 1745 5630 etiam
1757 5575 2039 5647 corporeis

456 5672 712 5728 sensibus
740 5669 933 5724 utitur.
964 5669 1295 5725 Duodecima
1345 5683 1472 5724 cum
1508 5669 1613 5735 ita,
1646 5669 1838 5739 spiritu
1879 5685 2037 5726 assu-

457 5770 658 5830 mcnte,
686 5762 957 5816 alienatur
986 5761 1056 5815 ah
1084 5761 1233 5815 omni
1257 5759 1507 5830 corporis
1553 5774 1719 5814 sensu
1751 5769 1806 5816 ct
1833 5761 2034 5816 averti-

2156 4571 2325 4626 salem
2379 4570 2649 4635 visitatio,
2718 4580 2836 4623 erat
2898 4565 3109 4623 Christi
3182 4565 3511 4622 incarnatio.
3590 4561 3726 4617 Hanc

2151 4662 2352 4733 quippe
2384 4662 2569 4716 oriens
2595 4676 2664 4715 ex
2689 4660 2800 4715 alto
2821 4659 3099 4726 visitavit,
3130 4659 3259 4714 dum
3300 4658 3359 4712 in
3418 4654 3597 4712 medio
3616 4655 3723 4722 ejus

2151 4769 2379 4825 regnum
2425 4754 2690 4809 ctelorum
2736 4752 3074 4823 praedicavit,
3127 4751 3302 4822 signis
3352 4760 3410 4804 et
3460 4746 3721 4805 miraculis

2152 4846 2464 4901 illustravit.
2500 4843 2604 4899 Sed
2658 4844 2775 4915 ipsa
2822 4854 3038 4915 tempus
3082 4859 3196 4899 suae
3241 4842 3574 4898 visitationis
3625 4856 3719 4894 non

2148 4938 2423 5008 cognovit,
2456 4938 2586 4992 dum
2613 4939 2760 4993 hunc
2786 4953 2817 4993 a
2841 4938 2959 5008 lege
2984 4945 3040 4992 et
3062 4936 3347 5007 prophetis
3397 4934 3717 5009 promissum

2149 5028 2318 5084 Deum
2346 5028 2568 5085 credere
2595 5030 2789 5084 noluit.
2818 5028 3047 5100 insuper
3062 5029 3190 5083 dum
3218 5038 3491 5084 terrenam
3509 5025 3723 5097 glorians

2146 5122 2371 5191 perdere
2397 5121 2601 5188 timuit,
2627 5136 2808 5194 regem
2837 5120 3024 5190 gloriae
3053 5119 3349 5186 cruciﬁxit,
3386 5128 3446 5174 et
3483 5118 3600 5172 ideo
3616 5128 3720 5170 cte-

2145 5210 2335 5266 lestem
2375 5211 2605 5282 gloriam
2634 5210 2840 5267 amisit.
2872 5209 2992 5281 ipse
3023 5221 3205 5267 autem
3265 5209 3385 5265 alas
3435 5206 3609 5265 crucis
3633 5220 3718 5260 ex-

2145 5301 2353 5373 pandit,
2385 5310 2549 5372 atque
2589 5302 2693 5357 sub
2722 5301 2917 5357 umbra
2957 5302 3167 5356 alarum
3201 5297 3592 5356 misericordia:
3613 5309 3717 5351 suae

2145 5407 2478 5464 congregare
2532 5393 2725 5461 voluit,
2776 5391 3239 5465 quemadmodum
3295 5390 3496 5462 gallina
3552 5386 3715 5458 pullos

2145 5498 2277 5538 suos
2302 5483 2408 5538 sub
2431 5483 2533 5539 alis
2559 5498 2590 5538 a
2612 5484 2779 5539 milvo
2800 5485 3140 5555 protegit.At
3161 5482 3238 5536 illi
3267 5482 3423 5538 calce
3441 5479 3713 5536 Dominum

2143 5573 2479 5645 abiecerunt,
2533 5583 2820 5630 vocantem
2894 5574 3084 5629 audire
3143 5573 3467 5636 noluerunt,
3531 5578 3716 5625 manus

2142 5675 2265 5737 post
2292 5682 2390 5722 eos
2413 5667 2745 5731 extendenti,
2773 5668 2935 5721 dorsa
2964 5666 3018 5720 in
3046 5664 3239 5720 faciem
3269 5664 3560 5719 dederunt.
3582 5658 3713 5713 Deus

2143 5769 2321 5814 autem
2350 5760 2561 5829 patiens
2592 5768 2645 5813 et
2675 5757 2905 5812 multum
2937 5755 3278 5822 misericors,
3302 5753 3399 5824 qui
3423 5753 3632 5807 vineam
3652 5748 3711 5801 de
