3948 6466
168 358 318 416 1095

1121 358 1693 417 DEFLORATIO‘SES
1732 358 1832 415 SS.
1876 356 2186 414 PATRUM.
2227 389 2294 400 --
2328 356 2459 412 LIB.
2498 352 2561 412 Π.

3327 361 3475 417 4091·

176 473 423 548 Εεγριο
460 476 906 548 transplantavit,
933 483 986 531 et
1011 490 1134 531 eam
1163 476 1415 548 agricolis
1438 477 1668 543 locavit;
1692 491 1785 531 cu-
1809 488 1857 546 Α
1885 474 2105 530 civitate
2162 483 2351 529 exorto
2400 472 2603 528 milites
2656 469 3060 543 propugnacula
3123 469 3461 543 relinquunt,

171 566 263 638 jus
305 567 611 637 prophetas
639 569 743 640 ipsi
779 569 845 623 ad
878 583 936 624 se
958 568 1162 623 missos
1188 569 1518 625 contumelia
1553 568 1777 624 affectos

177 669 563 730 peremerunt;
589 661 815 731 insuper
828 670 883 715 et
901 661 1121 715 unicum
1134 659 1333 715 Filium
1355 676 1514 715 suum
1532 659 1599 715 de
1619 660 1775 715 vinea

177 752 416 820 ejectum
440 753 783 817 occiderunt,
807 752 954 807 dedit
977 752 1056 808 eis
1080 751 1442 823 quadraginta
1466 752 1576 805 duo
1602 765 1777 805 annos

178 842 234 895 in
263 844 671 912 paenitentiam,
694 859 804 914 quo
826 854 1050 913 possent
1079 855 1263 899 reatus
1286 845 1373 900 sui
1403 843 1666 913 consequi
1693 842 1776 896 in-

178 934 541 1005 dulgentiam.
575 934 683 1005 ipsi
713 951 843 990 vero
875 944 1119 1005 tempore
1144 936 1332 1008 gratiae
1368 935 1524 990 abusi
1567 943 1695 990 sunt
1719 933 1773 987 in

177 1027 516 1094 superbiam,
533 1035 588 1081 et
612 1026 964 1081 irritaverunt
978 1025 1146 1081 Deum
1160 1027 1362 1097 iugiter
1381 1036 1640 1098 augentes
1653 1026 1741 1081 cul
1762 1055 1773 1064 -

174 1131 330 1186 pam;
352 1117 474 1171 ideo
491 1117 570 1172 ira
589 1118 679 1171 Dei
701 1119 948 1173 ascendit
962 1133 1127 1188 super
1138 1133 1234 1173 eos
1251 1118 1767 1188 ctdisperdiditeos.

247 1205 556 1277 Postquam
588 1208 734 1262 enim
768 1208 1065 1279 prophetas
1095 1209 1373 1278 sapientes
1396 1217 1451 1262 et
1474 1208 1683 1263 scribas
1702 1208 1771 1262 ad

176 1311 276 1352 eos
348 1298 548 1353 missos
605 1313 634 1351 a
681 1314 741 1353 se
799 1299 1137 1367 repulerunt,
1202 1299 1426 1368 insuper
1499 1299 1769 1368 quosdam

176 1386 595 1455 lapidaverunt;
628 1389 895 1458 quosdam
923 1388 1115 1444 divisis
1145 1389 1324 1459 poenis
1354 1389 1765 1457 interfecerunt,

176 1477 319 1533 alios
359 1479 427 1533 de
462 1479 665 1534 finibus
706 1480 823 1534 suis
851 1481 1248 1549 propulerunt;
1284 1479 1549 1536 Dominus
1599 1482 1767 1537 ultio-

176 1585 336 1635 num,
372 1568 635 1624 Dominus
659 1571 981 1642 sanguinem
1014 1587 1206 1626 eorum
1234 1572 1515 1641 requirere
1546 1581 1631 1627 est
1680 1588 1769 1628 re-

176 1662 454 1717 cordatus.
490 1661 763 1734 Venitque
795 1679 961 1735 super
987 1679 1083 1719 eos
1118 1680 1183 1719 ac
1211 1664 1354 1719 ﬁlios
1400 1680 1591 1719 eorum
1638 1680 1768 1721 san-

175 1753 299 1821 guis
333 1751 566 1819 Christi,
613 1753 976 1825 omniumque
1020 1754 1318 1823 justorum,
1346 1770 1508 1825 quem
1557 1772 1589 1811 a
1638 1771 1766 1811 san-

1883 568 1978 624 sed
2036 567 2221 623 hostes
2296 566 2540 637 undique
2600 579 2791 619 muros
2866 563 3196 634 irrumpunt.
3254 563 3463 620 Civita-

1880 666 1986 713 tem
2060 660 2327 714 violenter
2384 658 2683 724 invadunt,
2752 656 3008 711 universa
3072 656 3256 710 voraci
3307 655 3465 710 llam-

1878 766 1983 806 maa
2010 752 2254 818 tradunt,
2306 760 2565 807 cunctum
2602 749 2861 820 populum
2911 749 3141 804 diversis
3180 750 3462 819 suppliciis

1874 842 2252 912 exstinguunt,
2306 850 2535 898 cunctas
2599 849 2779 896 turres
2842 850 2897 895 et
2944 841 3122 910 ipsum
3174 840 3458 910 templum,

1875 950 2207 1006 murumque
2253 934 2307 989 in
2356 934 2588 990 circuitu
2633 949 2662 988 a
2719 931 3091 988 fundamentis
3146 932 3457 987 destruunt.

1874 1022 2140 1081 Omnibus
2191 1034 2373 1080 autem
2419 1025 2732 1091 subversis,
2793 1024 2966 1079 fertur
3014 1024 3163 1095 quod
3220 1024 3456 1091 inloco,

1872 1132 1983 1185 quo
2010 1117 2201 1173 civitas
2249 1117 2456 1186 pridem
2491 1114 2687 1182 fuerat,
2738 1123 2984 1171 aratrum
3038 1115 3319 1180 duxerint,
3370 1131 3461 1171 sa-

1872 1206 1977 1261 lem
2025 1223 2125 1278 pro
2178 1208 2386 1262 semine
2436 1207 2757 1277 sparserint.

1944 1297 2001 1352 ln
2054 1299 2157 1353 hac
2198 1299 2383 1368 itaque
2435 1298 2723 1353 obsidione
2765 1296 2964 1366 legitur
3010 1295 3158 1367 quod
3200 1296 3461 1352 undecies

1871 1398 2097 1444 centena
2146 1390 2319 1443 millia
2373 1388 2518 1443 fame
2566 1389 2847 1458 perierint,
2897 1388 3228 1458 totidemque
3278 1388 3461 1457 gladio

1868 1479 2132 1550 perempti
2190 1480 2320 1545 sint,
2392 1478 2640 1549 ejusdem
2718 1478 2930 1533 numeri
2979 1479 3033 1531 in
3090 1478 3460 1546 captivitatem

1868 1571 2147 1636 distracti,
2223 1571 2447 1626 trecenti
2506 1570 2560 1624 in
2614 1569 2876 1624 ultionem
2951 1568 3249 1623 Dominicm
3310 1571 3462 1625 necis

1867 1662 2114 1718 cruciﬁxi
2173 1672 2321 1718 sunt.
2381 1661 2640 1717 Traditur
2677 1662 2839 1716 etiam
2873 1660 3018 1731 quod
3071 1676 3178 1714 xxx
3221 1675 3321 1730 pro
3367 1661 3463 1715 de-

1868 1755 2026 1809 nario
2072 1754 2277 1809 venditi
2322 1755 2452 1820 sint,
2504 1754 2648 1810 sicut
2698 1754 2799 1823 ipsi
2853 1752 3143 1808 Dominum
3193 1769 3292 1823 pro
3351 1770 3460 1808 xxx

173 1842 333 1910 guine
358 1844 495 1897 Abel
535 1844 850 1899 elluderunt
901 1861 1187 1917 usquequo
1236 1847 1512 1917 apostolos
1560 1846 1763 1904 Christi
1797 1851 1838 1906 Β
1866 1846 2105 1902 denariis
2142 1846 2518 1913 tradiderunt;
2552 1847 2653 1913 sic,
2680 1846 3012 1912 charissimi,
3065 1846 3296 1901 reddidit
3353 1846 3458 1900 Dec

167 1933 510 2015 occiderunt.
547 1933 618 1989 Et
639 1936 771 2006 quia
814 1936 1030 1991 Patrem
1082 1947 1137 1992 et
1165 1936 1365 1992 Filium
1397 1938 1764 2005 offenderunt,

158 2032 310 2092 pater
334 2022 744 2094 Vespasianus,
761 2035 817 2081 et
838 2027 985 2083 ﬁlius
1015 2026 1171 2084 Titus
1201 2028 1306 2083 hoc
1330 2028 1763 2097 vindicaverunt,

154 2129 217 2169 ac
244 2114 469 2169 vineam
502 2118 718 2171 summi
776 2119 1210 2188 patrisfamilias,
1242 2136 1408 2190 quam
1441 2121 1497 2175 in
1548 2121 1764 2177 vineam

149 2203 532 2261 Sodomorum
560 2218 973 2277 converterant,
999 2210 1067 2267 de
1093 2227 1204 2283 qua
1230 2212 1420 2267 vinum
1444 2211 1767 2269 Gnmorrhae

144 2295 440 2363 biberant,
464 2299 870 2373 exterminavit
914 2315 1048 2370 aper
1074 2300 1142 2355 de
1171 2301 1330 2368 silva,
1360 2310 1417 2357 et
1468 2301 1765 2373 singularis

154 2386 304 2443 ferus
352 2388 633 2457 depastus
670 2372 768 2444 'est
801 2405 921 2445 eam
953 2389 1128 2450 (Psal.
1186 2392 1397 2462 mus).
1450 2372 1598 2447 Silva
1648 2403 1767 2448 erat

161 2479 456 2549 gentilitas,
490 2480 563 2536 de
597 2497 713 2551 qua
761 2496 894 2551 aper
919 2479 1293 2551 Vespasianus
1322 2468 1629 2538 exercitum
1661 2482 1767 2539 du-

167 2571 372 2638 citavit,
433 2579 491 2625 et
548 2571 776 2627 vineam
805 2613 820 2637 ,
884 2572 1092 2628 scilicet
1153 2570 1443 2641 Iudaeam,
1498 2572 1646 2630 ferro
1708 2583 1766 2630 et

173 2678 295 2734 igne
358 2662 768 2718 exterminavit.
819 2661 1126 2735 Singularis
1205 2663 1358 2721 ferus
1406 2674 1525 2722 erat
1575 2665 1759 2734 Titus,

172 2756 264 2827 qui
337 2756 498 2827 longa
579 2756 869 2812 obsidione
939 2754 1373 2829 Hierosolymam
1440 2767 1526 2815 est
1598 2760 1765 2830 depa-

172 2856 312 2903 stus.
373 2848 480 2902 Sed
521 2856 819 2919 antequam
852 2848 1071 2904 ‘civitas
1112 2857 1473 2915 everteretur,
1522 2858 1637 2907 toto
1668 2851 1762 2907 illo

170 2953 320 2995 anno
360 2939 513 2995 stella
559 2939 733 2996 instar
788 2940 952 3011 gladii
997 2956 1164 3011 super
1211 2956 1336 2997 eam
1384 2942 1618 3013 pendere
1679 2944 1762 2997 vi.

171 3031 353 3088 detur.
381 3030 564 3087 Vitula
603 3032 767 3089 etiam
818 3032 1105 3090 sacriﬁciis
1158 3033 1400 3101 admota,
1449 3050 1652 3107 agnum
1678 3042 1763 3091 est

170 3124 355 3192 enim,
409 3134 465 3180 et
506 3124 785 3181 coutinuis
823 3141 892 3179 xi.
937 3125 1194 3181 noctibus
1269 3126 1442 3196 igneae
1506 3127 1653 3182 acies
1700 3127 1757 3182 in

169 3234 299 3276 aere
356 3230 676 3286 cernuntur,
721 3221 922 3291 ,ter'npli
966 3220 1151 3291 januaa
1203 3194 1381 3276 media
1427 3231 1586 3277 nocte
1615 3222 1760 3277 ultro
1787 3194 1829 3251 Ο

172 3313 522 3383 aperiuntur,
554 3312 906 3383 maximaque
950 3312 1076 3368 luce
1120 3312 1269 3369 intus
1311 3323 1636 3370 coruscante
1665 3330 1762 3369 vo-

170 3419 266 3459 ces
297 3405 616 3475 huiusmodi
662 3404 962 3461 audiuntur
992 3422 1005 3458 :
1043 3422 1062 3456 ι
1094 3404 1466 3461 Transeamus
1513 3406 1582 3461 de
1616 3406 1765 3462 sedi-

171 3495 277 3551 bus
313 3496 456 3552 istis.
496 3516 515 3548 ι
546 3495 714 3567 Igitur
760 3496 1051 3552 transactis
1099 3505 1225 3567 post
1271 3497 1587 3568 passionem
1652 3497 1762 3554 Do-

170 3587 308 3641 mini
364 3587 732 3659 quadraginta
792 3587 1010 3642 duobus
1056 3587 1240 3654 annis,
1302 3585 1674 3658 Vespasianus
1706 3596 1761 3643 et

173 3674 358 3741 Titus,
415 3679 585 3734 duces
660 3677 1056 3745 Romanorum,
1113 3693 1241 3734 cum
1308 3680 1552 3735 maximo
1605 3696 1762 3736 exer-

168 3770 285 3827 citu
327 3768 573 3825 Judaeam
606 3769 891 3836 intrantes,
922 3770 1235 3825 universam
1264 3769 1539 3840 regionem
1575 3772 1764 3829 incen-

168 3861 266 3917 dio
292 3861 737 3917 devastaverunt.
793 3860 1035 3928 Populus
1054 3869 1237 3917 autem
1270 3877 1335 3917 ex
1365 3864 1580 3919 cunctis
1610 3864 1762 3920 urbi‘

169 3954 279 4010 bus
327 3956 401 4009 ob
449 3954 761 4026 paschalem
830 3952 1176 4012 festivitatem
1238 3953 1293 4010 in
1325 3953 1758 4029 Hierosolymam

169 4046 745 4117 oonfluxcrat:quem
794 4047 1071 4103 exercitus
1128 4048 1183 4103 in
1211 4038 1456 4119 paschali
1516 4059 1761 4120 tempore

166 4138 482 4205 obsidebat,
513 4138 656 4195 sicut
692 4138 811 4209 ipse
837 4137 1130 4194 Dominum
1154 4139 1209 4193 in
1241 4139 1486 4209 paschali
1511 4140 1598 4195 die
1633 4154 1762 4195 cru-

166 4234 447 4289 ciﬂxerat.
500 4230 688 4303 Itaque
750 4232 1051 4288 secundum
1103 4232 1268 4288 verba
1339 4231 1579 4300 Domini,
1620 4232 1757 4289 civi-

170 4332 266 4380 tas
325 4324 467 4379 vallo
497 4322 892 4391 circumdatur,
922 4322 1195 4381 machinis
1243 4324 1483 4394 undique
1543 4333 1760 4380 exstru-

167 4416 280 4473 ctis
335 4414 551 4470 fortiter
615 4414 685 4469 ab
747 4414 998 4470 hostibus
1071 4413 1426 4485 impugnatur
1475 4432 1490 4469 :
1551 4415 1646 4472 sed
1706 4424 1762 4471 et

169 4522 397 4565 summa
428 4507 480 4562 vi
511 4522 544 4562 a
595 4506 808 4562 civibus
848 4505 1189 4562 defensatur.
1253 4504 1359 4562 Sed
1402 4507 1531 4578 quia
1565 4507 1620 4561 in
1649 4506 1758 4562 Do-
1789 4534 1832 4588 ι)

167 4600 329 4655 mino
374 4597 484 4654 Deo
544 4608 758 4654 scutum
822 4597 1174 4668 protectionis
1243 4614 1354 4653 non
1427 4599 1754 4665 habuerunt,

168 4692 230 4746 in
294 4706 463 4745 manu
512 4689 697 4745 hostili
772 4700 1117 4746 corruerunt.
1190 4688 1467 4757 Quosdam
1523 4707 1758 4763 namque

171 4784 376 4850 fames,
438 4782 709 4852 quosdam
767 4783 1111 4852 consumpsit
1182 4784 1370 4850 tabes;
1421 4784 1644 4855 quidam
1688 4785 1758 4840 ab

170 4876 314 4947 ipsis
355 4875 566 4930 civibus
617 4874 911 4929 crudeliter
939 4874 1214 4942 trucidati,
1244 4876 1465 4946 quidam
1512 4886 1759 4932 mortuo.

169 4984 300 5023 rum
356 4966 531 5022 fetore
569 4974 699 5021 sunt
747 4964 1049 5036 praefocati.
1105 4965 1244 5022 Nam
1291 4968 1517 5037 pessimi
1554 4969 1758 5039 quique

169 5071 237 5117 ut
286 5075 452 5117 canes
499 5060 773 5115 civitatem
826 5059 1154 5127 circuibant,
1219 5075 1403 5116 escam
1464 5060 1531 5116 de
1593 5076 1756 5115 manu

167 5155 495 5221 mulierum,
539 5152 609 5208 de
643 5168 737 5208 ore
764 5151 1054 5208 infantium
1105 5153 1271 5208 etiam
1321 5152 1649 5223 rapiebant;
1681 5153 1759 5206 ei-

165 5261 269 5302 ves
301 5247 360 5300 in
410 5246 589 5316 platea
630 5244 897 5314 iacentes,
969 5253 1274 5299 extremum
1327 5243 1583 5313 spiritum
1642 5258 1759 5313 prae

166 5338 322 5395 fame
374 5338 675 5403 trahentes,
725 5337 895 5407 impio
930 5336 1077 5392 ferro
1105 5336 1458 5403 cruciabam;
1485 5335 1751 5391 volentes-

165 5449 282 5505 que
329 5433 472 5487 mori
512 5446 622 5485 non
652 5444 719 5485 ex
756 5438 872 5485 toto
918 5431 1369 5502 exstinguebant,
1405 5430 1500 5486 sed
1524 5430 1759 5485 miseros

166 5524 498 5580 vulneribus
541 5522 887 5592 torquebant.
930 5520 1225 5591 Postquam
1279 5536 1410 5575 vero
1462 5519 1649 5575 asinos
1676 5518 1759 5573 vel

164 5631 349 5688 equos
404 5625 713 5684 «lateraque
755 5613 1011 5667 animalia
1045 5612 1113 5667 ad
1147 5626 1303 5667 esum
1346 5611 1533 5666 illicita
1586 5610 1640 5664 in
1677 5608 1760 5665 ci-

160 5711 271 5767 bos
330 5712 821 5775 consumpserunt,
876 5705 1010 5774 ipsae
1057 5712 1264 5759 matres
1302 5702 1446 5758 ﬁlios
1501 5710 1633 5758 suos
1690 5701 1758 5758 ad

159 5800 449 5861 edendum
510 5805 904 5853 mactaverunt.
962 5795 1115 5853 Unde
1172 5812 1371 5867 magno
1427 5797 1664 5851 clamore
1704 5796 1758 5851 in

1870 1936 2052 1992 minus
2082 1938 2391 2007 septuplum
2447 1939 2500 1991 in
2569 1938 2691 1992 sinu
2742 1953 2955 2003 eorum,
3001 1938 3095 2008 qui
3150 1939 3460 1994 elluderunt

1868 2030 2188 2099 sanguinem
2237 2040 2552 2084 sanctorum
2585 2028 2762 2100 (Psal.
2824 2029 3074 2099 1.3mm).
3136 2030 3229 2085 Sic
3264 2031 3456 2085 reiicta

1867 2119 2188 2175 estdomus
2232 2119 2482 2186 deserta,
2538 2135 2704 2190 quam
2763 2119 2865 2185 ipsi
2911 2120 3228 2189 speluncam
3284 2120 3469 2177 latro-.

1868 2226 1998 2266 num
2051 2211 2339 2267 fecerunt:
2381 2213 2577 2284 sicque
2639 2212 2870 2267 Romani
2900 2220 2955 2267 et
3009 2212 3190 2268 locum
3230 2225 3284 2268 et
3321 2229 3457 2284 gen-

1870 2308 1979 2356 tem
2035 2300 2252 2356 illorum
2318 2303 2581 2358 tulerunt.
2633 2301 2736 2369 En,
2791 2302 3161 2372 dilectissimi,
3219 2304 3456 2362 audistis

1865 2392 2231 2462 captivitatem
2260 2392 2605 2461 Judaeorum,
2661 2395 2965 2451 cavendum
2993 2404 3077 2452 est
3117 2396 3276 2452 nobis
3299 2412 3331 2451 a
3363 2413 3457 2453 ca-

1866 2484 2054 2554 ptione
2080 2484 2499 2542 daemoniorum.
2553 2486 2649 2543 Illa
2680 2488 2826 2542 enim
2871 2487 3074 2558 scripta
3102 2496 3191 2543 est
3224 2488 3293 2543 ad
3328 2504 3455 2545 cor-

1866 2573 2166 2629 rectionem
2231 2586 2500 2641 nostram,
2552 2591 2622 2632 ne
2679 2592 2782 2632 nos
2832 2577 3081 2635 incautos
3120 2578 3452 2636 circumclu-

1865 2664 2002 2720 dant
2044 2674 2221 2721 castra
2266 2666 2442 2723 hostis
2482 2668 2726 2739 maligni.
2792 2668 3007 2725 Etenim
3064 2680 3125 2726 ut
3154 2688 3255 2729 nos
3302 2687 3455 2728 esse-

1867 2772 1991 2812 mus
2026 2748 2339 2828 captivitate
2396 2759 2573 2825 liberi,
2628 2760 2830 2816 summi
2879 2762 3024 2834 regis
3079 2762 3223 2820 ﬁlius
3282 2765 3448 2821 datus

1863 2857 1947 2904 est
2006 2849 2169 2906 obses
2197 2865 2298 2920 pro
2349 2852 2721 2922 redemptione
2781 2854 2973 2909 nostri.
3036 2854 3215 2927 Atque
3247 2865 3307 2912 ut
3342 2858 3447 2914 hoc

1866 2942 2129 2997 tenaciter
2151 2951 2348 3001 nostra?
2374 2944 2655 3000 memoriae
2705 2945 3071 3016 imprimatur,
3103 2948 3263 3019 panis
3288 2947 3453 3005 Chri-

1865 3032 1935 3087 sti
1982 3031 2035 3086 in
2072 3033 2294 3089 modum
2338 3035 2549 3090 denarii
2601 3034 2892 3105 formatur,
2932 3038 3059 3109 quia
3088 3039 3334 3109 profecto
3359 3041 3452 3097 ille

1865 3138 1964 3193 pro
2012 3141 2121 3180 xxx
2182 3125 2423 3181 denariis
2473 3127 2704 3183 traditus
2750 3137 2836 3183 est
2892 3129 2948 3183 in
2992 3146 3189 3186 manus
3249 3132 3449 3202 impio~

1863 3233 2030 3272 rum:
2086 3218 2181 3289 qui
2228 3233 2392 3273 verus
2438 3219 2700 3276 denarius
2750 3220 2970 3276 dabitur
3013 3222 3067 3276 in
3095 3222 3252 3278 vinea
3275 3239 3451 3295 usque

1863 3307 1929 3363 ad
1958 3324 2242 3379 vesperam
2292 3308 2668 3365 laborantibus
2717 3310 3003 3380 praemium
3055 3312 3302 3367 omnium
3351 3314 3447 3383 ju-

1864 3410 2097 3457 storum.
2148 3400 2273 3457 Haec
2312 3402 2600 3472 captivitas
2653 3403 2932 3473 praecessit
2972 3403 3025 3458 in
3081 3406 3256 3476 ﬁgura
3307 3405 3451 3461 sicut

1863 3493 2023 3549 nobis
2067 3492 2233 3550 refert
2273 3509 2430 3550 sacra
2507 3493 2789 3565 Scriptura
2836 3512 2850 3550 :
2900 3492 3036 3550 Cum
3092 3494 3241 3551 Elias
3291 3496 3457 3566 igneo.

1874 3599 2039 3640 curru
2092 3584 2145 3639 in
2172 3584 2372 3641 coelum
2434 3585 2856 3651 transferretur,
2915 3594 2967 3640 et
3015 3584 3228 3642 Eliseus
3280 3588 3449 3658 pallio

1863 3676 1997 3734 Elim
2039 3677 2277 3734 Iordane
2323 3678 2522 3744 diviso,
2577 3679 2643 3733 ad
2673 3676 2897 3734 Jericho
2950 3687 3334 3747 reverteretur,
3378 3696 3455 3737 eo

1864 3768 1991 3824 inde
2023 3769 2090 3824 ad
2113 3767 2299 3824 Bethel
2321 3768 2648 3825 ascendente
2677 3767 2831 3838 pueri
2847 3767 2897 3823 ei
2931 3768 3221 3824 illuserunt
3249 3788 3268 3823 ι
3309 3789 3321 3824 :
3350 3770 3453 3825 As-

1863 3860 2055 3925 cende,
2075 3860 2246 3925 calve,
2278 3860 2516 3915 ascende
2546 3860 2698 3915 calve
2728 3880 2745 3911 ι
2776 3861 3150 3918 clamaverunt
3176 3860 3289 3933 (IV
3316 3861 3444 3933 Reg.

1864 3952 1926 4024 l).
1974 3950 2185 4019 Quibus
2217 3951 2347 4007 dum
2396 3951 2486 4007 ille
2527 3951 2891 4018 malediceret,
2941 3951 3053 4008 duo
3080 3952 3196 4009 ursi
3217 3954 3285 4009 de
3310 3955 3447 4010 silva

1862 4042 2070 4113 egressi
2119 4049 2270 4108 sunt,
2327 4041 2421 4111 qui
2470 4056 2579 4094 xu:
2619 4054 2821 4110 pueros
2872 4040 3268 4096 laceraverunt.
3300 4041 3449 4099 Elias

1861 4143 1980 4189 erat
2042 4133 2099 4188 in
2155 4134 2329 4203 ﬁgura
2369 4132 2662 4197 Christus;
2703 4131 2795 4186 hic
2841 4131 2910 4186 ad
2941 4130 3130 4187 Bethel
3180 4134 3444 4202 ascendit,

1861 4227 1992 4283 dum
2040 4227 2109 4282 de
2171 4223 2510 4281 Hierusalem
2557 4225 2625 4280 ad
2699 4239 2919 4280 crucem
2979 4224 3227 4280 tetendit.
3308 4223 3447 4283 Huic

1860 4319 2016 4390 pueri
2056 4319 2417 4373 illuseruntu
2458 4316 2726 4382 Ascende,
2770 4316 2943 4384 calve,
2982 4335 3002 4369 ι
3049 4316 3445 4386 clamaverunt,

1860 4412 1990 4467 dum
2007 4409 2178 4467 Judaei
2195 4411 2389 4481 puerili
2405 4425 2568 4466 sensu
2594 4407 2828 4464 Domino
2849 4425 2949 4480 pro
2971 4408 3132 4465 nobis
3153 4408 3442 4482 flagellato,

1860 4503 2142 4559 decalvato
2171 4503 2225 4558 in
2254 4503 2519 4558 Calvariae
2552 4501 2674 4557 loco
2700 4501 2755 4556 in
2792 4516 2958 4558 cruce
2976 4501 3284 4559 illuserunt.
3326 4501 3448 4559 Mos

1860 4594 2061 4665 quippe
2117 4594 2262 4664 apud
2301 4593 2556 4663 antiquos
2590 4601 2711 4648 erat
2740 4591 3140 4664 cruciﬁgendos
3170 4593 3326 4665 prius
3347 4593 3447 4651 lla-

1859 4686 2049 4757 gellari
2109 4701 2174 4740 ac
2223 4684 2517 4751 decalvari,
2571 4684 2653 4740 sic
2713 4692 2893 4755 potest
2945 4684 3110 4739 etiam
3169 4684 3226 4739 in
3286 4700 3446 4742 sacra

1861 4777 2141 4849 Scriptura
2180 4777 2398 4833 notari:
2434 4794 2453 4829 ‹
2505 4776 2813 4850 Devorabit,
2856 4778 3052 4849 inquit,
3080 4777 3293 4847 gladius
3319 4794 3445 4835 car-

1858 4885 1962 4927 nes
2001 4871 2068 4926 de
2099 4884 2298 4926 cruore
2335 4871 2669 4935 occisarum,
2728 4878 2782 4923 et
2809 4868 2877 4923 de
2904 4868 3218 4939 captivitate
3252 4869 3445 4927 nudati

1860 4963 2054 5033 capitis
2086 4963 2435 5018 inimicorum
2467 4961 2651 5033 (Deut.
2684 4960 2895 5030 χχχιιι).
2939 4979 2958 5012 ι
2991 4958 3128 5016 Nam
3155 4969 3210 5017 et
3242 4963 3443 5033 captivi

1859 5055 2305 5123 decalvabantur,
2354 5055 2451 5125 qui
2492 5053 2885 5110 vendebantur.
2921 5051 3039 5108 Hoc
3060 5052 3276 5110 videtur
3337 5071 3453 5111 no--

1862 5158 1975 5205 stra
2046 5157 2275 5204 tonsura
2343 5146 2650 5217 exprimere
2674 5187 2689 5213 ,
2740 5145 2836 5216 qui
2907 5159 3198 5202 censemur
3259 5144 3447 5203 Christ

1861 5240 2090 5312 ﬁguram
2158 5253 2364 5311 gerere.
2427 5237 2619 5294 Pueris
2678 5246 2863 5293 autem
2925 5238 2996 5293 ab
3066 5235 3251 5294 Eliseo
3325 5253 3444 5292 ma-

1860 5333 2141 5398 ledicitur,
2198 5331 2330 5389 dum
2381 5331 2693 5388 maledictio
2752 5331 3038 5403 sanguinis
3087 5330 3210 5401 ejus
3277 5344 3442 5399 super

1861 5438 1963 5478 nos
2026 5430 2082 5478 et
2129 5437 2294 5492 super
2350 5421 2493 5479 ﬁlios
2549 5431 2769 5478 nostros
2834 5419 3052 5476 Judreos
3122 5419 3399 5475 inducitur
3421 5435 3447 5486 ;-

1860 5515 1973 5570 duo
2016 5514 2132 5570 ursi
2161 5516 2230 5570 de
2275 5514 2410 5571 silva
2461 5514 2668 5585 egressi
2715 5512 3079 5585 quadraginta
3129 5511 3270 5566 duos
3303 5524 3440 5579 pue-

1861 5614 1953 5663 roS
2011 5600 2422 5672 laceraverunt,
2466 5606 2597 5661 dum
2645 5614 2770 5675 post
2811 5618 2924 5658 χιιι
2974 5616 3151 5656 annos
3194 5599 3305 5654 duo
3335 5598 3441 5653 im-

1861 5709 2139 5773 peratores
2195 5699 2262 5755 de
2318 5699 2618 5771 gentilitate
2686 5696 2916 5763 egressi,
2992 5692 3162 5748 armis
3221 5689 3446 5745 Iudaeos

1863 5795 2116 5850 atrociter
2134 5793 2627 5865 strangulaverunt.
2667 5787 2776 5844 Nos
2804 5802 2955 5857 ergo,
2986 5786 3320 5850 charissimi,
3350 5801 3437 5839 [ll-
