3948 6448
194 384 334 443 1097

1126 388 1696 445 DEFIDRATIONES
1733 386 1831 441 SS.
1874 383 2182 439 PATRUM.
2225 414 2293 421 -—
2333 381 2460 437 LIB.
2502 381 2565 435 11.

3313 383 3333 436 l
3347 384 3451 440 0‘33

182 486 453 556 'Comedit
504 515 638 572 ergo
664 513 715 556 et
740 498 896 565 bibit,
924 508 975 553 et
1005 515 1225 556 rursum
1255 503 1605 568 obdormivit,
1633 502 1779 558 scili-
1813 506 1852 559 Α
1882 515 2009 553 vera
2038 509 2091 552 et
2123 507 2322 552 aeterna
2359 496 2499 551 bona
2529 494 2872 561 an‘cctantur,
2897 493 3115 566 quando
3142 494 3312 550 ﬁdelis
3336 514 3460 552 om-

196 598 279 644 cet
306 590 361 643 in
388 605 524 659 pace
550 597 605 644 et
626 590 812 659 quieta
840 589 1037 644 mentis
1061 592 1477 661 tranquillitate.
1512 591 1577 647 Et
1598 593 1781 648 denuo

201 694 457 734 reversus
480 681 707 748 angelus
752 677 967 733 Domini
998 680 1169 752 tetigit
1193 697 1340 748 eum,
1389 682 1633 753 dixitque
1660 683 1734 736 illi
1762 700 1776 736 :

206 789 224 822 ε
258 770 433 841 Surge
485 770 611 841 (111
658 771 782 838 Reg.
816 771 898 840 χ),
938 790 956 822 ι
995 772 1047 825 id
1074 780 1160 827 est
1192 771 1260 825 ad
1300 788 1535 842 superna
1566 785 1616 828 te
1653 773 1782 827 sub-

201 861 339 926 leva,
389 862 483 931 qui
520 870 573 915 et
608 860 677 915 ad
704 860 1003 929 discipulos
1043 878 1057 914 :
1100 878 1119 912 α
1159 859 1402 916 Dormite
1437 862 1574 931 jam,
1608 871 1663 917 ct
1698 878 1783 917 re-

203 954 467 1022 quiescite
482 972 495 1007 :
510 951 911 1022 sullicit(Marc.
927 953 1062 1021 xlv).
1088 971 1108 1004 ›
1128 950 1386 1020 Comede,
1400 954 1451 1007 id
1470 955 1781 1024 estprazliba

202 1056 255 1097 et
302 1052 459 1113 gusta
502 1043 569 1097 de
620 1044 830 1097 interna
875 1042 1182 1097 dulcedine.
1222 1041 1342 1097 Non
1389 1045 1785 1101 determinatnr

204 1136 333 1206 quid
370 1136 737 1200 comederint,
764 1135 892 1206 quia
923 1143 1115 1204 gustus
1142 1135 1285 1190 illius
1306 1136 1608 1192 dulcedinis
1637 1138 1783 1193 indi».

203 1226 383 1282 cibilis
410 1235 513 1291 est,
536 1226 647 1280 imo
684 1225 1144 1297 inexcogitabilis;
1177 1226 1383 1294 acquiri
1411 1235 1606 1295 potest,
1634 1228 1783 1281 aesti-

205 1319 340 1374 mari
363 1334 467 1373 non
486 1327 678 1388 potest.
698 1316 835 1371 Huic
857 1316 1077 1387 grandis
1105 1316 1193 1371 via
1221 1325 1408 1383 restat,
1441 1318 1491 1372 id
1507 1329 1590 1372 est
1605 1318 1785 1372 chari-

203 1418 311 1475 tas,
360 1425 482 1480 qum.
521 1409 575 1463 in
634 1423 820 1463 mensa
853 1417 955 1473 est,
980 1408 1116 1463 adeo
1138 1408 1282 1478 quod
1314 1407 1485 1463 Deum
1534 1409 1601 1464 ad
1644 1410 1785 1464 hanc

202 1501 398 1553 vallem
426 1500 791 1570 lacrymarum
816 1498 1093 1552 inclinavit
1111 1506 1167 1552 ut
1185 1513 1243 1553 se
1263 1498 1585 1553 exinaniret.
1610 1498 1787 1553 Gran-

201 1590 290 1644 dis
312 1589 589 1660 perfectio,
617 1606 740 1661 quae
767 1589 1041 1643 hominem
1070 1604 1245 1660 usque
1280 1589 1349 1645 ad
1386 1589 1480 1644 Dei
1504 1590 1783 1644 dexteram

203 1682 535 1736 sublimavit.
565 1680 671 1748 Qui
702 1682 756 1735 in
801 1681 903 1735 hac
933 1682 1016 1735 via
1052 1682 1187 1752 pede
1214 1681 1480 1737 iuoll‘enso
1503 1681 1789 1737 incesserit

200 1778 377 1843 potest
396 1772 579 1827 dicere
607 1791 620 1826 :
653 1791 670 1823 ι
703 1770 1083 1827 Transivintu's
1109 1787 1207 1841 per
1232 1772 1410 1844 ign'em
1432 1771 1607 1838 (Psal.
1634 1772 1783 1841 va),

1881 591 2042 645 nibus
2070 588 2397 644 transitoriis
2437 586 2660 642 calcatis
2690 586 2743 640 in
2774 586 2954 641 solum
2987 586 3159 641 Deum
3191 588 3454 659 suspirat,

1881 681 2027 736 hunc
2049 681 2182 747 sitit,
2212 682 2355 734 hunc
2371 677 2563 745 esurit,
2593 679 2739 733 hunc
2760 679 2979 749 cogitat.
2999 677 3094 733 Est
3113 694 3242 750 ergo
3273 689 3455 737 trans—

1881 774 2119 827 eundum
2151 773 2218 827 de
2240 786 2425 826 amore
2449 770 2827 840 temporalium
2861 770 2927 824 ad
2951 785 3193 824 amorem
3224 780 3459 827 teterno-

1881 880 2027 930 rum,
2051 864 2190 920 sicut
2215 863 2431 918 transiit
2450 861 2681 933 Moyses,
2719 861 2811 931 qui
2839 862 2973 916 vidit
3008 863 3204 928 rubum
3241 864 3458 929 ardere,

1882 971 1982 1010 nec
2003 956 2248 1011 comburi
2297 954 2496 1025 (Exod.
2531 954 2608 1022 v).
2669 952 2960 1023 Obstupuit
3013 955 3229 1024 quidem
3281 956 3460 1025 primo

1881 1046 1973 1115 qui
1994 1047 2143 1116 prius
2167 1046 2338 1101 sensit
2357 1045 2522 1099 alium
2546 1045 2745 1116 ignem,
2763 1046 2969 1100 scilicet
2988 1062 3227 1101 amorem
3248 1046 3465 1103 Ethio-

1881 1134 2043 1207 pissae
2076 1152 2209 1203 suae,
2262 1136 2316 1190 id
2355 1136 2619 1205 estprius
2661 1134 2923 1206 ﬂagrabat
2965 1137 3156 1190 ardore
3193 1139 3461 1207 concupi-

1883 1230 2122 1294 scentiae,
2154 1228 2248 1297 qui
2281 1227 2508 1282 oﬂ'uscat
2537 1236 2807 1283 amatores
2832 1244 2962 1283 suos
2989 1247 3004 1296 ;
3044 1230 3137 1285 sed
3166 1231 3283 1285 viso
3319 1231 3468 1300 quod

1884 1320 2056 1374 rubus
2087 1318 2312 1373 ardebat
2360 1334 2462 1372 nec
2501 1318 2947 1385 consumebatur,
2991 1319 3105 1375 ait:
3139 1339 3158 1371 ‹
3195 1320 3469 1374 Transibo

1883 1418 1938 1464 ct
1988 1409 2179 1462 videbo
2231 1408 2497 1463 visionem
2560 1407 2701 1461 hanc
2749 1422 3001 1477 magnam
3040 1409 3240 1478 (ibid.),
3280 1409 3470 1478 sicque

1884 1500 2135 1556 transivit
2164 1500 2231 1554 ad
2256 1500 2435 1570 ignem
2481 1498 2649 1553 divini
2678 1499 2904 1553 amoris.
2937 1497 3035 1552 Hie
3066 1499 3328 1554 transitus
3356 1514 3471 1552 non

1884 1591 1945 1646 ﬁt
1970 1592 2074 1646 nisi
2107 1590 2277 1663 gratia
2307 1589 2421 1645 Dei.
2449 1587 2584 1656 Quae
2612 1605 2719 1643 una
2747 1590 3050 1644 secundum
3077 1589 3302 1645 allectus
3332 1606 3465 1645 suos

1885 1682 2079 1752 triplex
2135 1697 2256 1737 esse
2300 1681 2539 1736 dicitur:
2577 1678 2759 1734 Prima
2800 1679 2977 1735 initiat
3020 1690 3079 1735 ut
3117 1697 3377 1737 vocemur
3415 1691 3474 1738 et

1887 1773 2060 1828 simus
2090 1772 2303 1827 initium
2336 1780 2600 1827 creatura:
2650 1770 2799 1842 ejus;
2849 1772 3089 1827 secunda
3129 1775 3379 1843 provehit
3412 1784 3472 1831 ut

196 1863 289 1934 qui
318 1866 606 1919 consumit
632 1862 828 1931 solida,
853 1864 1181 1933 constringit
1202 1872 1256 1918 et
1285 1864 1523 1919 dissilire
1552 1862 1703 1929 facit,
1733 1862 1787 1919 id
1818 1865 1861 1920 B
1885 1861 2280 1933 justiﬁcemur;
2343 1861 2500 1917 tertia
2559 1870 2908 1916 consummat
2964 1871 3023 1916 ut
3076 1861 3467 1934 gloriﬁcemur.

191 1963 270 2009 cst
316 1956 577 2022 adversa,
625 1965 680 2011 et
728 1971 825 2027 per
854 1972 1052 2026 aquam
1082 1972 1205 2026 quae
1234 1957 1429 2024 mollit,
1452 1957 1505 2011 id
1539 1965 1623 2012 est
1660 1972 1785 2027 pro-

184 2063 368 2116 spera.
419 2048 743 2104 Notandum
770 2050 914 2121 quod
952 2049 1126 2104 tribus
1157 2050 1334 2105 modis
1361 2050 1560 2105 dicitur
1585 2049 1741 2120 panis
1768 2064 1781 2102 :

178 2130 344 2195 Panis
390 2142 763 2212 purgatorius
803 2157 928 2197 cum
976 2140 1358 2209 amaritudine,
1401 2157 1562 2212 quem
1604 2156 1787 2196 come-

165 2230 313 2285 dunt
336 2232 664 2299 initiantes,
699 2249 862 2303 quem
902 2233 1172 2305 signiﬁcat
1202 2234 1358 2304 panis
1389 2233 1785 2291 subcinericius

178 2339 287 2394 quo
324 2322 579 2379 refectus
604 2337 693 2381 est
720 2324 885 2380 Elias.
904 2325 1067 2381 Panis
1090 2326 1487 2382 consolatorius
1509 2342 1631 2382 cum
1665 2326 1785 2380 dul-

184 2417 373 2471 cedine
400 2436 413 2470 :
443 2418 599 2473 unde
630 2419 834 2474 dicitur
871 2438 883 2473 :
912 2417 1221 2474 Secundum
1250 2419 1652 2473 multitudinem
1683 2419 1784 2473 do-

191 2508 368 2562 lorum
407 2524 668 2564 meorum
705 2511 760 2565 in
804 2509 967 2566 corde
993 2525 1114 2565 meo
1137 2511 1538 2565 consolationes
1564 2520 1666 2564 tune
1695 2511 1786 2565 la:-

197 2598 546 2653 tilicaverunt
595 2599 839 2653 animam
890 2615 1066 2654 meam
1124 2599 1297 2669 (Psal.
1347 2598 1559 2668 xcxtn).
1609 2619 1628 2650 ι
1672 2598 1788 2655 lloc

204 2698 496 2751 vescuntur
539 2691 912 2760 proficientes,
958 2691 1102 2761 quod
1151 2691 1488 2761 signiﬁcatur
1533 2707 1630 2761 per
1680 2692 1788 2747 hoc

204 2782 352 2851 quod
374 2780 555 2834 denuo
576 2782 815 2836 comedit
837 2782 1002 2837 Elias.
1031 2781 1196 2836 Panis
1224 2783 1501 2837 solitarius
1517 2798 1639 2837 cum
1672 2781 1785 2836 for-

196 2872 440 2927 'titudine
464 2883 547 2928 est
573 2873 813 2929 charitas
837 2875 1057 2929 robusta
1081 2884 1134 2929 et
1157 2874 1393 2944 perfecta
1422 2877 1474 2929 in
1493 2875 1648 2945 cujus
1669 2875 1785 2930 for-

201 2962 438 3017 titudine
461 2963 774 3030 ambulavit,
802 2980 867 3018 xi.
894 2964 1085 3019 diebus
1113 2972 1165 3017 et
1196 2981 1262 3018 x1.
1292 2966 1563 3031 noctibus,
1611 2966 1661 3020 id
1704 2974 1789 3021 cst

206 3066 304 3121 per
333 3052 702 3122 impletionem
720 3053 1100 3125 decalogorum
1130 3062 1183 3108 et
1212 3063 1448 3124 quatuor
1464 3053 1785 3124 Evangelia-

206 3157 330 3195 rum
363 3142 429 3195 ad
456 3153 693 3197 montem
722 3141 815 3197 Dei
846 3140 1041 3197 lloreb.
1063 3141 1263 3208 lloreb,
1283 3143 1519 3198 solitudo
1546 3144 1629 3198 vel
1656 3159 1787 3199 con-

205 3247 406 3287 versus
422 3233 475 3286 in
493 3233 658 3287 vitam
683 3233 1041 3288 monasticam
1066 3235 1147 3287 vel
1177 3234 1229 3287 in
1251 3248 1492 3288 eremum
1517 3234 1787 3305 signiﬁca-

204 3331 321 3389 tur,
348 3324 647 3379 sccundum
679 3325 808 3379 illud
846 3343 866 3375 α
901 3342 914 3377 :
945 3324 1079 3390 Quis
1105 3325 1256 3379 dabit
1281 3326 1413 3379 mihi
1448 3342 1654 3396 pennas
1677 3328 1787 3382 sic-

205 3425 268 3469 ut
298 3416 586 3481 columbas,
613 3425 667 3471 et
704 3416 897 3471 volabo
923 3425 977 3470 et
1000 3417 1376 3487 requiescam?
1404 3417 1584 3489 (Psal.
1607 3420 1740 3488 Liv.)
1764 3437 1781 3470 ι

371 3573 451 3628 De
484 3574 649 3629 verbis
678 3572 1006 3644 Sapientia:
1035 3594 1053 3626 ‹
1092 3572 1333 3628 Transite
1362 3575 1431 3627 ad
1464 3589 1561 3628 me.
1601 3593 1619 3625 ι

286 3742 307 3775 ι
351 3719 603 3779 Transito
637 3725 704 3779 ad
734 3740 841 3788 me,
866 3740 1055 3779 omnes
1076 3724 1169 3795 qui
1192 3722 1577 3793 concupiscitis
1604 3738 1708 3789 me,
1735 3729 1791 3776 et

201 3832 237 3872 ε
286 3816 735 3888 generationibus
776 3816 913 3871 meis
956 3815 1292 3886 implemini,
1349 3834 1367 3866 ι
1426 3816 1503 3868 ait
1557 3812 1788 3883 Sapien-

202 3910 281 3963 tia
316 3907 485 3979 (Eccl.
517 3909 686 3979 xxrv).
716 3908 913 3963 Fidelis
940 3923 1117 3963 sermo
1137 3918 1189 3961 et
1215 3908 1639 3972 exhortatorius,
1673 3907 1789 3959 ala-

202 4002 288 4055 cri
321 4000 611 4055 devotione
639 3999 1037 4069 suscipiendus.
1070 3999 1198 4054 Duae
1240 4008 1368 4053 sunt
1406 3998 1505 4053 via:
1542 3999 1792 4053 maxima:

199 4091 352 4146 inter
378 4105 436 4144 se
464 4090 725 4144 distantes
748 4108 761 4142 :
783 4105 887 4143 una
909 4105 1029 4159 qua:
1050 4098 1266 4159 separat
1290 4097 1343 4143 et
1368 4087 1577 4142 seducit
1599 4103 1628 4141 a
1658 4086 1790 4153 Deo,

199 4183 380 4236 altera
408 4197 529 4251 qua:
548 4190 765 4236 revocat
788 4191 843 4236 et
864 4182 1071 4235 reducit
1095 4180 1160 4234 ad
1194 4179 1386 4234 Deum.
1412 4177 1469 4232 In
1494 4179 1579 4232 illa
1604 4178 1791 4232 mundi

201 4281 487 4326 amatores
518 4273 844 4341 spatiantur,
888 4281 941 4326 et
983 4282 1231 4327 errantes
1273 4286 1368 4342 per
1400 4269 1554 4326 devia
1597 4284 1793 4340 exspa-

201 4364 285 4417 tia
330 4373 447 4429 tur;
480 4380 575 4433 per
604 4364 744 4419 hanc
768 4363 986 4419 Christo
1007 4364 1143 4418 duce
1166 4372 1218 4418 et
1240 4362 1437 4418 comite
1458 4369 1793 4431 contempto-

201 4467 303 4508 res
326 4454 529 4519 smculi,
557 4454 624 4507 de
650 4454 766 4508 luto
810 4453 1029 4525 Egypti
1058 4455 1124 4507 ad
1151 4453 1389 4524 quietem
1418 4459 1472 4508 et
1496 4455 1790 4523 repromis-

196 4557 328 4596 sam
365 4549 565 4596 terram
610 4542 904 4597 viventium
948 4542 1176 4599 feliciter
1219 4543 1617 4614 ingrediuntur.
1652 4541 1789 4598 Sunt
1821 4554 1865 4608 Ι)

197 4638 375 4692 etiam
413 4637 534 4693 duae
576 4637 1031 4708 concupiscentia:
1064 4656 1076 4691 :
1116 4651 1224 4691 una
1268 4635 1573 4705 culpabilis,
1619 4633 1787 4688 altera

196 4729 522 4784 laudabilis.
556 4728 856 4800 Culpabilis
870 4738 953 4783 est
977 4743 1099 4798 quae
1130 4741 1231 4782 nos
1261 4724 1535 4796 immergit
1564 4723 1790 4779 sarcula-

195 4822 366 4877 ribus
390 4832 443 4877 et
463 4822 776 4877 carnalibus
796 4819 1101 4876 desideriis.
1121 4816 1435 4872 Laudabilis
1456 4815 1653 4886 duplex
1682 4823 1785 4868 est.

198 4911 329 4967 Una
355 4925 436 4968 est
463 4929 527 4968 ex
565 4913 846 4984 privilegio
877 4920 1119 4977 natura};
1146 4911 1316 4965 altera
1342 4924 1409 4963 ex
1433 4908 1635 4963 talento
1662 4922 1790 4977 gra-

196 5007 317 5060 tiae.
351 5005 627 5061 Naturalis
650 5014 734 5061 est
770 5003 1209 5075 concupiscentia
1254 5017 1363 5072 qua
1413 5001 1792 5071 unusquisque

193 5117 358 5161 amat
389 5117 441 5162 et
470 5107 695 5177 appetit,
720 5106 971 5176 quamvis
992 5105 1205 5160 diversa
1229 5103 1314 5157 via
1334 5117 1525 5157 omnes
1551 5102 1616 5156 ad
1648 5100 1790 5155 ida-m

193 5207 456 5274 tendant,
489 5209 581 5263 alii
610 5224 707 5278 per
735 5208 983 5274 divitias,
1018 5206 1109 5261 alii
1142 5222 1238 5277 per
1269 5206 1527 5269 honores,
1567 5202 1656 5257 alii
1697 5219 1792 5272 per

193 5310 672 5381 magniﬁcentiam
712 5316 767 5364 et
809 5307 1223 5378 amplitudinem
1251 5303 1511 5368 nominis,
1557 5302 1647 5356 alii
1698 5316 1793 5371 per

190 5411 542 5480 voluptates,
572 5408 861 5464 sicutdicit
876 5406 1118 5463 Boetius.
1142 5405 1212 5460 At
1240 5405 1318 5460 illi
1344 5404 1607 5460 falluntur
1626 5410 1681 5457 ct
1706 5417 1793 5456 er-

193 5520 358 5567 rant.
386 5508 495 5564 Ista
528 5508 742 5564 all‘ectio
767 5516 851 5563 est
885 5522 1042 5562 amor
1062 5516 1356 5563 extraneas
1380 5505 1446 5560 de
1468 5506 1626 5575 longe
1656 5503 1793 5559 olfa-

186 5613 361 5670 ciens
390 5608 727 5674 bonum,sed
759 5623 870 5663 non
894 5608 1271 5679 contemplans
1290 5621 1322 5662 c
1342 5606 1523 5661 vicino
1551 5604 1793 5659 suavita-

185 5723 313 5769 tem
350 5712 525 5768 illius.
580 5708 787 5764 Bonum
820 5709 966 5763 enim
1008 5718 1215 5765 natura:
1242 5717 1344 5773 est,
1370 5723 1477 5763 non
1521 5708 1793 5778 reparatio

176 5806 417 5881 gratiae.
443 5802 541 5856 ltla
571 5802 736 5855 altera
768 5815 930 5870 quam
963 5802 1135 5873 gratia
1161 5799 1369 5857 confert
1395 5809 1475 5857 est
1503 5816 1607 5872 qua
1630 5801 1790 5855 etiam

448 5917 728 5977 I'n'ttOL.
770 5913 1001 5978 CLVII.

1884 1953 2068 2009 Prima
2097 1954 2295 2010 dicitur
2321 1953 2719 2024 beneplacitum
2737 1994 2751 2015 ,
2782 1954 3019 2009 secunda
3048 1955 3326 2021 meritum,
3358 1965 3471 2011 ter-

1886 2048 1961 2102 tia
2004 2046 2309 2117 praemium.
2360 2045 2434 2101 De
2476 2046 2652 2116 prima
2684 2045 2883 2101 dicitur
2935 2064 2949 2101 :
3007 2046 3083 2102 De
3133 2048 3472 2117 plenitudine

1888 2139 2009 2210 ejus
2056 2153 2247 2194 omnes
2288 2138 2599 2208 accepimus
2630 2136 2810 2206 (Joan.
2844 2138 2912 2207 I);
2951 2156 2969 2188 ι
2998 2138 3064 2193 de
3101 2138 3314 2194 duabus
3340 2139 3471 2194 reli-

1886 2231 2012 2301 quis
2049 2248 2062 2284 :
2098 2247 2116 2280 ι
2152 2229 2393 2284 Gratiam
2421 2244 2521 2299 pro
2543 2228 2714 2298 gratia
2746 2228 2949 2296 (ἰωή),
2986 2247 3003 2279 ι
3039 2228 3092 2283 id
3117 2238 3199 2285 est
3227 2245 3327 2299 pro
3348 2245 3472 2285 meo

1886 2324 1991 2377 rito
2017 2321 2332 2392 temporalis
2353 2320 2577 2385 militiae,
2598 2319 2880 2390 praemium
2905 2327 3118 2375 aeterna:
3134 2320 3335 2391 gloriae.
3362 2320 3471 2375 Fe-

1885 2415 1959 2469 lix
1994 2414 2081 2469 hic
2104 2413 2365 2468 transitus
2395 2428 2504 2482 quo
2527 2411 2790 2467 transitur
2817 2411 2881 2465 ad
2909 2411 3250 2481 sapientiam.
3308 2411 3474 2479 Quis-

1887 2504 2011 2574 quis
2039 2503 2120 2559 sic
2155 2503 2389 2558 transire
2430 2503 2732 2572 incaaperit,
2764 2509 2953 2557 caveat
2984 2518 3351 2573 summopere,
3400 2518 3473 2559 ne

1886 2596 1956 2651 ad
1994 2596 2216 2650 modum
2245 2595 2433 2649 uxoris
2462 2594 2598 2649 Loth
2629 2603 2774 2649 retro
2803 2594 3064 2663 aspiciat;
3089 2595 3180 2664 qui
3201 2596 3313 2665 jam
3349 2610 3473 2649 ma-

1887 2701 1993 2741 nus
2034 2686 2183 2741 misit
2216 2687 2284 2741 ad
2314 2696 2579 2753 aratrum,
2606 2687 2784 2740 videat
2811 2702 2876 2740 ne
2918 2688 2985 2741 ad
3014 2686 3357 2759 naufragium
3386 2704 3475 2743 re.

1887 2776 2032 2842 deat,
2066 2778 2132 2831 de
2154 2793 2262 2847 quo
2288 2777 2467 2833 nudus
2489 2779 2693 2844 evasit;
2720 2794 2819 2833 nec
2844 2778 2908 2831 ad
2944 2778 3122 2849 ignem
3152 2778 3218 2833 de
3252 2795 3362 2848 quo
3383 2795 3475 2835 se-

1891 2869 2129 2924 miustus
2161 2869 2348 2935 exivit,
2372 2884 2472 2924 nec
2488 2870 2553 2923 ad
2577 2868 2817 2923 latrones
2848 2870 3047 2941 quibus
3070 2870 3365 2925 semivivus
3386 2886 3475 2927 re-

1886 2960 2048 3017 licius
2081 2963 2374 3017 miserante
2407 2963 2751 3018 Samaritano
2778 2965 3033 3019 reductus
3056 2972 3179 3030 est;
3214 2981 3281 3020 ne
3315 2966 3474 3021 miles

1886 3052 2091 3109 Christi
2141 3054 2256 3125 jam
2307 3067 2463 3125 rapto
2506 3056 2643 3111 ctelo
2698 3057 2767 3110 ab
2810 3057 2930 3126 ipso
2979 3056 3203 3111 introitu
3254 3073 3477 3113 revoces

1890 3155 2003 3213 tur,
2035 3148 2183 3202 velut
2228 3148 2380 3203 canis
2429 3148 2496 3202 ad
2526 3148 2811 3214 vomitum,
2860 3164 2955 3203 sus
2985 3150 3051 3203 ad
3099 3150 3470 3205 volutabrum.

1967 3257 1986 3291 ‹
2030 3237 2281 3294 Transite
2303 3239 2370 3293 ad
2401 3254 2506 3304 me,
2536 3253 2727 3294 omnes
2748 3239 2839 3308 qui
2864 3240 3249 3309 concupiscitis
3280 3255 3388 3310 me,
3417 3249 3478 3296 et

1888 3345 1919 3384 a
1955 3329 2397 3402 generationibus
2420 3330 2558 3383 meis
2583 3329 2903 3399 implemini.
2945 3349 2963 3381 ι
2993 3329 3126 3385 Tres
3153 3339 3281 3386 sunt
3305 3347 3477 3402 gene-

1889 3421 2153 3485 rationes,
2200 3420 2456 3484 carnalis,
2512 3420 2810 3485 saecularis,
2858 3421 3178 3489 spiritualis.
3222 3421 3475 3479 Carnalis

1900 3513 2178 3585 generatio
2200 3520 2283 3567 cst
2306 3527 2469 3582 quam
2498 3513 2663 3566 homo
2685 3528 2750 3567 ex
2769 3527 2827 3566 se
2842 3514 3046 3583 genuit,
3072 3528 3236 3584 opera
3266 3515 3479 3570 scilicet

1894 3606 2175 3661 immunda
2200 3622 2265 3661 ac
2292 3606 2564 3673 scurrilia,
2596 3616 2648 3660 et
2679 3615 2873 3661 caetera
2895 3649 2907 3673 ,
2928 3623 3049 3677 quze
3091 3616 3219 3663 sunt
3260 3607 3476 3666 fructus

1891 3700 2048 3754 malze
2085 3698 2318 3754 arboris.
2351 3697 2641 3754 Smcularis
2690 3700 2964 3769 generatio
2993 3708 3077 3755 est
3130 3701 3185 3754 in
3234 3701 3477 3772 acquisio

1890 3790 2041 3845 tione
2066 3790 2415 3859 praediorum,
2449 3792 2501 3845 in
2535 3790 2855 3844 celsitudine
2885 3793 3139 3860 potentia:
3186 3802 3240 3846 et
3282 3801 3477 3847 exten-

1892 3879 2046 3933 sione
2073 3879 2335 3945 nominis,
2360 3881 2500 3935 sicut
2540 3880 2739 3934 dicitur
2770 3896 2783 3933 :
2817 3900 2835 3931 ‹
2866 3880 3208 3936 Vocavcrunt
3247 3883 3478 3939 nomina

1893 3986 1992 4023 sua
2017 3971 2069 4023 in
2093 3970 2253 4026 terris
2277 3971 2393 4025 suis
2423 3971 2596 4035 (Psal.
2631 3971 2843 4041 xcvm).
2882 3991 2900 4022 ι
2930 3971 3047 4026 lstze
3075 3976 3476 4041 generationes,

1894 4071 1953 4115 ut
1981 4061 2113 4116 dicit
2142 4060 2422 4134 Origenes,
2449 4078 2557 4116 non
2596 4073 2722 4118 sunt
2749 4080 2812 4117 ex
2845 4063 3139 4118 Israelitica
3173 4066 3474 4122 nobilitate.

1894 4148 1958 4205 lli
1996 4159 2123 4205 sunt
2150 4150 2327 4221 laquei
2357 4151 2579 4217 diaboli,
2607 4152 2740 4206 retia
2771 4152 3096 4207 Christianae
3116 4155 3334 4221 animae,
3359 4171 3481 4211 ma-

1893 4244 2070 4298 chinze
2101 4243 2417 4309 adversarii,
2450 4260 2572 4314 quae
2607 4244 2869 4299 virtutum
2915 4261 3102 4300 muros
3132 4248 3473 4305 concutiunt.

1895 4332 2166 4404 Spiritalis
2182 4350 2311 4389 vero
2324 4336 2602 4405 generatio
2623 4345 2726 4403 est,
2754 4336 2821 4391 de
2848 4352 2954 4407 qua
2986 4338 3116 4393 dicit
3142 4339 3474 4408 Apostolus:

1898 4443 1917 4477 c
1954 4425 2189 4482 Fructus
2233 4427 2459 4496 spiritus
2504 4436 2589 4483 est
2635 4429 2897 4494 Charitas,
2950 4445 3075 4499 pax,
3125 4432 3384 4501 gaudium
3414 4433 3471 4488 in

1896 4517 2103 4587 Spiritu
2161 4527 2372 4584 sancto,
2423 4529 2528 4574 etc.
2577 4518 2722 4590 (Cal.
2754 4519 2831 4590 ν).
2866 4540 2884 4573 ι
2919 4520 3054 4587 Quin
3096 4531 3227 4577 sunt
3262 4522 3477 4580 fructus

1894 4610 2051 4664 bona;
2080 4610 2311 4665 arboris.
2346 4609 2459 4666 lloc
2493 4611 2702 4667 semine
2728 4613 3115 4668 haereditamus
3160 4623 3359 4669 terram
3390 4616 3475 4669 vi~

1889 4700 2156 4754 ventium.
2210 4698 2275 4754 lli
2317 4709 2445 4756 sunt
2494 4703 2722 4757 masculi
2768 4704 2972 4770 nostri,
3016 4719 3154 4773 quos
3199 4713 3477 4774 superstes

1889 4790 2106 4848 Pharao
2161 4809 2337 4864 usque
2387 4794 2438 4847 in
2487 4795 2808 4849 hodiernum
2849 4795 2993 4849 diem
3043 4795 3233 4850 nititur
3267 4796 3477 4850 exstin-

1892 4898 2058 4953 guere
2086 4883 2327 4954 aﬂligcns
2374 4898 2475 4937 nos
2507 4885 2644 4950 luto,
2677 4884 2727 4937 id
2757 4893 2841 4939 est
2872 4885 3167 4941 immundis
3215 4886 3475 4955 operibus

1890 4984 1944 5031 et
1970 4976 2329 5044 palcjs,idcst
2358 4975 2575 5030 levitate
2608 4978 3003 5046 cogitationum
3032 5018 3048 5043 ,
3087 4977 3288 5048 quibus
3314 4978 3475 5047 quasi

1890 5074 2052 5122 vento
2067 5064 2526 5121 circumferimur.
2553 5065 2707 5122 Unde
2729 5068 3017 5124 Psalmista
3042 5069 3471 5139 plangitdicens:

1898 5179 1919 5213 σ
1952 5159 2203 5227 Quandiu
2234 5175 2434 5229 ponam
2475 5160 2703 5216 consilia
2741 5162 2795 5215 in
2829 5161 3011 5216 anima
3054 5175 3195 5228 mea,
3229 5161 3475 5215 dolorem

1892 5250 1946 5305 in
1977 5252 2142 5317 (unde
2180 5266 2304 5305 meo
2344 5266 2441 5320 per
2468 5252 2609 5306 diem
2642 5252 2817 5319 (Psal.
2850 5254 2971 5323 xu).
3011 5271 3030 5305 ι
3080 5252 3353 5319 Transite,
3385 5253 3474 5305 in-

1891 5343 2028 5412 quit.
2054 5340 2173 5395 Duo
2190 5351 2318 5397 sunt
2339 5357 2460 5413 quas
2476 5341 2682 5398 faciunt
2699 5360 2887 5402 muros
2904 5349 3046 5401 inter
3066 5360 3168 5400 nos
3182 5353 3236 5399 et
3260 5343 3428 5398 Deum
3457 5361 3471 5397 :

1894 5432 2214 5504 Superlluus
2242 5448 2399 5488 amor
2437 5434 2634 5500 nostri,
2671 5444 2727 5490 et
2754 5452 2928 5491 vanus
2969 5452 3123 5492 amor
3163 5433 3367 5489 smculi.
3395 5431 3474 5486 De

1894 5527 1999 5581 hoc
2046 5541 2205 5579 muro
2255 5525 2386 5580 dicit
2426 5524 2736 5596 Propheta:
2773 5547 2793 5579 ι
2829 5526 2886 5580 ln
2910 5527 3021 5582 Deo
3048 5541 3169 5582 meo
3193 5532 3474 5592 transgre-

1893 5616 2015 5672 diar
2046 5629 2263 5669 murum
2298 5613 2472 5686 (Psal.
2502 5617 2659 5686 xvn).
2697 5637 2716 5669 ›
2745 5616 3030 5672 Transiliri
3072 5622 3251 5686 potest
3276 5626 3474 5670 murus

1896 5710 1985 5764 hic
2006 5709 2059 5762 in
2090 5708 2366 5778 praesenti,
2399 5706 2606 5764 destrui
2641 5724 2746 5763 non
2777 5717 2954 5779 potest
2992 5710 3228 5778 penitus.
3268 5704 3473 5760 Tribus

1896 5800 2074 5856 modis
2101 5798 2402 5857 destruitur
2435 5807 2717 5869 peccatum
2762 5807 2820 5853 ut
2869 5813 2976 5855 non
3022 5800 3233 5868 regnet,
3267 5804 3327 5850 ut
3360 5806 3472 5848 non

3078 5912 3157 5973 35
