  <div class='ocr_page' id='page_1' title='image "/cluster/home/n/w/nwhite01/storage/ocr_20150623/157/hvd.32044010248185/555.png"; bbox 0 0 3948 6452; ppageno 0'>
   <div class='ocr_carea' id='block_1_1' title="bbox 497 345 641 404">
    <p class='ocr_par' dir='ltr' id='par_1_1' title="bbox 497 345 641 404">
     <span class='ocr_line' id='line_1_1' title="bbox 497 345 641 404; baseline -0.007 0"><span class='ocrx_word' id='word_1_1' title='bbox 497 345 641 404; x_wconf 56' lang='lat'><strong>9329</strong></span> 
     </span>
    </p>
   </div>
   <div class='ocr_carea' id='block_1_2' title="bbox 1627 333 2652 393">
    <p class='ocr_par' dir='ltr' id='par_1_2' title="bbox 1627 333 2652 393">
     <span class='ocr_line' id='line_1_2' title="bbox 1627 333 2652 393; baseline -0.002 -2"><span class='ocrx_word' id='word_1_2' title='bbox 1627 334 1963 393; x_wconf 70' lang='lat' dir='ltr'><strong>WERNEM</strong></span> <span class='ocrx_word' id='word_1_3' title='bbox 1997 333 2294 391; x_wconf 66' lang='lat' dir='ltr'><strong>ABBATIS</strong></span> <span class='ocrx_word' id='word_1_4' title='bbox 2333 334 2390 393; x_wconf 83' lang='lat' dir='ltr'><strong>S.</strong></span> <span class='ocrx_word' id='word_1_5' title='bbox 2431 334 2652 392; x_wconf 79' lang='lat' dir='ltr'><strong>BLASll</strong></span> 
     </span>
    </p>
   </div>
   <div class='ocr_carea' id='block_1_3' title="bbox 3653 330 3774 389">
    <p class='ocr_par' dir='ltr' id='par_1_3' title="bbox 3653 330 3774 389">
     <span class='ocr_line' id='line_1_3' title="bbox 3653 330 3774 389; baseline 0.017 -3"><span class='ocrx_word' id='word_1_6' title='bbox 3653 330 3774 389; x_wconf 75' lang='grc' dir='ltr'>ιιοθ</span> 
     </span>
    </p>
   </div>
   <div class='ocr_carea' id='block_1_4' title="bbox 496 443 3777 530">
    <p class='ocr_par' dir='ltr' id='par_1_4' title="bbox 496 443 3777 530">
     <span class='ocr_line' id='line_1_4' title="bbox 496 443 3777 530; baseline -0.008 -9"><span class='ocrx_word' id='word_1_7' title='bbox 496 466 591 530; x_wconf 79' lang='lat' dir='ltr'><strong>sit,</strong></span> <span class='ocrx_word' id='word_1_8' title='bbox 621 469 714 519; x_wconf 83' lang='lat' dir='ltr'><strong>aut</strong></span> <span class='ocrx_word' id='word_1_9' title='bbox 743 475 863 519; x_wconf 78' lang='lat' dir='ltr'><strong>esse</strong></span> <span class='ocrx_word' id='word_1_10' title='bbox 902 476 1009 517; x_wconf 77' lang='lat' dir='ltr'><strong>non</strong></span> <span class='ocrx_word' id='word_1_11' title='bbox 1058 458 1249 530; x_wconf 70' lang='lat' dir='ltr'><strong>possit.</strong></span> <span class='ocrx_word' id='word_1_12' title='bbox 1280 457 1347 512; x_wconf 66' lang='lat' dir='ltr'><strong>At</strong></span> <span class='ocrx_word' id='word_1_13' title='bbox 1395 468 1503 511; x_wconf 78' lang='lat' dir='ltr'><strong>non</strong></span> <span class='ocrx_word' id='word_1_14' title='bbox 1533 466 1748 527; x_wconf 80' lang='lat' dir='ltr'><strong>regnet,</strong></span> <span class='ocrx_word' id='word_1_15' title='bbox 1786 465 1967 529; x_wconf 86' lang='lat' dir='ltr'><strong>potest</strong></span> <span class='ocrx_word' id='word_1_16' title='bbox 1991 455 2081 511; x_wconf 90' lang='lat' dir='ltr'><strong>hic</strong></span> <span class='ocrx_word' id='word_1_17' title='bbox 2112 463 2155 518; x_wconf 76' lang='grc' dir='ltr'><strong>Α</strong></span> <span class='ocrx_word' id='word_1_18' title='bbox 2186 455 2239 509; x_wconf 89' lang='lat' dir='ltr'><strong>in</strong></span> <span class='ocrx_word' id='word_1_19' title='bbox 2270 463 2450 510; x_wconf 80' lang='lat' dir='ltr'><strong>vestro</strong></span> <span class='ocrx_word' id='word_1_20' title='bbox 2490 452 2708 509; x_wconf 82' lang='lat' dir='ltr'><strong>mortali</strong></span> <span class='ocrx_word' id='word_1_21' title='bbox 2737 466 2964 523; x_wconf 84' lang='lat' dir='ltr'><strong>corpore</strong></span> <span class='ocrx_word' id='word_1_22' title='bbox 2992 449 3178 523; x_wconf 71' lang='lat' dir='ltr'><strong>(nam.</strong></span> <span class='ocrx_word' id='word_1_23' title='bbox 3214 445 3319 515; x_wconf 72' lang='lat' dir='ltr'><strong>vr),</strong></span> <span class='ocrx_word' id='word_1_24' title='bbox 3364 463 3383 495; x_wconf 77' lang='grc' dir='ltr'>ι</span> <span class='ocrx_word' id='word_1_25' title='bbox 3417 443 3529 499; x_wconf 74' lang='lat' dir='ltr'><strong>duo</strong></span> <span class='ocrx_word' id='word_1_26' title='bbox 3558 443 3656 499; x_wconf 84' lang='lat' dir='ltr'><strong>alia</strong></span> <span class='ocrx_word' id='word_1_27' title='bbox 3678 448 3777 506; x_wconf 74' lang='lat' dir='ltr'><strong>sci.</strong></span> 
     </span>
    </p>
   </div>
   <div class='ocr_carea' id='block_1_5' title="bbox 494 545 2081 623">
    <p class='ocr_par' dir='ltr' id='par_1_5' title="bbox 494 545 2081 623">
     <span class='ocr_line' id='line_1_5' title="bbox 494 545 2081 623; baseline -0.008 -9"><span class='ocrx_word' id='word_1_28' title='bbox 494 551 813 615; x_wconf 76' lang='lat' dir='ltr'><strong>csse.Undo</strong></span> <span class='ocrx_word' id='word_1_29' title='bbox 841 552 1134 623; x_wconf 78' lang='lat' dir='ltr'><strong>Apostolus</strong></span> <span class='ocrx_word' id='word_1_30' title='bbox 1162 550 1293 607; x_wconf 98' lang='lat' dir='ltr'><strong>dicit</strong></span> <span class='ocrx_word' id='word_1_31' title='bbox 1319 568 1333 605; x_wconf 91' lang='lat'><strong>:</strong></span> <span class='ocrx_word' id='word_1_32' title='bbox 1368 567 1385 601; x_wconf 85' lang='grc' dir='ltr'>ι</span> <span class='ocrx_word' id='word_1_33' title='bbox 1429 545 1548 603; x_wconf 78' lang='lat' dir='ltr'><strong>Non</strong></span> <span class='ocrx_word' id='word_1_34' title='bbox 1572 558 1768 621; x_wconf 87' lang='lat' dir='ltr'><strong>regnet</strong></span> <span class='ocrx_word' id='word_1_35' title='bbox 1797 557 2081 621; x_wconf 85' lang='lat' dir='ltr'><strong>peccatum</strong></span> 
     </span>
    </p>
   </div>
   <div class='ocr_carea' id='block_1_6' title="bbox 2187 540 3683 621">
    <p class='ocr_par' dir='ltr' id='par_1_6' title="bbox 2187 540 3683 621">
     <span class='ocr_line' id='line_1_6' title="bbox 2187 540 3683 621; baseline -0.003 -16"><span class='ocrx_word' id='word_1_36' title='bbox 2187 551 2316 608; x_wconf 90' lang='lat' dir='ltr'><strong>licet</strong></span> <span class='ocrx_word' id='word_1_37' title='bbox 2342 561 2401 608; x_wconf 88' lang='lat' dir='ltr'><strong>ut</strong></span> <span class='ocrx_word' id='word_1_38' title='bbox 2433 567 2543 608; x_wconf 92' lang='lat' dir='ltr'><strong>non</strong></span> <span class='ocrx_word' id='word_1_39' title='bbox 2571 553 2640 609; x_wconf 88' lang='lat' dir='ltr'><strong>sit</strong></span> <span class='ocrx_word' id='word_1_40' title='bbox 2665 565 2764 608; x_wconf 89' lang='lat' dir='ltr'><strong>nec</strong></span> <span class='ocrx_word' id='word_1_41' title='bbox 2794 564 2916 607; x_wconf 81' lang='lat' dir='ltr'><strong>esse</strong></span> <span class='ocrx_word' id='word_1_42' title='bbox 2942 549 3145 621; x_wconf 76' lang='lat' dir='ltr'><strong>possit,</strong></span> <span class='ocrx_word' id='word_1_43' title='bbox 3179 554 3356 602; x_wconf 81' lang='lat' dir='ltr'><strong>erunt</strong></span> <span class='ocrx_word' id='word_1_44' title='bbox 3393 542 3451 598; x_wconf 91' lang='lat' dir='ltr'><strong>in</strong></span> <span class='ocrx_word' id='word_1_45' title='bbox 3483 540 3683 601; x_wconf 78' lang='lat' dir='ltr'><strong>futuro.</strong></span> 
     </span>
    </p>
   </div>
   <div class='ocr_carea' id='block_1_7' title="bbox 1557 828 2714 910">
    <p class='ocr_par' dir='ltr' id='par_1_7' title="bbox 1557 828 2714 910">
     <span class='ocr_line' id='line_1_7' title="bbox 1557 828 2714 910; baseline -0.002 -5"><span class='ocrx_word' id='word_1_46' title='bbox 1557 828 2070 909; x_wconf 80' lang='lat' dir='ltr'><strong>DOMINICA</strong></span> <span class='ocrx_word' id='word_1_47' title='bbox 2148 830 2714 910; x_wconf 81' lang='lat' dir='ltr'><strong>UNDECIMA.</strong></span> 
     </span>
    </p>
   </div>
   <div class='ocr_carea' id='block_1_8' title="bbox 1794 1006 2467 1071">
    <p class='ocr_par' dir='ltr' id='par_1_8' title="bbox 1794 1006 2467 1071">
     <span class='ocr_line' id='line_1_8' title="bbox 1794 1006 2467 1071; baseline 0.003 -3"><span class='ocrx_word' id='word_1_48' title='bbox 1794 1006 2165 1069; x_wconf 88' lang='lat' dir='ltr'><strong>Secundum</strong></span> <span class='ocrx_word' id='word_1_49' title='bbox 2201 1007 2467 1071; x_wconf 81' lang='lat' dir='ltr'><strong>Lucam.</strong></span> 
     </span>
    </p>
   </div>
   <div class='ocr_carea' id='block_1_9' title="bbox 568 1169 2076 1244">
    <p class='ocr_par' dir='ltr' id='par_1_9' title="bbox 568 1169 2076 1244">
     <span class='ocr_line' id='line_1_9' title="bbox 568 1169 2076 1244; baseline 0.001 -19"><span class='ocrx_word' id='word_1_50' title='bbox 568 1191 587 1225; x_wconf 74' lang='lat' dir='ltr'><strong>c</strong></span> <span class='ocrx_word' id='word_1_51' title='bbox 634 1172 779 1228; x_wconf 81' lang='lat' dir='ltr'><strong>Dixit</strong></span> <span class='ocrx_word' id='word_1_52' title='bbox 797 1171 1063 1229; x_wconf 81' lang='lat' dir='ltr'><strong>Dominus</strong></span> <span class='ocrx_word' id='word_1_53' title='bbox 1078 1170 1238 1230; x_wconf 80' lang='lat' dir='ltr'><strong>Jcsns</strong></span> <span class='ocrx_word' id='word_1_54' title='bbox 1261 1173 1326 1229; x_wconf 90' lang='lat' dir='ltr'><strong>ad</strong></span> <span class='ocrx_word' id='word_1_55' title='bbox 1344 1171 1635 1244; x_wconf 84' lang='lat' dir='ltr'><strong>quosdam,</strong></span> <span class='ocrx_word' id='word_1_56' title='bbox 1658 1169 1753 1242; x_wconf 92' lang='lat' dir='ltr'><strong>qui</strong></span> <span class='ocrx_word' id='word_1_57' title='bbox 1776 1172 1829 1226; x_wconf 89' lang='lat' dir='ltr'><strong>in</strong></span> <span class='ocrx_word' id='word_1_58' title='bbox 1858 1187 1917 1227; x_wconf 88' lang='lat' dir='ltr'><strong>se</strong></span> <span class='ocrx_word' id='word_1_59' title='bbox 1938 1187 2076 1227; x_wconf 85' lang='lat' dir='ltr'><strong>con--</strong></span> 
     </span>
    </p>
   </div>
   <div class='ocr_carea' id='block_1_10' title="bbox 476 1264 2074 1338">
    <p class='ocr_par' dir='ltr' id='par_1_10' title="bbox 476 1264 2074 1338">
     <span class='ocr_line' id='line_1_10' title="bbox 476 1264 2074 1338; baseline 0 -16"><span class='ocrx_word' id='word_1_60' title='bbox 476 1264 728 1323; x_wconf 68' lang='lat' dir='ltr'><strong>lidebant</strong></span> <span class='ocrx_word' id='word_1_61' title='bbox 759 1277 1018 1338; x_wconf 79' lang='lat' dir='ltr'><strong>tanquam</strong></span> <span class='ocrx_word' id='word_1_62' title='bbox 1044 1267 1201 1337; x_wconf 84' lang='lat' dir='ltr'><strong>justi,</strong></span> <span class='ocrx_word' id='word_1_63' title='bbox 1254 1275 1310 1323; x_wconf 92' lang='lat' dir='ltr'><strong>et</strong></span> <span class='ocrx_word' id='word_1_64' title='bbox 1352 1266 1791 1337; x_wconf 79' lang='lat' dir='ltr'><strong>aspernabantur</strong></span> <span class='ocrx_word' id='word_1_65' title='bbox 1823 1275 2074 1332; x_wconf 84' lang='lat' dir='ltr'><strong>caeteros,</strong></span> 
     </span>
    </p>
   </div>
   <div class='ocr_carea' id='block_1_11' title="bbox 484 1357 2077 1428">
    <p class='ocr_par' dir='ltr' id='par_1_11' title="bbox 484 1357 2077 1428">
     <span class='ocr_line' id='line_1_11' title="bbox 484 1357 2077 1428; baseline -0.002 -14"><span class='ocrx_word' id='word_1_66' title='bbox 484 1361 804 1428; x_wconf 87' lang='lat' dir='ltr'><strong>parabolam</strong></span> <span class='ocrx_word' id='word_1_67' title='bbox 832 1360 992 1415; x_wconf 87' lang='lat' dir='ltr'><strong>istam</strong></span> <span class='ocrx_word' id='word_1_68' title='bbox 1015 1379 1028 1414; x_wconf 92' lang='lat'><strong>:</strong></span> <span class='ocrx_word' id='word_1_69' title='bbox 1054 1358 1172 1413; x_wconf 89' lang='lat' dir='ltr'><strong>Duo</strong></span> <span class='ocrx_word' id='word_1_70' title='bbox 1195 1359 1443 1413; x_wconf 82' lang='lat' dir='ltr'><strong>homines</strong></span> <span class='ocrx_word' id='word_1_71' title='bbox 1465 1358 1831 1414; x_wconf 84' lang='lat' dir='ltr'><strong>ascenderunt</strong></span> <span class='ocrx_word' id='word_1_72' title='bbox 1860 1357 1913 1412; x_wconf 90' lang='lat' dir='ltr'><strong>in</strong></span> <span class='ocrx_word' id='word_1_73' title='bbox 1941 1365 2077 1412; x_wconf 82' lang='lat' dir='ltr'><strong>tem-</strong></span> 
     </span>
    </p>
   </div>
   <div class='ocr_carea' id='block_1_12' title="bbox 485 1448 2076 1521">
    <p class='ocr_par' dir='ltr' id='par_1_12' title="bbox 485 1448 2076 1521">
     <span class='ocr_line' id='line_1_12' title="bbox 485 1448 2076 1521; baseline -0.001 -15"><span class='ocrx_word' id='word_1_74' title='bbox 485 1453 639 1521; x_wconf 87' lang='lat' dir='ltr'><strong>plum</strong></span> <span class='ocrx_word' id='word_1_75' title='bbox 663 1461 721 1507; x_wconf 93' lang='lat' dir='ltr'><strong>ut</strong></span> <span class='ocrx_word' id='word_1_76' title='bbox 752 1460 994 1518; x_wconf 77' lang='lat' dir='ltr'><strong>orarent,</strong></span> <span class='ocrx_word' id='word_1_77' title='bbox 1028 1467 1173 1506; x_wconf 90' lang='lat' dir='ltr'><strong>unus</strong></span> <span class='ocrx_word' id='word_1_78' title='bbox 1210 1450 1525 1505; x_wconf 71' lang='lat' dir='ltr'><strong>Pharisazus</strong></span> <span class='ocrx_word' id='word_1_79' title='bbox 1560 1458 1615 1504; x_wconf 90' lang='lat' dir='ltr'><strong>et</strong></span> <span class='ocrx_word' id='word_1_80' title='bbox 1656 1448 1794 1504; x_wconf 82' lang='lat' dir='ltr'><strong>alter</strong></span> <span class='ocrx_word' id='word_1_81' title='bbox 1832 1451 2076 1521; x_wconf 71' lang='lat' dir='ltr'><strong>publica-</strong></span> 
     </span>
    </p>
   </div>
   <div class='ocr_carea' id='block_1_13' title="bbox 484 1541 2075 1614">
    <p class='ocr_par' dir='ltr' id='par_1_13' title="bbox 484 1541 2075 1614">
     <span class='ocr_line' id='line_1_13' title="bbox 484 1541 2075 1614; baseline -0.001 -17"><span class='ocrx_word' id='word_1_82' title='bbox 484 1560 613 1611; x_wconf 87' lang='lat' dir='ltr'><strong>nus,</strong></span> <span class='ocrx_word' id='word_1_83' title='bbox 660 1553 768 1600; x_wconf 89' lang='lat' dir='ltr'><strong>etc.</strong></span> <span class='ocrx_word' id='word_1_84' title='bbox 804 1543 957 1614; x_wconf 86' lang='lat' dir='ltr'><strong>(Luc.</strong></span> <span class='ocrx_word' id='word_1_85' title='bbox 993 1542 1170 1613; x_wconf 83' lang='lat' dir='ltr'><strong>xvm).</strong></span> <span class='ocrx_word' id='word_1_86' title='bbox 1214 1562 1233 1593; x_wconf 70' lang='grc' dir='ltr'>ι</span> <span class='ocrx_word' id='word_1_87' title='bbox 1272 1541 1646 1597; x_wconf 82' lang='lat' dir='ltr'><strong>Ascenderunt</strong></span> <span class='ocrx_word' id='word_1_88' title='bbox 1669 1583 1684 1606; x_wconf 98' lang='lat'><strong>,</strong></span> <span class='ocrx_word' id='word_1_89' title='bbox 1717 1541 1913 1611; x_wconf 81' lang='lat' dir='ltr'><strong>inquit,</strong></span> <span class='ocrx_word' id='word_1_90' title='bbox 1946 1541 2075 1611; x_wconf 84' lang='lat' dir='ltr'><strong>quia</strong></span> 
     </span>
    </p>
   </div>
   <div class='ocr_carea' id='block_1_14' title="bbox 484 1633 2073 1706">
    <p class='ocr_par' dir='ltr' id='par_1_14' title="bbox 484 1633 2073 1706">
     <span class='ocr_line' id='line_1_14' title="bbox 484 1633 2073 1706; baseline -0.003 -15"><span class='ocrx_word' id='word_1_91' title='bbox 484 1653 750 1692; x_wconf 76' lang='lat' dir='ltr'><strong>ascensus</strong></span> <span class='ocrx_word' id='word_1_92' title='bbox 773 1636 957 1706; x_wconf 84' lang='lat' dir='ltr'><strong>templi</strong></span> <span class='ocrx_word' id='word_1_93' title='bbox 996 1651 1065 1689; x_wconf 75' lang='lat' dir='ltr'><strong>xv</strong></span> <span class='ocrx_word' id='word_1_94' title='bbox 1098 1635 1366 1706; x_wconf 84' lang='lat' dir='ltr'><strong>graduum</strong></span> <span class='ocrx_word' id='word_1_95' title='bbox 1396 1642 1533 1687; x_wconf 88' lang='lat' dir='ltr'><strong>erat.</strong></span> <span class='ocrx_word' id='word_1_96' title='bbox 1562 1633 1858 1703; x_wconf 79' lang='lat' dir='ltr'><strong>Diligenter</strong></span> <span class='ocrx_word' id='word_1_97' title='bbox 1883 1643 2073 1689; x_wconf 85' lang='lat' dir='ltr'><strong>osten-</strong></span> 
     </span>
    </p>
   </div>
   <div class='ocr_carea' id='block_1_15' title="bbox 485 1727 2075 1799">
    <p class='ocr_par' dir='ltr' id='par_1_15' title="bbox 485 1727 2075 1799">
     <span class='ocr_line' id='line_1_15' title="bbox 485 1727 2075 1799; baseline -0.001 -15"><span class='ocrx_word' id='word_1_98' title='bbox 485 1730 570 1784; x_wconf 79' lang='lat' dir='ltr'><strong>dit</strong></span> <span class='ocrx_word' id='word_1_99' title='bbox 599 1744 707 1784; x_wconf 91' lang='lat' dir='ltr'><strong>non</strong></span> <span class='ocrx_word' id='word_1_100' title='bbox 728 1745 795 1783; x_wconf 83' lang='lat' dir='ltr'><strong>ex</strong></span> <span class='ocrx_word' id='word_1_101' title='bbox 822 1728 1081 1799; x_wconf 88' lang='lat' dir='ltr'><strong>operibus</strong></span> <span class='ocrx_word' id='word_1_102' title='bbox 1114 1743 1236 1783; x_wconf 87' lang='lat' dir='ltr'><strong>esse</strong></span> <span class='ocrx_word' id='word_1_103' title='bbox 1267 1727 1630 1798; x_wconf 81' lang='lat' dir='ltr'><strong>gloriandum,</strong></span> <span class='ocrx_word' id='word_1_104' title='bbox 1662 1727 1755 1781; x_wconf 90' lang='lat' dir='ltr'><strong>sed</strong></span> <span class='ocrx_word' id='word_1_105' title='bbox 1794 1727 2075 1782; x_wconf 87' lang='lat' dir='ltr'><strong>humiliter</strong></span> 
     </span>
    </p>
   </div>
   <div class='ocr_carea' id='block_1_16' title="bbox 2184 1165 3775 1243">
    <p class='ocr_par' dir='ltr' id='par_1_16' title="bbox 2184 1165 3775 1243">
     <span class='ocr_line' id='line_1_16' title="bbox 2184 1165 3775 1243; baseline -0.004 -16"><span class='ocrx_word' id='word_1_106' title='bbox 2184 1172 2375 1243; x_wconf 88' lang='lat' dir='ltr'><strong>telligi,</strong></span> <span class='ocrx_word' id='word_1_107' title='bbox 2408 1172 2550 1227; x_wconf 85' lang='lat' dir='ltr'><strong>sicut</strong></span> <span class='ocrx_word' id='word_1_108' title='bbox 2581 1179 2636 1226; x_wconf 79' lang='lat' dir='ltr'><strong>et</strong></span> <span class='ocrx_word' id='word_1_109' title='bbox 2666 1170 2797 1227; x_wconf 90' lang='lat' dir='ltr'><strong>illud</strong></span> <span class='ocrx_word' id='word_1_110' title='bbox 2821 1169 2969 1241; x_wconf 89' lang='lat' dir='ltr'><strong>quod</strong></span> <span class='ocrx_word' id='word_1_111' title='bbox 2994 1170 3128 1225; x_wconf 88' lang='lat' dir='ltr'><strong>alibi</strong></span> <span class='ocrx_word' id='word_1_112' title='bbox 3152 1168 3436 1239; x_wconf 80' lang='lat' dir='ltr'><strong>legimus:</strong></span> <span class='ocrx_word' id='word_1_113' title='bbox 3474 1185 3492 1217; x_wconf 76' lang='grc' dir='ltr'>ι</span> <span class='ocrx_word' id='word_1_114' title='bbox 3517 1165 3652 1220; x_wconf 79' lang='lat' dir='ltr'><strong>Ante</strong></span> <span class='ocrx_word' id='word_1_115' title='bbox 3678 1167 3775 1220; x_wconf 88' lang='lat' dir='ltr'><strong>rui-</strong></span> 
     </span>
    </p>
   </div>
   <div class='ocr_carea' id='block_1_17' title="bbox 2184 1261 3773 1335">
    <p class='ocr_par' dir='ltr' id='par_1_17' title="bbox 2184 1261 3773 1335">
     <span class='ocr_line' id='line_1_17' title="bbox 2184 1261 3773 1335; baseline -0.003 -15"><span class='ocrx_word' id='word_1_116' title='bbox 2184 1281 2312 1320; x_wconf 91' lang='lat' dir='ltr'><strong>nam</strong></span> <span class='ocrx_word' id='word_1_117' title='bbox 2362 1267 2694 1321; x_wconf 84' lang='lat' dir='ltr'><strong>exaltabitur</strong></span> <span class='ocrx_word' id='word_1_118' title='bbox 2739 1280 2856 1331; x_wconf 90' lang='lat' dir='ltr'><strong>cor,</strong></span> <span class='ocrx_word' id='word_1_119' title='bbox 2898 1274 2954 1319; x_wconf 89' lang='lat' dir='ltr'><strong>et</strong></span> <span class='ocrx_word' id='word_1_120' title='bbox 2991 1274 3124 1319; x_wconf 88' lang='lat' dir='ltr'><strong>ante</strong></span> <span class='ocrx_word' id='word_1_121' title='bbox 3182 1262 3428 1335; x_wconf 83' lang='lat' dir='ltr'><strong>gloriam</strong></span> <span class='ocrx_word' id='word_1_122' title='bbox 3485 1261 3773 1316; x_wconf 86' lang='lat' dir='ltr'><strong>humiliabi-</strong></span> 
     </span>
    </p>
   </div>
   <div class='ocr_carea' id='block_1_18' title="bbox 2184 1352 3772 1430">
    <p class='ocr_par' dir='ltr' id='par_1_18' title="bbox 2184 1352 3772 1430">
     <span class='ocr_line' id='line_1_18' title="bbox 2184 1352 3772 1430; baseline -0.002 -18"><span class='ocrx_word' id='word_1_123' title='bbox 2184 1367 2272 1413; x_wconf 90' lang='lat' dir='ltr'><strong>tur</strong></span> <span class='ocrx_word' id='word_1_124' title='bbox 2288 1356 2469 1429; x_wconf 82' lang='lat' dir='ltr'><strong>(Prov.</strong></span> <span class='ocrx_word' id='word_1_125' title='bbox 2490 1358 2627 1430; x_wconf 77' lang='lat' dir='ltr'><strong>xvi).</strong></span> <span class='ocrx_word' id='word_1_126' title='bbox 2651 1376 2670 1411; x_wconf 75' lang='grc' dir='ltr'>ι</span> <span class='ocrx_word' id='word_1_127' title='bbox 2692 1357 3036 1428; x_wconf 85' lang='lat' dir='ltr'><strong>Quapropter</strong></span> <span class='ocrx_word' id='word_1_128' title='bbox 3060 1357 3203 1412; x_wconf 89' lang='lat' dir='ltr'><strong>etde</strong></span> <span class='ocrx_word' id='word_1_129' title='bbox 3232 1355 3426 1410; x_wconf 81' lang='lat' dir='ltr'><strong>verbis</strong></span> <span class='ocrx_word' id='word_1_130' title='bbox 3453 1354 3580 1409; x_wconf 87' lang='lat' dir='ltr'><strong>elati</strong></span> <span class='ocrx_word' id='word_1_131' title='bbox 3606 1352 3772 1409; x_wconf 82' lang='lat' dir='ltr'><strong>Phari-</strong></span> 
     </span>
    </p>
   </div>
   <div class='ocr_carea' id='block_1_19' title="bbox 2183 1446 3771 1521">
    <p class='ocr_par' dir='ltr' id='par_1_19' title="bbox 2183 1446 3771 1521">
     <span class='ocr_line' id='line_1_19' title="bbox 2183 1446 3771 1521; baseline -0.003 -15"><span class='ocrx_word' id='word_1_132' title='bbox 2183 1451 2279 1507; x_wconf 77' lang='lat' dir='ltr'><strong>saei</strong></span> <span class='ocrx_word' id='word_1_133' title='bbox 2309 1451 2510 1521; x_wconf 90' lang='lat' dir='ltr'><strong>quibus</strong></span> <span class='ocrx_word' id='word_1_134' title='bbox 2538 1450 2817 1505; x_wconf 89' lang='lat' dir='ltr'><strong>humiliari</strong></span> <span class='ocrx_word' id='word_1_135' title='bbox 2854 1451 3079 1517; x_wconf 88' lang='lat' dir='ltr'><strong>meruit,</strong></span> <span class='ocrx_word' id='word_1_136' title='bbox 3114 1463 3432 1520; x_wconf 85' lang='lat' dir='ltr'><strong>possumus</strong></span> <span class='ocrx_word' id='word_1_137' title='bbox 3476 1462 3545 1502; x_wconf 87' lang='lat' dir='ltr'><strong>ex</strong></span> <span class='ocrx_word' id='word_1_138' title='bbox 3578 1446 3771 1501; x_wconf 79' lang='lat' dir='ltr'><strong>diverso</strong></span> 
     </span>
    </p>
   </div>
   <div class='ocr_carea' id='block_1_20' title="bbox 2187 1536 3770 1611">
    <p class='ocr_par' dir='ltr' id='par_1_20' title="bbox 2187 1536 3770 1611">
     <span class='ocr_line' id='line_1_20' title="bbox 2187 1536 3770 1611; baseline -0.001 -19"><span class='ocrx_word' id='word_1_139' title='bbox 2187 1536 2424 1594; x_wconf 82' lang='lat' dir='ltr'><strong>formam</strong></span> <span class='ocrx_word' id='word_1_140' title='bbox 2459 1540 2803 1607; x_wconf 89' lang='lat' dir='ltr'><strong>humilitatis,</strong></span> <span class='ocrx_word' id='word_1_141' title='bbox 2830 1558 2937 1611; x_wconf 88' lang='lat' dir='ltr'><strong>qua</strong></span> <span class='ocrx_word' id='word_1_142' title='bbox 2973 1542 3375 1605; x_wconf 88' lang='lat' dir='ltr'><strong>sublimemur,</strong></span> <span class='ocrx_word' id='word_1_143' title='bbox 3400 1553 3699 1604; x_wconf 85' lang='lat' dir='ltr'><strong>assumere,</strong></span> <span class='ocrx_word' id='word_1_144' title='bbox 3721 1548 3770 1592; x_wconf 87' lang='lat' dir='ltr'><strong>ut</strong></span> 
     </span>
    </p>
   </div>
   <div class='ocr_carea' id='block_1_21' title="bbox 2181 1633 3767 1707">
    <p class='ocr_par' dir='ltr' id='par_1_21' title="bbox 2181 1633 3767 1707">
     <span class='ocr_line' id='line_1_21' title="bbox 2181 1633 3767 1707; baseline -0.001 -18"><span class='ocrx_word' id='word_1_145' title='bbox 2181 1635 2324 1690; x_wconf 81' lang='lat' dir='ltr'><strong>sicut</strong></span> <span class='ocrx_word' id='word_1_146' title='bbox 2345 1636 2434 1691; x_wconf 82' lang='lat' dir='ltr'><strong>ille</strong></span> <span class='ocrx_word' id='word_1_147' title='bbox 2453 1678 2468 1704; x_wconf 94' lang='lat'><strong>,</strong></span> <span class='ocrx_word' id='word_1_148' title='bbox 2502 1637 2866 1693; x_wconf 86' lang='lat' dir='ltr'><strong>consideratis</strong></span> <span class='ocrx_word' id='word_1_149' title='bbox 2900 1646 2956 1692; x_wconf 91' lang='lat' dir='ltr'><strong>et</strong></span> <span class='ocrx_word' id='word_1_150' title='bbox 2988 1637 3245 1707; x_wconf 66' lang='lat' dir='ltr'><strong>peiorum</strong></span> <span class='ocrx_word' id='word_1_151' title='bbox 3272 1635 3430 1689; x_wconf 82' lang='lat' dir='ltr'><strong>vitiis</strong></span> <span class='ocrx_word' id='word_1_152' title='bbox 3453 1641 3511 1689; x_wconf 91' lang='lat' dir='ltr'><strong>et</strong></span> <span class='ocrx_word' id='word_1_153' title='bbox 3538 1633 3653 1688; x_wconf 83' lang='lat' dir='ltr'><strong>suis</strong></span> <span class='ocrx_word' id='word_1_154' title='bbox 3673 1634 3767 1688; x_wconf 81' lang='lat' dir='ltr'><strong>vir-</strong></span> 
     </span>
    </p>
   </div>
   <div class='ocr_carea' id='block_1_22' title="bbox 2179 1728 3768 1797">
    <p class='ocr_par' dir='ltr' id='par_1_22' title="bbox 2179 1728 3768 1797">
     <span class='ocr_line' id='line_1_22' title="bbox 2179 1728 3768 1797; baseline -0.001 -15"><span class='ocrx_word' id='word_1_155' title='bbox 2179 1728 2412 1794; x_wconf 88' lang='lat' dir='ltr'><strong>tutibus,</strong></span> <span class='ocrx_word' id='word_1_156' title='bbox 2437 1739 2519 1786; x_wconf 88' lang='lat' dir='ltr'><strong>est</strong></span> <span class='ocrx_word' id='word_1_157' title='bbox 2546 1731 2722 1786; x_wconf 84' lang='lat' dir='ltr'><strong>elatus</strong></span> <span class='ocrx_word' id='word_1_158' title='bbox 2753 1730 2819 1784; x_wconf 90' lang='lat' dir='ltr'><strong>ad</strong></span> <span class='ocrx_word' id='word_1_159' title='bbox 2843 1729 3085 1797; x_wconf 86' lang='lat' dir='ltr'><strong>ruinam,</strong></span> <span class='ocrx_word' id='word_1_160' title='bbox 3120 1728 3197 1784; x_wconf 91' lang='lat' dir='ltr'><strong>ita</strong></span> <span class='ocrx_word' id='word_1_161' title='bbox 3223 1743 3355 1792; x_wconf 89' lang='lat' dir='ltr'><strong>nos,</strong></span> <span class='ocrx_word' id='word_1_162' title='bbox 3387 1735 3451 1782; x_wconf 91' lang='lat' dir='ltr'><strong>ut</strong></span> <span class='ocrx_word' id='word_1_163' title='bbox 3477 1735 3662 1781; x_wconf 88' lang='lat' dir='ltr'><strong>nostra</strong></span> <span class='ocrx_word' id='word_1_164' title='bbox 3689 1741 3768 1780; x_wconf 55' lang='lat' dir='ltr'><strong>so.</strong></span> 
     </span>
    </p>
   </div>
   <div class='ocr_carea' id='block_1_23' title="bbox 476 1803 3768 1892">
    <p class='ocr_par' dir='ltr' id='par_1_23' title="bbox 476 1803 3768 1892">
     <span class='ocr_line' id='line_1_23' title="bbox 476 1803 3768 1892; baseline -0.001 -18"><span class='ocrx_word' id='word_1_165' title='bbox 476 1821 546 1875; x_wconf 74' lang='lat' dir='ltr'><strong>iin</strong></span> <span class='ocrx_word' id='word_1_166' title='bbox 578 1812 751 1892; x_wconf 86' lang='lat' dir='ltr'><strong>gratia</strong></span> <span class='ocrx_word' id='word_1_167' title='bbox 786 1819 1193 1876; x_wconf 87' lang='lat' dir='ltr'><strong>conﬁdendum.</strong></span> <span class='ocrx_word' id='word_1_168' title='bbox 1231 1817 1567 1873; x_wconf 85' lang='lat' dir='ltr'><strong>Publicanus</strong></span> <span class='ocrx_word' id='word_1_169' title='bbox 1615 1817 1850 1887; x_wconf 85' lang='lat' dir='ltr'><strong>pertinet</strong></span> <span class='ocrx_word' id='word_1_170' title='bbox 1879 1819 1946 1873; x_wconf 89' lang='lat' dir='ltr'><strong>ad</strong></span> <span class='ocrx_word' id='word_1_171' title='bbox 1975 1819 2077 1872; x_wconf 93' lang='lat' dir='ltr'><strong>hu-</strong></span> <span class='ocrx_word' id='word_1_172' title='bbox 2106 1803 2149 1860; x_wconf 77' lang='grc' dir='ltr'><strong>Β</strong></span> <span class='ocrx_word' id='word_1_173' title='bbox 2178 1820 2292 1875; x_wconf 91' lang='lat' dir='ltr'><strong>lum</strong></span> <span class='ocrx_word' id='word_1_174' title='bbox 2324 1821 2562 1892; x_wconf 81' lang='lat' dir='ltr'><strong>pigritia,</strong></span> <span class='ocrx_word' id='word_1_175' title='bbox 2606 1822 2701 1877; x_wconf 83' lang='lat' dir='ltr'><strong>sed</strong></span> <span class='ocrx_word' id='word_1_176' title='bbox 2743 1831 2798 1876; x_wconf 93' lang='lat' dir='ltr'><strong>et</strong></span> <span class='ocrx_word' id='word_1_177' title='bbox 2840 1821 3130 1877; x_wconf 89' lang='lat' dir='ltr'><strong>meliorum</strong></span> <span class='ocrx_word' id='word_1_178' title='bbox 3175 1819 3490 1874; x_wconf 71' lang='lat' dir='ltr'><strong>virtutLbus</strong></span> <span class='ocrx_word' id='word_1_179' title='bbox 3527 1817 3768 1888; x_wconf 81' lang='lat' dir='ltr'><strong>inspectis</strong></span> 
     </span>
    </p>
   </div>
   <div class='ocr_carea' id='block_1_24' title="bbox 490 1909 2078 1981">
    <p class='ocr_par' dir='ltr' id='par_1_24' title="bbox 490 1909 2078 1981">
     <span class='ocr_line' id='line_1_24' title="bbox 490 1909 2078 1981; baseline -0.002 -11"><span class='ocrx_word' id='word_1_180' title='bbox 490 1913 779 1970; x_wconf 75' lang='lat' dir='ltr'><strong>utilitatem</strong></span> <span class='ocrx_word' id='word_1_181' title='bbox 830 1910 1110 1979; x_wconf 78' lang='lat' dir='ltr'><strong>Ecclesiae,</strong></span> <span class='ocrx_word' id='word_1_182' title='bbox 1149 1909 1462 1967; x_wconf 65' lang='lat' dir='ltr'><strong>Pharisaeus</strong></span> <span class='ocrx_word' id='word_1_183' title='bbox 1510 1911 1577 1967; x_wconf 87' lang='lat' dir='ltr'><strong>ad</strong></span> <span class='ocrx_word' id='word_1_184' title='bbox 1632 1911 1930 1981; x_wconf 85' lang='lat' dir='ltr'><strong>nequitiam</strong></span> <span class='ocrx_word' id='word_1_185' title='bbox 1982 1927 2078 1967; x_wconf 84' lang='lat' dir='ltr'><strong>su-</strong></span> 
     </span>
    </p>
   </div>
   <div class='ocr_carea' id='block_1_25' title="bbox 483 2005 706 2076">
    <p class='ocr_par' dir='ltr' id='par_1_25' title="bbox 483 2005 706 2076">
     <span class='ocr_line' id='line_1_25' title="bbox 483 2005 706 2076; baseline -0.009 -16"><span class='ocrx_word' id='word_1_186' title='bbox 483 2005 706 2076; x_wconf 81' lang='lat' dir='ltr'><strong>perbiae.</strong></span> 
     </span>
    </p>
   </div>
   <div class='ocr_carea' id='block_1_26' title="bbox 546 2095 2074 2167">
    <p class='ocr_par' dir='ltr' id='par_1_26' title="bbox 546 2095 2074 2167">
     <span class='ocr_line' id='line_1_26' title="bbox 546 2095 2074 2167; baseline 0.001 -17"><span class='ocrx_word' id='word_1_187' title='bbox 546 2116 582 2150; x_wconf 75' lang='grc' dir='ltr'><strong>-ι</strong></span> <span class='ocrx_word' id='word_1_188' title='bbox 629 2095 941 2152; x_wconf 81' lang='lat' dir='ltr'><strong>Pharisaeus</strong></span> <span class='ocrx_word' id='word_1_189' title='bbox 992 2105 1145 2152; x_wconf 89' lang='lat' dir='ltr'><strong>stans</strong></span> <span class='ocrx_word' id='word_1_190' title='bbox 1198 2096 1303 2151; x_wconf 87' lang='lat' dir='ltr'><strong>hoc</strong></span> <span class='ocrx_word' id='word_1_191' title='bbox 1354 2095 1499 2167; x_wconf 90' lang='lat' dir='ltr'><strong>apud</strong></span> <span class='ocrx_word' id='word_1_192' title='bbox 1541 2110 1600 2151; x_wconf 92' lang='lat' dir='ltr'><strong>se</strong></span> <span class='ocrx_word' id='word_1_193' title='bbox 1640 2096 1835 2152; x_wconf 86' lang='lat' dir='ltr'><strong>orabat</strong></span> <span class='ocrx_word' id='word_1_194' title='bbox 1867 2115 1879 2152; x_wconf 90' lang='lat'>:</span> <span class='ocrx_word' id='word_1_195' title='bbox 1907 2095 2074 2164; x_wconf 88' lang='lat' dir='ltr'><strong>Deus,</strong></span> 
     </span>
    </p>
   </div>
   <div class='ocr_carea' id='block_1_27' title="bbox 480 2190 2074 2263">
    <p class='ocr_par' dir='ltr' id='par_1_27' title="bbox 480 2190 2074 2263">
     <span class='ocr_line' id='line_1_27' title="bbox 480 2190 2074 2263; baseline 0 -18"><span class='ocrx_word' id='word_1_196' title='bbox 480 2192 689 2263; x_wconf 82' lang='lat' dir='ltr'><strong>gratias</strong></span> <span class='ocrx_word' id='word_1_197' title='bbox 711 2191 810 2246; x_wconf 89' lang='lat' dir='ltr'><strong>tibi</strong></span> <span class='ocrx_word' id='word_1_198' title='bbox 832 2206 935 2261; x_wconf 88' lang='lat' dir='ltr'><strong>ago</strong></span> <span class='ocrx_word' id='word_1_199' title='bbox 958 2190 1088 2261; x_wconf 83' lang='lat' dir='ltr'><strong>quia</strong></span> <span class='ocrx_word' id='word_1_200' title='bbox 1115 2206 1223 2246; x_wconf 92' lang='lat' dir='ltr'><strong>non</strong></span> <span class='ocrx_word' id='word_1_201' title='bbox 1247 2206 1370 2247; x_wconf 92' lang='lat' dir='ltr'><strong>sum</strong></span> <span class='ocrx_word' id='word_1_202' title='bbox 1398 2190 1544 2246; x_wconf 89' lang='lat' dir='ltr'><strong>sicut</strong></span> <span class='ocrx_word' id='word_1_203' title='bbox 1563 2190 1743 2246; x_wconf 65' lang='lat' dir='ltr'><strong>caeteri</strong></span> <span class='ocrx_word' id='word_1_204' title='bbox 1765 2190 2074 2258; x_wconf 87' lang='lat' dir='ltr'><strong>hominum,</strong></span> 
     </span>
    </p>
   </div>
   <div class='ocr_carea' id='block_1_28' title="bbox 477 2284 2069 2356">
    <p class='ocr_par' dir='ltr' id='par_1_28' title="bbox 477 2284 2069 2356">
     <span class='ocr_line' id='line_1_28' title="bbox 477 2284 2069 2356; baseline 0 -16"><span class='ocrx_word' id='word_1_205' title='bbox 477 2295 757 2356; x_wconf 79' lang='lat' dir='ltr'><strong>raptores,</strong></span> <span class='ocrx_word' id='word_1_206' title='bbox 785 2284 999 2354; x_wconf 89' lang='lat' dir='ltr'><strong>injusti,</strong></span> <span class='ocrx_word' id='word_1_207' title='bbox 1026 2284 1283 2352; x_wconf 88' lang='lat' dir='ltr'><strong>adulteri,</strong></span> <span class='ocrx_word' id='word_1_208' title='bbox 1308 2284 1456 2339; x_wconf 90' lang='lat' dir='ltr'><strong>velut</strong></span> <span class='ocrx_word' id='word_1_209' title='bbox 1484 2293 1538 2340; x_wconf 90' lang='lat' dir='ltr'><strong>et</strong></span> <span class='ocrx_word' id='word_1_210' title='bbox 1568 2285 1659 2339; x_wconf 91' lang='lat' dir='ltr'><strong>hic</strong></span> <span class='ocrx_word' id='word_1_211' title='bbox 1685 2285 2069 2355; x_wconf 64' lang='lat' dir='ltr'><strong>publicanus.)</strong></span> 
     </span>
    </p>
   </div>
   <div class='ocr_carea' id='block_1_29' title="bbox 481 2373 2076 2445">
    <p class='ocr_par' dir='ltr' id='par_1_29' title="bbox 481 2373 2076 2445">
     <span class='ocr_line' id='line_1_29' title="bbox 481 2373 2076 2445; baseline -0.003 -14"><span class='ocrx_word' id='word_1_212' title='bbox 481 2373 730 2442; x_wconf 83' lang='lat' dir='ltr'><strong>Quatuor</strong></span> <span class='ocrx_word' id='word_1_213' title='bbox 751 2383 881 2429; x_wconf 84' lang='lat' dir='ltr'><strong>sunt</strong></span> <span class='ocrx_word' id='word_1_214' title='bbox 903 2373 1113 2445; x_wconf 86' lang='lat' dir='ltr'><strong>species</strong></span> <span class='ocrx_word' id='word_1_215' title='bbox 1143 2375 1345 2444; x_wconf 92' lang='lat' dir='ltr'><strong>quibus</strong></span> <span class='ocrx_word' id='word_1_216' title='bbox 1376 2373 1559 2428; x_wconf 91' lang='lat' dir='ltr'><strong>omnis</strong></span> <span class='ocrx_word' id='word_1_217' title='bbox 1596 2382 1781 2428; x_wconf 88' lang='lat' dir='ltr'><strong>tumor</strong></span> <span class='ocrx_word' id='word_1_218' title='bbox 1811 2388 2076 2444; x_wconf 79' lang='lat' dir='ltr'><strong>arrogan-</strong></span> 
     </span>
    </p>
   </div>
   <div class='ocr_carea' id='block_1_30' title="bbox 482 2466 2076 2537">
    <p class='ocr_par' dir='ltr' id='par_1_30' title="bbox 482 2466 2076 2537">
     <span class='ocr_line' id='line_1_30' title="bbox 482 2466 2076 2537; baseline -0.001 -13"><span class='ocrx_word' id='word_1_219' title='bbox 482 2470 619 2524; x_wconf 91' lang='lat' dir='ltr'><strong>tium</strong></span> <span class='ocrx_word' id='word_1_220' title='bbox 642 2467 1069 2523; x_wconf 87' lang='lat' dir='ltr'><strong>demonstratur.</strong></span> <span class='ocrx_word' id='word_1_221' title='bbox 1100 2466 1239 2523; x_wconf 87' lang='lat' dir='ltr'><strong>Cum</strong></span> <span class='ocrx_word' id='word_1_222' title='bbox 1268 2475 1451 2522; x_wconf 88' lang='lat' dir='ltr'><strong>autem</strong></span> <span class='ocrx_word' id='word_1_223' title='bbox 1478 2466 1681 2521; x_wconf 91' lang='lat' dir='ltr'><strong>bonum</strong></span> <span class='ocrx_word' id='word_1_224' title='bbox 1712 2482 1740 2520; x_wconf 89' lang='lat' dir='ltr'><strong>a</strong></span> <span class='ocrx_word' id='word_1_225' title='bbox 1765 2467 2076 2537; x_wconf 87' lang='lat' dir='ltr'><strong>semetipsis</strong></span> 
     </span>
    </p>
   </div>
   <div class='ocr_carea' id='block_1_31' title="bbox 482 2558 2074 2629">
    <p class='ocr_par' dir='ltr' id='par_1_31' title="bbox 482 2558 2074 2629">
     <span class='ocr_line' id='line_1_31' title="bbox 482 2558 2074 2629; baseline 0.001 -15"><span class='ocrx_word' id='word_1_226' title='bbox 482 2560 683 2625; x_wconf 81' lang='lat' dir='ltr'><strong>habere</strong></span> <span class='ocrx_word' id='word_1_227' title='bbox 704 2560 1040 2625; x_wconf 79' lang='lat' dir='ltr'><strong>existimant,</strong></span> <span class='ocrx_word' id='word_1_228' title='bbox 1070 2569 1165 2615; x_wconf 89' lang='lat' dir='ltr'><strong>aut</strong></span> <span class='ocrx_word' id='word_1_229' title='bbox 1186 2559 1231 2615; x_wconf 92' lang='lat' dir='ltr'><strong>si</strong></span> <span class='ocrx_word' id='word_1_230' title='bbox 1257 2559 1491 2629; x_wconf 88' lang='lat' dir='ltr'><strong>desuper</strong></span> <span class='ocrx_word' id='word_1_231' title='bbox 1515 2558 1702 2614; x_wconf 89' lang='lat' dir='ltr'><strong>datum</strong></span> <span class='ocrx_word' id='word_1_232' title='bbox 1725 2560 1950 2615; x_wconf 85' lang='lat' dir='ltr'><strong>credant</strong></span> <span class='ocrx_word' id='word_1_233' title='bbox 1976 2575 2074 2629; x_wconf 88' lang='lat' dir='ltr'><strong>pro</strong></span> 
     </span>
    </p>
   </div>
   <div class='ocr_carea' id='block_1_32' title="bbox 481 2651 2074 2722">
    <p class='ocr_par' dir='ltr' id='par_1_32' title="bbox 481 2651 2074 2722">
     <span class='ocr_line' id='line_1_32' title="bbox 481 2651 2074 2722; baseline -0.003 -11"><span class='ocrx_word' id='word_1_234' title='bbox 481 2653 695 2711; x_wconf 84' lang='lat' dir='ltr'><strong>meritis</strong></span> <span class='ocrx_word' id='word_1_235' title='bbox 718 2653 833 2709; x_wconf 90' lang='lat' dir='ltr'><strong>suis</strong></span> <span class='ocrx_word' id='word_1_236' title='bbox 854 2653 1042 2708; x_wconf 91' lang='lat' dir='ltr'><strong>datum</strong></span> <span class='ocrx_word' id='word_1_237' title='bbox 1063 2652 1188 2719; x_wconf 90' lang='lat' dir='ltr'><strong>sibi,</strong></span> <span class='ocrx_word' id='word_1_238' title='bbox 1212 2660 1311 2706; x_wconf 88' lang='lat' dir='ltr'><strong>aut</strong></span> <span class='ocrx_word' id='word_1_239' title='bbox 1333 2667 1458 2706; x_wconf 91' lang='lat' dir='ltr'><strong>cum</strong></span> <span class='ocrx_word' id='word_1_240' title='bbox 1479 2651 1691 2722; x_wconf 86' lang='lat' dir='ltr'><strong>jactant</strong></span> <span class='ocrx_word' id='word_1_241' title='bbox 1710 2652 1907 2707; x_wconf 84' lang='lat' dir='ltr'><strong>habere</strong></span> <span class='ocrx_word' id='word_1_242' title='bbox 1928 2651 2074 2722; x_wconf 87' lang='lat' dir='ltr'><strong>quod</strong></span> 
     </span>
    </p>
   </div>
   <div class='ocr_carea' id='block_1_33' title="bbox 480 2744 2075 2815">
    <p class='ocr_par' dir='ltr' id='par_1_33' title="bbox 480 2744 2075 2815">
     <span class='ocr_line' id='line_1_33' title="bbox 480 2744 2075 2815; baseline -0.001 -15"><span class='ocrx_word' id='word_1_243' title='bbox 480 2761 591 2801; x_wconf 88' lang='lat' dir='ltr'><strong>non</strong></span> <span class='ocrx_word' id='word_1_244' title='bbox 620 2745 958 2813; x_wconf 85' lang='lat' dir='ltr'><strong>habent,aut</strong></span> <span class='ocrx_word' id='word_1_245' title='bbox 979 2745 1249 2815; x_wconf 86' lang='lat' dir='ltr'><strong>despectis</strong></span> <span class='ocrx_word' id='word_1_246' title='bbox 1273 2745 1486 2799; x_wconf 64' lang='lat' dir='ltr'><strong>caeteris</strong></span> <span class='ocrx_word' id='word_1_247' title='bbox 1509 2744 1861 2814; x_wconf 82' lang='lat' dir='ltr'><strong>singulariter</strong></span> <span class='ocrx_word' id='word_1_248' title='bbox 1884 2744 2075 2799; x_wconf 90' lang='lat' dir='ltr'><strong>volunt</strong></span> 
     </span>
    </p>
   </div>
   <div class='ocr_carea' id='block_1_34' title="bbox 472 2834 2075 2907">
    <p class='ocr_par' dir='ltr' id='par_1_34' title="bbox 472 2834 2075 2907">
     <span class='ocr_line' id='line_1_34' title="bbox 472 2834 2075 2907; baseline 0 -17"><span class='ocrx_word' id='word_1_249' title='bbox 472 2836 655 2891; x_wconf 62' lang='lat' dir='ltr'><strong>videri</strong></span> <span class='ocrx_word' id='word_1_250' title='bbox 691 2836 892 2891; x_wconf 89' lang='lat' dir='ltr'><strong>habere</strong></span> <span class='ocrx_word' id='word_1_251' title='bbox 922 2836 1070 2907; x_wconf 90' lang='lat' dir='ltr'><strong>quod</strong></span> <span class='ocrx_word' id='word_1_252' title='bbox 1097 2836 1319 2901; x_wconf 86' lang='lat' dir='ltr'><strong>habent,</strong></span> <span class='ocrx_word' id='word_1_253' title='bbox 1352 2842 1413 2888; x_wconf 91' lang='lat' dir='ltr'><strong>ut</strong></span> <span class='ocrx_word' id='word_1_254' title='bbox 1441 2835 1543 2889; x_wconf 89' lang='lat' dir='ltr'><strong>iste</strong></span> <span class='ocrx_word' id='word_1_255' title='bbox 1560 2834 1894 2890; x_wconf 70' lang='lat' dir='ltr'><strong>Phariszeus.</strong></span> <span class='ocrx_word' id='word_1_256' title='bbox 1919 2834 2075 2891; x_wconf 86' lang='lat' dir='ltr'><strong>Unde</strong></span> 
     </span>
    </p>
   </div>
   <div class='ocr_carea' id='block_1_35' title="bbox 479 2925 2074 3000">
    <p class='ocr_par' dir='ltr' id='par_1_35' title="bbox 479 2925 2074 3000">
     <span class='ocr_line' id='line_1_35' title="bbox 479 2925 2074 3000; baseline -0.001 -17"><span class='ocrx_word' id='word_1_257' title='bbox 479 2929 692 3000; x_wconf 56' lang='lat' dir='ltr'><strong>absque</strong></span> <span class='ocrx_word' id='word_1_258' title='bbox 720 2929 864 2984; x_wconf 89' lang='lat' dir='ltr'><strong>bona</strong></span> <span class='ocrx_word' id='word_1_259' title='bbox 886 2927 1103 2983; x_wconf 83' lang='lat' dir='ltr'><strong>actione</strong></span> <span class='ocrx_word' id='word_1_260' title='bbox 1124 2927 1192 2981; x_wconf 90' lang='lat' dir='ltr'><strong>de</strong></span> <span class='ocrx_word' id='word_1_261' title='bbox 1216 2925 1417 2997; x_wconf 91' lang='lat' dir='ltr'><strong>templo</strong></span> <span class='ocrx_word' id='word_1_262' title='bbox 1439 2925 1713 2993; x_wconf 88' lang='lat' dir='ltr'><strong>discessit,</strong></span> <span class='ocrx_word' id='word_1_263' title='bbox 1740 2928 1869 2997; x_wconf 92' lang='lat' dir='ltr'><strong>quia</strong></span> <span class='ocrx_word' id='word_1_264' title='bbox 1894 2927 2074 2998; x_wconf 91' lang='lat' dir='ltr'><strong>publi-</strong></span> 
     </span>
    </p>
   </div>
   <div class='ocr_carea' id='block_1_36' title="bbox 482 3018 1304 3090">
    <p class='ocr_par' dir='ltr' id='par_1_36' title="bbox 482 3018 1304 3090">
     <span class='ocr_line' id='line_1_36' title="bbox 482 3018 1304 3090; baseline -0.007 -12"><span class='ocrx_word' id='word_1_265' title='bbox 482 3037 624 3079; x_wconf 84' lang='lat' dir='ltr'><strong>cano</strong></span> <span class='ocrx_word' id='word_1_266' title='bbox 655 3036 715 3076; x_wconf 91' lang='lat' dir='ltr'><strong>sc</strong></span> <span class='ocrx_word' id='word_1_267' title='bbox 743 3020 1014 3090; x_wconf 71' lang='lat' dir='ltr'><strong>iactanter</strong></span> <span class='ocrx_word' id='word_1_268' title='bbox 1047 3018 1304 3089; x_wconf 84' lang='lat' dir='ltr'><strong>praetulit.</strong></span> 
     </span>
    </p>
   </div>
   <div class='ocr_carea' id='block_1_37' title="bbox 2178 1910 3773 1987">
    <p class='ocr_par' dir='ltr' id='par_1_37' title="bbox 2178 1910 3773 1987">
     <span class='ocr_line' id='line_1_37' title="bbox 2178 1910 3773 1987; baseline -0.004 -18"><span class='ocrx_word' id='word_1_269' title='bbox 2178 1914 2535 1970; x_wconf 88' lang='lat' dir='ltr'><strong>humiliemur</strong></span> <span class='ocrx_word' id='word_1_270' title='bbox 2566 1915 2631 1970; x_wconf 88' lang='lat' dir='ltr'><strong>ad</strong></span> <span class='ocrx_word' id='word_1_271' title='bbox 2664 1915 2918 1987; x_wconf 85' lang='lat' dir='ltr'><strong>gloriam,</strong></span> <span class='ocrx_word' id='word_1_272' title='bbox 2946 1924 3224 1985; x_wconf 86' lang='lat' dir='ltr'><strong>quatenus</strong></span> <span class='ocrx_word' id='word_1_273' title='bbox 3256 1910 3650 1981; x_wconf 86' lang='lat' dir='ltr'><strong>unusquisque</strong></span> <span class='ocrx_word' id='word_1_274' title='bbox 3671 1911 3773 1963; x_wconf 63' lang='lat' dir='ltr'><strong>haec</strong></span> 
     </span>
    </p>
   </div>
   <div class='ocr_carea' id='block_1_38' title="bbox 2178 2000 3772 2078">
    <p class='ocr_par' dir='ltr' id='par_1_38' title="bbox 2178 2000 3772 2078">
     <span class='ocr_line' id='line_1_38' title="bbox 2178 2000 3772 2078; baseline -0.006 -16"><span class='ocrx_word' id='word_1_275' title='bbox 2178 2007 2322 2077; x_wconf 91' lang='lat' dir='ltr'><strong>apud</strong></span> <span class='ocrx_word' id='word_1_276' title='bbox 2352 2022 2410 2064; x_wconf 86' lang='lat' dir='ltr'><strong>se</strong></span> <span class='ocrx_word' id='word_1_277' title='bbox 2439 2008 2667 2078; x_wconf 87' lang='lat' dir='ltr'><strong>supplex</strong></span> <span class='ocrx_word' id='word_1_278' title='bbox 2692 2022 2758 2062; x_wconf 88' lang='lat' dir='ltr'><strong>ac</strong></span> <span class='ocrx_word' id='word_1_279' title='bbox 2779 2007 3092 2063; x_wconf 84' lang='lat' dir='ltr'><strong>submissus</strong></span> <span class='ocrx_word' id='word_1_280' title='bbox 3114 2006 3395 2060; x_wconf 88' lang='lat' dir='ltr'><strong>obsecret.</strong></span> <span class='ocrx_word' id='word_1_281' title='bbox 3431 2001 3582 2057; x_wconf 88' lang='lat' dir='ltr'><strong>Deus</strong></span> <span class='ocrx_word' id='word_1_282' title='bbox 3610 2000 3772 2055; x_wconf 86' lang='lat' dir='ltr'><strong>omni-</strong></span> 
     </span>
    </p>
   </div>
   <div class='ocr_carea' id='block_1_39' title="bbox 2176 2093 3772 2170">
    <p class='ocr_par' dir='ltr' id='par_1_39' title="bbox 2176 2093 3772 2170">
     <span class='ocr_line' id='line_1_39' title="bbox 2176 2093 3772 2170; baseline -0.004 -18"><span class='ocrx_word' id='word_1_283' title='bbox 2176 2107 2398 2169; x_wconf 89' lang='lat' dir='ltr'><strong>potens,</strong></span> <span class='ocrx_word' id='word_1_284' title='bbox 2424 2099 2688 2155; x_wconf 88' lang='lat' dir='ltr'><strong>miserere</strong></span> <span class='ocrx_word' id='word_1_285' title='bbox 2732 2098 2965 2170; x_wconf 89' lang='lat' dir='ltr'><strong>supplici</strong></span> <span class='ocrx_word' id='word_1_286' title='bbox 3008 2107 3127 2164; x_wconf 90' lang='lat' dir='ltr'><strong>tno,</strong></span> <span class='ocrx_word' id='word_1_287' title='bbox 3155 2096 3291 2168; x_wconf 89' lang='lat' dir='ltr'><strong>quia</strong></span> <span class='ocrx_word' id='word_1_288' title='bbox 3333 2110 3451 2149; x_wconf 88' lang='lat' dir='ltr'><strong>non</strong></span> <span class='ocrx_word' id='word_1_289' title='bbox 3484 2093 3772 2148; x_wconf 86' lang='lat' dir='ltr'><strong>sum-sicut</strong></span> 
     </span>
    </p>
   </div>
   <div class='ocr_carea' id='block_1_40' title="bbox 2179 2186 3772 2261">
    <p class='ocr_par' dir='ltr' id='par_1_40' title="bbox 2179 2186 3772 2261">
     <span class='ocr_line' id='line_1_40' title="bbox 2179 2186 3772 2261; baseline -0.001 -17"><span class='ocrx_word' id='word_1_290' title='bbox 2179 2190 2456 2247; x_wconf 91' lang='lat' dir='ltr'><strong>innumeri</strong></span> <span class='ocrx_word' id='word_1_291' title='bbox 2485 2192 2628 2247; x_wconf 82' lang='lat' dir='ltr'><strong>servi</strong></span> <span class='ocrx_word' id='word_1_292' title='bbox 2653 2192 2729 2246; x_wconf 89' lang='lat' dir='ltr'><strong>tui</strong></span> <span class='ocrx_word' id='word_1_293' title='bbox 2753 2200 3070 2261; x_wconf 89' lang='lat' dir='ltr'><strong>contemptu</strong></span> <span class='ocrx_word' id='word_1_294' title='bbox 3098 2188 3287 2245; x_wconf 66' lang='lat' dir='ltr'><strong>saeculi</strong></span> <span class='ocrx_word' id='word_1_295' title='bbox 3306 2188 3609 2251; x_wconf 84' lang='lat' dir='ltr'><strong>sublimes,</strong></span> <span class='ocrx_word' id='word_1_296' title='bbox 3629 2186 3772 2255; x_wconf 84' lang='lat' dir='ltr'><strong>justi-</strong></span> 
     </span>
    </p>
   </div>
   <div class='ocr_carea' id='block_1_41' title="bbox 2178 2280 3767 2355">
    <p class='ocr_par' dir='ltr' id='par_1_41' title="bbox 2178 2280 3767 2355">
     <span class='ocr_line' id='line_1_41' title="bbox 2178 2280 3767 2355; baseline -0.003 -17"><span class='ocrx_word' id='word_1_297' title='bbox 2178 2284 2269 2340; x_wconf 74' lang='lat' dir='ltr'><strong>tiae</strong></span> <span class='ocrx_word' id='word_1_298' title='bbox 2294 2284 2493 2340; x_wconf 90' lang='lat' dir='ltr'><strong>merito</strong></span> <span class='ocrx_word' id='word_1_299' title='bbox 2526 2284 2772 2355; x_wconf 84' lang='lat' dir='ltr'><strong>gloriosi,</strong></span> <span class='ocrx_word' id='word_1_300' title='bbox 2797 2283 3071 2339; x_wconf 90' lang='lat' dir='ltr'><strong>castitatis</strong></span> <span class='ocrx_word' id='word_1_301' title='bbox 3092 2282 3257 2337; x_wconf 89' lang='lat' dir='ltr'><strong>laude</strong></span> <span class='ocrx_word' id='word_1_302' title='bbox 3292 2281 3561 2352; x_wconf 86' lang='lat' dir='ltr'><strong>angelica</strong></span> <span class='ocrx_word' id='word_1_303' title='bbox 3606 2280 3767 2342; x_wconf 89' lang='lat' dir='ltr'><strong>nitidi,</strong></span> 
     </span>
    </p>
   </div>
   <div class='ocr_carea' id='block_1_42' title="bbox 2176 2374 3770 2446">
    <p class='ocr_par' dir='ltr' id='par_1_42' title="bbox 2176 2374 3770 2446">
     <span class='ocr_line' id='line_1_42' title="bbox 2176 2374 3770 2446; baseline -0.003 -15"><span class='ocrx_word' id='word_1_304' title='bbox 2176 2377 2326 2433; x_wconf 91' lang='lat' dir='ltr'><strong>velut</strong></span> <span class='ocrx_word' id='word_1_305' title='bbox 2348 2377 2512 2432; x_wconf 85' lang='lat' dir='ltr'><strong>etiam</strong></span> <span class='ocrx_word' id='word_1_306' title='bbox 2530 2377 2688 2431; x_wconf 90' lang='lat' dir='ltr'><strong>multi</strong></span> <span class='ocrx_word' id='word_1_307' title='bbox 2716 2376 3045 2446; x_wconf 88' lang='lat' dir='ltr'><strong>illornmqui</strong></span> <span class='ocrx_word' id='word_1_308' title='bbox 3070 2375 3416 2446; x_wconf 80' lang='lat' dir='ltr'><strong>postllagitia</strong></span> <span class='ocrx_word' id='word_1_309' title='bbox 3442 2374 3770 2444; x_wconf 69' lang='lat' dir='ltr'><strong>publicapna-</strong></span> 
     </span>
    </p>
   </div>
   <div class='ocr_carea' id='block_1_43' title="bbox 2178 2463 3770 2534">
    <p class='ocr_par' dir='ltr' id='par_1_43' title="bbox 2178 2463 3770 2534">
     <span class='ocr_line' id='line_1_43' title="bbox 2178 2463 3770 2534; baseline -0.004 -11"><span class='ocrx_word' id='word_1_310' title='bbox 2178 2468 2403 2524; x_wconf 86' lang='lat' dir='ltr'><strong>nitendo</strong></span> <span class='ocrx_word' id='word_1_311' title='bbox 2427 2469 2522 2524; x_wconf 92' lang='lat' dir='ltr'><strong>tibi</strong></span> <span class='ocrx_word' id='word_1_312' title='bbox 2545 2478 3001 2524; x_wconf 90' lang='lat' dir='ltr'><strong>merueruntesse</strong></span> <span class='ocrx_word' id='word_1_313' title='bbox 3023 2466 3228 2522; x_wconf 90' lang='lat' dir='ltr'><strong>devoti.</strong></span> <span class='ocrx_word' id='word_1_314' title='bbox 3249 2466 3361 2532; x_wconf 90' lang='lat' dir='ltr'><strong>Qui</strong></span> <span class='ocrx_word' id='word_1_315' title='bbox 3388 2466 3567 2520; x_wconf 88' lang='lat' dir='ltr'><strong>etiam</strong></span> <span class='ocrx_word' id='word_1_316' title='bbox 3594 2466 3639 2518; x_wconf 92' lang='lat' dir='ltr'><strong>si</strong></span> <span class='ocrx_word' id='word_1_317' title='bbox 3655 2463 3770 2534; x_wconf 83' lang='lat' dir='ltr'><strong>quid</strong></span> 
     </span>
    </p>
   </div>
   <div class='ocr_carea' id='block_1_44' title="bbox 2176 2554 3769 2632">
    <p class='ocr_par' dir='ltr' id='par_1_44' title="bbox 2176 2554 3769 2632">
     <span class='ocr_line' id='line_1_44' title="bbox 2176 2554 3769 2632; baseline -0.005 -16"><span class='ocrx_word' id='word_1_318' title='bbox 2176 2561 2308 2617; x_wconf 91' lang='lat' dir='ltr'><strong>boni</strong></span> <span class='ocrx_word' id='word_1_319' title='bbox 2345 2569 2439 2616; x_wconf 91' lang='lat' dir='ltr'><strong>tua</strong></span> <span class='ocrx_word' id='word_1_320' title='bbox 2468 2560 2642 2632; x_wconf 88' lang='lat' dir='ltr'><strong>gratia</strong></span> <span class='ocrx_word' id='word_1_321' title='bbox 2679 2559 2945 2630; x_wconf 85' lang='lat' dir='ltr'><strong>largiente</strong></span> <span class='ocrx_word' id='word_1_322' title='bbox 2997 2557 3197 2624; x_wconf 79' lang='lat' dir='ltr'><strong>fecero,</strong></span> <span class='ocrx_word' id='word_1_323' title='bbox 3251 2572 3369 2627; x_wconf 90' lang='lat' dir='ltr'><strong>quo</strong></span> <span class='ocrx_word' id='word_1_324' title='bbox 3402 2555 3521 2610; x_wconf 89' lang='lat' dir='ltr'><strong>ﬁne</strong></span> <span class='ocrx_word' id='word_1_325' title='bbox 3548 2555 3664 2610; x_wconf 65' lang='lat' dir='ltr'><strong>haec</strong></span> <span class='ocrx_word' id='word_1_326' title='bbox 3703 2554 3769 2608; x_wconf 78' lang='lat' dir='ltr'><strong>fa-</strong></span> 
     </span>
    </p>
   </div>
   <div class='ocr_carea' id='block_1_45' title="bbox 2176 2646 3768 2722">
    <p class='ocr_par' dir='ltr' id='par_1_45' title="bbox 2176 2646 3768 2722">
     <span class='ocr_line' id='line_1_45' title="bbox 2176 2646 3768 2722; baseline -0.007 -11"><span class='ocrx_word' id='word_1_327' title='bbox 2176 2654 2319 2711; x_wconf 90' lang='lat' dir='ltr'><strong>ciam</strong></span> <span class='ocrx_word' id='word_1_328' title='bbox 2343 2694 2358 2721; x_wconf 93' lang='lat'><strong>,</strong></span> <span class='ocrx_word' id='word_1_329' title='bbox 2380 2668 2556 2722; x_wconf 88' lang='lat' dir='ltr'><strong>quave</strong></span> <span class='ocrx_word' id='word_1_330' title='bbox 2580 2668 2611 2706; x_wconf 88' lang='lat' dir='ltr'><strong>a</strong></span> <span class='ocrx_word' id='word_1_331' title='bbox 2643 2659 2695 2705; x_wconf 88' lang='lat' dir='ltr'><strong>te</strong></span> <span class='ocrx_word' id='word_1_332' title='bbox 2721 2649 3067 2706; x_wconf 86' lang='lat' dir='ltr'><strong>districtione</strong></span> <span class='ocrx_word' id='word_1_333' title='bbox 3090 2657 3394 2718; x_wconf 68' lang='lat' dir='ltr'><strong>praesanter</strong></span> <span class='ocrx_word' id='word_1_334' title='bbox 3422 2648 3645 2718; x_wconf 79' lang='lat' dir='ltr'><strong>ignoro.</strong></span> <span class='ocrx_word' id='word_1_335' title='bbox 3676 2646 3768 2700; x_wconf 74' lang='lat' dir='ltr'><strong>Sed</strong></span> 
     </span>
    </p>
   </div>
   <div class='ocr_carea' id='block_1_46' title="bbox 2177 2731 3766 2817">
    <p class='ocr_par' dir='ltr' id='par_1_46' title="bbox 2177 2731 3766 2817">
     <span class='ocr_line' id='line_1_46' title="bbox 2177 2731 3766 2817; baseline -0.007 -15"><span class='ocrx_word' id='word_1_336' title='bbox 2177 2745 2622 2817; x_wconf 69' lang='lat' dir='ltr'><strong>praetereundum</strong></span> <span class='ocrx_word' id='word_1_337' title='bbox 2646 2759 2756 2798; x_wconf 91' lang='lat' dir='ltr'><strong>non</strong></span> <span class='ocrx_word' id='word_1_338' title='bbox 2793 2752 2878 2798; x_wconf 90' lang='lat' dir='ltr'><strong>est</strong></span> <span class='ocrx_word' id='word_1_339' title='bbox 2901 2743 3032 2813; x_wconf 92' lang='lat' dir='ltr'><strong>quid</strong></span> <span class='ocrx_word' id='word_1_340' title='bbox 3068 2742 3141 2797; x_wconf 90' lang='lat' dir='ltr'><strong>sit</strong></span> <span class='ocrx_word' id='word_1_341' title='bbox 3179 2741 3332 2811; x_wconf 89' lang='lat' dir='ltr'><strong>quod</strong></span> <span class='ocrx_word' id='word_1_342' title='bbox 3380 2731 3609 2811; x_wconf 66' lang='lat' dir='ltr'><strong>legitur,</strong></span> <span class='ocrx_word' id='word_1_343' title='bbox 3651 2742 3766 2809; x_wconf 85' lang='lat' dir='ltr'><strong>quia</strong></span> 
     </span>
    </p>
   </div>
   <div class='ocr_carea' id='block_1_47' title="bbox 2179 2831 3766 2903">
    <p class='ocr_par' dir='ltr' id='par_1_47' title="bbox 2179 2831 3766 2903">
     <span class='ocr_line' id='line_1_47' title="bbox 2179 2831 3766 2903; baseline -0.006 -9"><span class='ocrx_word' id='word_1_344' title='bbox 2179 2838 2441 2894; x_wconf 89' lang='lat' dir='ltr'><strong>Salomon</strong></span> <span class='ocrx_word' id='word_1_345' title='bbox 2473 2836 2539 2891; x_wconf 89' lang='lat' dir='ltr'><strong>ad</strong></span> <span class='ocrx_word' id='word_1_346' title='bbox 2573 2837 2837 2890; x_wconf 87' lang='lat' dir='ltr'><strong>honorem</strong></span> <span class='ocrx_word' id='word_1_347' title='bbox 2871 2833 3084 2888; x_wconf 91' lang='lat' dir='ltr'><strong>Domini</strong></span> <span class='ocrx_word' id='word_1_348' title='bbox 3109 2834 3380 2903; x_wconf 87' lang='lat' dir='ltr'><strong>templum</strong></span> <span class='ocrx_word' id='word_1_349' title='bbox 3403 2831 3766 2891; x_wconf 66' lang='lat' dir='ltr'><strong>:ediﬁcaver‘t.</strong></span> 
     </span>
    </p>
   </div>
   <div class='ocr_carea' id='block_1_48' title="bbox 2176 2925 3774 3001">
    <p class='ocr_par' dir='ltr' id='par_1_48' title="bbox 2176 2925 3774 3001">
     <span class='ocr_line' id='line_1_48' title="bbox 2176 2925 3774 3001; baseline -0.005 -16"><span class='ocrx_word' id='word_1_350' title='bbox 2176 2931 2244 2985; x_wconf 87' lang='lat' dir='ltr'><strong>ad</strong></span> <span class='ocrx_word' id='word_1_351' title='bbox 2277 2930 2423 3001; x_wconf 88' lang='lat' dir='ltr'><strong>quod</strong></span> <span class='ocrx_word' id='word_1_352' title='bbox 2458 2945 2529 2983; x_wconf 87' lang='lat' dir='ltr'><strong>xv</strong></span> <span class='ocrx_word' id='word_1_353' title='bbox 2557 2927 2818 2998; x_wconf 82' lang='lat' dir='ltr'><strong>gradibus</strong></span> <span class='ocrx_word' id='word_1_354' title='bbox 2848 2926 3254 2982; x_wconf 89' lang='lat' dir='ltr'><strong>ascendebatur</strong></span> <span class='ocrx_word' id='word_1_355' title='bbox 3274 2925 3462 2980; x_wconf 86' lang='lat' dir='ltr'><strong>ethoc</strong></span> <span class='ocrx_word' id='word_1_356' title='bbox 3486 2939 3593 2979; x_wconf 91' lang='lat' dir='ltr'><strong>non</strong></span> <span class='ocrx_word' id='word_1_357' title='bbox 3620 2931 3774 2977; x_wconf 67' lang='lat' dir='ltr'><strong>vacat</strong></span> 
     </span>
    </p>
   </div>
   <div class='ocr_carea' id='block_1_49' title="bbox 2175 3020 3769 3096">
    <p class='ocr_par' dir='ltr' id='par_1_49' title="bbox 2175 3020 3769 3096">
     <span class='ocr_line' id='line_1_49' title="bbox 2175 3020 3769 3096; baseline -0.004 -18"><span class='ocrx_word' id='word_1_358' title='bbox 2175 3038 2208 3078; x_wconf 92' lang='lat' dir='ltr'><strong>a</strong></span> <span class='ocrx_word' id='word_1_359' title='bbox 2236 3024 2519 3096; x_wconf 81' lang='lat' dir='ltr'><strong>mysterio.</strong></span> <span class='ocrx_word' id='word_1_360' title='bbox 2562 3021 2852 3092; x_wconf 88' lang='lat' dir='ltr'><strong>Templum</strong></span> <span class='ocrx_word' id='word_1_361' title='bbox 2876 3020 3025 3076; x_wconf 89' lang='lat' dir='ltr'><strong>enim</strong></span> <span class='ocrx_word' id='word_1_362' title='bbox 3056 3020 3188 3075; x_wconf 91' lang='lat' dir='ltr'><strong>illud</strong></span> <span class='ocrx_word' id='word_1_363' title='bbox 3210 3020 3605 3091; x_wconf 60' lang='lat' dir='ltr'><strong>pradigurabat</strong></span> <span class='ocrx_word' id='word_1_364' title='bbox 3639 3027 3769 3073; x_wconf 87' lang='lat' dir='ltr'><strong>tem-</strong></span> 
     </span>
    </p>
   </div>
   <div class='ocr_carea' id='block_1_50' title="bbox 552 3108 3772 3205">
    <p class='ocr_par' dir='ltr' id='par_1_50' title="bbox 552 3108 3772 3205">
     <span class='ocr_line' id='line_1_50' title="bbox 552 3108 3772 3205; baseline 0.001 -42"><span class='ocrx_word' id='word_1_365' title='bbox 552 3132 579 3166; x_wconf 66' lang='lat'>4</span> <span class='ocrx_word' id='word_1_366' title='bbox 620 3111 817 3183; x_wconf 81' lang='lat' dir='ltr'><strong>Jejuno</strong></span> <span class='ocrx_word' id='word_1_367' title='bbox 842 3112 928 3205; x_wconf 59' lang='lat' dir='ltr'><strong>bis</strong></span> <span class='ocrx_word' id='word_1_368' title='bbox 958 3112 1010 3166; x_wconf 90' lang='lat' dir='ltr'><strong>in</strong></span> <span class='ocrx_word' id='word_1_369' title='bbox 1025 3108 1299 3205; x_wconf 12' lang='lat' dir='ltr'><strong>‘S‘abbato‘;</strong></span> <span class='ocrx_word' id='word_1_370' title='bbox 1323 3109 1568 3205; x_wconf 82' lang='lat' dir='ltr'><strong>decimas</strong></span> <span class='ocrx_word' id='word_1_371' title='bbox 1579 3109 1658 3205; x_wconf 11' lang='lat' dir='ltr'><strong>qdo</strong></span> <span class='ocrx_word' id='word_1_372' title='bbox 1678 3110 1925 3205; x_wconf 80' lang='lat' dir='ltr'><strong>omnium</strong></span> <span class='ocrx_word' id='word_1_373' title='bbox 1950 3126 2073 3181; x_wconf 75' lang='lat' dir='ltr'><strong>qua:</strong></span> <span class='ocrx_word' id='word_1_374' title='bbox 2102 3149 2145 3205; x_wconf 62' lang='grc' dir='ltr'>ο</span> <span class='ocrx_word' id='word_1_375' title='bbox 2176 3117 2326 3187; x_wconf 89' lang='lat' dir='ltr'><strong>plum</strong></span> <span class='ocrx_word' id='word_1_376' title='bbox 2354 3116 2486 3171; x_wconf 88' lang='lat' dir='ltr'><strong>illud</strong></span> <span class='ocrx_word' id='word_1_377' title='bbox 2517 3116 2664 3186; x_wconf 90' lang='lat' dir='ltr'><strong>quod</strong></span> <span class='ocrx_word' id='word_1_378' title='bbox 2694 3116 2750 3169; x_wconf 91' lang='lat' dir='ltr'><strong>in</strong></span> <span class='ocrx_word' id='word_1_379' title='bbox 2773 3112 2986 3169; x_wconf 74' lang='lat' dir='ltr'><strong>cmlesti</strong></span> <span class='ocrx_word' id='word_1_380' title='bbox 3012 3111 3361 3168; x_wconf 80' lang='lat' dir='ltr'><strong>Hierusalem</strong></span> <span class='ocrx_word' id='word_1_381' title='bbox 3391 3111 3629 3167; x_wconf 74' lang='lat' dir='ltr'><strong>aediﬁcat</strong></span> <span class='ocrx_word' id='word_1_382' title='bbox 3665 3109 3772 3165; x_wconf 89' lang='lat' dir='ltr'><strong>Do-</strong></span> 
     </span>
    </p>
   </div>
   <div class='ocr_carea' id='block_1_51' title="bbox 484 3201 2072 3277">
    <p class='ocr_par' dir='ltr' id='par_1_51' title="bbox 484 3201 2072 3277">
     <span class='ocr_line' id='line_1_51' title="bbox 484 3201 2072 3277; baseline -0.001 -19"><span class='ocrx_word' id='word_1_383' title='bbox 484 3204 762 3277; x_wconf 84' lang='lat' dir='ltr'><strong>possideo.</strong></span> <span class='ocrx_word' id='word_1_384' title='bbox 803 3221 832 3256; x_wconf 61' lang='grc' dir='ltr'>ιι</span> <span class='ocrx_word' id='word_1_385' title='bbox 867 3201 1132 3258; x_wconf 73' lang='lat' dir='ltr'><strong>Ezechiel</strong></span> <span class='ocrx_word' id='word_1_386' title='bbox 1178 3202 1312 3258; x_wconf 85' lang='lat' dir='ltr'><strong>dicit</strong></span> <span class='ocrx_word' id='word_1_387' title='bbox 1368 3202 1628 3257; x_wconf 84' lang='lat' dir='ltr'><strong>animalia</strong></span> <span class='ocrx_word' id='word_1_388' title='bbox 1686 3201 1791 3258; x_wconf 87' lang='lat' dir='ltr'><strong>sibi</strong></span> <span class='ocrx_word' id='word_1_389' title='bbox 1851 3211 2072 3257; x_wconf 85' lang='lat' dir='ltr'><strong>ostensa</strong></span> 
     </span>
    </p>
   </div>
   <div class='ocr_carea' id='block_1_52' title="bbox 483 3286 2074 3359">
    <p class='ocr_par' dir='ltr' id='par_1_52' title="bbox 483 3286 2074 3359">
     <span class='ocr_line' id='line_1_52' title="bbox 483 3286 2074 3359; baseline -0.002 -13"><span class='ocrx_word' id='word_1_390' title='bbox 483 3291 657 3347; x_wconf 80' lang='lat' dir='ltr'><strong>fuisse</strong></span> <span class='ocrx_word' id='word_1_391' title='bbox 679 3289 856 3345; x_wconf 91' lang='lat' dir='ltr'><strong>oculis</strong></span> <span class='ocrx_word' id='word_1_392' title='bbox 880 3288 1037 3359; x_wconf 89' lang='lat' dir='ltr'><strong>plena</strong></span> <span class='ocrx_word' id='word_1_393' title='bbox 1066 3286 1283 3359; x_wconf 81' lang='lat' dir='ltr'><strong>(Ezech.</strong></span> <span class='ocrx_word' id='word_1_394' title='bbox 1320 3287 1391 3357; x_wconf 83' lang='grc' dir='ltr'><strong>ι),</strong></span> <span class='ocrx_word' id='word_1_395' title='bbox 1419 3288 1550 3357; x_wconf 88' lang='lat' dir='ltr'><strong>quia</strong></span> <span class='ocrx_word' id='word_1_396' title='bbox 1585 3299 1901 3343; x_wconf 88' lang='lat' dir='ltr'><strong>sanctorum</strong></span> <span class='ocrx_word' id='word_1_397' title='bbox 1931 3288 2074 3343; x_wconf 90' lang='lat' dir='ltr'><strong>actio</strong></span> 
     </span>
    </p>
   </div>
   <div class='ocr_carea' id='block_1_53' title="bbox 485 3378 2073 3453">
    <p class='ocr_par' dir='ltr' id='par_1_53' title="bbox 485 3378 2073 3453">
     <span class='ocr_line' id='line_1_53' title="bbox 485 3378 2073 3453; baseline -0.001 -16"><span class='ocrx_word' id='word_1_398' title='bbox 485 3382 731 3453; x_wconf 86' lang='lat' dir='ltr'><strong>undique</strong></span> <span class='ocrx_word' id='word_1_399' title='bbox 776 3381 937 3437; x_wconf 85' lang='lat' dir='ltr'><strong>debet</strong></span> <span class='ocrx_word' id='word_1_400' title='bbox 987 3396 1110 3437; x_wconf 88' lang='lat' dir='ltr'><strong>esse</strong></span> <span class='ocrx_word' id='word_1_401' title='bbox 1157 3381 1576 3450; x_wconf 88' lang='lat' dir='ltr'><strong>circumspecta.</strong></span> <span class='ocrx_word' id='word_1_402' title='bbox 1633 3378 1738 3435; x_wconf 87' lang='lat' dir='ltr'><strong>Sed</strong></span> <span class='ocrx_word' id='word_1_403' title='bbox 1774 3395 1874 3435; x_wconf 90' lang='lat' dir='ltr'><strong>nos</strong></span> <span class='ocrx_word' id='word_1_404' title='bbox 1909 3396 2073 3451; x_wconf 64' lang='lat' dir='ltr'><strong>saepe,</strong></span> 
     </span>
    </p>
   </div>
   <div class='ocr_carea' id='block_1_54' title="bbox 473 3472 2077 3544">
    <p class='ocr_par' dir='ltr' id='par_1_54' title="bbox 473 3472 2077 3544">
     <span class='ocr_line' id='line_1_54' title="bbox 473 3472 2077 3544; baseline 0.001 -17"><span class='ocrx_word' id='word_1_405' title='bbox 473 3476 616 3530; x_wconf 74' lang='lat' dir='ltr'><strong>dum</strong></span> <span class='ocrx_word' id='word_1_406' title='bbox 635 3475 758 3530; x_wconf 89' lang='lat' dir='ltr'><strong>aliis</strong></span> <span class='ocrx_word' id='word_1_407' title='bbox 781 3475 945 3531; x_wconf 88' lang='lat' dir='ltr'><strong>rebus</strong></span> <span class='ocrx_word' id='word_1_408' title='bbox 969 3473 1324 3540; x_wconf 89' lang='lat' dir='ltr'><strong>intendimus,</strong></span> <span class='ocrx_word' id='word_1_409' title='bbox 1350 3473 1485 3528; x_wconf 91' lang='lat' dir='ltr'><strong>alias</strong></span> <span class='ocrx_word' id='word_1_410' title='bbox 1510 3472 1859 3544; x_wconf 80' lang='lat' dir='ltr'><strong>negligimus.</strong></span> <span class='ocrx_word' id='word_1_411' title='bbox 1882 3472 2077 3528; x_wconf 88' lang='lat' dir='ltr'><strong>Phari-</strong></span> 
     </span>
    </p>
   </div>
   <div class='ocr_carea' id='block_1_55' title="bbox 483 3565 2077 3637">
    <p class='ocr_par' dir='ltr' id='par_1_55' title="bbox 483 3565 2077 3637">
     <span class='ocr_line' id='line_1_55' title="bbox 483 3565 2077 3637; baseline -0.002 -13"><span class='ocrx_word' id='word_1_412' title='bbox 483 3583 629 3625; x_wconf 69' lang='lat' dir='ltr'><strong>wus</strong></span> <span class='ocrx_word' id='word_1_413' title='bbox 655 3567 723 3622; x_wconf 87' lang='lat' dir='ltr'><strong>ad</strong></span> <span class='ocrx_word' id='word_1_414' title='bbox 752 3566 1163 3633; x_wconf 88' lang='lat' dir='ltr'><strong>abstinentiam,</strong></span> <span class='ocrx_word' id='word_1_415' title='bbox 1192 3566 1258 3621; x_wconf 90' lang='lat' dir='ltr'><strong>ad</strong></span> <span class='ocrx_word' id='word_1_416' title='bbox 1283 3565 1716 3622; x_wconf 89' lang='lat' dir='ltr'><strong>misericordiam</strong></span> <span class='ocrx_word' id='word_1_417' title='bbox 1735 3567 1954 3621; x_wconf 90' lang='lat' dir='ltr'><strong>oculum</strong></span> <span class='ocrx_word' id='word_1_418' title='bbox 1980 3567 2077 3637; x_wconf 79' lang='lat' dir='ltr'><strong>ha-</strong></span> 
     </span>
    </p>
   </div>
   <div class='ocr_carea' id='block_1_56' title="bbox 482 3659 2073 3726">
    <p class='ocr_par' dir='ltr' id='par_1_56' title="bbox 482 3659 2073 3726">
     <span class='ocr_line' id='line_1_56' title="bbox 482 3659 2073 3726; baseline -0.003 -6"><span class='ocrx_word' id='word_1_419' title='bbox 482 3663 702 3726; x_wconf 72' lang='lat' dir='ltr'><strong>buerat,</strong></span> <span class='ocrx_word' id='word_1_420' title='bbox 733 3660 827 3716; x_wconf 90' lang='lat' dir='ltr'><strong>sed</strong></span> <span class='ocrx_word' id='word_1_421' title='bbox 867 3660 931 3715; x_wconf 88' lang='lat' dir='ltr'><strong>ad</strong></span> <span class='ocrx_word' id='word_1_422' title='bbox 976 3659 1304 3714; x_wconf 87' lang='lat' dir='ltr'><strong>humilitatis</strong></span> <span class='ocrx_word' id='word_1_423' title='bbox 1344 3659 1650 3714; x_wconf 90' lang='lat' dir='ltr'><strong>custodiam</strong></span> <span class='ocrx_word' id='word_1_424' title='bbox 1682 3674 1791 3714; x_wconf 92' lang='lat' dir='ltr'><strong>non</strong></span> <span class='ocrx_word' id='word_1_425' title='bbox 1820 3659 2073 3715; x_wconf 89' lang='lat' dir='ltr'><strong>habebat.</strong></span> 
     </span>
    </p>
   </div>
   <div class='ocr_carea' id='block_1_57' title="bbox 483 3751 2077 3825">
    <p class='ocr_par' dir='ltr' id='par_1_57' title="bbox 483 3751 2077 3825">
     <span class='ocr_line' id='line_1_57' title="bbox 483 3751 2077 3825; baseline -0.002 -15"><span class='ocrx_word' id='word_1_426' title='bbox 483 3754 556 3810; x_wconf 63' lang='lat' dir='ltr'><strong>lit</strong></span> <span class='ocrx_word' id='word_1_427' title='bbox 580 3753 710 3825; x_wconf 88' lang='lat' dir='ltr'><strong>quid</strong></span> <span class='ocrx_word' id='word_1_428' title='bbox 735 3752 956 3824; x_wconf 83' lang='lat' dir='ltr'><strong>prodest</strong></span> <span class='ocrx_word' id='word_1_429' title='bbox 973 3752 1246 3806; x_wconf 85' lang='lat' dir='ltr'><strong>civitatem</strong></span> <span class='ocrx_word' id='word_1_430' title='bbox 1265 3751 1549 3815; x_wconf 89' lang='lat' dir='ltr'><strong>custodiri,</strong></span> <span class='ocrx_word' id='word_1_431' title='bbox 1572 3751 1616 3806; x_wconf 92' lang='lat' dir='ltr'><strong>si</strong></span> <span class='ocrx_word' id='word_1_432' title='bbox 1637 3767 1806 3807; x_wconf 91' lang='lat' dir='ltr'><strong>unum</strong></span> <span class='ocrx_word' id='word_1_433' title='bbox 1824 3751 2077 3807; x_wconf 78' lang='lat' dir='ltr'><strong>foramen</strong></span> 
     </span>
    </p>
   </div>
   <div class='ocr_carea' id='block_1_58' title="bbox 484 3840 1687 3914">
    <p class='ocr_par' dir='ltr' id='par_1_58' title="bbox 484 3840 1687 3914">
     <span class='ocr_line' id='line_1_58' title="bbox 484 3840 1687 3914; baseline -0.003 -15"><span class='ocrx_word' id='word_1_434' title='bbox 484 3845 852 3914; x_wconf 65' lang='lat' dir='ltr'><strong>relinquatur,</strong></span> <span class='ocrx_word' id='word_1_435' title='bbox 880 3840 1024 3897; x_wconf 88' lang='lat' dir='ltr'><strong>unde</strong></span> <span class='ocrx_word' id='word_1_436' title='bbox 1047 3841 1116 3896; x_wconf 92' lang='lat' dir='ltr'><strong>ab</strong></span> <span class='ocrx_word' id='word_1_437' title='bbox 1147 3841 1398 3897; x_wconf 90' lang='lat' dir='ltr'><strong>hostibus</strong></span> <span class='ocrx_word' id='word_1_438' title='bbox 1433 3840 1687 3897; x_wconf 89' lang='lat' dir='ltr'><strong>intretur.</strong></span> 
     </span>
    </p>
   </div>
   <div class='ocr_carea' id='block_1_59' title="bbox 566 3933 2077 4006">
    <p class='ocr_par' dir='ltr' id='par_1_59' title="bbox 566 3933 2077 4006">
     <span class='ocr_line' id='line_1_59' title="bbox 566 3933 2077 4006; baseline -0.001 -18"><span class='ocrx_word' id='word_1_439' title='bbox 566 3954 587 3988; x_wconf 75' lang='grc' dir='ltr'>ι</span> <span class='ocrx_word' id='word_1_440' title='bbox 633 3935 701 3989; x_wconf 85' lang='grc' dir='ltr'><strong>Ει</strong></span> <span class='ocrx_word' id='word_1_441' title='bbox 724 3933 1049 4006; x_wconf 86' lang='lat' dir='ltr'><strong>publicanus</strong></span> <span class='ocrx_word' id='word_1_442' title='bbox 1076 3949 1107 3988; x_wconf 91' lang='lat' dir='ltr'><strong>a</strong></span> <span class='ocrx_word' id='word_1_443' title='bbox 1140 3934 1300 4004; x_wconf 83' lang='lat' dir='ltr'><strong>longe</strong></span> <span class='ocrx_word' id='word_1_444' title='bbox 1328 3942 1480 3990; x_wconf 91' lang='lat' dir='ltr'><strong>stans</strong></span> <span class='ocrx_word' id='word_1_445' title='bbox 1512 3933 1731 3988; x_wconf 90' lang='lat' dir='ltr'><strong>nolebat</strong></span> <span class='ocrx_word' id='word_1_446' title='bbox 1763 3949 1864 3989; x_wconf 90' lang='lat' dir='ltr'><strong>nec</strong></span> <span class='ocrx_word' id='word_1_447' title='bbox 1888 3934 2077 3989; x_wconf 88' lang='lat' dir='ltr'><strong>oculos</strong></span> 
     </span>
    </p>
   </div>
   <div class='ocr_carea' id='block_1_60' title="bbox 478 4024 2077 4096">
    <p class='ocr_par' dir='ltr' id='par_1_60' title="bbox 478 4024 2077 4096">
     <span class='ocr_line' id='line_1_60' title="bbox 478 4024 2077 4096; baseline -0.003 -14"><span class='ocrx_word' id='word_1_448' title='bbox 478 4025 557 4082; x_wconf 67' lang='lat' dir='ltr'><strong>ad</strong></span> <span class='ocrx_word' id='word_1_449' title='bbox 595 4025 796 4082; x_wconf 65' lang='lat' dir='ltr'><strong>caelum</strong></span> <span class='ocrx_word' id='word_1_450' title='bbox 824 4025 1026 4093; x_wconf 83' lang='lat' dir='ltr'><strong>levare,</strong></span> <span class='ocrx_word' id='word_1_451' title='bbox 1075 4024 1171 4080; x_wconf 88' lang='lat' dir='ltr'><strong>sed</strong></span> <span class='ocrx_word' id='word_1_452' title='bbox 1206 4025 1543 4096; x_wconf 90' lang='lat' dir='ltr'><strong>percutiebat</strong></span> <span class='ocrx_word' id='word_1_453' title='bbox 1568 4032 1758 4094; x_wconf 88' lang='lat' dir='ltr'><strong>pectus</strong></span> <span class='ocrx_word' id='word_1_454' title='bbox 1803 4040 1963 4079; x_wconf 89' lang='lat' dir='ltr'><strong>suum</strong></span> <span class='ocrx_word' id='word_1_455' title='bbox 1990 4024 2077 4079; x_wconf 78' lang='lat' dir='ltr'><strong>di-</strong></span> 
     </span>
    </p>
   </div>
   <div class='ocr_carea' id='block_1_61' title="bbox 476 4119 2077 4192">
    <p class='ocr_par' dir='ltr' id='par_1_61' title="bbox 476 4119 2077 4192">
     <span class='ocr_line' id='line_1_61' title="bbox 476 4119 2077 4192; baseline -0.001 -16"><span class='ocrx_word' id='word_1_456' title='bbox 476 4121 837 4189; x_wconf 84' lang='lat' dir='ltr'><strong>.ccns:.Deus,</strong></span> <span class='ocrx_word' id='word_1_457' title='bbox 856 4122 1126 4192; x_wconf 89' lang='lat' dir='ltr'><strong>propitius</strong></span> <span class='ocrx_word' id='word_1_458' title='bbox 1149 4130 1267 4177; x_wconf 90' lang='lat' dir='ltr'><strong>esto</strong></span> <span class='ocrx_word' id='word_1_459' title='bbox 1297 4120 1429 4175; x_wconf 92' lang='lat' dir='ltr'><strong>mihi</strong></span> <span class='ocrx_word' id='word_1_460' title='bbox 1455 4119 1746 4190; x_wconf 89' lang='lat' dir='ltr'><strong>peccatori.</strong></span> <span class='ocrx_word' id='word_1_461' title='bbox 1782 4139 1799 4169; x_wconf 75' lang='grc' dir='ltr'>ι</span> <span class='ocrx_word' id='word_1_462' title='bbox 1822 4119 1953 4175; x_wconf 86' lang='lat' dir='ltr'><strong>Dico</strong></span> <span class='ocrx_word' id='word_1_463' title='bbox 1981 4136 2077 4175; x_wconf 77' lang='lat' dir='ltr'><strong>vo-</strong></span> 
     </span>
    </p>
   </div>
   <div class='ocr_carea' id='block_1_62' title="bbox 488 4212 2076 4283">
    <p class='ocr_par' dir='ltr' id='par_1_62' title="bbox 488 4212 2076 4283">
     <span class='ocr_line' id='line_1_62' title="bbox 488 4212 2076 4283; baseline -0.003 -13"><span class='ocrx_word' id='word_1_464' title='bbox 488 4216 594 4283; x_wconf 92' lang='lat' dir='ltr'><strong>bis,</strong></span> <span class='ocrx_word' id='word_1_465' title='bbox 610 4214 889 4271; x_wconf 88' lang='lat' dir='ltr'><strong>descendit</strong></span> <span class='ocrx_word' id='word_1_466' title='bbox 917 4212 1346 4283; x_wconf 87' lang='lat' dir='ltr'><strong>hicjustiﬁcatus</strong></span> <span class='ocrx_word' id='word_1_467' title='bbox 1367 4213 1421 4267; x_wconf 94' lang='lat' dir='ltr'><strong>in</strong></span> <span class='ocrx_word' id='word_1_468' title='bbox 1443 4213 1666 4269; x_wconf 90' lang='lat' dir='ltr'><strong>domum</strong></span> <span class='ocrx_word' id='word_1_469' title='bbox 1692 4229 1847 4268; x_wconf 88' lang='lat' dir='ltr'><strong>suam</strong></span> <span class='ocrx_word' id='word_1_470' title='bbox 1872 4213 2076 4281; x_wconf 92' lang='lat' dir='ltr'><strong>abillo,</strong></span> 
     </span>
    </p>
   </div>
   <div class='ocr_carea' id='block_1_63' title="bbox 490 4304 2076 4375">
    <p class='ocr_par' dir='ltr' id='par_1_63' title="bbox 490 4304 2076 4375">
     <span class='ocr_line' id='line_1_63' title="bbox 490 4304 2076 4375; baseline -0.001 -15"><span class='ocrx_word' id='word_1_471' title='bbox 490 4307 546 4362; x_wconf 87' lang='lat' dir='ltr'><strong>id</strong></span> <span class='ocrx_word' id='word_1_472' title='bbox 567 4304 740 4362; x_wconf 87' lang='lat' dir='ltr'><strong>estad</strong></span> <span class='ocrx_word' id='word_1_473' title='bbox 772 4305 1239 4375; x_wconf 86' lang='lat' dir='ltr'><strong>comparationem</strong></span> <span class='ocrx_word' id='word_1_474' title='bbox 1293 4304 1462 4370; x_wconf 92' lang='lat' dir='ltr'><strong>illius,</strong></span> <span class='ocrx_word' id='word_1_475' title='bbox 1509 4304 1595 4358; x_wconf 90' lang='lat' dir='ltr'><strong>vel</strong></span> <span class='ocrx_word' id='word_1_476' title='bbox 1637 4305 1927 4375; x_wconf 90' lang='lat' dir='ltr'><strong>plusquam</strong></span> <span class='ocrx_word' id='word_1_477' title='bbox 1967 4305 2076 4373; x_wconf 82' lang='lat' dir='ltr'><strong>ille,</strong></span> 
     </span>
    </p>
   </div>
   <div class='ocr_carea' id='block_1_64' title="bbox 488 4396 2077 4470">
    <p class='ocr_par' dir='ltr' id='par_1_64' title="bbox 488 4396 2077 4470">
     <span class='ocr_line' id='line_1_64' title="bbox 488 4396 2077 4470; baseline -0.001 -16"><span class='ocrx_word' id='word_1_478' title='bbox 488 4398 621 4470; x_wconf 90' lang='lat' dir='ltr'><strong>quia</strong></span> <span class='ocrx_word' id='word_1_479' title='bbox 670 4397 759 4453; x_wconf 90' lang='lat' dir='ltr'><strong>ille</strong></span> <span class='ocrx_word' id='word_1_480' title='bbox 787 4398 1016 4467; x_wconf 88' lang='lat' dir='ltr'><strong>apudse</strong></span> <span class='ocrx_word' id='word_1_481' title='bbox 1046 4397 1115 4451; x_wconf 90' lang='lat' dir='ltr'><strong>de</strong></span> <span class='ocrx_word' id='word_1_482' title='bbox 1140 4396 1418 4467; x_wconf 80' lang='lat' dir='ltr'><strong>operibus,</strong></span> <span class='ocrx_word' id='word_1_483' title='bbox 1448 4396 1536 4452; x_wconf 90' lang='lat' dir='ltr'><strong>hic</strong></span> <span class='ocrx_word' id='word_1_484' title='bbox 1567 4412 1695 4451; x_wconf 85' lang='lat' dir='ltr'><strong>vero</strong></span> <span class='ocrx_word' id='word_1_485' title='bbox 1721 4398 1864 4467; x_wconf 89' lang='lat' dir='ltr'><strong>apud</strong></span> <span class='ocrx_word' id='word_1_486' title='bbox 1903 4397 2077 4453; x_wconf 92' lang='lat' dir='ltr'><strong>Deum</strong></span> 
     </span>
    </p>
   </div>
   <div class='ocr_carea' id='block_1_65' title="bbox 2180 3203 3774 3278">
    <p class='ocr_par' dir='ltr' id='par_1_65' title="bbox 2180 3203 3774 3278">
     <span class='ocr_line' id='line_1_65' title="bbox 2180 3203 3774 3278; baseline -0.005 -14"><span class='ocrx_word' id='word_1_487' title='bbox 2180 3210 2366 3265; x_wconf 91' lang='lat' dir='ltr'><strong>minus</strong></span> <span class='ocrx_word' id='word_1_488' title='bbox 2394 3224 2462 3264; x_wconf 90' lang='lat' dir='ltr'><strong>ex</strong></span> <span class='ocrx_word' id='word_1_489' title='bbox 2492 3208 2632 3263; x_wconf 86' lang='lat' dir='ltr'><strong>vivis</strong></span> <span class='ocrx_word' id='word_1_490' title='bbox 2664 3207 2942 3278; x_wconf 89' lang='lat' dir='ltr'><strong>lapidibus</strong></span> <span class='ocrx_word' id='word_1_491' title='bbox 2969 3222 2984 3261; x_wconf 88' lang='lat'><strong>:</strong></span> <span class='ocrx_word' id='word_1_492' title='bbox 3017 3206 3085 3261; x_wconf 90' lang='lat' dir='ltr'><strong>ad</strong></span> <span class='ocrx_word' id='word_1_493' title='bbox 3111 3207 3262 3276; x_wconf 86' lang='lat' dir='ltr'><strong>quod</strong></span> <span class='ocrx_word' id='word_1_494' title='bbox 3288 3206 3450 3276; x_wconf 87' lang='lat' dir='ltr'><strong>quasi</strong></span> <span class='ocrx_word' id='word_1_495' title='bbox 3488 3220 3564 3258; x_wconf 83' lang='lat' dir='ltr'><strong>xv</strong></span> <span class='ocrx_word' id='word_1_496' title='bbox 3592 3203 3774 3272; x_wconf 77' lang='lat' dir='ltr'><strong>gradi-</strong></span> 
     </span>
    </p>
   </div>
   <div class='ocr_carea' id='block_1_66' title="bbox 2177 3297 3775 3365">
    <p class='ocr_par' dir='ltr' id='par_1_66' title="bbox 2177 3297 3775 3365">
     <span class='ocr_line' id='line_1_66' title="bbox 2177 3297 3775 3365; baseline -0.006 -9"><span class='ocrx_word' id='word_1_497' title='bbox 2177 3301 2282 3356; x_wconf 85' lang='lat' dir='ltr'><strong>bus</strong></span> <span class='ocrx_word' id='word_1_498' title='bbox 2332 3299 2668 3355; x_wconf 89' lang='lat' dir='ltr'><strong>ascenditur.</strong></span> <span class='ocrx_word' id='word_1_499' title='bbox 2701 3297 3027 3365; x_wconf 80' lang='lat' dir='ltr'><strong>Quindecim</strong></span> <span class='ocrx_word' id='word_1_500' title='bbox 3076 3297 3227 3353; x_wconf 91' lang='lat' dir='ltr'><strong>enim</strong></span> <span class='ocrx_word' id='word_1_501' title='bbox 3284 3312 3558 3352; x_wconf 84' lang='lat' dir='ltr'><strong>numerus</strong></span> <span class='ocrx_word' id='word_1_502' title='bbox 3588 3306 3696 3360; x_wconf 83' lang='lat' dir='ltr'><strong>est,</strong></span> <span class='ocrx_word' id='word_1_503' title='bbox 3724 3304 3775 3349; x_wconf 82' lang='lat' dir='ltr'><strong>et</strong></span> 
     </span>
    </p>
   </div>
   <div class='ocr_carea' id='block_1_67' title="bbox 2177 3389 3773 3462">
    <p class='ocr_par' dir='ltr' id='par_1_67' title="bbox 2177 3389 3773 3462">
     <span class='ocr_line' id='line_1_67' title="bbox 2177 3389 3773 3462; baseline -0.005 -12"><span class='ocrx_word' id='word_1_504' title='bbox 2177 3401 2393 3450; x_wconf 86' lang='lat' dir='ltr'><strong>constat</strong></span> <span class='ocrx_word' id='word_1_505' title='bbox 2416 3408 2482 3447; x_wconf 84' lang='lat' dir='ltr'><strong>ex</strong></span> <span class='ocrx_word' id='word_1_506' title='bbox 2509 3393 2819 3462; x_wconf 90' lang='lat' dir='ltr'><strong>septenario</strong></span> <span class='ocrx_word' id='word_1_507' title='bbox 2840 3399 2895 3445; x_wconf 90' lang='lat' dir='ltr'><strong>et</strong></span> <span class='ocrx_word' id='word_1_508' title='bbox 2921 3392 3230 3446; x_wconf 89' lang='lat' dir='ltr'><strong>octonario.</strong></span> <span class='ocrx_word' id='word_1_509' title='bbox 3266 3389 3625 3459; x_wconf 74' lang='lat' dir='ltr'><strong>Septenarius</strong></span> <span class='ocrx_word' id='word_1_510' title='bbox 3646 3404 3773 3443; x_wconf 82' lang='lat' dir='ltr'><strong>vero</strong></span> 
     </span>
    </p>
   </div>
   <div class='ocr_carea' id='block_1_68' title="bbox 2178 3480 3774 3553">
    <p class='ocr_par' dir='ltr' id='par_1_68' title="bbox 2178 3480 3774 3553">
     <span class='ocr_line' id='line_1_68' title="bbox 2178 3480 3774 3553; baseline -0.004 -13"><span class='ocrx_word' id='word_1_511' title='bbox 2178 3485 2293 3540; x_wconf 66' lang='lat' dir='ltr'><strong>haec</strong></span> <span class='ocrx_word' id='word_1_512' title='bbox 2311 3494 2526 3539; x_wconf 88' lang='lat' dir='ltr'><strong>terrena</strong></span> <span class='ocrx_word' id='word_1_513' title='bbox 2551 3481 2845 3553; x_wconf 75' lang='lat' dir='ltr'><strong>signiﬁcat,</strong></span> <span class='ocrx_word' id='word_1_514' title='bbox 2868 3496 2991 3552; x_wconf 65' lang='lat' dir='ltr'><strong>quae</strong></span> <span class='ocrx_word' id='word_1_515' title='bbox 3015 3481 3317 3536; x_wconf 89' lang='lat' dir='ltr'><strong>volvuntur</strong></span> <span class='ocrx_word' id='word_1_516' title='bbox 3338 3480 3774 3550; x_wconf 82' lang='lat' dir='ltr'><strong>septenario&#39;nn-</strong></span> 
     </span>
    </p>
   </div>
   <div class='ocr_carea' id='block_1_69' title="bbox 2178 3570 3769 3644">
    <p class='ocr_par' dir='ltr' id='par_1_69' title="bbox 2178 3570 3769 3644">
     <span class='ocr_line' id='line_1_69' title="bbox 2178 3570 3769 3644; baseline -0.005 -12"><span class='ocrx_word' id='word_1_517' title='bbox 2178 3593 2350 3632; x_wconf 90' lang='lat' dir='ltr'><strong>mero.</strong></span> <span class='ocrx_word' id='word_1_518' title='bbox 2385 3574 2601 3642; x_wconf 89' lang='lat' dir='ltr'><strong>Quibus</strong></span> <span class='ocrx_word' id='word_1_519' title='bbox 2643 3575 2841 3644; x_wconf 85' lang='lat' dir='ltr'><strong>spretis</strong></span> <span class='ocrx_word' id='word_1_520' title='bbox 2880 3581 2935 3628; x_wconf 90' lang='lat' dir='ltr'><strong>et</strong></span> <span class='ocrx_word' id='word_1_521' title='bbox 2975 3574 3310 3644; x_wconf 89' lang='lat' dir='ltr'><strong>contemptis</strong></span> <span class='ocrx_word' id='word_1_522' title='bbox 3348 3572 3671 3627; x_wconf 87' lang='lat' dir='ltr'><strong>ascenditur</strong></span> <span class='ocrx_word' id='word_1_523' title='bbox 3704 3570 3769 3625; x_wconf 81' lang='lat' dir='ltr'><strong>ad</strong></span> 
     </span>
    </p>
   </div>
   <div class='ocr_carea' id='block_1_70' title="bbox 2180 3661 3773 3738">
    <p class='ocr_par' dir='ltr' id='par_1_70' title="bbox 2180 3661 3773 3738">
     <span class='ocr_line' id='line_1_70' title="bbox 2180 3661 3773 3738; baseline -0.004 -16"><span class='ocrx_word' id='word_1_524' title='bbox 2180 3667 2439 3738; x_wconf 86' lang='lat' dir='ltr'><strong>templum</strong></span> <span class='ocrx_word' id='word_1_525' title='bbox 2469 3664 2687 3720; x_wconf 82' lang='lat' dir='ltr'><strong>Domini</strong></span> <span class='ocrx_word' id='word_1_526' title='bbox 2714 3679 2810 3734; x_wconf 89' lang='lat' dir='ltr'><strong>per</strong></span> <span class='ocrx_word' id='word_1_527' title='bbox 2832 3664 3247 3734; x_wconf 86' lang='lat' dir='ltr'><strong>octogenarium</strong></span> <span class='ocrx_word' id='word_1_528' title='bbox 3278 3661 3667 3728; x_wconf 84' lang='lat' dir='ltr'><strong>numerum,id</strong></span> <span class='ocrx_word' id='word_1_529' title='bbox 3692 3671 3773 3716; x_wconf 82' lang='lat' dir='ltr'><strong>est</strong></span> 
     </span>
    </p>
   </div>
   <div class='ocr_carea' id='block_1_71' title="bbox 2177 3755 3774 3833">
    <p class='ocr_par' dir='ltr' id='par_1_71' title="bbox 2177 3755 3774 3833">
     <span class='ocr_line' id='line_1_71' title="bbox 2177 3755 3774 3833; baseline -0.006 -17"><span class='ocrx_word' id='word_1_530' title='bbox 2177 3776 2275 3833; x_wconf 88' lang='lat' dir='ltr'><strong>per</strong></span> <span class='ocrx_word' id='word_1_531' title='bbox 2304 3758 2570 3823; x_wconf 79' lang='lat' dir='ltr'><strong>ct&#39;elestia,</strong></span> <span class='ocrx_word' id='word_1_532' title='bbox 2620 3773 2742 3828; x_wconf 65' lang='lat' dir='ltr'><strong>quae</strong></span> <span class='ocrx_word' id='word_1_533' title='bbox 2770 3773 2867 3829; x_wconf 91' lang='lat' dir='ltr'><strong>per</strong></span> <span class='ocrx_word' id='word_1_534' title='bbox 2918 3766 3043 3813; x_wconf 90' lang='lat' dir='ltr'><strong>octo</strong></span> <span class='ocrx_word' id='word_1_535' title='bbox 3073 3756 3450 3811; x_wconf 87' lang='lat' dir='ltr'><strong>beatitudines</strong></span> <span class='ocrx_word' id='word_1_536' title='bbox 3482 3755 3774 3824; x_wconf 82' lang='lat' dir='ltr'><strong>acquirun-</strong></span> 
     </span>
    </p>
   </div>
   <div class='ocr_carea' id='block_1_72' title="bbox 2182 3849 3774 3921">
    <p class='ocr_par' dir='ltr' id='par_1_72' title="bbox 2182 3849 3774 3921">
     <span class='ocr_line' id='line_1_72' title="bbox 2182 3849 3774 3921; baseline -0.004 -13"><span class='ocrx_word' id='word_1_537' title='bbox 2182 3863 2288 3908; x_wconf 91' lang='lat' dir='ltr'><strong>tur.</strong></span> <span class='ocrx_word' id='word_1_538' title='bbox 2322 3851 2420 3906; x_wconf 81' lang='lat' dir='ltr'><strong>Vel</strong></span> <span class='ocrx_word' id='word_1_539' title='bbox 2453 3850 2583 3921; x_wconf 83' lang='lat' dir='ltr'><strong>quia</strong></span> <span class='ocrx_word' id='word_1_540' title='bbox 2614 3858 2744 3904; x_wconf 90' lang='lat' dir='ltr'><strong>sunt</strong></span> <span class='ocrx_word' id='word_1_541' title='bbox 2787 3860 2993 3920; x_wconf 89' lang='lat' dir='ltr'><strong>septem</strong></span> <span class='ocrx_word' id='word_1_542' title='bbox 3026 3849 3338 3905; x_wconf 82' lang='lat' dir='ltr'><strong>eriminalia</strong></span> <span class='ocrx_word' id='word_1_543' title='bbox 3364 3850 3526 3915; x_wconf 86' lang='lat' dir='ltr'><strong>vitia,</strong></span> <span class='ocrx_word' id='word_1_544' title='bbox 3551 3856 3774 3919; x_wconf 82' lang='lat' dir='ltr'><strong>possunt</strong></span> 
     </span>
    </p>
   </div>
   <div class='ocr_carea' id='block_1_73' title="bbox 2181 3940 3773 4015">
    <p class='ocr_par' dir='ltr' id='par_1_73' title="bbox 2181 3940 3773 4015">
     <span class='ocr_line' id='line_1_73' title="bbox 2181 3940 3773 4015; baseline -0.004 -15"><span class='ocrx_word' id='word_1_545' title='bbox 2181 3944 2405 4015; x_wconf 84' lang='lat' dir='ltr'><strong>intelligi</strong></span> <span class='ocrx_word' id='word_1_546' title='bbox 2427 3960 2523 4014; x_wconf 89' lang='lat' dir='ltr'><strong>per</strong></span> <span class='ocrx_word' id='word_1_547' title='bbox 2545 3943 2917 4014; x_wconf 87' lang='lat' dir='ltr'><strong>septenarium</strong></span> <span class='ocrx_word' id='word_1_548' title='bbox 2940 3958 3258 4007; x_wconf 90' lang='lat' dir='ltr'><strong>numerum;</strong></span> <span class='ocrx_word' id='word_1_549' title='bbox 3279 3957 3407 4011; x_wconf 62' lang='lat' dir='ltr'><strong>quae</strong></span> <span class='ocrx_word' id='word_1_550' title='bbox 3430 3941 3665 4012; x_wconf 86' lang='lat' dir='ltr'><strong>quisque</strong></span> <span class='ocrx_word' id='word_1_551' title='bbox 3687 3940 3773 3994; x_wconf 82' lang='lat' dir='ltr'><strong>de-</strong></span> 
     </span>
    </p>
   </div>
   <div class='ocr_carea' id='block_1_74' title="bbox 2178 4033 3770 4106">
    <p class='ocr_par' dir='ltr' id='par_1_74' title="bbox 2178 4033 3770 4106">
     <span class='ocr_line' id='line_1_74' title="bbox 2178 4033 3770 4106; baseline -0.004 -15"><span class='ocrx_word' id='word_1_552' title='bbox 2178 4037 2269 4092; x_wconf 88' lang='lat' dir='ltr'><strong>bet</strong></span> <span class='ocrx_word' id='word_1_553' title='bbox 2300 4046 2650 4091; x_wconf 88' lang='lat' dir='ltr'><strong>contemnere</strong></span> <span class='ocrx_word' id='word_1_554' title='bbox 2672 4036 2764 4106; x_wconf 87' lang='lat' dir='ltr'><strong>qui</strong></span> <span class='ocrx_word' id='word_1_555' title='bbox 2796 4035 2861 4089; x_wconf 89' lang='lat' dir='ltr'><strong>ad</strong></span> <span class='ocrx_word' id='word_1_556' title='bbox 2894 4034 3155 4104; x_wconf 87' lang='lat' dir='ltr'><strong>templum</strong></span> <span class='ocrx_word' id='word_1_557' title='bbox 3188 4033 3413 4088; x_wconf 90' lang='lat' dir='ltr'><strong>Domini</strong></span> <span class='ocrx_word' id='word_1_558' title='bbox 3443 4034 3563 4087; x_wconf 84' lang='lat' dir='ltr'><strong>vult</strong></span> <span class='ocrx_word' id='word_1_559' title='bbox 3587 4048 3770 4088; x_wconf 82' lang='lat' dir='ltr'><strong>ascen-</strong></span> 
     </span>
    </p>
   </div>
   <div class='ocr_carea' id='block_1_75' title="bbox 2179 4125 3770 4199">
    <p class='ocr_par' dir='ltr' id='par_1_75' title="bbox 2179 4125 3770 4199">
     <span class='ocr_line' id='line_1_75' title="bbox 2179 4125 3770 4199; baseline -0.003 -17"><span class='ocrx_word' id='word_1_560' title='bbox 2179 4130 2331 4193; x_wconf 87' lang='lat' dir='ltr'><strong>dere,</strong></span> <span class='ocrx_word' id='word_1_561' title='bbox 2363 4130 2641 4199; x_wconf 85' lang='lat' dir='ltr'><strong>quomodo</strong></span> <span class='ocrx_word' id='word_1_562' title='bbox 2671 4129 2833 4183; x_wconf 87' lang='lat' dir='ltr'><strong>debet</strong></span> <span class='ocrx_word' id='word_1_563' title='bbox 2861 4128 3157 4183; x_wconf 87' lang='lat' dir='ltr'><strong>ascendere</strong></span> <span class='ocrx_word' id='word_1_564' title='bbox 3190 4142 3290 4196; x_wconf 88' lang='lat' dir='ltr'><strong>per</strong></span> <span class='ocrx_word' id='word_1_565' title='bbox 3316 4134 3447 4181; x_wconf 85' lang='lat' dir='ltr'><strong>octo</strong></span> <span class='ocrx_word' id='word_1_566' title='bbox 3487 4125 3770 4180; x_wconf 84' lang='lat' dir='ltr'><strong>beatitudi-</strong></span> 
     </span>
    </p>
   </div>
   <div class='ocr_carea' id='block_1_76' title="bbox 2179 4221 3597 4293">
    <p class='ocr_par' dir='ltr' id='par_1_76' title="bbox 2179 4221 3597 4293">
     <span class='ocr_line' id='line_1_76' title="bbox 2179 4221 3597 4293; baseline -0.004 -15"><span class='ocrx_word' id='word_1_567' title='bbox 2179 4238 2296 4292; x_wconf 89' lang='lat' dir='ltr'><strong>nes,</strong></span> <span class='ocrx_word' id='word_1_568' title='bbox 2326 4237 2449 4293; x_wconf 61' lang='lat' dir='ltr'><strong>quae</strong></span> <span class='ocrx_word' id='word_1_569' title='bbox 2479 4221 2855 4292; x_wconf 80' lang='lat' dir='ltr'><strong>intelliguntur</strong></span> <span class='ocrx_word' id='word_1_570' title='bbox 2874 4235 2972 4290; x_wconf 91' lang='lat' dir='ltr'><strong>per</strong></span> <span class='ocrx_word' id='word_1_571' title='bbox 2993 4227 3247 4274; x_wconf 87' lang='lat' dir='ltr'><strong>octavum</strong></span> <span class='ocrx_word' id='word_1_572' title='bbox 3277 4234 3597 4272; x_wconf 88' lang='lat' dir='ltr'><strong>numerum.</strong></span> 
     </span>
    </p>
   </div>
   <div class='ocr_carea' id='block_1_77' title="bbox 2667 4310 3282 4381">
    <p class='ocr_par' dir='ltr' id='par_1_77' title="bbox 2667 4310 3282 4381">
     <span class='ocr_line' id='line_1_77' title="bbox 2667 4310 3282 4381; baseline -0.005 -15"><span class='ocrx_word' id='word_1_573' title='bbox 2667 4311 2945 4381; x_wconf 75' lang='lat' dir='ltr'><strong>Expositio</strong></span> <span class='ocrx_word' id='word_1_574' title='bbox 2982 4311 3047 4365; x_wconf 87' lang='lat' dir='ltr'><strong>de</strong></span> <span class='ocrx_word' id='word_1_575' title='bbox 3079 4310 3282 4364; x_wconf 85' lang='lat' dir='ltr'><strong>eodem.</strong></span> 
     </span>
    </p>
   </div>
   <div class='ocr_carea' id='block_1_78' title="bbox 2259 4401 3766 4473">
    <p class='ocr_par' dir='ltr' id='par_1_78' title="bbox 2259 4401 3766 4473">
     <span class='ocr_line' id='line_1_78' title="bbox 2259 4401 3766 4473; baseline -0.004 -16"><span class='ocrx_word' id='word_1_576' title='bbox 2259 4424 2277 4457; x_wconf 77' lang='grc' dir='ltr'>ι</span> <span class='ocrx_word' id='word_1_577' title='bbox 2298 4404 2496 4460; x_wconf 87' lang='lat' dir='ltr'><strong>Beatus</strong></span> <span class='ocrx_word' id='word_1_578' title='bbox 2517 4405 2621 4470; x_wconf 86' lang='lat' dir='ltr'><strong>vir,</strong></span> <span class='ocrx_word' id='word_1_579' title='bbox 2639 4405 2726 4459; x_wconf 92' lang='lat' dir='ltr'><strong>cui</strong></span> <span class='ocrx_word' id='word_1_580' title='bbox 2751 4419 2858 4457; x_wconf 85' lang='lat' dir='ltr'><strong>non</strong></span> <span class='ocrx_word' id='word_1_581' title='bbox 2887 4402 3172 4473; x_wconf 85' lang='lat' dir='ltr'><strong>imputavit</strong></span> <span class='ocrx_word' id='word_1_582' title='bbox 3195 4401 3471 4457; x_wconf 85' lang='lat' dir='ltr'><strong>Dominus</strong></span> <span class='ocrx_word' id='word_1_583' title='bbox 3494 4408 3766 4473; x_wconf 83' lang='lat' dir='ltr'><strong>peccatum</strong></span> 
     </span>
    </p>
   </div>
   <div class='ocr_carea' id='block_1_79' title="bbox 487 4487 3766 4568">
    <p class='ocr_par' dir='ltr' id='par_1_79' title="bbox 487 4487 3766 4568">
     <span class='ocr_line' id='line_1_79' title="bbox 487 4487 3766 4568; baseline -0.001 -21"><span class='ocrx_word' id='word_1_584' title='bbox 487 4505 556 4547; x_wconf 83' lang='lat' dir='ltr'><strong>ex</strong></span> <span class='ocrx_word' id='word_1_585' title='bbox 579 4490 691 4546; x_wconf 79' lang='lat' dir='ltr'><strong>ﬁde</strong></span> <span class='ocrx_word' id='word_1_586' title='bbox 711 4489 1046 4561; x_wconf 85' lang='lat' dir='ltr'><strong>justitlcatus</strong></span> <span class='ocrx_word' id='word_1_587' title='bbox 1073 4496 1183 4543; x_wconf 88' lang='lat' dir='ltr'><strong>est.</strong></span> <span class='ocrx_word' id='word_1_588' title='bbox 1218 4487 1262 4556; x_wconf 73' lang='grc' dir='ltr'>Α</span> <span class='ocrx_word' id='word_1_589' title='bbox 1292 4488 1452 4559; x_wconf 81' lang='lat' dir='ltr'><strong>longe</strong></span> <span class='ocrx_word' id='word_1_590' title='bbox 1482 4497 1628 4543; x_wconf 91' lang='lat' dir='ltr'><strong>stare</strong></span> <span class='ocrx_word' id='word_1_591' title='bbox 1656 4504 1754 4544; x_wconf 90' lang='lat' dir='ltr'><strong>nec</strong></span> <span class='ocrx_word' id='word_1_592' title='bbox 1780 4488 1970 4546; x_wconf 90' lang='lat' dir='ltr'><strong>oculos</strong></span> <span class='ocrx_word' id='word_1_593' title='bbox 1997 4490 2075 4545; x_wconf 77' lang='lat' dir='ltr'><strong>le—</strong></span> <span class='ocrx_word' id='word_1_594' title='bbox 2105 4501 2149 4558; x_wconf 80' lang='grc' dir='ltr'><strong>Ι)</strong></span> <span class='ocrx_word' id='word_1_595' title='bbox 2180 4496 2354 4568; x_wconf 80' lang='lat' dir='ltr'><strong>(Psal.</strong></span> <span class='ocrx_word' id='word_1_596' title='bbox 2380 4496 2554 4561; x_wconf 60' lang='grc' dir='ltr'>χχχι).</span> <span class='ocrx_word' id='word_1_597' title='bbox 2586 4516 2604 4548; x_wconf 74' lang='grc' dir='ltr'>ι</span> <span class='ocrx_word' id='word_1_598' title='bbox 2640 4494 2743 4562; x_wconf 86' lang='lat' dir='ltr'><strong>Qui</strong></span> <span class='ocrx_word' id='word_1_599' title='bbox 2770 4495 2859 4549; x_wconf 90' lang='lat' dir='ltr'><strong>hic</strong></span> <span class='ocrx_word' id='word_1_600' title='bbox 2887 4503 3105 4564; x_wconf 89' lang='lat' dir='ltr'><strong>peccata</strong></span> <span class='ocrx_word' id='word_1_601' title='bbox 3136 4511 3237 4550; x_wconf 89' lang='lat' dir='ltr'><strong>sua</strong></span> <span class='ocrx_word' id='word_1_602' title='bbox 3277 4495 3544 4567; x_wconf 77' lang='lat' dir='ltr'><strong>lacrymis</strong></span> <span class='ocrx_word' id='word_1_603' title='bbox 3581 4494 3766 4554; x_wconf 83' lang='lat' dir='ltr'><strong>abluit,</strong></span> 
     </span>
    </p>
   </div>
   <div class='ocr_carea' id='block_1_80' title="bbox 488 4579 2082 4654">
    <p class='ocr_par' dir='ltr' id='par_1_80' title="bbox 488 4579 2082 4654">
     <span class='ocr_line' id='line_1_80' title="bbox 488 4579 2082 4654; baseline 0 -17"><span class='ocrx_word' id='word_1_604' title='bbox 488 4596 621 4638; x_wconf 77' lang='lat' dir='ltr'><strong>vare</strong></span> <span class='ocrx_word' id='word_1_605' title='bbox 673 4581 874 4636; x_wconf 86' lang='lat' dir='ltr'><strong>indicia</strong></span> <span class='ocrx_word' id='word_1_606' title='bbox 905 4587 1035 4636; x_wconf 91' lang='lat' dir='ltr'><strong>sunt</strong></span> <span class='ocrx_word' id='word_1_607' title='bbox 1064 4579 1387 4635; x_wconf 89' lang='lat' dir='ltr'><strong>humilitatis</strong></span> <span class='ocrx_word' id='word_1_608' title='bbox 1430 4597 1595 4650; x_wconf 87' lang='lat' dir='ltr'><strong>quam</strong></span> <span class='ocrx_word' id='word_1_609' title='bbox 1630 4580 1775 4638; x_wconf 91' lang='lat' dir='ltr'><strong>Deus</strong></span> <span class='ocrx_word' id='word_1_610' title='bbox 1813 4583 1880 4638; x_wconf 91' lang='lat' dir='ltr'><strong>de</strong></span> <span class='ocrx_word' id='word_1_611' title='bbox 1913 4598 2082 4654; x_wconf 87' lang='lat' dir='ltr'><strong>prope</strong></span> 
     </span>
    </p>
   </div>
   <div class='ocr_carea' id='block_1_81' title="bbox 490 4671 2083 4745">
    <p class='ocr_par' dir='ltr' id='par_1_81' title="bbox 490 4671 2083 4745">
     <span class='ocr_line' id='line_1_81' title="bbox 490 4671 2083 4745; baseline 0.001 -16"><span class='ocrx_word' id='word_1_612' title='bbox 490 4674 708 4745; x_wconf 91' lang='lat' dir='ltr'><strong>aspicit.</strong></span> <span class='ocrx_word' id='word_1_613' title='bbox 736 4672 844 4729; x_wconf 86' lang='lat' dir='ltr'><strong>Iste</strong></span> <span class='ocrx_word' id='word_1_614' title='bbox 881 4671 1274 4729; x_wconf 86' lang='lat' dir='ltr'><strong>conscientiam</strong></span> <span class='ocrx_word' id='word_1_615' title='bbox 1315 4674 1532 4742; x_wconf 85' lang='lat' dir='ltr'><strong>premit,</strong></span> <span class='ocrx_word' id='word_1_616' title='bbox 1571 4673 1666 4729; x_wconf 90' lang='lat' dir='ltr'><strong>sed</strong></span> <span class='ocrx_word' id='word_1_617' title='bbox 1699 4690 1849 4745; x_wconf 90' lang='lat' dir='ltr'><strong>spem</strong></span> <span class='ocrx_word' id='word_1_618' title='bbox 1898 4675 2083 4730; x_wconf 85' lang='lat' dir='ltr'><strong>suble-</strong></span> 
     </span>
    </p>
   </div>
   <div class='ocr_carea' id='block_1_82' title="bbox 491 4764 2084 4838">
    <p class='ocr_par' dir='ltr' id='par_1_82' title="bbox 491 4764 2084 4838">
     <span class='ocr_line' id='line_1_82' title="bbox 491 4764 2084 4838; baseline 0.001 -18"><span class='ocrx_word' id='word_1_619' title='bbox 491 4778 617 4833; x_wconf 86' lang='lat' dir='ltr'><strong>vat;</strong></span> <span class='ocrx_word' id='word_1_620' title='bbox 648 4766 1100 4838; x_wconf 72' lang='lat' dir='ltr'><strong>pectuspercutit</strong></span> <span class='ocrx_word' id='word_1_621' title='bbox 1139 4780 1330 4835; x_wconf 64' lang='lat' dir='ltr'><strong>prunas</strong></span> <span class='ocrx_word' id='word_1_622' title='bbox 1356 4764 1423 4820; x_wconf 91' lang='lat' dir='ltr'><strong>de</strong></span> <span class='ocrx_word' id='word_1_623' title='bbox 1464 4780 1523 4820; x_wconf 89' lang='lat' dir='ltr'><strong>se</strong></span> <span class='ocrx_word' id='word_1_624' title='bbox 1570 4766 1814 4837; x_wconf 78' lang='lat' dir='ltr'><strong>exigens,</strong></span> <span class='ocrx_word' id='word_1_625' title='bbox 1849 4774 1910 4821; x_wconf 92' lang='lat' dir='ltr'><strong>ut</strong></span> <span class='ocrx_word' id='word_1_626' title='bbox 1940 4765 2084 4822; x_wconf 89' lang='lat' dir='ltr'><strong>Deus</strong></span> 
     </span>
    </p>
   </div>
   <div class='ocr_carea' id='block_1_83' title="bbox 476 4856 2084 4931">
    <p class='ocr_par' dir='ltr' id='par_1_83' title="bbox 476 4856 2084 4931">
     <span class='ocr_line' id='line_1_83' title="bbox 476 4856 2084 4931; baseline -0.001 -14"><span class='ocrx_word' id='word_1_627' title='bbox 476 4867 713 4931; x_wconf 84' lang='lat' dir='ltr'><strong>.parcat;</strong></span> <span class='ocrx_word' id='word_1_628' title='bbox 763 4859 1053 4914; x_wconf 88' lang='lat' dir='ltr'><strong>conﬁtetur</strong></span> <span class='ocrx_word' id='word_1_629' title='bbox 1093 4866 1153 4912; x_wconf 89' lang='lat' dir='ltr'><strong>ut</strong></span> <span class='ocrx_word' id='word_1_630' title='bbox 1186 4856 1327 4913; x_wconf 89' lang='lat' dir='ltr'><strong>Deus</strong></span> <span class='ocrx_word' id='word_1_631' title='bbox 1362 4857 1634 4929; x_wconf 84' lang='lat' dir='ltr'><strong>ignoscat;</strong></span> <span class='ocrx_word' id='word_1_632' title='bbox 1682 4856 1899 4927; x_wconf 85' lang='lat' dir='ltr'><strong>ignorat</strong></span> <span class='ocrx_word' id='word_1_633' title='bbox 1939 4858 2084 4916; x_wconf 89' lang='lat' dir='ltr'><strong>Deus</strong></span> 
     </span>
    </p>
   </div>
   <div class='ocr_carea' id='block_1_84' title="bbox 482 4949 2081 5024">
    <p class='ocr_par' dir='ltr' id='par_1_84' title="bbox 482 4949 2081 5024">
     <span class='ocr_line' id='line_1_84' title="bbox 482 4949 2081 5024; baseline 0.004 -21"><span class='ocrx_word' id='word_1_634' title='bbox 482 4951 641 5024; x_wconf 86' lang='lat' dir='ltr'><strong>quod</strong></span> <span class='ocrx_word' id='word_1_635' title='bbox 668 4950 769 5007; x_wconf 88' lang='lat' dir='ltr'><strong>iste</strong></span> <span class='ocrx_word' id='word_1_636' title='bbox 797 4950 1064 5021; x_wconf 87' lang='lat' dir='ltr'><strong>agnoscit.</strong></span> <span class='ocrx_word' id='word_1_637' title='bbox 1103 4949 1354 5006; x_wconf 88' lang='lat' dir='ltr'><strong>Fundere</strong></span> <span class='ocrx_word' id='word_1_638' title='bbox 1376 4959 1559 5006; x_wconf 89' lang='lat' dir='ltr'><strong>autem</strong></span> <span class='ocrx_word' id='word_1_639' title='bbox 1590 4958 1783 5020; x_wconf 85' lang='lat' dir='ltr'><strong>pectus</strong></span> <span class='ocrx_word' id='word_1_640' title='bbox 1816 4951 1946 5022; x_wconf 86' lang='lat' dir='ltr'><strong>quid</strong></span> <span class='ocrx_word' id='word_1_641' title='bbox 1973 4961 2081 5020; x_wconf 84' lang='lat' dir='ltr'><strong>est,</strong></span> 
     </span>
    </p>
   </div>
   <div class='ocr_carea' id='block_1_85' title="bbox 496 5041 2081 5115">
    <p class='ocr_par' dir='ltr' id='par_1_85' title="bbox 496 5041 2081 5115">
     <span class='ocr_line' id='line_1_85' title="bbox 496 5041 2081 5115; baseline 0.002 -17"><span class='ocrx_word' id='word_1_642' title='bbox 496 5044 603 5099; x_wconf 89' lang='lat' dir='ltr'><strong>nisi</strong></span> <span class='ocrx_word' id='word_1_643' title='bbox 630 5058 861 5114; x_wconf 83' lang='lat' dir='ltr'><strong>arguere</strong></span> <span class='ocrx_word' id='word_1_644' title='bbox 877 5042 1032 5112; x_wconf 84' lang='lat' dir='ltr'><strong>quod</strong></span> <span class='ocrx_word' id='word_1_645' title='bbox 1054 5041 1187 5097; x_wconf 88' lang='lat' dir='ltr'><strong>latet</strong></span> <span class='ocrx_word' id='word_1_646' title='bbox 1216 5043 1271 5096; x_wconf 89' lang='lat' dir='ltr'><strong>in</strong></span> <span class='ocrx_word' id='word_1_647' title='bbox 1305 5052 1546 5113; x_wconf 88' lang='lat' dir='ltr'><strong>pectore,</strong></span> <span class='ocrx_word' id='word_1_648' title='bbox 1574 5051 1628 5097; x_wconf 90' lang='lat' dir='ltr'><strong>et</strong></span> <span class='ocrx_word' id='word_1_649' title='bbox 1653 5043 1899 5100; x_wconf 82' lang='lat' dir='ltr'><strong>evidente</strong></span> <span class='ocrx_word' id='word_1_650' title='bbox 1920 5046 2081 5115; x_wconf 85' lang='lat' dir='ltr'><strong>pulsu</strong></span> 
     </span>
    </p>
   </div>
   <div class='ocr_carea' id='block_1_86' title="bbox 479 5133 2085 5206">
    <p class='ocr_par' dir='ltr' id='par_1_86' title="bbox 479 5133 2085 5206">
     <span class='ocr_line' id='line_1_86' title="bbox 479 5133 2085 5206; baseline -0.001 -16"><span class='ocrx_word' id='word_1_651' title='bbox 479 5136 771 5193; x_wconf 71' lang='lat' dir='ltr'><strong>occultum</strong></span> <span class='ocrx_word' id='word_1_652' title='bbox 792 5133 1063 5204; x_wconf 83' lang='lat' dir='ltr'><strong>castigare</strong></span> <span class='ocrx_word' id='word_1_653' title='bbox 1085 5136 1401 5205; x_wconf 79' lang='lat' dir='ltr'><strong>peccatum?</strong></span> <span class='ocrx_word' id='word_1_654' title='bbox 1423 5133 1624 5206; x_wconf 82' lang='lat' dir='ltr'><strong>Typice</strong></span> <span class='ocrx_word' id='word_1_655' title='bbox 1646 5134 1957 5191; x_wconf 71' lang='lat' dir='ltr'><strong>Phariszeus</strong></span> <span class='ocrx_word' id='word_1_656' title='bbox 1980 5133 2085 5189; x_wconf 61' lang='lat' dir='ltr'><strong>Juo</strong></span> 
     </span>
    </p>
   </div>
   <div class='ocr_carea' id='block_1_87' title="bbox 499 5224 2087 5303">
    <p class='ocr_par' dir='ltr' id='par_1_87' title="bbox 499 5224 2087 5303">
     <span class='ocr_line' id='line_1_87' title="bbox 499 5224 2087 5303; baseline -0.003 -19"><span class='ocrx_word' id='word_1_657' title='bbox 499 5228 743 5284; x_wconf 64' lang='lat' dir='ltr'><strong>datorum</strong></span> <span class='ocrx_word' id='word_1_658' title='bbox 774 5233 858 5281; x_wconf 88' lang='lat' dir='ltr'><strong>est</strong></span> <span class='ocrx_word' id='word_1_659' title='bbox 889 5224 1142 5295; x_wconf 87' lang='lat' dir='ltr'><strong>populus,</strong></span> <span class='ocrx_word' id='word_1_660' title='bbox 1170 5225 1268 5296; x_wconf 87' lang='lat' dir='ltr'><strong>qui</strong></span> <span class='ocrx_word' id='word_1_661' title='bbox 1316 5241 1386 5280; x_wconf 76' lang='lat' dir='ltr'><strong>ex</strong></span> <span class='ocrx_word' id='word_1_662' title='bbox 1428 5225 1931 5303; x_wconf 80' lang='lat' dir='ltr'><strong>justiﬁeationibu_s_</strong></span> <span class='ocrx_word' id='word_1_663' title='bbox 1949 5226 2087 5295; x_wconf 83' lang='lat' dir='ltr'><strong>legis</strong></span> 
     </span>
    </p>
   </div>
   <div class='ocr_carea' id='block_1_88' title="bbox 479 5297 2089 5385">
    <p class='ocr_par' dir='ltr' id='par_1_88' title="bbox 479 5297 2089 5385">
     <span class='ocr_line' id='line_1_88' title="bbox 479 5297 2089 5385; baseline -0.002 -11"><span class='ocrx_word' id='word_1_664' title='bbox 479 5318 709 5374; x_wconf 71' lang='lat' dir='ltr'><strong>extollit</strong></span> <span class='ocrx_word' id='word_1_665' title='bbox 732 5316 924 5372; x_wconf 84' lang='lat' dir='ltr'><strong>merita</strong></span> <span class='ocrx_word' id='word_1_666' title='bbox 956 5331 1078 5382; x_wconf 89' lang='lat' dir='ltr'><strong>sua,</strong></span> <span class='ocrx_word' id='word_1_667' title='bbox 1105 5324 1160 5371; x_wconf 92' lang='lat' dir='ltr'><strong>et</strong></span> <span class='ocrx_word' id='word_1_668' title='bbox 1180 5314 1547 5385; x_wconf 90' lang='lat' dir='ltr'><strong>superbiendo</strong></span> <span class='ocrx_word' id='word_1_669' title='bbox 1577 5315 1800 5370; x_wconf 89' lang='lat' dir='ltr'><strong>recedit.</strong></span> <span class='ocrx_word' id='word_1_670' title='bbox 1820 5297 2089 5372; x_wconf 80' lang='lat' dir='ltr'><strong>Publica-</strong></span> 
     </span>
    </p>
   </div>
   <div class='ocr_carea' id='block_1_89' title="bbox 499 5406 2090 5480">
    <p class='ocr_par' dir='ltr' id='par_1_89' title="bbox 499 5406 2090 5480">
     <span class='ocr_line' id='line_1_89' title="bbox 499 5406 2090 5480; baseline 0.001 -16"><span class='ocrx_word' id='word_1_671' title='bbox 499 5426 604 5467; x_wconf 90' lang='lat' dir='ltr'><strong>nus</strong></span> <span class='ocrx_word' id='word_1_672' title='bbox 631 5425 761 5466; x_wconf 87' lang='lat' dir='ltr'><strong>vero</strong></span> <span class='ocrx_word' id='word_1_673' title='bbox 801 5409 1041 5480; x_wconf 85' lang='lat' dir='ltr'><strong>gentilis,</strong></span> <span class='ocrx_word' id='word_1_674' title='bbox 1072 5408 1168 5478; x_wconf 91' lang='lat' dir='ltr'><strong>qui</strong></span> <span class='ocrx_word' id='word_1_675' title='bbox 1201 5406 1479 5462; x_wconf 84' lang='lat' dir='ltr'><strong>humiliter</strong></span> <span class='ocrx_word' id='word_1_676' title='bbox 1505 5416 1729 5477; x_wconf 90' lang='lat' dir='ltr'><strong>peccata</strong></span> <span class='ocrx_word' id='word_1_677' title='bbox 1751 5424 1850 5464; x_wconf 87' lang='lat' dir='ltr'><strong>sua</strong></span> <span class='ocrx_word' id='word_1_678' title='bbox 1875 5408 2090 5466; x_wconf 79' lang='lat' dir='ltr'><strong>confes-</strong></span> 
     </span>
    </p>
   </div>
   <div class='ocr_carea' id='block_1_90' title="bbox 492 5498 1819 5572">
    <p class='ocr_par' dir='ltr' id='par_1_90' title="bbox 492 5498 1819 5572">
     <span class='ocr_line' id='line_1_90' title="bbox 492 5498 1819 5572; baseline -0.005 -15"><span class='ocrx_word' id='word_1_679' title='bbox 492 5518 617 5568; x_wconf 83' lang='lat' dir='ltr'><strong>sus,</strong></span> <span class='ocrx_word' id='word_1_680' title='bbox 642 5501 1046 5572; x_wconf 87' lang='lat' dir='ltr'><strong>appropinquat</strong></span> <span class='ocrx_word' id='word_1_681' title='bbox 1070 5499 1181 5555; x_wconf 91' lang='lat' dir='ltr'><strong>Deo</strong></span> <span class='ocrx_word' id='word_1_682' title='bbox 1211 5509 1271 5555; x_wconf 86' lang='lat' dir='ltr'><strong>et</strong></span> <span class='ocrx_word' id='word_1_683' title='bbox 1284 5500 1578 5554; x_wconf 76' lang='lat' dir='ltr'><strong>exaltatur.</strong></span> <span class='ocrx_word' id='word_1_684' title='bbox 1814 5498 1819 5503; x_wconf 75' lang='grc'><em>’</em></span> 
     </span>
    </p>
   </div>
   <div class='ocr_carea' id='block_1_91' title="bbox 578 5588 2086 5662">
    <p class='ocr_par' dir='ltr' id='par_1_91' title="bbox 578 5588 2086 5662">
     <span class='ocr_line' id='line_1_91' title="bbox 578 5588 2086 5662; baseline -0.002 -15"><span class='ocrx_word' id='word_1_685' title='bbox 578 5613 596 5647; x_wconf 74' lang='grc' dir='ltr'>ι</span> <span class='ocrx_word' id='word_1_686' title='bbox 638 5593 777 5660; x_wconf 69' lang='lat' dir='ltr'><strong>Quia</strong></span> <span class='ocrx_word' id='word_1_687' title='bbox 810 5592 992 5650; x_wconf 86' lang='lat' dir='ltr'><strong>omnis</strong></span> <span class='ocrx_word' id='word_1_688' title='bbox 1020 5592 1114 5661; x_wconf 90' lang='lat' dir='ltr'><strong>qui</strong></span> <span class='ocrx_word' id='word_1_689' title='bbox 1165 5591 1464 5647; x_wconf 73' lang='lat' dir='ltr'><strong>se-exaltat</strong></span> <span class='ocrx_word' id='word_1_690' title='bbox 1492 5588 1892 5658; x_wconf 85' lang='lat' dir='ltr'><strong>humiliabitur,</strong></span> <span class='ocrx_word' id='word_1_691' title='bbox 1913 5600 1968 5646; x_wconf 89' lang='lat' dir='ltr'><strong>et</strong></span> <span class='ocrx_word' id='word_1_692' title='bbox 1992 5591 2086 5662; x_wconf 88' lang='lat' dir='ltr'><strong>qui</strong></span> 
     </span>
    </p>
   </div>
   <div class='ocr_carea' id='block_1_92' title="bbox 481 5682 2091 5753">
    <p class='ocr_par' dir='ltr' id='par_1_92' title="bbox 481 5682 2091 5753">
     <span class='ocr_line' id='line_1_92' title="bbox 481 5682 2091 5753; baseline 0 -14"><span class='ocrx_word' id='word_1_693' title='bbox 481 5699 563 5739; x_wconf 74' lang='lat' dir='ltr'><strong>~sc</strong></span> <span class='ocrx_word' id='word_1_694' title='bbox 589 5685 839 5741; x_wconf 85' lang='lat' dir='ltr'><strong>humiliat</strong></span> <span class='ocrx_word' id='word_1_695' title='bbox 864 5684 1212 5739; x_wconf 80' lang='lat' dir='ltr'><strong>exaltabitur.</strong></span> <span class='ocrx_word' id='word_1_696' title='bbox 1244 5702 1263 5735; x_wconf 84' lang='grc'>›</span> <span class='ocrx_word' id='word_1_697' title='bbox 1295 5682 1361 5737; x_wconf 81' lang='lat' dir='ltr'><strong>Et</strong></span> <span class='ocrx_word' id='word_1_698' title='bbox 1381 5683 1449 5737; x_wconf 88' lang='lat' dir='ltr'><strong>dc</strong></span> <span class='ocrx_word' id='word_1_699' title='bbox 1481 5689 1714 5750; x_wconf 88' lang='lat' dir='ltr'><strong>utroque</strong></span> <span class='ocrx_word' id='word_1_700' title='bbox 1732 5683 1932 5752; x_wconf 87' lang='lat' dir='ltr'><strong>populo</strong></span> <span class='ocrx_word' id='word_1_701' title='bbox 1953 5699 2091 5753; x_wconf 78' lang='lat' dir='ltr'><strong>prae-</strong></span> 
     </span>
    </p>
   </div>
   <div class='ocr_carea' id='block_1_93' title="bbox 486 5773 2088 5846">
    <p class='ocr_par' dir='ltr' id='par_1_93' title="bbox 486 5773 2088 5846">
     <span class='ocr_line' id='line_1_93' title="bbox 486 5773 2088 5846; baseline -0.001 -15"><span class='ocrx_word' id='word_1_702' title='bbox 486 5776 619 5832; x_wconf 62' lang='lat' dir='ltr'><strong>«tato</strong></span> <span class='ocrx_word' id='word_1_703' title='bbox 642 5778 785 5834; x_wconf 86' lang='lat' dir='ltr'><strong>etde</strong></span> <span class='ocrx_word' id='word_1_704' title='bbox 819 5776 971 5834; x_wconf 88' lang='lat' dir='ltr'><strong>omni</strong></span> <span class='ocrx_word' id='word_1_705' title='bbox 1010 5776 1246 5846; x_wconf 81' lang='lat' dir='ltr'><strong>superbo</strong></span> <span class='ocrx_word' id='word_1_706' title='bbox 1291 5775 1374 5832; x_wconf 85' lang='lat' dir='ltr'><strong>vel</strong></span> <span class='ocrx_word' id='word_1_707' title='bbox 1402 5773 1600 5827; x_wconf 88' lang='lat' dir='ltr'><strong>humili</strong></span> <span class='ocrx_word' id='word_1_708' title='bbox 1624 5782 1769 5828; x_wconf 87' lang='lat' dir='ltr'><strong>recte</strong></span> <span class='ocrx_word' id='word_1_709' title='bbox 1796 5784 1973 5843; x_wconf 88' lang='lat' dir='ltr'><strong>potest</strong></span> <span class='ocrx_word' id='word_1_710' title='bbox 2003 5775 2088 5830; x_wconf 85' lang='lat' dir='ltr'><strong>in-</strong></span> 
     </span>
    </p>
   </div>
   <div class='ocr_carea' id='block_1_94' title="bbox 2185 4584 3768 4659">
    <p class='ocr_par' dir='ltr' id='par_1_94' title="bbox 2185 4584 3768 4659">
     <span class='ocr_line' id='line_1_94' title="bbox 2185 4584 3768 4659; baseline -0.007 -15"><span class='ocrx_word' id='word_1_711' title='bbox 2185 4588 2550 4659; x_wconf 50' lang='lat' dir='ltr'><strong>eleemosynis</strong></span> <span class='ocrx_word' id='word_1_712' title='bbox 2595 4586 2835 4653; x_wconf 86' lang='lat' dir='ltr'><strong>redimit,</strong></span> <span class='ocrx_word' id='word_1_713' title='bbox 2879 4587 3007 4641; x_wconf 70' lang='lat' dir='ltr'><strong>huic</strong></span> <span class='ocrx_word' id='word_1_714' title='bbox 3054 4585 3323 4641; x_wconf 87' lang='lat' dir='ltr'><strong>Dominus</strong></span> <span class='ocrx_word' id='word_1_715' title='bbox 3369 4603 3438 4641; x_wconf 89' lang='lat' dir='ltr'><strong>ea</strong></span> <span class='ocrx_word' id='word_1_716' title='bbox 3489 4588 3543 4640; x_wconf 91' lang='lat' dir='ltr'><strong>in</strong></span> <span class='ocrx_word' id='word_1_717' title='bbox 3590 4584 3768 4639; x_wconf 79' lang='lat' dir='ltr'><strong>tutam</strong></span> 
     </span>
    </p>
   </div>
   <div class='ocr_carea' id='block_1_95' title="bbox 2184 4677 3769 4749">
    <p class='ocr_par' dir='ltr' id='par_1_95' title="bbox 2184 4677 3769 4749">
     <span class='ocr_line' id='line_1_95' title="bbox 2184 4677 3769 4749; baseline -0.005 -15"><span class='ocrx_word' id='word_1_718' title='bbox 2184 4696 2294 4734; x_wconf 88' lang='lat' dir='ltr'><strong>non</strong></span> <span class='ocrx_word' id='word_1_719' title='bbox 2347 4679 2658 4749; x_wconf 88' lang='lat' dir='ltr'><strong>imputabit,</strong></span> <span class='ocrx_word' id='word_1_720' title='bbox 2683 4678 2821 4748; x_wconf 86' lang='lat' dir='ltr'><strong>quia</strong></span> <span class='ocrx_word' id='word_1_721' title='bbox 2849 4678 3081 4747; x_wconf 86' lang='lat' dir='ltr'><strong>ipsemet</strong></span> <span class='ocrx_word' id='word_1_722' title='bbox 3106 4693 3169 4731; x_wconf 87' lang='lat' dir='ltr'><strong>ea</strong></span> <span class='ocrx_word' id='word_1_723' title='bbox 3202 4678 3295 4732; x_wconf 91' lang='lat' dir='ltr'><strong>hic</strong></span> <span class='ocrx_word' id='word_1_724' title='bbox 3346 4678 3584 4747; x_wconf 80' lang='lat' dir='ltr'><strong>puniens</strong></span> <span class='ocrx_word' id='word_1_725' title='bbox 3626 4677 3769 4729; x_wconf 78' lang='lat' dir='ltr'><strong>dam—</strong></span> 
     </span>
    </p>
   </div>
   <div class='ocr_carea' id='block_1_96' title="bbox 2184 4765 3767 4840">
    <p class='ocr_par' dir='ltr' id='par_1_96' title="bbox 2184 4765 3767 4840">
     <span class='ocr_line' id='line_1_96' title="bbox 2184 4765 3767 4840; baseline -0.005 -15"><span class='ocrx_word' id='word_1_726' title='bbox 2184 4771 2352 4825; x_wconf 89' lang='lat' dir='ltr'><strong>navit.</strong></span> <span class='ocrx_word' id='word_1_727' title='bbox 2383 4769 2487 4836; x_wconf 90' lang='lat' dir='ltr'><strong>Qui</strong></span> <span class='ocrx_word' id='word_1_728' title='bbox 2513 4778 2693 4823; x_wconf 90' lang='lat' dir='ltr'><strong>autem</strong></span> <span class='ocrx_word' id='word_1_729' title='bbox 2718 4785 2826 4824; x_wconf 86' lang='lat' dir='ltr'><strong>non</strong></span> <span class='ocrx_word' id='word_1_730' title='bbox 2851 4769 3054 4840; x_wconf 81' lang='lat' dir='ltr'><strong>cogitat</strong></span> <span class='ocrx_word' id='word_1_731' title='bbox 3086 4769 3217 4840; x_wconf 80' lang='lat' dir='ltr'><strong>quid</strong></span> <span class='ocrx_word' id='word_1_732' title='bbox 3263 4768 3379 4839; x_wconf 83' lang='lat' dir='ltr'><strong>jam</strong></span> <span class='ocrx_word' id='word_1_733' title='bbox 3430 4768 3635 4832; x_wconf 78' lang='lat' dir='ltr'><strong>fecerit,</strong></span> <span class='ocrx_word' id='word_1_734' title='bbox 3674 4765 3767 4820; x_wconf 73' lang='lat' dir='ltr'><strong>sed</strong></span> 
     </span>
    </p>
   </div>
   <div class='ocr_carea' id='block_1_97' title="bbox 2184 4860 3773 4932">
    <p class='ocr_par' dir='ltr' id='par_1_97' title="bbox 2184 4860 3773 4932">
     <span class='ocr_line' id='line_1_97' title="bbox 2184 4860 3773 4932; baseline -0.001 -17"><span class='ocrx_word' id='word_1_735' title='bbox 2184 4862 2315 4932; x_wconf 88' lang='lat' dir='ltr'><strong>quid</strong></span> <span class='ocrx_word' id='word_1_736' title='bbox 2346 4862 2525 4917; x_wconf 78' lang='lat' dir='ltr'><strong>adhuc</strong></span> <span class='ocrx_word' id='word_1_737' title='bbox 2558 4861 2737 4916; x_wconf 78' lang='lat' dir='ltr'><strong>facere</strong></span> <span class='ocrx_word' id='word_1_738' title='bbox 2781 4863 2973 4932; x_wconf 83' lang='lat' dir='ltr'><strong>possit,</strong></span> <span class='ocrx_word' id='word_1_739' title='bbox 3005 4861 3097 4916; x_wconf 90' lang='lat' dir='ltr'><strong>hic</strong></span> <span class='ocrx_word' id='word_1_740' title='bbox 3136 4869 3407 4931; x_wconf 80' lang='lat' dir='ltr'><strong>provocat</strong></span> <span class='ocrx_word' id='word_1_741' title='bbox 3448 4860 3544 4915; x_wconf 87' lang='lat' dir='ltr'><strong>Dei</strong></span> <span class='ocrx_word' id='word_1_742' title='bbox 3596 4860 3773 4914; x_wconf 69' lang='lat' dir='ltr'><strong>vindi-</strong></span> 
     </span>
    </p>
   </div>
   <div class='ocr_carea' id='block_1_98' title="bbox 2185 4950 3771 5023">
    <p class='ocr_par' dir='ltr' id='par_1_98' title="bbox 2185 4950 3771 5023">
     <span class='ocr_line' id='line_1_98' title="bbox 2185 4950 3771 5023; baseline -0.004 -16"><span class='ocrx_word' id='word_1_743' title='bbox 2185 4962 2351 5014; x_wconf 86' lang='lat' dir='ltr'><strong>ctam,</strong></span> <span class='ocrx_word' id='word_1_744' title='bbox 2381 4952 2508 5021; x_wconf 88' lang='lat' dir='ltr'><strong>quia</strong></span> <span class='ocrx_word' id='word_1_745' title='bbox 2564 4970 2583 5002; x_wconf 76' lang='grc' dir='ltr'>ι</span> <span class='ocrx_word' id='word_1_746' title='bbox 2614 4952 2705 5021; x_wconf 89' lang='lat' dir='ltr'><strong>qui</strong></span> <span class='ocrx_word' id='word_1_747' title='bbox 2744 4950 2921 5023; x_wconf 85' lang='lat' dir='ltr'><strong>diligit</strong></span> <span class='ocrx_word' id='word_1_748' title='bbox 2967 4952 3337 5021; x_wconf 87' lang='lat' dir='ltr'><strong>iniquitatem,</strong></span> <span class='ocrx_word' id='word_1_749' title='bbox 3372 4952 3489 5005; x_wconf 86' lang='lat' dir='ltr'><strong>odit</strong></span> <span class='ocrx_word' id='word_1_750' title='bbox 3534 4951 3771 5005; x_wconf 84' lang='lat' dir='ltr'><strong>animam</strong></span> 
     </span>
    </p>
   </div>
   <div class='ocr_carea' id='block_1_99' title="bbox 2186 5040 3771 5114">
    <p class='ocr_par' dir='ltr' id='par_1_99' title="bbox 2186 5040 3771 5114">
     <span class='ocr_line' id='line_1_99' title="bbox 2186 5040 3771 5114; baseline -0.003 -16"><span class='ocrx_word' id='word_1_751' title='bbox 2186 5059 2343 5098; x_wconf 90' lang='lat' dir='ltr'><strong>suam</strong></span> <span class='ocrx_word' id='word_1_752' title='bbox 2378 5042 2552 5114; x_wconf 80' lang='lat' dir='ltr'><strong>(l’sal.</strong></span> <span class='ocrx_word' id='word_1_753' title='bbox 2587 5042 2663 5109; x_wconf 88' lang='lat' dir='ltr'><strong>x).</strong></span> <span class='ocrx_word' id='word_1_754' title='bbox 2696 5063 2714 5094; x_wconf 75' lang='grc' dir='ltr'>ι</span> <span class='ocrx_word' id='word_1_755' title='bbox 2755 5041 2821 5096; x_wconf 84' lang='lat' dir='ltr'><strong>Et</strong></span> <span class='ocrx_word' id='word_1_756' title='bbox 2846 5042 2940 5114; x_wconf 61' lang='lat' dir='ltr'><strong>qui</strong></span> <span class='ocrx_word' id='word_1_757' title='bbox 2968 5042 3210 5098; x_wconf 83' lang='lat' dir='ltr'><strong>animam</strong></span> <span class='ocrx_word' id='word_1_758' title='bbox 3247 5058 3411 5097; x_wconf 89' lang='lat' dir='ltr'><strong>suam</strong></span> <span class='ocrx_word' id='word_1_759' title='bbox 3440 5043 3573 5106; x_wconf 85' lang='lat' dir='ltr'><strong>odit,</strong></span> <span class='ocrx_word' id='word_1_760' title='bbox 3601 5040 3771 5095; x_wconf 77' lang='lat' dir='ltr'><strong>Deum</strong></span> 
     </span>
    </p>
   </div>
   <div class='ocr_carea' id='block_1_100' title="bbox 2186 5134 3771 5204">
    <p class='ocr_par' dir='ltr' id='par_1_100' title="bbox 2186 5134 3771 5204">
     <span class='ocr_line' id='line_1_100' title="bbox 2186 5134 3771 5204; baseline -0.002 -15"><span class='ocrx_word' id='word_1_761' title='bbox 2186 5135 2375 5204; x_wconf 90' lang='lat' dir='ltr'><strong>utique</strong></span> <span class='ocrx_word' id='word_1_762' title='bbox 2401 5134 2550 5201; x_wconf 87' lang='lat' dir='ltr'><strong>odit;</strong></span> <span class='ocrx_word' id='word_1_763' title='bbox 2600 5134 2763 5204; x_wconf 87' lang='lat' dir='ltr'><strong>hujus</strong></span> <span class='ocrx_word' id='word_1_764' title='bbox 2800 5135 3061 5204; x_wconf 88' lang='lat' dir='ltr'><strong>iniquitas</strong></span> <span class='ocrx_word' id='word_1_765' title='bbox 3105 5134 3414 5189; x_wconf 86' lang='lat' dir='ltr'><strong>invenietur</strong></span> <span class='ocrx_word' id='word_1_766' title='bbox 3456 5135 3525 5189; x_wconf 88' lang='lat' dir='ltr'><strong>ad</strong></span> <span class='ocrx_word' id='word_1_767' title='bbox 3566 5134 3771 5188; x_wconf 77' lang='lat' dir='ltr'><strong>odium.</strong></span> 
     </span>
    </p>
   </div>
   <div class='ocr_carea' id='block_1_101' title="bbox 2174 5225 3777 5300">
    <p class='ocr_par' dir='ltr' id='par_1_101' title="bbox 2174 5225 3777 5300">
     <span class='ocr_line' id='line_1_101' title="bbox 2174 5225 3777 5300; baseline -0.002 -18"><span class='ocrx_word' id='word_1_768' title='bbox 2174 5225 2330 5282; x_wconf 69' lang='lat' dir='ltr'><strong>&quot;Sunt</strong></span> <span class='ocrx_word' id='word_1_769' title='bbox 2351 5226 2676 5300; x_wconf 70' lang='lat' dir='ltr'><strong>plerique‘in</strong></span> <span class='ocrx_word' id='word_1_770' title='bbox 2708 5226 2947 5297; x_wconf 88' lang='lat' dir='ltr'><strong>peccatis</strong></span> <span class='ocrx_word' id='word_1_771' title='bbox 2981 5226 3189 5281; x_wconf 86' lang='lat' dir='ltr'><strong>sordidi</strong></span> <span class='ocrx_word' id='word_1_772' title='bbox 3223 5228 3318 5297; x_wconf 90' lang='lat' dir='ltr'><strong>qui</strong></span> <span class='ocrx_word' id='word_1_773' title='bbox 3371 5243 3433 5282; x_wconf 79' lang='lat' dir='ltr'><strong>se</strong></span> <span class='ocrx_word' id='word_1_774' title='bbox 3479 5226 3663 5296; x_wconf 78' lang='lat' dir='ltr'><strong>justas</strong></span> <span class='ocrx_word' id='word_1_775' title='bbox 3689 5241 3777 5279; x_wconf 85' lang='lat' dir='ltr'><strong>re—</strong></span> 
     </span>
    </p>
   </div>
   <div class='ocr_carea' id='block_1_102' title="bbox 2187 5312 3778 5390">
    <p class='ocr_par' dir='ltr' id='par_1_102' title="bbox 2187 5312 3778 5390">
     <span class='ocr_line' id='line_1_102' title="bbox 2187 5312 3778 5390; baseline -0.004 -16"><span class='ocrx_word' id='word_1_776' title='bbox 2187 5327 2401 5390; x_wconf 83' lang='lat' dir='ltr'><strong>putant,</strong></span> <span class='ocrx_word' id='word_1_777' title='bbox 2431 5326 2485 5372; x_wconf 87' lang='lat' dir='ltr'><strong>et</strong></span> <span class='ocrx_word' id='word_1_778' title='bbox 2514 5312 2653 5373; x_wconf 86' lang='lat' dir='ltr'><strong>alios</strong></span> <span class='ocrx_word' id='word_1_779' title='bbox 2678 5319 2824 5373; x_wconf 85' lang='lat' dir='ltr'><strong>velut</strong></span> <span class='ocrx_word' id='word_1_780' title='bbox 2874 5327 3191 5388; x_wconf 90' lang='lat' dir='ltr'><strong>peccatores</strong></span> <span class='ocrx_word' id='word_1_781' title='bbox 3220 5320 3511 5373; x_wconf 86' lang='lat' dir='ltr'><strong>damnant.</strong></span> <span class='ocrx_word' id='word_1_782' title='bbox 3569 5316 3778 5372; x_wconf 79' lang='lat' dir='ltr'><strong>[lorum</strong></span> 
     </span>
    </p>
   </div>
   <div class='ocr_carea' id='block_1_103' title="bbox 2189 5410 3783 5483">
    <p class='ocr_par' dir='ltr' id='par_1_103' title="bbox 2189 5410 3783 5483">
     <span class='ocr_line' id='line_1_103' title="bbox 2189 5410 3783 5483; baseline -0.004 -17"><span class='ocrx_word' id='word_1_783' title='bbox 2189 5412 2550 5483; x_wconf 83' lang='lat' dir='ltr'><strong>pervicaciam</strong></span> <span class='ocrx_word' id='word_1_784' title='bbox 2582 5410 2845 5466; x_wconf 90' lang='lat' dir='ltr'><strong>Dominus</strong></span> <span class='ocrx_word' id='word_1_785' title='bbox 2880 5410 3143 5464; x_wconf 84' lang='lat' dir='ltr'><strong>hodierno</strong></span> <span class='ocrx_word' id='word_1_786' title='bbox 3189 5412 3478 5480; x_wconf 82' lang='lat' dir='ltr'><strong>evangelio</strong></span> <span class='ocrx_word' id='word_1_787' title='bbox 3508 5410 3783 5480; x_wconf 74' lang='lat' dir='ltr'><strong>reprimit,</strong></span> 
     </span>
    </p>
   </div>
   <div class='ocr_carea' id='block_1_104' title="bbox 2180 5498 3760 5574">
    <p class='ocr_par' dir='ltr' id='par_1_104' title="bbox 2180 5498 3760 5574">
     <span class='ocr_line' id='line_1_104' title="bbox 2180 5498 3760 5574; baseline -0.005 -14"><span class='ocrx_word' id='word_1_788' title='bbox 2180 5507 2260 5559; x_wconf 76' lang='lat' dir='ltr'><strong>ab</strong></span> <span class='ocrx_word' id='word_1_789' title='bbox 2279 5506 2361 5560; x_wconf 88' lang='lat' dir='ltr'><strong>eis</strong></span> <span class='ocrx_word' id='word_1_790' title='bbox 2387 5512 2568 5560; x_wconf 87' lang='lat' dir='ltr'><strong>autem</strong></span> <span class='ocrx_word' id='word_1_791' title='bbox 2596 5504 2887 5574; x_wconf 84' lang='lat' dir='ltr'><strong>despectos</strong></span> <span class='ocrx_word' id='word_1_792' title='bbox 2907 5505 2973 5557; x_wconf 90' lang='lat' dir='ltr'><strong>ad</strong></span> <span class='ocrx_word' id='word_1_793' title='bbox 3006 5517 3158 5571; x_wconf 88' lang='lat' dir='ltr'><strong>spem</strong></span> <span class='ocrx_word' id='word_1_794' title='bbox 3208 5503 3386 5557; x_wconf 64' lang='lat' dir='ltr'><strong>veniae</strong></span> <span class='ocrx_word' id='word_1_795' title='bbox 3416 5502 3596 5573; x_wconf 80' lang='lat' dir='ltr'><strong>erigit.</strong></span> <span class='ocrx_word' id='word_1_796' title='bbox 3644 5498 3760 5553; x_wconf 74' lang='lat' dir='ltr'><strong>Nar</strong></span> 
     </span>
    </p>
   </div>
   <div class='ocr_carea' id='block_1_105' title="bbox 2190 5591 3765 5667">
    <p class='ocr_par' dir='ltr' id='par_1_105' title="bbox 2190 5591 3765 5667">
     <span class='ocr_line' id='line_1_105' title="bbox 2190 5591 3765 5667; baseline -0.003 -17"><span class='ocrx_word' id='word_1_797' title='bbox 2190 5605 2277 5650; x_wconf 85' lang='lat' dir='ltr'><strong>rat</strong></span> <span class='ocrx_word' id='word_1_798' title='bbox 2302 5596 2502 5667; x_wconf 85' lang='lat' dir='ltr'><strong>quippe</strong></span> <span class='ocrx_word' id='word_1_799' title='bbox 2523 5595 2661 5650; x_wconf 90' lang='lat' dir='ltr'><strong>duos</strong></span> <span class='ocrx_word' id='word_1_800' title='bbox 2684 5595 2739 5649; x_wconf 91' lang='lat' dir='ltr'><strong>in</strong></span> <span class='ocrx_word' id='word_1_801' title='bbox 2765 5594 3020 5662; x_wconf 78' lang='lat' dir='ltr'><strong>templum</strong></span> <span class='ocrx_word' id='word_1_802' title='bbox 3048 5591 3451 5664; x_wconf 83' lang='lat' dir='ltr'><strong>Hierosolymis</strong></span> <span class='ocrx_word' id='word_1_803' title='bbox 3463 5608 3633 5648; x_wconf 83' lang='lat' dir='ltr'><strong>causa</strong></span> <span class='ocrx_word' id='word_1_804' title='bbox 3662 5607 3765 5646; x_wconf 78' lang='lat' dir='ltr'><strong>ora</strong></span> 
     </span>
    </p>
   </div>
   <div class='ocr_carea' id='block_1_106' title="bbox 2192 5679 3766 5748">
    <p class='ocr_par' dir='ltr' id='par_1_106' title="bbox 2192 5679 3766 5748">
     <span class='ocr_line' id='line_1_106' title="bbox 2192 5679 3766 5748; baseline -0.005 -6"><span class='ocrx_word' id='word_1_805' title='bbox 2192 5686 2358 5743; x_wconf 89' lang='lat' dir='ltr'><strong>tionis</strong></span> <span class='ocrx_word' id='word_1_806' title='bbox 2386 5685 2725 5740; x_wconf 83' lang='lat' dir='ltr'><strong>ascendisse:</strong></span> <span class='ocrx_word' id='word_1_807' title='bbox 2757 5698 2922 5739; x_wconf 87' lang='lat' dir='ltr'><strong>unum</strong></span> <span class='ocrx_word' id='word_1_808' title='bbox 2953 5681 3315 5748; x_wconf 63' lang='lat' dir='ltr'><strong>Phariszeum,</strong></span> <span class='ocrx_word' id='word_1_809' title='bbox 3337 5683 3553 5738; x_wconf 86' lang='lat' dir='ltr'><strong>scilicet</strong></span> <span class='ocrx_word' id='word_1_810' title='bbox 3570 5679 3766 5735; x_wconf 65' lang='lat' dir='ltr'><strong>Judreo</strong></span> 
     </span>
    </p>
   </div>
   <div class='ocr_carea' id='block_1_107' title="bbox 2193 5774 3759 5849">
    <p class='ocr_par' dir='ltr' id='par_1_107' title="bbox 2193 5774 3759 5849">
     <span class='ocr_line' id='line_1_107' title="bbox 2193 5774 3759 5849; baseline -0.003 -14"><span class='ocrx_word' id='word_1_811' title='bbox 2193 5796 2313 5835; x_wconf 90' lang='lat' dir='ltr'><strong>rum</strong></span> <span class='ocrx_word' id='word_1_812' title='bbox 2345 5779 2625 5849; x_wconf 78' lang='lat' dir='ltr'><strong>clericum,</strong></span> <span class='ocrx_word' id='word_1_813' title='bbox 2657 5777 2822 5833; x_wconf 87' lang='lat' dir='ltr'><strong>alium</strong></span> <span class='ocrx_word' id='word_1_814' title='bbox 2845 5775 3193 5847; x_wconf 82' lang='lat' dir='ltr'><strong>publicanum</strong></span> <span class='ocrx_word' id='word_1_815' title='bbox 3219 5774 3393 5834; x_wconf 78' lang='lat' dir='ltr'><strong>fuisse</strong></span> <span class='ocrx_word' id='word_1_816' title='bbox 3415 5775 3571 5841; x_wconf 78' lang='lat' dir='ltr'><strong>(Luc.</strong></span> <span class='ocrx_word' id='word_1_817' title='bbox 3601 5775 3759 5837; x_wconf 79' lang='lat' dir='ltr'><strong>xvtu)</strong></span> 
     </span>
    </p>
   </div>
  </div>
