3948 6448
176 359 296 417 ιιοι

1060 357 1633 417 DEFLORATIONES
1670 359 1770 415 SS.
1812 356 2121 414 PATRUM.
2160 389 2229 399 --
2271 358 2404 418 LIB.
2447 358 2511 415 ll.

3309 368 3451 449 ne:

176 475 479 533 Pharismus
514 473 719 533 altare.
745 477 1220 549 apprOpinquans,
1273 491 1472 532 manus
1494 484 1548 528 et
1576 476 1769 529 oculos
1800 480 1845 535 Α
1874 487 1993 528 mas
2018 473 2111 527 dat
2136 475 2382 530 omnium
2412 491 2535 546 quae
2562 472 2809 544 possidet
2830 474 2922 547 qui
2948 475 3270 548 deealogum
3314 480 3452 550 legis

176 572 238 627 ..ι
262 568 463 625 εωιιιιιι
491 568 741 635 elevans,
768 568 883 623 Deo
908 577 1091 639 grates
1121 569 1324 633 retulit,
1349 566 1494 637 quod
1522 567 1643 621 aliis
1667 566 1765 620 ho-

179 661 412 718 minibus
435 660 726 716 dissimilis
750 658 937 725 fuerit,
961 660 1054 730 qui
1080 668 1347 729 raptores,
1378 657 1587 727 injusti,
1612 656 1766 711 adul-

181 756 273 811 teri
301 752 504 819 forent,
525 761 583 807 ιιι
610 752 700 808 ille
726 751 1164 822 publicanusqui
1182 759 1328 805 retro
1355 757 1557 803 astaret
1576 766 1589 815 ;
1611 748 1692 803 bis
1709 749 1762 801 in

179 843 517 901 hebdomada
549 843 846 913 jejunaret,
875 842 1117 897 decimas
1148 841 1392 896 omnium
1416 855 1599 894 rerum
1639 853 1767 892 sua-

176 954 297 993 rum
325 938 501 991 daret.
538 933 875 990 Publicanus
902 944 1084 988 autem
1115 933 1170 987 in
1200 932 1401 1002 angulo
1425 932 1660 1001 quodam
1686 930 1766 984 la-

176 1030 343 1095 tebat,
373 1037 429 1082 et
451 1028 643 1082 oculos
666 1025 733 1082 ad
762 1026 962 1082 ecelum
996 1026 1178 1079 levare
1217 1039 1326 1079 non
1359 1023 1628 1089 audebat;
1670 1038 1755 1092 pe-

176 1128 298 1174 ctus
326 1126 539 1173 tantum
565 1117 928 1188 percutiebat,
962 1116 1131 1170 Deum
1181 1115 1285 1171 sibi
1314 1115 1609 1185 propitium
1648 1115 1763 1169 fieri

174 1213 413 1281 petebat.
446 1209 651 1266 Deinde
681 1210 813 1266 dicit
834 1209 1103 1264 Dominus
1146 1208 1293 1279 quod
1358 1217 1578 1278 peccata
1629 1223 1763 1262 con.

173 1301 337 1357 titeus
370 1300 715 1357 descenderit
740 1301 1095 1372 justiﬁcatus,
1125 1298 1267 1354 facta
1296 1307 1477 1353 autem
1532 1315 1630 1354 sua
1680 1299 1765 1368 ja-

170 1401 334 1448 ctans
363 1392 562 1448 abierit
615 1392 959 1462 reprobatus,
1012 1390 1139 1462 quia
1182 1389 1363 1445 omnis
1412 1404 1469 1444 se
1518 1389 1765 1444 exaltaus

177 1484 586 1550 humiliabitur,
616 1490 670 1538 et
697 1499 755 1540 se
780 1483 1079 1539 humilians
1116 1481 1462 1537 exaltabitur.
1503 1481 1647 1546 Ideo,
1677 1481 1764 1534 di-

176 1577 493 1644 lectissimi,
526 1592 653 1633 cum
683 1577 750 1631 ad
791 1576 1094 1631 orationem
1120 1575 1448 1640 convenitis,
1480 1589 1588 1627 non
1627 1574 1765 1628 bene

170 1666 323 1722 facta
349 1675 531 1723 vestra
578 1667 809 1738 jactare,
865 1680 967 1720 nec
1017 1665 1156 1720 alios
1194 1664 1477 1731 damnare,
1517 1663 1610 1718 sed
1638 1679 1763 1718 vos-

172 1765 332 1833 ipsos
359 1778 644 1829 accusare,
669 1761 805 1817 alios
830 1774 1023 1816 omnes
1039 1759 1223 1830 justos
1249 1766 1507 1830 reputare
1531 1758 1760 1813 debetis.

1866 580 1963 634 per
1986 566 2169 620 decem
2203 581 2400 621 sensus
2422 567 2670 637 corporis
2693 567 2900 639 implet.
2926 567 3180 641 Quinque
3212 587 3451 642 namque

1865 658 2140 728 duplicata
2173 659 2359 715 decem
2405 659 2634 729 faciunt,
2659 670 2719 715 ut
2764 661 2875 716 duo
2917 663 3080 730 oculi,
3118 664 3239 717 duae
3264 679 3449 726 cures,

1865 756 1970 802 etc.
2026 746 2132 802 Sed
2166 747 2337 803 Judaei
2387 751 2591 805 malum
2641 759 2765 806 actu
2811 760 2866 807 et
2890 761 3017 807 voto
3060 754 3450 823 operabantur,

1867 847 2133 907 prmccpta
2196 838 2288 893 Dei
2324 841 2536 896 cunctis
2592 842 2844 897 sensibus
2892 845 3451 914 transgrediebantur.

1865 926 2205 1007 I’ublicanus
2220 930 2313 999 qui
2337 947 2367 985 a
2389 932 2549 1003 longe
2572 933 2772 1000 stabat,
2803 944 2887 989 est
2934 936 3152 1005 gentilis
3195 938 3451 1007 populus,

1865 1018 2017 1090 quia
2046 994 2437 1077 culthomini
2466 994 2657 1094 procul
2701 994 2838 1081 erat.
2888 994 3092 1083 Oculos
3135 994 3208 1082 ad
3251 994 3452 1084 Emam;

1863 1126 1976 1163 non
1999 1110 2233 1178 levabat,
2258 1113 2383 1181 quia
2412 1115 2645 1170 terrenis
2692 1103 2905 1170 tantum
2953 1117 3218 1173 inhiabat.
3251 1118 3456 1175 Pectus

1866 1202 2221 1271 percutiebat,
2250 1203 2379 1257 dum
2435 1220 2679 1260 errorem
2717 1223 2876 1262 suum
2938 1224 3035 1278 per
3073 1211 3454 1279 pmnitentiam

1865 1291 2114 1347 deﬂebat.
2146 1292 2212 1347 Et
2257 1294 2387 1363 quia
2428 1310 2487 1350 se
2529 1311 2626 1365 per
2657 1296 3059 1353 confessionem
3108 1300 3451 1363 huntiliabat,

1867 1379 2009 1437 Deus
2033 1382 2183 1437 illum
2214 1398 2309 1452 per
2338 1384 2553 1438 veniam
2590 1386 2883 1442 exaltabat.

1938 1470 2003 1525 Et
2030 1488 2131 1527 nos
2157 1489 2308 1544 ergo,
2343 1474 2681 1542 eltarissimi,
2713 1478 2929 1550 alonge
2964 1488 3197 1547 stemus,
3238 1491 3299 1536 ut
3349 1497 3455 1539 nos

1867 1562 2169 1619 Dominicis
2219 1568 2579 1623 sacramentis
2609 1578 2663 1624 et
2694 1578 3008 1625 sanctorum
3064 1574 3342 1628 consortio
3370 1576 3458 1629 in-

1866 1653 2063 1726 dignos
2086 1656 2419 1727 iudicemus.
2453 1659 2656 1717 Oculos
2682 1662 2749 1717 ad
2773 1662 2973 1718 malum
3022 1680 3132 1718 non
3184 1665 3451 1732 levemus,

1866 1757 1927 1803 ut
1954 1764 2056 1805 nos
2084 1749 2339 1822 indignos
2355 1753 2494 1808 cmlo
2518 1764 2855 1825 reputemus.
2889 1755 3086 1812 Pectus
3129 1759 3449 1827 tundamus,

172 1854 413 1908 Animas
439 1861 648 1909 vestras
683 1853 736 1907 in
768 1858 1065 1920 conspectu
1110 1848 1205 1904 Dei
1253 1848 1558 1915 humiliate,
1585 1848 1764 1918 ipsum
1795 1836 1837 1891 Β
1870 1843 2243 1899 utcommissa
2274 1843 2493 1900 ﬂetibus
2523 1846 2840 1916 puniamus.
2875 1846 3017 1903 Ante
3070 1848 3239 1904 Deum
3265 1853 3451 1921 proci-

172 1959 275 1999 ore
306 1953 363 1999 et
393 1945 558 2001 corde
582 1943 847 2008 invocato,
871 1950 925 1997 et
954 1942 1010 1997 in
1044 1941 1133 1997 die
1166 1939 1534 1996 tribulationis
1565 1956 1663 1996 vos
1693 1941 1763 1995 li-

172 2037 401 2092 berabit
428 2046 482 2093 et
505 2050 667 2107 super
696 2034 951 2090 inimicos
979 2042 1194 2089 vestros
1244 2032 1522 2088 exaltabit.
1569 2030 1766 2086 Prohi-

172 2128 303 2183 bete
335 2128 576 2199 linguam
608 2135 845 2182 vestram
867 2140 899 2180 a
923 2124 1089 2191 malo,
1109 2133 1163 2179 et
1183 2123 1325 2178 labia
1354 2132 1533 2179 vestra
1557 2138 1588 2177 a
1617 2122 1763 2188 dolo,

170 2220 309 2293 quia
360 2234 428 2274 ex
465 2219 646 2274 verbis
691 2217 809 2274 suis
854 2217 1090 2288 quisque
1132 2214 1542 2285 jusdficabitur,
1591 2222 1647 2268 et
1699 2227 1765 2267 ex

172 2311 363 2366 verbis
393 2310 511 2366 suis
542 2309 1016 2366 condemnabitur.
1050 2306 1155 2374 Qui
1188 2308 1262 2362 ita
1303 2316 1428 2362 orat
1481 2306 1624 2360 sicut
1659 2302 1767 2358 Do-

172 2405 368 2460 minus
408 2403 615 2469 docuit,
668 2402 818 2457 hunc
857 2400 1125 2455 Dominus
1168 2399 1451 2465 exaudiet;
1497 2397 1592 2468 qui
1637 2410 1768 2452 vero

172 2494 339 2549 aliter
363 2503 514 2558 orat,
550 2493 716 2563 hujus
744 2493 921 2548 oratio
965 2493 1018 2547 in
1045 2501 1324 2563 peccatum
1354 2492 1462 2545 flet.
1499 2488 1635 2543 Viue
1673 2504 1767 2543 ne-

174 2587 423 2641 cessaria
450 2593 505 2642 et
531 2585 728 2657 gaudia
781 2592 984 2640 mterna
1015 2585 1198 2655 petite,
1233 2592 1288 2637 et
1311 2582 1463 2638 dabit
1488 2582 1644 2636 vobis
1664 2579 1769 2635 Pa-

175 2686 263 2732 ter
295 2686 550 2748 utraque.
586 2676 737 2731 Multi
780 2684 960 2742 orant,
1016 2684 1071 2730 et
1133 2690 1240 2730 non
1290 2676 1623 2744 impetrant;
1673 2671 1767 2727 sed

162 2769 361 2821 oratio
419 2782 607 2822 eorum
648 2768 754 2822 erit
780 2756 1154 2829 exSecrabilis,
1202 2764 1329 2835 quia
1374 2779 1563 2818 aurem
1609 2779 1766 2818 suam

174 2867 434 2915 avertunt
461 2874 494 2914 a
521 2858 758 2914 clamore
792 2857 1065 2929 pauperis.
1105 2875 1123 2908 ι
1158 2855 1276 2910 Non
1299 2856 1443 2911 enim
1473 2856 1652 2911 omnis
1673 2855 1767 2926 qui

172 2952 318 3006 dicit
347 2952 396 3006 ei
421 2970 433 3006 :
457 2950 706 3017 Domine,
733 2949 983 3015 Domine,
1004 2949 1228 3004 intrabit
1258 2949 1312 3004 in
1340 2964 1568 3019 regnum
1595 2948 1767 3003 cwlo-

176 3059 305 3099 rum
333 3061 348 3111 ;
381 3044 475 3099 sed
504 3044 598 3114 qui
640 3043 769 3097 facit
791 3044 1127 3097 voluntatem
1160 3040 1341 3096 Patris
1368 3042 1510 3111 ejus,
1539 3042 1656 3111 ipse
1686 3040 1770 3094 iu-

173 3139 350 3232 trabit
378 3138 433 3193 in
464 3154 691 3209 regnum
739 3138 1004 3194 caelorum
1042 3137 1261 3208 (Matth.
1301 3140 1423 3207 vn).
1452 3158 1471 3191 ι
1506 3137 1768 3193 Voluntas
1795 3176 1837 3232 Ο

160 3228 367 3297 {Patris
394 3239 481 3287 est
522 3230 659 3286 utin
708 3230 869 3285 nobis
917 3231 1274 3300 peccantibus
1301 3230 1662 3295 dimittamus,
1714 3241 1769 3285 et

174 3324 358 3379 rebus
378 3324 585 3387 nostris
609 3339 766 3395 opem
798 3324 1167 3394 indigentibus
1200 3322 1462 3380 feramus.
1512 3322 1619 3379 Per
1656 3325 1772 3380 haec

174 3416 476 3486 petitiones
496 3416 679 3472 cordis
717 3417 890 3472 nostri
916 3416 1363 3486 impetrabimus;
1410 3432 1506 3488 per
1536 3417 1652 3473 haec
1679 3431 1770 3472 re-

172 3523 353 3579 gnum
380 3508 648 3564 caalorum
674 3508 1022 3565 intrabimus.

251 3598 363 3655 Per
385 3601 525 3656 duos
551 3600 804 3657 homines
825 3601 921 3672 qui
947 3602 1001 3655 in
1030 3601 1291 3672 templum
1322 3600 1638 3656 ascendisse
1689 3601 1770 3655 le-

173 3700 413 3766 guntur,
452 3693 563 3749 duo
616 3694 822 3764 populi,
861 3692 1124 3749 Judaicus
1176 3695 1380 3750 scilicet
1427 3702 1481 3747 et
1533 3694 1770 3761 gentilis,

171 3785 587 3857 intelliguntur.
621 3784 934 3842 Pharisaeus
971 3788 1067 3858 qui
1124 3788 1190 3843 ad
1237 3788 1408 3842 altare
1457 3787 1770 3852 accedebat,

169 3887 268 3934 cst
293 3877 563 3935 Judaicus
591 3879 847 3950 populus,
908 3880 1003 3951 qui
1053 3879 1424 3935 sanctuarium
1480 3888 1530 3933 et
1586 3893 1769 3933 aream

170 3972 446 4028 habebat.
480 3971 577 4028 Hie
603 3974 797 4028 merita
827 3989 924 4027 sua
971 3972 1025 4027 in
1067 3975 1269 4043 templo
1334 3974 1601 4043 replicat,
1643 3974 1771 4043 quia

168 4062 253 4119 de
289 4063 642 4120 observantia
664 4066 802 4136 legis
852 4065 907 4119 in
940 4064 1147 4121 mundo
1182 4080 1240 4121 se
1274 4065 1464 4135 jactat.
1496 4064 1614 4119 Non
1655 4073 1775 4120 erat

169 4156 334 4212 sicut
365 4156 545 4212 caeteri
577 4157 1029 4228 hominum,quia
1059 4159 1476 4213 circumcisione
1504 4159 1773 4214 discretus

167 4257 307 4304 erat
334 4263 368 4305 a
391 4248 608 4319 populis
644 4249 956 4304 nationum.
1015 4249 1257 4305 Gentiles
1305 4259 1553 4321 raptores
1596 4258 1771 4316 erant,

168 4345 320 4416 quia
346 4344 489 4398 bona
518 4342 734 4399 Domini
762 4344 921 4416 quasi
948 4360 1045 4415 per
1069 4344 1178 4398 vim
1205 4344 1511 4413 rapiebant,
1535 4344 1665 4398 dum
1721 4343 1772 4397 ei

173 4436 258 4492 de
290 4435 515 4491 collatis
544 4435 829 4491 beneﬁciis
853 4435 1095 4491 debitum
1128 4434 1410 4489 servitium
1443 4449 1552 4490 non
1583 4434 1775 4489 redde—

1866 1934 2081 2001 damus,
2113 1950 2297 1991 coram
2325 1936 2561 1992 Domino
2590 1939 2684 2009 qui
2728 1938 2857 1996 fecit
2910 1957 3012 1997 nos
3047 1942 3347 2013 ploremus,
3390 1953 3456 2000 ut

1868 2027 1983 2097 ipse
2011 2027 2292 2098 planctum
2317 2040 2567 2085 nostrum
2620 2031 2673 2084 in
2727 2032 2985 2102 gaudium
3044 2043 3345 2100 convertat,
3397 2047 3458 2092 et

1868 2118 2045 2174 scisso
2068 2134 2229 2175 sacco
2258 2120 2493 2177 tristitia:
2523 2163 2537 2186 ,
2588 2122 2771 2178 laetitia
2821 2139 2923 2180 nos
2960 2125 3169 2181 induat.
3206 2126 3325 2184 Non
3377 2130 3457 2184 si-

1868 2225 1992 2265 mus
2018 2221 2289 2282 raptores,
2317 2213 2446 2284 quia
2479 2230 2703 2285 rapaces
2729 2230 2957 2286 regnum
3000 2215 3096 2272 Dei
3128 2234 3237 2274 non
3267 2220 3418 2289 possi

1867 2304 2071 2359 debuut
2124 2304 2179 2377 (1
2210 2306 2335 2362 Cor.
2382 2310 2479 2378 vt).
2539 2307 2755 2364 Nullius
2808 2325 2922 2364 rem
2971 2313 3452 2382 concupiscamus,

1868 2397 2073 2452 nullius
2120 2398 2335 2453 laudem
2390 2400 2600 2456 meritis
2668 2402 2875 2457 nostris
2936 2402 3232 2459 indebitam
3295 2406 3455 2460 nobis

1869 2487 2209 2543 ascribamus
2241 2531 2256 2555 ,
2316 2490 2444 2561 quia
2503 2491 2618 2546 haec
2664 2491 2923 2548 facientes
2965 2504 3126 2550 erunt
3171 2503 3457 2566 raptorum

1869 2590 2172 2635 consortes.
2200 2580 2318 2635 Non
2351 2582 2525 2640 simus
2581 2583 2793 2653 injusti,
2827 2585 2955 2654 quia
3004 2586 3177 2656 iniqui
3225 2603 3455 2658 regnum

1870 2672 1967 2727 Dei
1993 2689 2100 2728 non
2123 2685 2546 2744 consequentur.
2603 2676 2772 2732 Deum
2823 2679 3137 2750 diligamus,
3191 2682 3459 2751 proximis

1869 2766 2073 2821 nostris
2097 2768 2405 2822 necessaria
2435 2767 2836 2838 impendamus.
2861 2769 2977 2825 Non
3005 2773 3179 2829 simus
3200 2773 3454 2841 adulteri,

1871 2858 1998 2928 quia
2029 2857 2388 2914 fornicatores
2432 2869 2487 2915 et
2528 2859 2808 2917 adulteros
2846 2863 3117 2932 judicabit
3146 2864 3309 2921 Deus.
3344 2867 3456 2922 Re-

1870 2961 2014 3005 ctam
2061 2951 2221 3006 tidcm
2246 2967 2548 3018 servemus,
2578 2954 2646 3007 ad
2676 2955 2882 3010 nullam
2922 2956 3171 3013 hmresim
3216 2960 3461 3016 decline~

1872 3062 2018 3112 mus,
2065 3046 2193 3117 quia
2250 3046 2354 3101 hoc
2400 3047 2663 3116 spiritalis
2714 3046 3007 3104 fornicatio
3048 3051 3369 3121 appellatur,
3401 3061 3461 3108 et

1877 3138 2018 3194 Deus
2040 3138 2230 3209 perdet
2255 3154 2471 3192 omnem
2505 3139 2596 3209 qui
2641 3141 2709 3194 ab
2772 3156 2838 3193 eo
2876 3140 3196 3197 fornicatur.
3251 3143 3342 3200 Bis
3398 3145 3458 3200 in

1870 3229 2230 3295 hebdomada,
2260 3229 2466 3285 scilicet
2500 3246 2550 3284 tv
2577 3240 2628 3285 et
2663 3247 2716 3285 vt
2768 3229 2901 3286 feria
2958 3232 3290 3302 jejunemus,
3327 3236 3456 3305 quia

1869 3324 1914 3379 si
1942 3323 2048 3379 hoc
2072 3321 2201 3378 fecit
2220 3321 2553 3390 Pharismus,
2584 3324 2757 3379 multo
2788 3325 2963 3395 magis
3011 3340 3113 3380 nos
3142 3325 3319 3381 facere
3357 3326 3458 3381 de~

1868 3414 2081 3469 bemus.
2111 3412 2178 3468 Et
2199 3413 2246 3469 si
2270 3412 2409 3469 cibis
2434 3415 2661 3470 minime
2687 3416 3083 3483 abstineamus,
3118 3432 3213 3472 eor
3251 3434 3282 3472 a
3313 3419 3459 3473 mala

1869 3507 2169 3573 voluntate,
2198 3520 2397 3561 manus
2426 3522 2457 3560 a
2480 3521 2649 3576 prava
2670 3507 2887 3562 actione
2909 3508 3313 3564 contineamus.
3342 3508 3451 3565 Dc-

1869 3601 2042 3655 cimas
2067 3599 2314 3653 omnium
2347 3614 2531 3654 rerum
2556 3609 2870 3656 nostrarum
2917 3600 3029 3656 Deo
3076 3602 3293 3668 demus,
3324 3602 3458 3672 quia

1870 3693 1914 3748 si
1948 3694 2051 3749 hoc
2079 3693 2205 3750 fecit
2234 3694 2455 3751 Judteus
2484 3737 2499 3764 ,
2538 3698 2713 3755 tnulto
2741 3697 2913 3769 magis
2937 3697 3099 3753 debet
3145 3698 3248 3753 hoc
3279 3697 3460 3755 facere

1868 3784 2236 3843 Christianus.

1940 3877 2057 3934 Non
2110 3880 2312 3948 solum,
2349 3880 2681 3948 cbarissimi,
2740 3882 2883 3937 sacri
2937 3883 3121 3953 apices
3174 3886 3240 3940 ad
3287 3887 3458 3942 vitam

1870 3981 2127 4028 aeternam
2161 3987 2263 4029 nos
2307 3973 2536 4040 ducunt,
2563 3973 2659 4029 sed
2710 3973 2874 4028 etiam
2928 3976 3210 4045 gentilium
3265 3976 3462 4034 litterae

1872 4079 1975 4119 nos
2038 4064 2453 4120 instruunt:de
2490 4065 2690 4135 quibus
2719 4063 2968 4135 quzcdatn
3023 4067 3091 4120 ad
3139 4067 3457 4122 mdilicatio-

1872 4170 1995 4209 nem
2020 4153 2356 4225 praeferenda
2393 4165 2539 4211 sunt.
2574 4154 2639 4211 Et
2667 4164 2729 4211 ut
2756 4171 2919 4210 nemo
2948 4155 3073 4211 inde
3123 4159 3462 4214 scandalize-

1874 4255 1983 4311 tur,
2020 4262 2175 4302 sacra
2233 4246 2558 4302 auctoritate
2607 4245 3057 4317 exemplillcetur.
3087 4246 3211 4301 Filii
3260 4249 3461 4319 quippe

1874 4335 2038 4391 Israel
2072 4336 2363 4408 Egyptios
2422 4335 2815 4407 spoliaverunt,
2872 4351 3091 4404 aurum,
3152 4348 3458 4409 argentum,

1875 4443 2141 4499 gemmas,
2174 4436 2352 4483 vestes
2394 4428 2664 4497 pretiosas
2706 4427 2951 4483 tulerunt
2979 4427 3177 4499 (Exod.
3204 4425 3256 4497 ν)
3293 4446 3305 4482 :
3338 4444 3461 4499 qum

167 4529 343 4584 bant.
398 4525 592 4598 lnjusti
654 4527 997 4593 exstiterant,
1052 4527 1207 4593 dum,
1261 4525 1520 4581 Creatore
1570 4533 1771 4596 spreto,
1805 4529 2067 4591 Dpostca
2093 4520 2145 4575 in
2179 4520 2408 4575 donaria
2436 4518 2529 4574 Dei
2582 4519 2649 4575 ad
2692 4520 3092 4576 conﬁciendum
3139 4521 3462 4575 tabernacu-

163 4597 498 4677 crcaturam
528 4619 800 4675 colebant.
824 4597 1069 4674 Adulteri
1100 4626 1277 4681 erant,
1299 4618 1428 4673 dum
1465 4632 1593 4672 vero
1609 4632 1774 4687 spon-

160 4729 241 4771 so
313 4711 429 4767 Deo
478 4712 715 4778 deserto,
772 4727 898 4767 cum
956 4711 1295 4767 damonibus
1338 4726 1398 4766 se
1438 4710 1771 4781 polluebant.

158 4802 364 4859 Judaei
391 4818 609 4876 quoque
635 4810 885 4875 raptores
910 4810 1087 4866 erant,
1119 4801 1215 4872 qui
1240 4800 1345 4856 sibi
1373 4801 1566 4856 merita
1596 4801 1777 4871 justo-

125 4887 142 4899 ’
163 4912 316 4951 rum
373 4897 732 4968 usurpabant.
785 4894 999 4966 Rapina
1037 4910 1274 4965 namque
1299 4904 1382 4950 est
1400 4894 1613 4949 laudem
1640 4893 1777 4948 velle

154 4987 323 5062 justi
349 4988 647 5055 babere,et
674 4989 1017 5045 sanctitatem
1038 4987 1171 5058 justi
1195 4986 1395 5041 imitari
1428 4986 1591 5041 nolle.
1624 4983 1778 5040 Unde

160 5081 462 5153 scriptum
516 5088 601 5137 est
629 5099 643 5135 :
676 5100 695 5134 ι
725 5080 843 5136 Non
896 5080 1142 5151 rapinam
1191 5078 1488 5133 arbitratus
1529 5086 1612 5133 est
1658 5089 1779 5131 esse

158 5188 238 5231 se
273 5173 547 5244 aequalem
577 5172 687 5228 Deo
723 5171 984 5243 (Philipp.
1020 5171 1104 5242 ιι).
1140 5190 1159 5224 ι
1193 5169 1368 5238 Quam
1411 5169 1778 5240 aequalitatem

156 5263 322 5321 dum
360 5265 573 5335 primus
602 5266 768 5321 homo
797 5280 988 5336 rapere
1017 5263 1208 5331 voluit,
1236 5278 1265 5318 a
1287 5261 1622 5318 beatitudine
1651 5274 1778 5315 cor-

156 5357 322 5412 ruit.
356 5355 552 5427 lnjnsti
575 5356 921 5422 exstiterant,
951 5357 1082 5411 dum
1105 5371 1206 5412 nec
1235 5354 1348 5410 Deo
1396 5370 1519 5416 sua,
1551 5368 1651 5408 nec
1682 5353 1783 5407 ho-

153 5450 324 5505 mini
356 5463 459 5504 sua
494 5449 796 5504 solvebant.
823 5447 1072 5502 Adulteri
1097 5446 1333 5511 fuerant,
1356 5447 1486 5501 dum
1512 5446 1648 5517 lege,
1678 5459 1782 5499 no-

160 5541 286 5598 nili
339 5556 552 5613 sponsa
581 5541 813 5611 abjecta,
845 5554 972 5595 cum
1012 5538 1317 5594 idololatria
1363 5552 1422 5594 se
1465 5553 1783 5593 commacu-

153 5634 404 5689 labant.
430 5630 538 5693 l'er
594 5631 956 5701 septimanam
1002 5644 1165 5685 omne
1191 5637 1408 5699 tempus
1441 5627 1781 5699 intelligitur,

149 5726 345 5801 quod
372 5733 587 5800 septem
610 5723 815 5779 diebus
846 5721 1104 5777 volvitur.
1137 5721 1227 5777 Bis
1257 5721 1311 5776 in
1339 5721 1680 5777 hebdomada
1704 5720 1786 5791 je-

121 5824 351 5897 *junat
374 5817 474 5890 qui
499 5828 665 5886 opere
695 5823 749 5870 et
770 5812 1047 5869 voluntate
1077 5812 1280 5868 malum
1327 5812 1581 5881 declinat.
1627 5810 1784 5867 Deci-

1876 4613 1989 4668 lum
2021 4612 2359 4667 obtulerunt.
2392 4610 2529 4666 Dum
2556 4627 2684 4679 vero
2707 4612 2810 4683 ipsi
2841 4612 2908 4667 de
2933 4612 3168 4684 IEgypto
3187 4625 3458 4675 exierunt,

1876 4706 2061 4761 omnia
2117 4704 2318 4774 templa
2366 4704 2641 4759 idolorum
2684 4713 3031 4759 corruerunt.
3093 4704 3171 4759 De
3226 4704 3466 4776 [Egypto

1877 4805 2102 4863 exeunt,
2131 4804 2186 4851 et
2244 4796 2313 4850 ad
2364 4804 2566 4850 terram
2600 4795 3049 4866 repromissionis
3094 4796 3322 4851 tendunt
3369 4795 3466 4867 qui

1878 4888 1986 4945 hoc
2012 4887 2275 4943 sazculum
2297 4886 2577 4951 deserunt,
2617 4893 2671 4941 et
2701 4900 2760 4940 se
2781 4886 2849 4939 ad
2879 4893 3125 4941 sanctam
3171 4900 3467 4941 conversa-

1878 4979 2083 5034 tionem
2119 4975 2476 5033 transferunt.
2512 4974 2667 5030 Tunc
2713 4990 2950 5045 namque
2996 4975 3222 5031 delubra
3262 4976 3466 5031 dissol-

1878 5080 2102 5136 vuntur,
2129 5069 2257 5141 quia
2283 5069 2386 5140 ipsi
2411 5068 2505 5140 qui
2536 5067 2734 5138 templa
2758 5067 3016 5122 vitiorum
3049 5077 3227 5132 erant,
3251 5084 3281 5122 a
3329 5083 3468 5138 pec-

1880 5165 2021 5220 catis
2045 5165 2425 5219 destruuntur.
2451 5160 2571 5216 Jam
2603 5161 2749 5215 enim
2799 5160 2892 5214 Dei
2924 5159 3291 5215 habitaculum
3340 5174 3464 5227 esse

1883 5255 2171 5325 incipiunt,
2202 5262 2256 5309 ct
2283 5253 2405 5308 ideo
2430 5252 2705 5323 malignus
2732 5251 2959 5321 spiritus
2987 5250 3041 5304 in
3072 5250 3153 5306 eis
3205 5250 3465 5305 manendi

1882 5347 2062 5403 locum
2089 5345 2296 5401 diutius
2327 5344 2526 5399 habere
2553 5358 2660 5398 non
2686 5343 2901 5413 poterit.
2934 5340 3036 5407 Qui
3067 5340 3350 5412 [Egyptios
3369 5338 3467 5395 dc~

1886 5440 2146 5510 spoliant,
2175 5439 2305 5493 dum
2347 5436 2631 5493 sarcularia
2656 5436 2835 5491 studia
2864 5434 2920 5487 in
2961 5432 3206 5503 spiritale
3250 5433 3467 5486 exerci-

1886 5535 2023 5590 tium
2054 5539 2416 5589 commutant.
2457 5529 2540 5584 Ad
2590 5528 2900 5584 faciendum
2960 5526 3371 5580 tabernaculum
3402 5541 3469 5581 ea

1886 5627 2145 5692 offerunt,
2176 5625 2305 5680 dum
2336 5623 2715 5694 philosophica
2745 5627 3066 5690 argumenta
3119 5617 3189 5672 ad
3234 5617 3471 5674 aedifica-

1889 5719 2089 5774 tionem
2124 5714 2376 5772 Ecclesia:
2400 5712 2704 5784 proferunt.
2729 5710 2938 5763 Aurum
2965 5706 3343 5779 Egyptiorum
3367 5707 3468 5762 do-

1894 5819 2045 5880 nant,
2076 5810 2206 5866 dum
2236 5821 2334 5878 per
2357 5803 2674 5861 stecnlarem
2704 5799 3026 5871 sapientiam
3058 5798 3357 5869 spiritalem
3381 5799 3468 5852 di-
