3948 6480
524 373 667 433 “03

1654 358 1990 415 “'lIRNERl
2030 356 2323 413 ABBATIS
2362 356 2418 415 S.
2463 356 2685 412 BLASll
3694 357 3805 418 HN

523 489 811 561 Iciplinam
837 490 1053 540 ornant.
1094 481 1391 551 Argentum
1420 473 1807 544 1£gyptiurum
1856 475 2112 543 offerunt,
2148 481 2191 536 Α
2219 491 2343 531 cum
2388 488 2581 545 magna
2620 470 2933 527 difﬁcultate
2973 471 3305 542 dignitates,
3338 470 3427 524 vel
3447 469 3697 540 qualibet
3732 488 3805 528 cu-

522 583 653 638 dum
688 577 998 634 szecularem
1031 572 1397 643 eloquentiam
1423 567 1489 623 ad
1519 566 1811 622 utilitatem
1855 567 2114 623 Ecclesiae

522 678 866 729 convertunt.
896 665 1154 721 Gemmas
1187 665 1405 718 illorum
1444 661 1678 725 donant,
1713 660 1846 715 dum
1894 670 2113 715 sentcn-

523 766 627 819 tias
650 764 783 816 bene
802 759 1040 829 prolatas
1055 758 1119 811 ad
1138 756 1571 811 exhortationem
1590 755 1963 823 proximorum
1983 770 2110 808 uar-

523 861 668 907 rant.
698 850 887 904 Vestes
917 863 1110 901 eorum
1151 847 1408 912 offerunt,
1446 846 1577 899 dum
1637 846 1887 914 exempla
1942 844 2111 913 genti-

520 943 653 998 lium
683 940 750 995 ad
776 939 1139 993 imitationem
1189 937 1453 992 fratribus
1488 935 1755 990 referunt.
1786 935 1861 1003 ⁵Ιη
1913 951 2109 1006 magna

515 1034 663 1087 enim
690 1031 853 1085 domo
885 1045 991 1083 non
1027 1031 1207 1085 solum
1262 1045 1393 1083 vasa
1424 1043 1589 1083 aurea
1614 1037 1667 1081 ct
1696 1036 1974 1098 argentea,
2016 1027 2109 1082 sed

518 1122 684 1176 etiam
719 1120 892 1175 ferrea
923 1129 974 1173 et
1000 1120 1185 1173 fictilia
1216 1121 1684 1202 suntbecessaria
1731 1117 1817 1188 (ΙΙ
1858 1119 1994 1175 Tim.
2022 1120 2104 1182 tt).

518 1213 726 1271 Domus
755 1230 950 1284 magna
982 1222 1064 1267 est
1097 1213 1359 1267 Ecclesia.
1394 1211 1535 1267 Vasa
1563 1228 1728 1267 aurea
1752 1222 1804 1267 et
1832 1224 2107 1284 argentea,

518 1315 649 1360 sunt
694 1320 864 1360 sacrae
918 1303 1264 1370 auctpritatis
1295 1303 1596 1357 volumina.
1633 1301 1775 1357 Vasa
1825 1302 2002 1358 ferrea
2054 1314 2109 1358 et

519 1396 708 1450 fictilia
733 1403 860 1450 sunt
889 1393 1234 1448 s:ecularium
1261 1393 1463 1463 scripta
1491 1393 1558 1446 ad
1597 1393 1871 1447 exteriora
1921 1410 2109 1448 neces-

518 1489 689 1543 saria.
721 1485 875 1545 Sicut
901 1486 1045 1540 enim
1074 1501 1271 1540 aurum
1305 1500 1402 1555 per
1428 1483 1633 1538 ferrum
1652 1486 2004 1554 splendescit,
2030 1484 2109 1540 sic

521 1593 676 1632 sacra
704 1576 985 1647 Scriptura
1019 1591 1114 1644 per
1151 1576 1446 1630 saeculares
1488 1576 1808 1645 disciplinas
1837 1575 2106 1647 fulgescit.

520 1667 781 1723 Traditur
824 1669 987 1722 etiam
1031 1668 1177 1738 quod
1208 1669 1414 1722 reversi
1442 1684 1471 1722 a
1502 1668 1810 1737 captivitate
1848 1670 2109 1739 templum

519 1759 613 1814 Dei
642 1759 1084 1814 retediflcavcrint
1108 1774 1203 1829 per
1224 1760 1512 1829 pecuniam
1543 1775 1707 1829 quam
1742 1762 1882 1830 apud
1936 1761 2111 1835 Baby-

2215 567 2324 637 pita
2354 566 2685 636 assequitur,
2718 573 2770 619 et
2791 580 2886 635 per
2905 564 3098 619 eadem
3129 563 3202 618 ad
3238 563 3355 617 ima
3399 562 3599 618 inferni
3623 565 3805 622 diruer-

2215 661 2378 732 gitur.
2404 658 2575 727 Cujus
2624 673 2753 713 vero
2794 658 2952 728 jccur
2993 657 3187 712 vultur
3235 656 3509 721 vescitur,
3556 664 3608 711 et
3638 658 3800 713 denuo

2215 765 2544 805 revirescere
2596 750 2787 813 fertur,
2836 758 2920 803 est
2954 749 3000 803 is
3052 750 3123 803 de
3161 748 3335 817 cujus
3389 749 3572 804 cordis
3611 751 3803 812 luxuria

2213 841 2481 910 pascitur,
2529 849 2583 894 et
2623 840 2833 909 expleta
2887 841 3382 910 concupiscentia,
3438 840 3631 896 iterum
3684 844 3799 903 fieri:

2213 934 2382 987 libido
2412 933 2737 987 renascitur.
2771 931 2825 985 ln
2842 932 3030 1002 jecore
3055 933 3210 987 enim
3237 942 3328 986 est
3352 934 3799 1004 concupiscentia;

2211 1028 2397 1081 vultur
2447 1042 2575 1082 vero
2625 1036 2773 1080 amat
2822 1036 3178 1081 mortuorum
3236 1026 3536 1080 cadavera.
3596 1027 3669 1083 De
3721 1030 3798 1087 hac

2211 1128 2362 1189 peste
2411 1119 2608 1172 iterum
2666 1119 2854 1173 dicunt
2905 1119 3055 1188 quod
3104 1117 3345 1172 Medusa
3394 1121 3611 1190 egregia
3654 1120 3799 1179 forma

2211 1212 2480 1281 plurimos
2510 1213 2576 1265 ad
2609 1227 2852 1265 amorem
2882 1212 2967 1265 sui
3009 1211 3337 1265 incitaverit
3362 1229 3376 1265 :
3403 1228 3528 1281 qua:
3556 1228 3734 1270 omnes
3756 1233 3799 1271 se

2211 1304 2485 1357 intuentes
2515 1303 2568 1356 in
2601 1318 2732 1357 saxa
2770 1303 3225 1356 commutaverit.
3265 1301 3347 1357 De
3399 1302 3568 1370 hujus
3606 1302 3732 1358 facie
3755 1322 3801 1360 se

2211 1393 2447 1448 Perseus
2482 1395 2801 1465 crystallino
2832 1395 3022 1466 clypeo
3051 1396 3322 1464 protexit,
3361 1410 3599 1464 eamque
3631 1394 3799 1453 falcato

2211 1501 2342 1541 ense
2373 1487 2664 1543 interemit.
2697 1486 2821 1543 Haec
2854 1488 3058 1543 femina
3091 1499 3178 1545 est
3213 1489 3443 1544 luxuria
3475 1505 3601 1559 quae
3629 1506 3685 1545 se
3708 1491 3797 1547 for.

2212 1595 2423 1633 mosam
2460 1581 2613 1649 lingit
2661 1596 2755 1649 per
2784 1581 3072 1636 hominum
3104 1592 3359 1652 pectora.
3404 1580 3515 1635 Sed
3555 1598 3613 1636 se
3651 1584 3797 1654 inspi-

2212 1671 2417 1725 cientes
2447 1670 2499 1724 in
2529 1671 2735 1740 lapides
2762 1682 3086 1740 commutat,
3116 1674 3251 1744 quia
3292 1674 3468 1728 corda
3501 1674 3797 1730 libidinoso-

2214 1778 2335 1817 rum
2367 1778 2463 1832 per
2508 1761 2855 1817 dilectionem
2910 1765 3153 1820 indurat.
3201 1766 3290 1820 Ab
3335 1767 3447 1821 hac
3484 1783 3546 1822 se
3592 1767 3798 1824 Perseus

518 1851 721 1906 Ioniam
746 1850 1125 1920 acquisierint.
1154 1850 1311 1921 Apud
1342 1850 1673 1921 Babylonios
1699 1852 1897 1922 captivi
1922 1863 2112 1909 tenen—
2141 1841 2183 1897 Β
2213 1855 2528 1927 crystallino
2556 1854 2744 1926 clypeo
2768 1857 3021 1928 protegit,
3051 1858 3182 1928 quia
3216 1858 3302 1912 vir
3336 1857 3506 1913 fortis
3546 1861 3796 1929 speculum

519 1952 609 1997 tur
629 1944 745 2014 qui,
779 1959 808 1997 a
837 1943 941 1997 fide
968 1942 1249 1996 Catholica
1299 1943 1600 2008 deviantcs,
1640 1944 1783 2013 apud
1826 1946 2111 2004 hatreticos

516 2037 604 2091 vel
633 2053 663 2091 a
692 2047 880 2093 sancto
902 2037 1182 2108 proposito
1209 2043 1600 2105 apostatantcs,
1634 2037 1776 2107 apud
1823 2038 2111 2094 smculares

518 2129 573 2182 in
602 2128 857 2198 captione
903 2128 1214 2182 daemonum
1244 2125 1532 2181 habentur.
1568 2125 1673 2192 Qui
1712 2127 1757 2181 si
1788 2126 1896 2181 Deo
1927 2129 2110 2198 propi-

518 2221 594 2275 tio
617 2221 684 2277 ad
720 2219 1084 2284 Hierusalem,
1110 2219 1316 2274 scilicet
1345 2219 1411 2274 ad
1440 2227 1669 2273 matrem
1696 2217 1991 2275 Ecclesium
2024 2234 2109 2273 re-

514 2312 654 2368 verti
695 2312 917 2377 fuerint,
942 2319 994 2366 ct
1019 2312 1170 2365 utilia
1196 2327 1318 2382 qua:
1353 2311 1487 2365 foris
1508 2311 1814 2378 didicerint,
1840 2312 1906 2365 ad
1940 2310 2108 2365 rediti-

512 2406 786 2460 cationeui
808 2406 1182 2475 proximorum
1207 2403 1547 2474 protulerint,
1575 2402 1817 2473 profecto
1842 2403 2104 2472 tempium

515 2496 629 2552 Deo
654 2513 719 2551 ex
747 2497 978 2567 pecunia
1021 2504 1367 2563 construunt,
1408 2511 1572 2566 quam
1603 2496 1745 2565 apud
1777 2494 2105 2566 Babylonios

515 2587 715 2642 lucrati
748 2595 893 2643 sunt.
937 2586 993 2641 lu
1022 2588 1136 2658 lege
1166 2601 1382 2658 quoque
1416 2587 1731 2657 prtecipitur
1775 2588 1820 2641 si
1872 2587 2106 2657 populus

513 2679 792 2735 civitatem
844 2679 1140 2743 obsideret,
1191 2691 1246 2734 et
1294 2678 1492 2749 aliquis
1538 2679 1770 2749 puellam
1819 2680 2103 2749 pulchram

514 2770 658 2840 apud
686 2772 871 2825 hostes
912 2771 1270 2841 conspiceret,
1300 2786 1508 2842 ungues
1533 2780 1586 2826 et
1607 2772 1788 2827 crines
1817 2772 1937 2841 ejus
1963 2788 2103 2841 prae-

513 2863 998 2932 scideretzpostea
1042 2878 1265 2918 uxorem
1301 2864 1522 2919 duceret
1553 2863 1732 2930 (Deut.
1778 2866 1916 2933 xxr).
1958 2863 2105 2919 Civi-

514 2964 683 3010 tatem
733 2954 1052 3010 obsidemus
1099 2956 1227 3010 dum
1275 2956 1513 3027 aliquam
1563 2972 1659 3025 per
1708 2956 1959 3010 hmrcsim
2020 2957 2102 3011 vel

511 3061 757 3101 errorem
803 3046 1084 3114 gentilium
1136 3048 1353 3117 scriptis
1404 3048 1487 3102 vel
1528 3048 1896 3118 disputatione
1934 3049 2103 3118 impu-

514 3154 768 3207 gnamus.
811 3137 1049 3192 Pot-llam
1081 3140 1361 3209 pulchram
1406 3140 1551 3209 apud
1584 3156 1680 3195 eos
1709 3140 2100 3210 conspicimus,

513 3244 639 3282 cum
665 3229 904 3298 aliquam
935 3230 1255 3282 sententiam
1284 3230 1419 3284 bene
1451 3231 1520 3283 ab
1545 3230 1624 3284 eis
1656 3230 1922 3300 prolatam
1950 3230 2102 3284 inve-

514 3322 717 3375 nimus.
734 3320 833 3375 Cui
856 3320 1117 3375 debemus
1145 3337 1353 3392 ungues
1376 3332 1428 3376 et
1452 3322 1630 3377 crines
1654 3323 2102 3392 prmscindcre,et

514 3412 595 3467 sic
642 3413 800 3467 nobis
838 3412 1189 3483 conjungere,
1224 3413 1350 3484 quia
1391 3414 1663 3484 superflua
1712 3423 1767 3468 et
1818 3424 2008 3468 contra
2042 3416 2103 3467 li-

514 3506 634 3560 dem
665 3506 839 3576 po-ita
871 3505 1134 3560 debemus
1158 3521 1441 3574 spernere;
1478 3506 1613 3561 bene
1643 3515 1824 3561 autem
1847 3506 2014 3573 dicta,
2049 3515 2103 3560 et

513 3599 636 3651 tidei
686 3608 885 3652 nostra:
934 3599 1160 3652 minime
1196 3599 1467 3653 contraria
1501 3601 1567 3654 ad
1588 3600 2002 3655 instructionem
2034 3600 2101 3655 ti-

515 3688 716 3741 dclium
746 3689 901 3743 l;bris
929 3689 1132 3743 nostris
1165 3689 1424 3745 intexere.

588 3781 845 3835 Scribant
898 3782 1080 3852 itaque
1123 3783 1430 3854 philosophi
1459 3785 1605 3854 quod
1639 3784 1838 3838 mulier
1867 3793 2000 3840 rota:
2026 3784 2104 3840 in-

512 3895 651 3933 nexa
678 3879 883 3951 jugitcr
934 3880 1374 3946 circumferatur,
1426 3880 1584 3950 cujus
1634 3887 1796 3949 caput
1849 3894 1993 3932 nunc
2045 3878 2099 3932 in

508 3973 620 4027 alta
652 3975 916 4045 erigatur,
972 3990 1118 4029 nunc
1158 3975 1211 4027 in
1245 3974 1353 4027 ima
1394 3973 1759 4043 demergatur.
1807 3970 1943 4025 Rota
1988 3972 2103 4025 haec

509 4084 633 4137 qua:
674 4067 909 4121 volvitur
949 4076 1033 4121 est
1068 4067 1236 4136 gloria
1274 4066 1438 4135 hujus
1482 4064 1701 4129 mundi,
1745 4080 1865 4133 qum
1900 4063 2102 4133 jugitcr

510 4156 912 4212 circumfertur.
940 4155 1128 4211 Mulier
1161 4165 1294 4211 rotae
1320 4157 1517 4209 innexa
1541 4164 1645 4219 est,
1677 4152 1892 4207 fortuna
1917 4153 2102 4224 gloriae

510 4249 736 4304 intexta.
768 4247 941 4318 llujus
984 4258 1149 4319 caput
1181 4247 1477 4318 aliquando
1530 4261 1771 4312 sursum,
1804 4242 2100 4314 aliquando

509 4339 684 4393 fertur
720 4342 1000 4407 deorsum,
1031 4342 1156 4410 quia
1196 4339 1440 4409 plerique
1467 4337 1744 4392 multotics
1778 4337 2017 4406 potentia
2047 4346 2101 4391 et

511 4432 716 4488 divitiis
744 4433 1052 4486 exaltantur
1080 4449 1093 4484 :
1127 4446 1267 4499 smpe
1304 4431 1467 4484 etiam
1514 4438 1750 4499 egestate
1779 4438 1830 4482 et
1859 4429 2095 4484 miseriis

2213 1948 2476 2002 virtutum
2528 1948 2815 2003 intendens
2845 1950 2913 2003 ab
2945 1950 3111 2019 hujus
3140 1951 3345 2005 intuitu
3396 1952 3611 2007 vultzim
3640 1953 3805 2007 cordis

2213 2042 2424 2095 avertit.
2471 2040 2695 2096 Falcato
2741 2057 2872 2096 ense
2925 2057 3046 2096 eam
3104 2043 3400 2108 interimit,
3456 2044 3589 2114 quia
3630 2045 3800 2101 timore

2211 2133 2399 2187 mterni
2424 2133 2565 2203 ignis
2606 2149 2726 2189 eam
2773 2151 2803 2188 a
2853 2149 2911 2189 se
2944 2134 3199 2189 abscidit.
3253 2131 3417 2190 Unde
3442 2136 3649 2206 legitur
3676 2138 3800 2206 quod

2212 2225 2431 2295 quidam
2458 2224 2682 2280 Patrum
2706 2224 2992 2295 parvulum
3016 2226 3186 2280 filium
3220 2227 3275 2280 in
3313 2242 3517 2281 eremo
3548 2228 3797 2289 nutrierit.

2210 2327 2370 2382 quem
2396 2314 2643 2369 adultum
2674 2316 2888 2370 luxuria
2929 2316 3250 2371 titillaverit.
3284 2315 3458 2371 Pater
3485 2326 3672 2372 autem
3694 2319 3802 2387 jus-

2212 2406 2281 2460 sit
2310 2422 2430 2460 eum
2464 2405 2531 2478 in]
2560 2423 2805 2462 ercmum
2846 2408 3099 2462 secedere
3127 2417 3182 2463 et
3220 2409 3406 2462 solum
3436 2409 3673 2478 jejuniis
3697 2425 3804 2463 ora-

2210 2497 2448 2551 tionibus
2484 2514 2551 2551 XL
2575 2498 2768 2553 diebus
2790 2514 3005 2553 vacare.
3059 2498 3302 2569 Expletis
3331 2514 3475 2553 vero
3514 2516 3586 2555 xx
3630 2502 3802 2555 diebus

2207 2590 2343 2643 vidit
2359 2597 2552 2644 tetram
2574 2598 2625 2645 et
2651 2591 2818 2646 nimis
2835 2589 3076 2646 faetidam
3100 2592 3391 2647 mulierem
3424 2594 3636 2647 nudam
3659 2609 3803 2663 super

2208 2697 2267 2736 se
2295 2682 2522 2748 irruere,
2555 2683 2715 2752 cujus
2750 2682 2977 2737 fetorem
3029 2683 3171 2737 ferre
3220 2700 3332 2737 non
3369 2685 3571 2739 valens
3596 2686 3751 2755 erepit
3774 2701 3803 2739 a

2208 2787 2265 2828 sc
2288 2773 2652 2842 repellere.At
2676 2773 2766 2828 illa
2789 2793 2802 2829 :
2825 2793 2843 2826 ι
2875 2774 3008 2840 Cur,
3028 2774 3228 2845 inquit,
3244 2790 3335 2829 me
3371 2776 3598 2830 interim
3624 2778 3804 2830 exhor-

2205 2867 2395 2931 rescis,
2425 2867 2583 2936 cujus
2614 2882 2803 2922 amore
2861 2876 3071 2921 tantum
3104 2868 3413 2923 inardescis
3439 2869 3464 2921 ?
3510 2868 3619 2939 Ego
3659 2869 3803 2923 enim

2206 2973 2326 3012 sum
2357 2959 2591 3014 luxuriae
2620 2959 2821 3029 imago,
2854 2975 2977 3028 qua:
3013 2960 3190 3014 dulcis
3224 2960 3277 3012 in
3308 2961 3601 3016 hominum
3625 2962 3806 3015 cordi-

2210 3052 2315 3107 bus
2344 3068 2599 3123 appareo.
2652 3051 2718 3106 Et
2749 3053 2854 3107 nisi
2903 3054 3038 3122 patri
3088 3062 3182 3107 tuo
3237 3053 3543 3119 obedisses,
3578 3055 3724 3109 sicut
3757 3063 3810 3108 et

2207 3146 2335 3211 alii,
2362 3162 2391 3200 a
2449 3162 2535 3201 me
2577 3154 2884 3215 prostratus
2932 3161 3103 3201 esses.
3142 3165 3161 3196 ι
3189 3144 3286 3200 ille
3314 3162 3440 3217 ergo
3467 3156 3654 3217 grates
3701 3146 3809 3200 Deo

2204 3237 2408 3302 retulit,
2447 3238 2538 3308 qui
2567 3253 2691 3292 eum
2720 3254 2749 3291 a
2768 3237 2960 3307 spiritu
2991 3236 3371 3293 fornicationis
3385 3238 3614 3307 eripuit.
3636 3238 3809 3294 Multa

2204 3329 2306 3383 alia
2342 3329 2590 3399 exempla
2623 3329 2898 3383 deducunt
2924 3344 3025 3384 nos
3052 3329 3118 3383 ad
3148 3330 3270 3384 vita:
3294 3330 3519 3385 itinera.

2272 3412 2492 3485 Legitur
2539 3415 2685 3485 quod
2747 3415 2970 3484 quidam
3019 3413 3247 3471 Patrum
3307 3432 3615 3488 egressus,
3677 3419 3808 3473 vidit

2202 3506 2491 3574 quemdam
2525 3505 2836 3575 Aélthiopem
2866 3507 2919 3561 in
2959 3506 3093 3562 silva
3130 3507 3274 3579 ligna
3307 3508 3715 3582 succidentem,
3746 3526 3809 3565 ac

2202 3598 2366 3669 ligata
2393 3599 2573 3655 levare
2595 3607 2914 3654 tcntantem.
2933 3599 3067 3665 Qum
3087 3598 3218 3654 dum
3246 3601 3577 3657 viderentur
3602 3604 3805 3674 gravia,

2201 3689 2506 3745 dissolvens
2523 3690 2675 3744 auxit
2694 3703 2881 3743 onera.
2903 3688 3110 3744 Etcum
3131 3698 3259 3743 tunc
3278 3690 3464 3761 magis
3483 3700 3665 3745 essent
3680 3707 3809 3745 one-

2202 3794 2349 3846 rosa,
2382 3778 2589 3834 addens
2619 3779 2747 3834 fecit
2775 3795 2836 3835 ea
2867 3779 3258 3849 importahilia.
3293 3778 3436 3845 Qua:
3460 3781 3594 3835 dum
3623 3782 3807 3836 tollere

2200 3873 2414 3940 nititur,
2446 3889 2475 3927 a
2523 3873 2762 3943 pondere
2791 3873 3137 3943 opprimitur.
3191 3872 3286 3927 llle
3318 3884 3510 3928 autem
3560 3889 3811 3945 progres-

2202 3981 2298 4021 sus
2333 3966 2464 4020 vidit
2495 3966 2587 4020 ubi
2619 3965 2844 4031 quidam
2890 3980 3089 4035 aquam
3122 3965 3176 4019 in
3209 3980 3312 4020 vas
3342 3965 3656 4021 fundebat:
3690 3981 3810 4036 qua

2202 4056 2380 4111 infusa
2409 4057 2605 4112 subtus
2634 4055 2906 4122 efﬂuebat,
2940 4057 3070 4127 quia
3101 4071 3198 4111 vas
3228 4054 3471 4110 fundum
3498 4073 3607 4110 nan
3644 4058 3812 4111 liabe-

2200 4149 2312 4204 bat.
2345 4148 2585 4204 Alterius
2629 4150 3014 4219 progreditur,
3068 4157 3123 4205 et
3165 4165 3296 4203 ecce
3326 4150 3447 4203 duo
3498 4150 3601 4204 viii
3640 4158 3809 4220 porta:

2199 4241 2433 4296 civitatis
2469 4243 3013 4313 appropinquabant,
3046 4243 3139 4313 qui
3178 4242 3395 4313 lignum
3430 4253 3807 4299 transversam

2200 4342 2326 4388 ante
2354 4352 2411 4389 se
2440 4334 2706 4400 ferebant,
2731 4343 2784 4389 et
2804 4344 2999 4390 neuter
3025 4336 3181 4390 alteri
3202 4337 3402 4391 volens
3427 4339 3625 4392 cedere
3644 4336 3808 4390 ambo

2201 4427 2347 4483 foras
2364 4430 2734 4484 remanebant.
2765 4427 3020 4497 {Ethiups
3046 4430 3139 4500 qui
3168 4440 3335 4498 auget
3360 4447 3511 4485 onus
3532 4432 3808 4496 lignorum

510 4523 889 4576 humiliantur.
925 4522 1122 4576 Dicunt
1148 4521 1312 4574 etiam
1346 4518 1492 4590 quod
1522 4519 1743 4589 quidam
1778 4519 1922 4587 apud
1957 4519 2095 4573 infe-
2132 4550 2172 4605 ι)
2197 4530 2279 4575 est
2315 4522 2360 4575 is
2408 4521 2501 4590 qui
2535 4535 2750 4589 semper
2780 4520 3024 4574 cumulat
3072 4522 3292 4590 pondus
3321 4530 3705 4591 peccatorum.
3744 4519 3810 4573 Et

511 4630 602 4670 ros
624 4614 916 4669 damnatus
939 4630 1036 4684 per
1060 4612 1244 4667 radios
1276 4618 1406 4666 rotze
1445 4611 1515 4665 sit
1561 4610 1921 4677 divaricatus;
1974 4627 2097 4680 qua:

506 4714 630 4760 rota
655 4705 775 4761 sine
809 4703 1215 4760 intermissione
1245 4703 1315 4757 ab
1341 4703 1452 4757 alto
1495 4702 1695 4757 montis
1718 4702 1771 4756 in
1801 4702 1909 4756 ima
1940 4703 2100 4757 vallis

511 4798 739 4864 feratur,
762 4806 815 4851 et
837 4798 1032 4852 iterum
1057 4796 1164 4851 alta
1196 4805 1444 4866 repetens
1464 4795 1644 4849 denuo
1675 4794 1971 4848 relabatur.
1995 4793 2099 4848 Fe-

2203 4627 2326 4667 cum
2356 4613 2444 4666 vix
2475 4612 2745 4667 suﬂiceret
2775 4622 2991 4683 tempus
3016 4613 3085 4666 ad
3115 4615 3469 4669 emendanda
3507 4623 3812 4677 transacta,

2201 4719 2416 4774 semper
2447 4702 2630 4758 infelix
2660 4719 2771 4758 non
2817 4710 2999 4758 cessat
3028 4703 3228 4758 addere
3255 4706 3598 4769 recentiora,
3630 4719 3814 4773 usque

2200 4796 2330 4849 dum
2360 4793 2796 4863 desperationem
2829 4793 3076 4848 incidens
3121 4794 3514 4864 pmnitentiam
3549 4810 3656 4848 non
3686 4808 3816 4847 me-

2201 4895 2370 4953 retur,
2413 4887 2507 4941 sed
2538 4887 2679 4941 mole
2723 4886 3016 4941 criminum
3070 4886 3123 4940 in
3159 4897 3405 4941 mortem
3455 4886 3821 4956 deprimitur.’

2200 4977 2292 5033 llle
2313 4987 2495 5033 autem
2524 4978 2619 5048 qui
2670 4994 2869 5048 aquam
2910 4978 3027 5032 vasi
3079 4977 3251 5032 fundo
3282 4981 3501 5034 carenti
3537 4979 3822 5042 immittit,

2199 5082 2279 5127 est
2309 5072 2355 5126 is
2376 5072 2471 5141 qui
2500 5072 2874 5142 eleemosynas
2904 5071 2987 5124 vel
3014 5072 3121 5125 alia
3153 5071 3341 5140 aliqua
3376 5072 3525 5127 bona
3547 5072 3820 5127 commit-

2200 5164 2283 5225 tit,
2312 5162 2403 5217 scd
2436 5177 2500 5216 ea
2548 5177 2644 5230 per
2674 5161 3079 5216 immunditiam
3108 5164 3193 5216 vel
3239 5163 3352 5215 alia
3403 5164 3537 5217 vitia
3578 5163 3822 5219 amittit.

2198 5252 2356 5309 Unde
2411 5253 2673 5322 scriptum
2725 5260 2849 5308 est:
2907 5272 2926 5303 ε
2978 5250 3351 5323 Congrcgavit
3386 5255 3718 5323 pecuniam,
3771 5264 3829 5307 et

2199 5346 2350 5401 misit
2376 5361 2496 5401 eam
2520 5346 2573 5399 in
2606 5360 2825 5401 saccum
2849 5352 3130 5415 pertusum
3155 5346 3315 5415 (Agg.
3346 5348 3411 5414 ι).
3447 5364 3468 5396 ι
3502 5345 3824 5401 Pecuniam

2199 5440 2254 5493 in
2287 5438 2565 5493 sacculum
2608 5445 2890 5507 pertusum
2934 5446 3229 5506 congregat
3259 5440 3355 5507 qui
3398 5438 3548 5492 bona
3576 5438 3829 5508 quidem

2198 5534 2504 5597 perpetrat,
2535 5526 2629 5581 sed
2672 5540 2736 5580 ea
2765 5525 2948 5597 pravis
2996 5525 3259 5595 operibus
3309 5527 3664 5598 coinquinat.
3709 5527 3829 5595 Qui

2197 5636 2328 5676 vero
2353 5621 2497 5691 ligna
2527 5618 2771 5675 ferebant
2797 5627 3191 5683 transversum,
3229 5628 3367 5674 sunt
3398 5620 3457 5674 bi
3487 5621 3588 5692 qui
3618 5620 3834 5676 ferunt

2198 5727 2364 5783 grave
2387 5712 2580 5782 jugum
2612 5709 2898 5780 superbiae.
2928 5708 3031 5775 Qui
3057 5710 3190 5764 dum
3220 5709 3566 5767 alterutrum
3610 5712 3832 5767 cedere

2200 5804 2411 5870 nolunt,
2441 5811 2651 5873 portam
2695 5801 3194 5859 cwlcstiscivitatis
3227 5802 3450 5871 ingredi
3495 5818 3613 5879 non
3648 5816 3836 5876 potae

513 4899 637 4943 runt
661 4889 825 4944 etiam
858 4889 1005 4961 quod
1036 4888 1258 4959 quidam
1295 4886 1366 4941 ibi
1392 4902 1586 4942 saxum
1614 4887 1666 4940 in
1702 4886 1872 4940 altum
1898 4886 2100 4941 montis

510 4981 743 5046 evolvat,
784 4997 848 5036 ac
875 4982 1089 5051 pondus
1116 4980 1234 5035 saxi
1265 4978 1575 5033 volventem
1614 4977 1681 5031 de
1706 4978 1910 5032 vertice
1936 4992 2097 5031 mon-

511 5074 582 5128 tis
630 5072 961 5143 prmcipitem
1009 5071 1190 5144 pellat,
1242 5086 1573 5141 rursumque
1614 5070 1779 5125 miser
1817 5085 2010 5125 saxum
2043 5070 2095 5125 iu

508 5163 683 5218 altum
711 5165 971 5219 revolvat.
1019 5162 1263 5219 Tradunt
1291 5163 1485 5218 iterum
1517 5162 1665 5232 quod
1693 5162 1976 5231 cujusdam
2015 5164 2099 5233 je-

510 5271 611 5312 cur
638 5257 711 5312 ibi
737 5256 921 5312 vultur
948 5256 1194 5321 excedat,
1245 5256 1390 5327 quod
1416 5256 1530 5325 jam
1582 5264 1965 5325 consumptum
2000 5256 2131 5310 itc-'

509 5364 631 5405 rum
660 5350 1027 5406 rccrudcscat.
1058 5347 1184 5403 llazc
1209 5348 1335 5417 quia
1361 5347 1580 5417 sapiens
1608 5347 1747 5400 ratio
1770 5346 2095 5417 composuit,

507 5441 669 5499 debet
691 5445 832 5500 scire
860 5451 1040 5497 vestra
1072 5439 1288 5495 dilectio
1311 5439 1441 5509 quid
1467 5438 1655 5493 velint.
1680 5436 1731 5491 ls
1756 5437 1847 5507 qui
1880 5440 1935 5493 in
1965 5448 2099 5494 rota:

509 5536 772 5605 vertigine
804 5535 871 5590 de
903 5540 1088 5588 monte
1124 5531 1178 5585 in
1212 5532 1318 5586 ima
1353 5529 1746 5601 praecipitatur,
1778 5540 1862 5585 est
1887 5531 1975 5584 ille
2003 5531 2098 5601 qui

507 5629 575 5684 de
596 5628 882 5683 altitudine
904 5625 1193 5696 potestatis
1224 5625 1306 5679 vel
1336 5623 1652 5679 divitiarum
1682 5622 1735 5675 in
1765 5622 2096 5691 profundum

504 5719 714 5773 baratri
763 5733 1001 5790 praeceps
1022 5724 1253 5770 rotatur.
1289 5713 1394 5780 Qui
1427 5720 1613 5766 autem
1644 5727 1835 5766 saxum
1862 5715 1915 5767 in
1940 5726 2098 5769 mon-

510 5815 617 5861 tem
647 5808 867 5873 evolvit,
903 5803 1048 5875 quod
1087 5806 1265 5875 ipsum
1298 5816 1427 5856 mox
1454 5798 1711 5863 revolvit,
1765 5810 1849 5855 est
1905 5803 1951 5857 is
2001 5803 2094 5872 qui

3709 5914 3948 6480 Α
