3948 6448
191 408 313 469 1103

1074 410 1651 468 DEFLOHATIONES
1688 410 1790 467 SS.
1829 410 2143 467 PATRUM.
2186 445 2255 454 —
2294 412 2421 468 LIB.
2463 411 2525 467 il.

3311 414 3451 473 “08

191 536 319 585 runt.
363 523 471 592 Qui
518 535 705 582 autem
758 543 926 583 suave
960 528 1151 600 jugum
1194 528 1409 583 Domini
1454 527 1759 584 cervicibus
1791 535 1832 591 Α
1862 530 2033 599 poris,
2094 529 2475 600 gastrlmargia
2508 536 2561 583 et
2600 527 2835 583 luxuria.
2871 525 2997 584 Haec
3034 530 3217 584 omnia
3253 547 3453 600 praeei-

187 622 291 679 suis
319 619 633 688 imponunt,
661 629 716 674 et
757 619 873 675 leve
911 635 1053 677 onus
1085 622 1299 689 tollunt,
1344 622 1396 676 hi
1423 630 1635 692 portam
1670 637 1764 676 su-

188 728 353 786 perna:
394 710 549 767 urbis
600 712 903 768 intrabunt.
952 714 1032 769 Ad
1084 715 1244 779 hanc,
1277 714 1613 778 charissimi,
1649 722 1764 769 toto

186 804 336 860 Corde
371 802 740 872 snspiremus,
785 803 917 858 totis
968 806 1175 861 viribus
1221 821 1596 876 properemus,
1628 821 1765 875 qua-

186 903 335 949 tenus
365 901 593 963 puteum
637 910 744 949 non
777 895 1068 950 habentem
1101 898 1419 964 evadamus,
1451 907 1503 952 et
1527 898 1762 952 hostiam

180 986 352 1043 laudis
378 987 611 1041 Domino
638 988 692 1041 in
717 988 872 1043 atriis
893 987 1229 1044 Hierusalem
1252 990 1562 1044 sacriﬁcare
1582 991 1763 1046 valca-

179 1096 317 1136 tnus.
351 1078 454 1134 Ubi
485 1081 679 1135 oculus
709 1096 818 1134 non
846 1081 978 1135 vidit
1010 1080 1063 1153 (Ι
1091 1082 1215 1136 Cor.
1252 1084 1334 1154 tt).

319 1180 395 1234 De
422 1181 590 1234 verbis
618 1179 792 1234 David
809 1196 828 1233 :
867 1198 885 1231 ι
922 1180 1267 1234 Ascensiones
1298 1181 1353 1234 in
1382 1182 1555 1237 corde.
1597 1199 1615 1234 ι

253 1290 272 1320 ι
306 1270 671 1325 Ascensiones
703 1271 756 1323 in
791 1270 956 1324 corde
984 1286 1086 1325 suo
1116 1270 1409 1341 disposuit,
1439 1280 1543 1327 etc.
1582 1270 1756 1339 (Psaf.

173 1361 432 1428 Lxxxnt.)
471 1377 490 1411 ι
532 1358 708 1414 Homo
765 1368 878 1415 tres
923 1361 1307 1416 descensorios
1338 1362 1541 1433 gradus
1584 1364 1761 1418 ruime

172 1456 425 1511 incurrit.
442 1455 659 1511 Primus
683 1465 767 1511 est
788 1458 1023 1527 propriae
1053 1459 1350 1514 voluntatis
1374 1459 1759 1530 praesumptio;

176 1549 471 1613 secundus,
500 1549 809 1603 carnalium
856 1549 1233 1604 illecebrarum
1280 1551 1504 1618 abusio;
1548 1552 1761 1618 tertius,

175 1639 343 1694 fallax
396 1640 779 1709 temporalium
826 1640 1115 1696 aﬁ'ectatio.
1157 1642 1357 1698 Eadem
1403 1643 1489 1698 via
1521 1659 1629 1713 qua
1668 1644 1766 1699 de-

175 1731 412 1798 scendit,
443 1732 738 1787 ascendere
778 1732 937 1788 debet
983 1734 1282 1803 reciprocis
1325 1735 1637 1803 gressibus;
1666 1734 1763 1790 sed

169 1838 450 1879 concurso
476 1823 689 1889 ordine,
722 1832 782 1878 ut
824 1824 1037 1889 primus
1069 1825 1270 1895 gradus
1316 1826 1387 1880 sit
1424 1824 1762 1882 ascensionis

1867 621 2091 690 piuntur
2135 621 2454 676 mortiﬁcari
2492 620 2799 676 Volentibus
2838 621 3044 677 intrare
3080 632 3133 679 et
3168 624 3455 692 pervenire

1865 712 1931 766 ad
1959 722 2159 767 terram
2212 714 2693 783 repromissionis;
2742 729 2841 769 nec
2889 714 3111 769 intrabit
3156 715 3282 785 quis
3341 716 3449 771 nisi

1865 813 2109 859 transeat
2152 802 2372 859 Jericho
2407 820 2503 875 per
2544 805 2723 859 locum
2773 805 2875 860 sibi
2922 807 3235 876 oppositum
3271 810 3452 877 ingre-

1864 894 2040 958 diens,
2068 895 2195 965 quia
2227 896 2503 950 destructa
2535 895 2790 966 superbia
2822 896 3118 951 humilitati
3157 900 3215 951 lit
3240 898 3453 968 ingres-

1864 1002 1980 1042 sus.
2020 986 2238 1043 Invidiae
2272 990 2534 1054 charitas,
2574 989 2673 1043 ira:
2715 989 2996 1059 patientia,
3030 990 3260 1046 luxuriae
3284 992 3452 1047 casti-

1863 1085 1969 1140 tas,
2001 1078 2242 1133 avaritiae
2275 1079 2523 1150 largitas,
2556 1080 2953 1151 gastrimargize
2994 1080 3324 1137 abstinentia
3354 1097 3453 1151 op-

1863 1169 2039 1238 posita
2067 1179 2169 1225 est.
2214 1169 2339 1225 Hrec
2367 1186 2496 1241 ergo
2523 1172 2611 1225 via
2648 1180 2751 1238 est,
2792 1187 2899 1241 qua
2946 1172 3013 1226 ad
3044 1173 3319 1227 eodestem
3353 1189 3453 1243 pa-

1865 1264 2024 1317 triam
2069 1264 2370 1319 tendimus.
2428 1262 2703 1318 Viaticum
2753 1272 2838 1318 est
2880 1279 3082 1334 corpus
3126 1273 3180 1318 et
3223 1267 3451 1336 sanguis

1863 1354 2104 1409 Domini.
2153 1354 2273 1421 Quo
2303 1355 2398 1425 qui
2427 1364 2596 1420 caret,
2650 1356 2716 1409 ad
2747 1355 3083 1410 destinatum
3127 1354 3307 1411 locum
3340 1371 3451 1410 non

1862 1445 2128 1515 pervenit,
2154 1453 2251 1498 aut
2281 1445 2456 1514 magis
2487 1446 2613 1499 inde
2639 1446 2889 1500 discedit.

1937 1536 2042 1593 Sed
2076 1538 2208 1607 quia
2253 1538 2478 1608 quidam
2519 1538 2836 1593 mendicant
2865 1538 3069 1609 quibus
3114 1555 3222 1593 non
3269 1540 3451 1602 datur,

1862 1628 1940 1682 ait
1970 1627 2272 1683 Salomon:
2317 1647 2335 1681 ‹
2378 1627 2609 1699 Propter
2650 1627 2825 1699 frigus
2868 1630 3020 1700 piger
3047 1644 3205 1685 arare
3242 1630 3450 1697 noluit;

1861 1720 2199 1776 mendicabit
2241 1735 2374 1793 ergo
2423 1730 2635 1788 aestate,
2687 1730 2739 1776 et
2781 1738 2890 1777 non
2921 1722 3142 1777 dabitur
3184 1724 3233 1778 ei
3265 1723 3449 1793 (Prov.

1863 1813 1980 1880 xx).
2010 1812 2204 1878 ertod
2229 1821 2315 1867 est
2340 1812 2523 1867 dicere
2560 1812 2822 1883 :Proptcr
2844 1814 2948 1869 hec
2970 1815 3231 1870 saeculum
3262 1831 3453 1886 repro-

168 1915 537 1970 szecularibus
566 1915 974 1982 abrenuntiare;
1001 1915 1294 1984 secundus,
1317 1932 1540 1972 carnem
1569 1915 1761 1970 morti-

1871 1903 1965 1957 bus
1990 1905 2222 1975 quisque
2247 1904 2406 1959 bonis
2428 1904 2639 1960 actibus
2662 1906 2903 1961 exerceri
2930 1907 3135 1975 noluit;
3171 1908 3453 1963 mendica-

168 2009 375 2074 tlcare;
428 2007 640 2072 tertius,
685 2008 959 2076 propriam
992 2009 1327 2063 voluntatem
1354 2008 1608 2078 abjicere.
1643 2006 1763 2063 lstte

170 2106 301 2151 sunt
328 2105 441 2151 tres
472 2097 890 2166 ditetze,quibus
913 2099 980 2152 ad
1010 2098 1293 2154 Christum
1326 2098 1762 2155 redimus.Unde

171 2187 429 2260 iloyses:
480 2208 498 2240 ι
548 2187 718 2256 Viam,
765 2188 962 2259 inquit,
1002 2192 1163 2245 trium
1206 2190 1418 2245 dierum
1462 2190 1662 2246 ibimus
1707 2192 1761 2246 in

170 2281 476 2349 desertum,
510 2290 567 2336 ut
590 2281 968 2338 sacriﬁcemus
989 2281 1225 2337 Domino
1247 2282 1445 2353 (Exod.
1482 2282 1619 2355 ιιι).›
1657 2281 1763 2338 Sed

170 2375 692 2429 abrenuntiantibus
727 2374 947 2439 sarculo,
979 2384 1033 2429 et
1066 2375 1135 2430 ad
1170 2374 1447 2430 Christum
1487 2375 1764 2430 redeunti-

170 2467 299 2529 bus,
326 2465 601 2523 confessio
631 2482 764 2536 pura
793 2475 846 2522 et
875 2466 1048 2522 ﬁdelis
1077 2467 1283 2538 agenda
1312 2475 1416 2521 est.
1451 2464 1601 2522 Unde
1624 2465 1765 2537 Apo-

156 2561 354 2615 stolus
380 2579 394 2614 :
431 2578 448 2610 ι
487 2559 688 2614 Fidelis
716 2575 900 2614 sermo
929 2568 981 2614 et
1019 2560 1169 2615 omni
1200 2560 1516 2630 acceptione
1542 2559 1761 2630 dignus,

172 2651 306 2720 quia
336 2650 594 2706 Christus
613 2649 775 2706 Jesus
797 2652 943 2706 venit
975 2653 1030 2705 in
1073 2652 1219 2707 hunc
1262 2652 1528 2707 mundum
1568 2668 1763 2722 pecca-

172 2752 324 2799 tores
354 2744 536 2799 salvos
563 2742 740 2798 facere
767 2743 856 2815 (Il
886 2743 1023 2800 Tim.
1049 2747 1109 2814 ι).
1145 2764 1163 2797 ι
1193 2744 1453 2801 Peccator
1471 2746 1611 2802 alius
1637 2761 1765 2802 vero

171 2834 341 2889 corde
396 2835 540 2889 fideli
589 2851 840 2891 sermone
886 2846 1109 2906 peccata
1160 2838 1468 2893 conﬁtetur.
1523 2837 1599 2893 De
1655 2853 1765 2909 quo

170 2928 419 2982 dicitur:
463 2946 481 2980 ι
520 2927 669 2983 Beati
713 2944 948 2999 quorum
991 2931 1232 2986 remissa;
1281 2939 1408 2985 sunt
1452 2930 1766 3000 iniquitates

171 3018 354 3090 (Psal.
387 3020 561 3091 xxxi).
597 3041 617 3074 ι
651 3021 756 3075 Alii
788 3031 915 3076 sunt
939 3022 1033 3092 qui
1059 3037 1118 3078 se
1148 3032 1433 3079 excusant.
1462 3022 1539 3078 De
1564 3023 1765 3094 quibus

174 3112 452 3171 Dominus
479 3130 576 3184 per
603 3114 923 3185 prophetam
952 3135 965 3169 ε
999 3133 1019 3166 ι
1049 3114 1191 3182 Plui,
1216 3116 1412 3186 inquit,
1448 3132 1610 3187 super
1632 3117 1768 3173 civi-

170 3214 347 3260 tatem
380 3220 574 3259 unam:
599 3214 651 3260 et
673 3220 837 3276 super
864 3205 1090 3261 alteram
1119 3221 1227 3260 non
1251 3206 1360 3276 plui
1394 3205 1595 3276 (Amos.
1630 3205 1759 3275 ιν).›

170 3295 293 3352 Hoc
321 3306 408 3353 est
427 3298 677 3353 devotam
701 3298 940 3353 animam
964 3314 1059 3369 per
1084 3299 1311 3353 verbum
1335 3298 1599 3354 doctrina:
1620 3315 1767 3354 com-

168 3400 439 3459 punctam
470 3391 714 3462 irrigavi,
761 3392 956 3447 duram
983 3401 1037 3447 et
1079 3394 1409 3449 obstinatam
1451 3395 1506 3448 in
1544 3404 1765 3465 peccato

165 3482 394 3552 reliqui.
428 3483 533 3536 Alii
563 3492 771 3553 partem
808 3484 875 3539 de
903 3486 1141 3554 peccatis
1173 3485 1289 3542 suis
1318 3486 1668 3551 conlitentur,
1697 3485 1766 3540 de

167 3574 385 3643 quibus
420 3590 547 3646 pars
579 3591 744 3646 quam
774 3577 1103 3631 conﬁtentur
1150 3578 1426 3647 compluta
1456 3585 1540 3632 est
1587 3577 1765 3632 verbis

165 3669 445 3726 doctrina:
466 3672 548 3726 vel
576 3672 959 3740 confessionis,
986 3685 1038 3729 et
1063 3690 1190 3744 pars
1222 3675 1553 3745 incompluta
1582 3690 1766 3730 rema-

136 3802 139 3803 ν
165 3771 290 3816 net.
328 3761 595 3832 Prtecepit
624 3762 768 3819 Deus
797 3764 923 3820 ﬁliis
952 3764 1139 3832 Israel,
1168 3775 1230 3820 ut
1258 3767 1625 3837 ingredientes
1653 3777 1765 3820 ter-

164 3866 297 3907 rain
368 3853 855 3922 repromissionis,
915 3856 1101 3911 hostes
1157 3872 1349 3911 omnes
1403 3855 1767 3911 interﬁcerent

162 3942 375 4015 (Iosue
403 3944 576 4016 xxvi).
611 3964 631 3997 ι
664 3945 721 4000 Si
752 3947 845 4017 qui
876 3949 1262 4015 remanserint,
1296 3948 1571 4019 inquiens,
1607 3955 1768 4002 etant

164 4037 341 4090 vobis
373 4037 532 4105 quasi
556 4037 695 4092 clavi
725 4037 781 4092 in
810 4039 1007 4107 oculis,
1043 4050 1098 4095 et
1123 4041 1283 4111 quasi
1314 4041 1515 4095 lanceae
1547 4041 1600 4094 in
1631 4041 1766 4094 late-

160 4130 340 4185 ribus
367 4133 449 4185 vel
479 4131 533 4185 in
559 4132 725 4188 costis
748 4131 939 4204 (Nam.
968 4134 1217 4205 xxxnr)»
1242 4133 1345 4189 Per
1365 4133 1767 4190 confessionem

160 4221 333 4276 enim
368 4224 434 4276 de
465 4221 720 4295 Egypto,
753 4225 805 4280 id
834 4234 917 4281 est
945 4226 1012 4282 de
1033 4228 1235 4283 mundo
1265 4228 1623 4298 egredientes,
1654 4234 1768 4280 ter-

160 4326 301 4367 tam
359 4315 796 4383 repromissionis
841 4316 1211 4387 ingredimini,
1266 4317 1320 4371 id
1359 4327 1445 4373 est
1490 4318 1768 4373 etelestem

160 4406 463 4477 patriam;
496 4406 542 4461 si
590 4407 713 4461 vitia
746 4423 921 4477 usque
965 4409 1035 4464 ad
1076 4424 1246 4463 unum
1293 4408 1615 4474 occidimus,
1650 4421 1772 4477 quae

160 4499 582 4569 superfuerint,
627 4510 787 4555 erunt
834 4502 994 4556 nobis
1036 4501 1195 4571 quasi
1238 4501 1378 4557 clavi
1404 4501 1457 4556 in
1490 4500 1687 4559 oculis.
1719 4507 1773 4553 et

1864 1994 1945 2050 bit
1967 2011 2098 2067 ergo
2128 1997 2182 2051 in
2207 1996 2412 2051 ultima:
2440 1996 2547 2051 dici
2581 1997 2829 2052 claritate
2857 1999 3050 2069 stipem
3079 2001 3270 2057 salutis
3292 2009 3451 2056 teter-

1863 2105 1967 2155 nte,
2000 2100 2055 2143 et
2084 2106 2190 2145 non
2215 2090 2433 2146 dabitur
2457 2090 2529 2145 ei.
2563 2089 2748 2145 Hiems
2770 2092 2913 2145 enim
2938 2108 3174 2161 praesens
3191 2093 3452 2150 saeculum

1866 2182 2204 2251 intelligitur,
2240 2182 2354 2248 ubi,
2402 2183 2528 2253 quia
2564 2183 2805 2238 abundat
2847 2183 3124 2254 iniquitas,
3153 2184 3455 2255 refrigescit

1862 2274 2106 2329 charitas
2146 2273 2365 2341 (Manli.
2418 2276 2603 2346 xxiv);
2650 2289 2815 2331 testas
2859 2287 3039 2331 autem
3076 2279 3194 2332 dies
3238 2277 3451 2349 judieii,

1865 2365 1959 2420 ubi
1991 2366 2178 2421 electis
2206 2366 2365 2437 quasi
2394 2367 2556 2422 bonis
2596 2369 2863 2438 operariis
2891 2369 2959 2424 de
2993 2370 3322 2441 agricultura
3354 2386 3454 2426 sua

1865 2459 2062 2513 mess’s
2084 2466 2356 2528 perpetuae
2385 2457 2577 2514 salutis
2608 2458 2872 2514 redditur.

2455 2548 2537 2604 De
2558 2550 2851 2620 jactantia.

1937 2646 2070 2702 Tam
2105 2648 2159 2702 in
2199 2648 2359 2705 dictis
2386 2663 2551 2720 quam
2586 2649 2640 2703 in
2674 2649 2832 2705 factis
2858 2658 2944 2705 est
2980 2650 3217 2705 cavenda
3242 2650 3455 2722 jactan-

1868 2738 1985 2793 tia:
2023 2738 2198 2794 ﬂenda
2246 2750 2329 2796 cst
2378 2750 2559 2796 tamen
2610 2741 2767 2796 ruina
2800 2742 2937 2797 velle
2982 2742 3083 2796 sibi
3122 2758 3455 2815 quemquam

1866 2832 2043 2902 magis
2073 2847 2239 2903 quam
2276 2832 2387 2889 Deo
2422 2835 2658 2904 placere,
2688 2844 2741 2889 et
2772 2835 2989 2890 laudem
3024 2835 3093 2890 ab
3137 2836 3456 2892 hominibus

1866 2938 2206 2995 comparare.
2257 2923 2445 2983 Vanus
2489 2939 2545 2983 et
2598 2927 2805 2982 erroris
2848 2937 2931 2982 est
2989 2928 3209 2984 animus
3261 2928 3456 2999 plenus

1869 3016 2068 3072 famam
2109 3027 2379 3089 appetere,
2411 3027 2463 3074 et
2490 3019 2557 3073 ad
2588 3019 2905 3089 capiendam
2938 3028 3208 3076 terrenam
3236 3020 3452 3075 laudem

1868 3110 2109 3165 studium
2157 3110 2307 3166 dare.
2352 3110 2728 3182 Circumspice
2774 3112 3144 3182 temetipsum,
3172 3127 3206 3166 o
3254 3114 3445 3167 homo!

1871 3201 2119 3273 nihilque
2150 3203 2244 3257 tibi
2278 3218 2502 3274 arroges
2529 3219 2652 3274 quae
2693 3204 2748 3258 in
2784 3213 2835 3259 te
2866 3214 2996 3259 sunt
3026 3214 3219 3274 praeter
3260 3219 3453 3275 pecca-

1869 3303 2007 3350 tum.
2038 3293 2157 3349 Non
2189 3296 2427 3351 declinat
2452 3294 2521 3351 ad
2572 3295 2851 3351 dexteram
2896 3295 2993 3367 qui
3036 3312 3142 3350 non
3183 3296 3307 3362 sibi,
3358 3295 3454 3351 sed

1866 3386 1978 3443 Deo
2010 3387 2202 3442 tribuit
2243 3388 2386 3443 bona
2413 3404 2536 3459 quae
2565 3389 2695 3459 agit,
2745 3404 2922 3460 neque
2965 3389 3034 3444 ad
3080 3388 3359 3444 sinistram
3395 3404 3455 3443 se

1865 3481 2029 3535 vertit
2061 3480 2155 3551 qui
2185 3480 2254 3535 de
2295 3481 2479 3535 divina
2522 3481 2854 3553 indulgentia
2885 3482 3147 3553 peccandi
3177 3482 3453 3539 licentiam

1865 3584 1976 3624 non
2006 3571 2309 3641 praesumit.
2345 3569 2458 3627 Hoc
2486 3581 2570 3628 est
2614 3573 2760 3643 quod
2803 3571 3079 3644 Propheta
3108 3574 3222 3629 ait:
3270 3593 3289 3626 ι
3326 3572 3453 3630 Ηιεε

1865 3662 1954 3715 via
1979 3679 1994 3716 :
2021 3662 2299 3717 ambulate
2326 3662 2382 3717 in
2418 3679 2501 3729 ea,
2542 3679 2721 3735 neque
2749 3666 2817 3721 ad
2843 3665 3148 3735 dexteram,
3177 3681 3355 3736 neque
3381 3666 3451 3721 ad

1866 3752 2148 3808 sinistram
2178 3752 2316 3823 (Isa.
2347 3758 2500 3826 xxx).
2536 3774 2555 3808 ι
2614 3756 2815 3812 Verum
2838 3766 2922 3813 est
2955 3758 3102 3829 quod
3129 3767 3325 3813 natura
3351 3774 3453 3814 ex-

1868 3854 2078 3914 spectat
2121 3845 2381 3900 delectari
2415 3847 2469 3900 in
2501 3847 2778 3914 laudibus,
2827 3849 2923 3904 sed
2949 3858 3082 3905 tunc
3118 3859 3285 3917 recte,
3319 3850 3364 3904 si
3399 3850 3454 3904 in

1869 3934 2002 4004 Deo,
2020 3954 2127 3992 non
2151 3937 2206 3990 in
2231 3952 2308 4004 se,
2332 3938 2850 4007 quisquelaudetur.
2874 3939 3026 3995 Sicut
3052 3944 3315 4011 scriptum
3338 3950 3452 3997 est:

1876 4048 1893 4081 ι
1934 4028 1992 4083 In
2025 4028 2255 4084 Domino
2279 4030 2591 4085 laudabitur
2618 4031 2800 4087 anima
2830 4047 2947 4086 mea
2986 4032 3160 4097 (Psal.
3196 4034 3450 4102 xxxni)»

1872 4123 2024 4192 Saepe
2041 4138 2235 4177 vanam
2258 4123 2483 4194 gloriam
2501 4124 2898 4179 contemnendo
2916 4125 2967 4178 in
2980 4124 3125 4179 aliud
3152 4141 3322 4196 genus
3344 4126 3458 4181 ela-

1873 4213 2038 4270 tionis
2069 4214 2348 4281 inciditur,
2379 4214 2508 4269 dum
2541 4213 2593 4268 in
2625 4230 2683 4270 se
2711 4215 2943 4285 quisque
2972 4216 3235 4285 gloriatur
3264 4233 3361 4287 pro
3389 4233 3456 4272 eo

1871 4307 2017 4381 quod
2056 4308 2446 4378 contempserit
2490 4308 2559 4363 ab
2590 4308 2906 4363 hominibus
2939 4308 3172 4363 laudem.
3218 4308 3459 4375 Quibus-

1871 4399 1995 4456 dam
2032 4415 2356 4457 concessum
2398 4410 2482 4457 est
2509 4410 2720 4456 tantum
2751 4402 2887 4456 bene
2917 4418 3098 4472 agere,
3133 4412 3187 4458 et
3218 4402 3455 4458 fructum

1872 4492 1999 4546 boni
2032 4494 2214 4564 operis
2242 4510 2349 4549 non
2382 4494 2601 4558 habere,
2625 4509 2788 4565 quem
2821 4494 2919 4565 ipsi
2946 4494 3049 4550 sibi
3075 4495 3332 4550 auferunt
3362 4513 3458 4566 per

158 4592 349 4662 quasi
376 4592 576 4647 lanceae
598 4592 652 4646 in
682 4594 873 4649 costis.
918 4593 1035 4650 Hoc
1075 4603 1159 4649 est
1200 4593 1584 4664 impedimenta
1618 4595 1771 4647 bonae
1801 4608 1846 4663 ι)
1875 4588 2117 4643 studium
2150 4589 2404 4644 humanae
2428 4589 2724 4659 jactantiaa.
2754 4586 2981 4659 Semper
3004 4606 3158 4644 suam
3189 4590 3457 4660 aspiciant

155 4684 510 4740 intentionis
549 4685 665 4740 sive
704 4694 1037 4741 tormentum
1079 4687 1134 4741 in
1180 4687 1535 4754 conscientia,
1578 4695 1633 4742 ut
1674 4700 1770 4755 per

152 4774 298 4830 lucc
352 4785 408 4829 et
455 4774 617 4831 fortia
668 4778 928 4833 virtutum
974 4780 1309 4850 dissipentur
1346 4795 1533 4851 opera,
1570 4779 1770 4850 quibus

150 4867 495 4922 infirmiora
552 4879 739 4925 nostra
795 4873 954 4941 quasi
997 4874 1163 4929 costis
1216 4874 1476 4929 interiora
1524 4881 1772 4929 contecta

148 4962 536 5018 muniuntur.
572 4964 676 5019 Sed
704 4976 914 5036 oportet
947 4968 1089 5023 seire
1132 4984 1241 5038 qua
1272 4968 1356 5022 via
1396 4977 1450 5023 et
1489 4984 1597 5038 quo
1659 4967 1773 5021 via-

146 5055 289 5109 lico
317 5056 585 5110 utendum
613 5057 702 5111 sit.
737 5057 1153 5114 Transeundum
1201 5060 1366 5129 igitur
1390 5069 1474 5114 est
1505 5076 1599 5130 per
1627 5058 1773 5114 Jcri-

145 5148 307 5211 cbo,
349 5146 406 5200 id
437 5158 521 5202 est
549 5164 642 5218 per
688 5149 959 5206 defectum
992 5152 1157 5221 hujus
1200 5152 1342 5206 vitae.
1380 5150 1600 5207 .lericho
1625 5151 1772 5206 enim

146 5237 313 5293 luna
356 5239 764 5310 interpretatur.
799 5242 865 5299 Et
905 5245 1048 5300 sicut
1088 5245 1218 5300 luna
1249 5260 1397 5301 nunc
1440 5260 1593 5312 cava,
1629 5259 1776 5299 nunc

141 5332 348 5403 plena
399 5334 680 5389 cernitur:
729 5336 803 5390 ita
850 5338 938 5393 hic
980 5337 1071 5391 alii
1104 5353 1389 5407 pauperes,
1423 5337 1515 5393 alii
1557 5338 1770 5393 divites.

140 5420 313 5479 Hac
374 5426 605 5497 mystica
661 5424 878 5483 Iericho
940 5439 1143 5499 septem
1202 5430 1376 5485 muris
1427 5430 1637 5485 munita
1694 5438 1778 5485 est

141 5513 382 5585 (Josue
408 5523 506 5583 vt).
540 5515 782 5583 Quorum
814 5519 1023 5589 primus
1053 5529 1137 5576 est
1171 5521 1447 5592 superbia,
1487 5520 1695 5587 acedia,
1724 5529 1778 5576 et

136 5615 388 5663 caetera
424 5607 556 5663 vitia
594 5609 694 5663 sibi
726 5611 1078 5677 cohaerentia,
1111 5613 1386 5668 secundus
1413 5611 1638 5676 invidia,
1666 5625 1777 5667 ter-

136 5703 288 5759 tius
315 5703 431 5767 ira,
457 5711 689 5772 quartus
708 5702 951 5771 tristitia,
980 5708 1206 5776 quintus
1252 5706 1478 5762 avaritia
1507 5724 1519 5758 :
1554 5706 1780 5776 singulae

134 5811 304 5852 enin
367 5794 780 5850 cohaerentibus
826 5796 931 5851 sibi
966 5797 1112 5853 vitiis
1161 5807 1214 5854 et
1254 5798 1514 5868 peccatis.
1568 5797 1632 5853 Et
1665 5799 1781 5853 h:ec

134 5889 415 5961 quidem
447 5883 582 5939 vitia
638 5894 765 5940 sunt
797 5886 1022 5956 animm;
1055 5888 1160 5943 alia
1194 5904 1319 5947 vero
1346 5890 1456 5947 duo
1485 5897 1615 5944 sunt
1654 5904 1779 5945 cor-

1872 4680 2173 4735 fteditatem
2205 4681 2301 4751 qui
2332 4696 2486 4735 vanae
2509 4681 2693 4752 gloria:
2722 4680 2937 4736 favores
2965 4681 3218 4751 diligunt,
3250 4691 3303 4735 et
3332 4698 3456 4751 per-

1872 4771 2080 4827 didisse
2115 4773 2320 4827 bonum
2348 4788 2407 4828 se
2435 4788 2573 4842 opus
2595 4774 2813 4828 doleant
2839 4814 2854 4839 ,
2908 4773 3055 4843 quod
3092 4788 3190 4842 pro
3220 4773 3454 4826 humana

1873 4866 2237 4920 ostentatione
2264 4864 2769 4923 fecerunt.Amator
2788 4882 2937 4923 vanae
2958 4866 3142 4937 gloriae
3168 4868 3308 4922 unde
3332 4883 3461 4938 pos-

1875 4960 1947 5014 sit
1974 4975 2188 5029 semper
2224 4958 2434 5014 laudari
2486 4975 2645 5030 agerc
2677 4976 2785 5014 non
2843 4960 3097 5030 quiescit,
3129 4968 3183 5015 et
3228 4961 3456 5016 subinde

1875 5052 1953 5106 illi
2008 5052 2152 5106 vires
2207 5051 2464 5106 vanitatis
2516 5068 2715 5122 pravus
2767 5053 3037 5122 appetitus
3086 5061 3266 5123 auget.
3324 5052 3458 5106 Boni

1876 5145 2058 5216 operis
2081 5143 2361 5200 inchoatio
2390 5160 2499 5200 non
2525 5145 2875 5214 debctpalam
2893 5145 3054 5199 citius
3081 5145 3145 5200 ad
3175 5144 3456 5199 hominum

1877 5235 2241 5306 cognitionem
2266 5236 2473 5302 venire,
2500 5252 2567 5291 ne
2592 5236 2719 5290 dum
2744 5235 2872 5290 boni
2898 5235 3173 5291 inchoatio
3205 5235 3459 5290 humanis

1877 5330 2052 5386 oculis
2080 5339 2374 5398 reseratur,
2398 5346 2428 5385 a
2453 5331 2652 5385 virtute
2679 5329 3031 5400 perfectionis
3055 5329 3333 5383 inanescat
3354 5344 3462 5383 coe-

1877 5423 1992 5494 ptio
2023 5423 2348 5480 sanctitatis.
2370 5423 2508 5479 Ante
2538 5424 2868 5480 maturitatis
2895 5424 3040 5479 enim
3079 5432 3290 5491 tempus
3314 5437 3460 5476 mes-

1879 5531 1967 5571 ses
2002 5515 2258 5571 ﬂorentes
2308 5517 2421 5571 cito
2470 5524 2719 5586 pereunt,
2771 5514 2979 5571 semina
3001 5527 3220 5583 quoque
3246 5511 3456 5566 inutilia

1880 5607 2035 5663 ﬁunt.
2081 5606 2320 5662 Virtutes
2350 5617 2665 5662 sanctorum
2702 5621 2800 5677 per
2838 5604 3218 5659 ostentationis
3249 5602 3459 5672 appeti-

1880 5709 1995 5754 tum
2028 5699 2273 5753 dominio
2317 5696 2725 5752 immundorum
2760 5693 3052 5763 spirituum
3087 5691 3455 5760 subjciuntur.

1883 5790 2036 5846 Sicut
2062 5789 2324 5846 Ezechias
2347 5804 2464 5856 rex,
2495 5788 2589 5859 qui
2626 5786 2846 5842 divitias
2893 5800 3024 5840 suas
3061 5783 3334 5839 Chaldais
3363 5798 3460 5854 per

1877 5886 2194 5959 iactantiam
2219 5884 2475 5956 prodidit,
2505 5890 2560 5938 et
2600 5889 2885 5952 propterea
2917 5875 3185 5948 perituras
3207 5892 3303 5948 per
3330 5890 3460 5949 pru-
