3948 6448
504 395 643 451 ΗΟἸ

1608 385 1937 444 ἫΕΒΝΕΠΙ
1975 389 2270 445 ABDATIS
2309 390 2366 445 S.
2411 387 2631 446 BLASII

503 515 723 583 phetam
757 508 982 573 audivit,
1014 517 1072 561 ut
1115 506 1445 576 significaret
1481 499 1574 554 Dei
1605 519 1825 560 servum
1861 507 2089 562 virtutes
2119 515 2168 570 Α
2195 507 2318 560 vitae
2383 507 2645 574 suspirat.
2691 502 2940 571 Quatuor
2997 516 3129 557 esse
3199 497 3508 568 qualitates
3568 494 3788 553 aﬂ‘ectio-

505 621 660 668 suas,
692 603 820 656 dum
853 615 947 668 per
969 614 1122 652 vante
1151 597 1336 668 gloriae
1371 593 1611 649 studium
1639 597 1941 665 prodiderit
1971 615 2095 669 per-

502 697 650 760 dere,
675 705 728 747 ct
752 691 934 746 statim
989 690 1266 744 daemones
1308 701 1535 742 suorum
1581 703 1810 756 operum
1839 689 2095 745 dominos

503 787 703 850 facere,
738 783 877 838 sicut
908 782 997 836 ille
1022 798 1119 851 per
1139 781 1566 836 ostentationem
1597 780 1885 836 Chaldaeos
1909 797 2093 836 rerum

502 892 728 934 suarum
760 875 1015 930 dominos
1044 873 1173 928 fecit
1206 873 1344 944 (Isa.
1381 873 1595 942 χχχιχ).
1643 870 1861 942 Optima
1893 884 1976 929 est
2006 876 2094 928 illa

498 967 783 1032 discretio,
814 975 950 1020 utet
976 975 1105 1019 nota
1130 966 1239 1020 sint
1267 980 1432 1035 opera
1457 974 1641 1018 nostra
1671 965 1737 1018 ad
1768 965 2094 1021 audiendam

497 1061 594 1116 Dei
636 1059 886 1130 gloriam.
924 1067 978 1113 et
1004 1058 1218 1112 occulta
1250 1073 1350 1127 pro
1394 1057 1612 1111 vitanda
1644 1058 1805 1112 laude
1833 1059 2092 1112 humana.

497 1152 592 1207 llle
626 1153 771 1208 enim
813 1151 974 1205 debet
1022 1151 1304 1220 publicare
1348 1150 1490 1204 bona
1525 1166 1648 1220 quae
1689 1151 1823 1217 agit,
1854 1150 1947 1220 qui
1986 1160 2094 1206 tam

500 1245 745 1314 perfecta
774 1244 1082 1298 humilitate
1133 1243 1390 1297 fundatus
1417 1251 1522 1310 est,
1553 1251 1612 1295 ut
1653 1243 1801 1297 nulla
1837 1244 1950 1312 jam
1983 1243 2098 1297 ela-

501 1337 656 1393 tione
687 1339 1055 1407 contingatur.
1106 1335 1243 1390 Nam
1289 1337 1334 1390 is
1383 1336 1478 1406 qui
1525 1353 1584 1391 se
1635 1336 1888 1405 intelligit
1919 1337 2125 1401 adhuc.

503 1443 693 1483 amore
732 1428 909 1483 laudis
953 1428 1195 1498 pulsari,
1243 1426 1386 1482 facta
1442 1443 1541 1482 sua
1593 1427 1735 1482 bona
1797 1429 1850 1482 in
1879 1429 2097 1483 occulto

506 1533 653 1592 agat,
701 1535 769 1574 ne
810 1519 950 1573 forte
995 1519 1142 1588 quod
1191 1519 1364 1588 egerit
1407 1519 1618 1588 perdat.
1671 1517 1946 1574 Interdum
1993 1519 2096 1574 viri

509 1611 686 1667 sancti
722 1612 850 1666 dum
900 1611 1127 1681 cupiunt
1175 1609 1423 1665 funditus
1469 1625 1626 1664 suam
1678 1611 2097 1666 mutabilitatem

509 1705 806 1775 corrigere,
859 1706 1156 1776 aliquando
1221 1715 1522 1778 tanguntur
1578 1716 1791 1760 tumore
1847 1705 2099 1760 elationis

510 1812 644 1861 suat,
678 1798 883 1853 conscii
915 1798 1150 1854 actionis
1179 1815 1312 1864 suae,
1345 1800 1441 1854 sed
1470 1799 1540 1853 ab
1571 1798 1736 1868 hujus
1768 1799 2101 1868 abreptionis

2199 613 2355 664 num,
2380 597 2582 668 quibus
2616 611 2772 650 mens
2799 592 3131 665 justLtaedio
3159 588 3383 646 salubri
3411 590 3787 658 compungitur,

2196 690 2301 746 hoc
2334 700 2418 745 est
2447 689 2713 744 memoria
2740 688 3150 758 prteteritorum
3201 681 3523 737 facinorum
3561 683 3791 736 recorda-

2196 786 2342 838 tione
2379 782 2688 837 futurarum
2725 788 3040 851 poenarum,
3073 773 3530 832 consideratione
3574 775 3783 843 peregri«

2197 875 2434 930 nationis
2465 890 2579 930 sua:
2611 874 2666 928 in
2701 873 2866 943 hujus
2910 873 3038 926 vitae
3067 866 3518 939 longinquitate,
3549 864 3791 921 desiderio

2201 983 2452 1038 superna:
2479 965 2688 1036 patriae,
2713 972 2993 1035 quatenus
3012 962 3082 1016 ad
3115 975 3249 1016 eam
3278 956 3612 1028 quantocius
3641 959 3792 1013 valeat

2200 1062 2504 1132 pervenire.
2545 1060 2810 1130 Quisquis
2841 1067 3206 1129 peccatorum
3257 1053 3530 1108 memoria
3555 1068 3792 1122 compun-

2197 1155 2342 1224 gitur
2371 1154 2438 1208 ad
2468 1155 2726 1218 lamenta,
2759 1162 2892 1207 tunc
2937 1149 3038 1206 Dei
3084 1162 3292 1204 servus
3329 1159 3393 1200 se
3433 1143 3638 1198 visitari
3680 1145 3795 1199 sciat

2198 1264 2297 1317 per
2327 1249 2635 1317 pt'aBSCllliil,
2664 1246 2888 1318 quando
2925 1246 2979 1300 id
3023 1243 3182 1315 quod
3217 1257 3280 1296 se
3311 1239 3573 1296 amisisse
3607 1240 3791 1305 recolit,

2199 1341 2430 1395 interius
2489 1340 2784 1406 erubescit,
2831 1354 3048 1408 suoque
3077 1335 3301 1407 judicio
3349 1331 3662 1403 pmnitcndo
3699 1333 3793 1401 jam

2200 1434 2376 1504 punit.
2406 1432 2540 1487 Nam
2579 1445 2710 1488 tunc
2737 1433 2933 1488 Petrus
2958 1432 3132 1496 ﬂevit,
3162 1427 3398 1500 quando
3425 1427 3478 1480 in
3503 1441 3628 1479 eum
3655 1423 3793 1479 Chri-

2201 1535 2318 1580 stus
2365 1526 2624 1595 respexit.
2667 1524 2821 1580 Unde
2853 1535 2908 1581 et
2956 1523 3260 1579 Psalmista
3299 1539 3312 1576 :
3354 1539 3374 1572 ι
3416 1519 3688 1588 Respexit,
3727 1519 3796 1572 in-

2201 1616 2341 1684 quit,
2369 1625 2423 1669 et
2471 1623 2745 1670 commota
2801 1626 2905 1680 est,
2957 1623 3013 1669 et
3059 1611 3412 1669 contremuit
3458 1618 3604 1663 terra
3645 1607 3792 1678 (Ρωι.

2203 1705 2356 1775 xvn).
2396 1725 2420 1765 ι,
2451 1705 2684 1762 Gressus
2719 1707 2815 1762 Dei
2853 1716 2983 1762 sunt
3013 1706 3066 1760 in
3111 1704 3284 1760 corde
3317 1702 3570 1764 hominis
3603 1701 3796 1755 interio-

2204 1798 2302 1863 ris,
2334 1813 2443 1868 qua
2477 1801 2616 1854 bona
2643 1800 2915 1854 desideria
2941 1807 3202 1869 surgunt,
3235 1806 3294 1850 ut
3328 1796 3620 1850 calcentur
3654 1793 3793 1846 mala.

510 1885 656 1940 malo
723 1886 1050 1942 humilitatis
1116 1887 1538 1958 compunctione
1599 1898 1920 1959 purgantur.
1989 1887 2100 1942 Viri
2134 1875 2175 1928 Β
2205 1893 2436 1960 Quando
2456 1910 2585 1964 ergo
2632 1893 2734 1948 ista
2761 1892 2816 1946 in
2848 1892 3014 1947 corde
3055 1889 3303 1945 hominis
3344 1888 3514 1952 fiunt,
3541 1886 3797 1940 sciendum

509 1981 686 2036 sancti
733 1997 1130 2053 nonnunquam
1174 1983 1438 2052 quosdam
1471 1983 1538 2037 de
1579 1998 1637 2038 se
1693 1983 1974 2037 audientes
2020 1982 2104 2034 itt-

509 2083 752 2142 struunt,
807 2084 863 2131 et
912 2084 1095 2130 tamen
1151 2076 1208 2130 in
1267 2075 1354 2131 his
1398 2076 1506 2130 alta
1561 2074 1998 2130 consideratione
2045 2089 2104 2129 se

509 2167 848 2234 custodiunt,
881 2183 984 2223 nec
1011 2167 1142 2223 dum
1174 2167 1312 2222 alios
1348 2185 1379 2222 a
1413 2176 1633 2223 terrena
1663 2166 1964 2221 intentione
1996 2165 2104 2219 eri-

508 2267 666 2328 gunt,
698 2258 800 2329 ipsi
829 2258 884 2313 in
924 2269 1154 2314 terrenae
1200 2258 1379 2314 laudis
1417 2258 1661 2329 appetitu
1706 2258 2099 2327 dimergautur.

507 2351 743 2418 Quidam
768 2368 865 2422 per
899 2354 1174 2407 incautam
1203 2352 1468 2406 virtutqu
1489 2349 1814 2421 jactantiam
1846 2348 2101 2402 relabun-

509 2453 600 2498 tur
641 2445 706 2499 ad
739 2445 891 2507 vitia.
941 2455 994 2500 et
1021 2445 1267 2516 quidam,
1318 2443 1449 2497 dum
1495 2443 1756 2497 vitiorum
1807 2440 2104 2510 impulsum

509 2535 826 2604 ftequenter
849 2537 1131 2608 plangunt,
1162 2537 1228 2591 de
1261 2535 1574 2589 infirmitate
1601 2534 1833 2587 validius
1878 2549 1974 2602 per
2004 2531 2107 2585 hu-

510 2627 798 2683 militatem
845 2629 1252 2684 convalescunt.
1304 2627 1634 2696 Plerumque
1677 2625 1808 2682 utile
1835 2633 1920 2678 est
1948 2639 2107 2678 arro-

509 2719 770 2787 gantibus
812 2719 989 2773 deseri
1040 2735 1071 2773 a
1123 2718 1250 2785 Deo,
1296 2728 1566 2788 quatenus
1615 2733 1727 2772 suae
1773 2716 2108 2770 infirmitatis

513 2810 724 2865 conscii
768 2811 835 2865 ad
893 2811 1259 2865 humilitatem
1318 2811 1563 2874 redeant,
1608 2821 1662 2865 et
1705 2810 1936 2864 humiles
1985 2818 2108 2880 post

511 2918 703 2958 casum
737 2903 998 2957 existant.
1030 2901 1288 2957 Nonnulli
1335 2904 1470 2957 falsa
1499 2903 1758 2973 opinione
1780 2903 2107 2974 arrogantia:

513 3011 575 3049 se
609 3011 731 3048 esse
762 2994 1034 3064 perfectos
1082 2995 1420 3058 existimant,
1471 2996 1602 3048 dum
1653 3010 1763 3048 non
1815 2995 1944 3058 sint,
1977 2994 2107 3064 quia

512 3087 727 3141 obortis
756 3087 1148 3142 teutationibns
1193 3088 1562 3143 innotescunt.
1609 3087 1827 3153 Quanto
1875 3088 2108 3156 quisque

514 3185 576 3241 fit
598 3185 812 3240 veritati
840 3184 1089 3251 vicinior,
1117 3193 1270 3239 tanto
1299 3185 1515 3256 longius
1539 3200 1595 3239 se
1623 3200 1745 3239 esse
1774 3185 1844 3238 ab
1864 3199 1928 3237 ea
1956 3182 2105 3236 arbi-

517 3285 708 3331 tretur.
743 3275 858 3330 Hoc
881 3277 1026 3330 enim
1051 3276 1376 3330 humilitatis
1402 3285 1505 3342 est,
1533 3291 1654 3345 quae
1683 3275 1795 3328 Deo
1829 3275 2102 3328 hominem

515 3370 712 3442 j'tngit.
741 3369 1011 3424 Caeterum
1031 3370 1292 3439 jactantia
1317 3370 1508 3424 oculos
1534 3370 1733 3440 quibus
1762 3367 1906 3422 Deus
1934 3367 2104 3422 videri

509 3464 719 3535 poterit
747 3465 958 3520 dividit.
1001 3464 1155 3519 Sicut
1202 3463 1336 3518 solis
1365 3463 1550 3517 radius
1587 3463 1710 3515 tum
1748 3461 2102 3531 conspicitur,

517 3556 668 3612 acies
692 3557 838 3612 oculi
871 3557 1175 3622 hebetatur,
1207 3558 1287 3610 sic
1312 3566 1365 3610 et
1396 3556 1489 3626 qui
1521 3553 1877 3608 immoderate
1912 3554 2105 3607 altiora

516 3650 622 3706 sibi
647 3658 947 3718 scrutatur,
987 3649 1055 3704 ab
1083 3649 1381 3703 intentione
1424 3647 1538 3702 veri
1582 3647 1921 3702 obtunditur.
1956 3646 2108 3702 Sicut

517 3741 703 3811 aquila
732 3757 798 3796 ex
829 3742 940 3796 alto
970 3742 1036 3796 ad
1057 3756 1214 3797 escas
1244 3742 1553 3809 collabitur,
1582 3742 1662 3797 sic
1704 3742 1870 3796 homo
1901 3741 1968 3796 de
1997 3741 2108 3795 alto

519 3834 679 3888 bona:
707 3835 1141 3890 conversationis
1164 3850 1262 3906 per
1291 3836 1568 3892 carnalem
1597 3836 1894 3906 appetitum
1926 3836 1991 3889 ad
2021 3835 2107 3888 in-

519 3925 722 3982 feriora
757 3928 1112 3999 demergitur.

1047 4022 1125 4076 De
1162 4025 1577 4093 compunctione.

590 4113 953 4184 Compunctio
981 4115 1164 4170 cordis
1208 4126 1291 4170 est
1324 4115 1604 4170 humilitas
1646 4113 1844 4169 mentis
1873 4130 1997 4169 cum
2031 4113 2110 4167 la-

519 4207 747 4278 crymis,
781 4208 1037 4263 exoriens
1080 4208 1147 4262 de
1178 4208 1556 4263 recordatione
1597 4208 1804 4277 peccati
1843 4216 1896 4261 et
1931 4207 1997 4260 de
2044 4206 2110 4260 ti-

519 4315 676 4355 more
713 4300 926 4370 judicii.
974 4300 1066 4354 llla
1097 4309 1181 4354 est
1226 4300 1506 4354 conversis
1560 4299 1798 4369 perfecta
1847 4313 2104 4367 compun-

519 4391 723 4446 ctionis
751 4391 988 4458 affectio,
1027 4401 1150 4461 qua:
1175 4406 1365 4445 omnes
1409 4407 1438 4444 a
1471 4406 1529 4445 se
1561 4390 1866 4445 carnalium
1896 4389 2110 4444 deside-

521 4484 732 4538 riorum
785 4483 1012 4538 affectus
1046 4481 1265 4547 refellit,
1292 4492 1347 4537 et
1386 4484 1744 4538 intentionem
1789 4498 1944 4536 suam
2000 4491 2112 4535 toto

2205 1994 2288 2040 est
2311 1995 2439 2041 tunc
2467 2001 2590 2041 esse
2612 1984 2783 2040 Deum
2811 2000 2907 2054 per
2932 1983 3166 2054 gratiam
3191 1982 3352 2037 cordi
3381 1981 3627 2034 humano
3673 1993 3795 2046 pra:-

2205 2088 2433 2133 sentem.
2492 2075 2647 2131 Unde
2703 2091 2762 2131 se
2813 2084 2945 2130 tunc
3000 2074 3177 2144 magis
3237 2073 3414 2127 homo
3493 2085 3686 2125 acuere
3739 2068 3798 2123 ad

2205 2168 2680 2238 compunctionem
2726 2167 2908 2233 debet,
2968 2166 3191 2236 quando
3225 2164 3400 2220 sentit
3440 2172 3500 2218 et
3533 2161 3695 2216 Deum
3734 2162 3800 2214 in-

2206 2263 2376 2318 terius
2404 2271 2739 2333 operantem.
2771 2261 2893 2329 Quo
2926 2276 3081 2316 mens
3128 2259 3381 2314 hominis
3404 2257 3551 2328 justi
3584 2273 3646 2312 es
3693 2272 3799 2310 vera

2207 2355 2630 2425 compunctione
2672 2354 2900 2424 rapitur,
2957 2363 3012 2408 et
3054 2351 3290 2422 qualiter
3322 2350 3614 2404 infirmata
3645 2363 3802 2402 rever-

2207 2455 2374 2501 tatur.
2397 2445 2690 2517 Degustata
2715 2446 2857 2500 lucis
2882 2444 3256 2516 magnitudine
3276 2443 3443 2496 illum
3472 2456 3642 2495 nosse
3663 2454 3800 2510 posse

2207 2541 2300 2611 qui
2328 2539 2442 2610 jam
2495 2539 2700 2610 aliquid
2733 2539 2931 2595 exinde
2973 2538 3233 2607 gustavit.
3281 2534 3430 2590 Sunt
3470 2535 3569 2606 qui
3619 2549 3710 2588 nec
3744 2549 3801 2587 ex

2207 2649 2337 2688 vera
2363 2632 2548 2689 cordis
2573 2632 2996 2702 compunctione
3020 2630 3105 2684 sui
3130 2638 3502 2684 accusatores
3540 2626 3689 2691 fiunt,
3720 2641 3802 2679 seu

2210 2743 2422 2788 tantum
2465 2732 2531 2786 ad
2565 2733 2669 2787 hoc
2706 2747 2766 2787 se
2813 2747 2936 2787 esse
2970 2739 3288 2801 peccatores
3322 2729 3635 2799 assignant,
3666 2736 3720 2780 ut
3745 2741 3801 2779 ex

2209 2826 2335 2881 ﬁcta
2369 2825 2677 2880 humilitate
2702 2823 3090 2889 confessionis,
3125 2823 3307 2878 locum
3363 2823 3645 2876 inveniant
3685 2835 3803 2872 san-

2209 2920 2433 2975 ctitatis.
2463 2918 2539 2972 Ex
2567 2933 2634 2973 eo
2681 2920 3064 2988 unusquisque
3088 2917 3275 2986 justus
3307 2931 3438 2970 esse
3488 2915 3696 2984 incipit,
3745 2928 3805 2966 ex

2209 3029 2321 3083 quo
2352 3013 2437 3068 sui
2466 3021 2759 3067 accusator
2787 3011 3077 3066 exstiterit.
3113 3008 3268 3062 Multi
3302 3018 3491 3063 autem
3517 3017 3707 3061 contra
3728 3020 3808 3059 sc-

2211 3105 2472 3175 metipsos
2502 3117 2816 3175 peccatores
2860 3089 3121 3166 fatentur,
3165 3110 3222 3157 et
3253 3111 3434 3155 tamen
3484 3099 3810 3167 semctipsos

2211 3215 2241 3252 a
2269 3204 2492 3265 peccato
2522 3210 2629 3249 non
2677 3194 3030 3250 subtrahunt.
3069 3191 3265 3264 Magna
3297 3191 3523 3261 justitite
3567 3205 3703 3258 pars
3738 3197 3811 3240 est

2209 3289 2450 3359 seipsum
2495 3302 2659 3341 nosse
2698 3286 3000 3352 hominem,
3039 3284 3170 3354 quia
3213 3299 3419 3354 parvus
3479 3292 3588 3344 est,
3643 3289 3706 3334 ut
3751 3295 3811 3333 ex

2209 3396 2276 3436 eo
2304 3379 2501 3434 divina:
2529 3377 2717 3433 virtuti
2775 3377 3044 3433 subdatur
3089 3377 3357 3432 humilius
3404 3391 3476 3430 ex
3505 3391 3616 3444 quo
3662 3390 3807 3429 suam

2214 3471 2586 3524 infirmitatem
2616 3468 2885 3538 agnoscit.
2919 3467 3065 3523 Bene
3088 3484 3148 3523 se
3171 3467 3388 3537 judicat
3409 3467 3601 3535 justus
3631 3466 3686 3518 in
3720 3467 3812 3519 hac

2213 3564 2343 3629 vita,
2376 3578 2442 3616 ne
2460 3561 2740 3632 judicetur
2771 3577 2800 3616 a
2826 3559 2937 3616 Deo
2963 3559 3324 3615 damnatione
3344 3570 3632 3630 perpetua.
3668 3557 3812 3611 Tunc

2214 3663 2398 3711 autem
2427 3653 2697 3725 judiciutu
2755 3653 2822 3708 de
2857 3669 2916 3708 se
2945 3654 3182 3724 quisque
3231 3653 3431 3718 sumit,
3468 3653 3687 3722 quando
3725 3667 3813 3721 per

2211 3751 2434 3821 dignam
2484 3748 2864 3821 ptenitentiam
2915 3764 3016 3804 sua
3052 3763 3223 3818 prava
3270 3746 3422 3802 facta
3471 3746 3808 3802 condemnat.

2210 3843 2536 3898 Amaritudo
2582 3843 2915 3915 poenitentia:
2963 3841 3094 3896 facit
3124 3841 3376 3896 animum
3429 3849 3484 3894 et
3535 3857 3630 3895 sua
3681 3840 3812 3894 facta

2212 3937 2472 3991 subtilius
2520 3937 2817 4001 discutere,
2863 3943 2918 3989 et
2979 3933 3123 3988 dona
3170 3931 3268 3987 Dei
3317 3949 3448 4003 quae
3497 3932 3812 4002 contempsit

2212 4028 2392 4082 flendo
2416 4041 2871 4083 commemorare.
2906 4023 3050 4079 Nihil
3073 4033 3258 4079 autem
3302 4025 3467 4095 pejus
3511 4035 3612 4090 est,
3656 4039 3812 4094 quam

2213 4121 2430 4190 culpam
2467 4135 2766 4192 agnoscere
2805 4134 2906 4174 nec
2935 4117 3154 4172 deflere.
3190 4117 3483 4188 Duplicem
3517 4118 3673 4172 debet
3720 4116 3812 4169 ha-

2214 4213 2341 4267 bere
2366 4211 2552 4266 fletum
2585 4213 2638 4266 in
2669 4211 2987 4281 pmnitentia
3018 4211 3201 4266 omnis
3237 4222 3524 4280 peccator,
3557 4211 3671 4267 sive
3693 4209 3812 4278 quia

2214 4320 2311 4374 per
2338 4304 2724 4375 negligentiam
2757 4303 2964 4358 bonum
2996 4319 3106 4358 non
3139 4301 3288 4369 fecit,
3328 4319 3428 4358 seu
3461 4305 3592 4373 quia
3617 4302 3810 4355 malum

2217 4414 2312 4467 per
2339 4398 2624 4453 audaciam
2657 4397 3008 4467 perpetravit.
3037 4395 3196 4462 Quod
3226 4397 3378 4451 enim
3431 4395 3672 4466 oportuit
3710 4408 3811 4448 non

2219 4491 2407 4559 gessit,
2433 4498 2489 4544 et
2517 4491 2684 4561 gessit
2709 4489 2856 4559 quod
2882 4503 3044 4559 agere
3070 4502 3179 4542 non
3207 4488 3480 4556 oportuit.
3523 4486 3609 4540 llle
3649 4485 3816 4556 pastu-

521 4577 722 4630 mentis
757 4575 940 4630 studio
985 4577 1040 4629 in
1079 4574 1172 4630 Dei
1215 4576 1730 4644 contemplationem
1769 4575 1973 4644 deligit.
2013 4573 2117 4627 Ge—
2148 4586 2192 4640 ι)
2222 4582 2506 4636 nitentiam
2537 4582 2699 4651 digne
2725 4583 2836 4652 agit
2860 4580 2955 4652 qui
2991 4589 3204 4635 reatum
3237 4594 3407 4634 suum
3450 4577 3815 4633 satislaetioue

523 4674 727 4727 minam
758 4689 880 4728 esse
906 4672 1408 4742 compunctionem,
1433 4689 1538 4741 qua
1561 4681 1782 4742 propter
1806 4671 1976 4726 Deutn
1998 4671 2118 4724 ani-

525 4781 611 4819 tna
643 4765 908 4835 cujusque
937 4766 1093 4819 electi
1117 4763 1348 4818 afficitur
1376 4781 1388 4815 :
1422 4765 1473 4818 id
1501 4773 1586 4819 est
1614 4764 1696 4818 vel
1727 4763 1856 4818 dum
1886 4779 2116 4832 operum

525 4873 753 4913 suorum
787 4858 928 4913 mala
962 4857 1292 4925 considerat,
1327 4858 1407 4912 vel
1432 4857 1560 4912 dum
1597 4857 1869 4912 desiderio
1899 4865 2117 4911 alterum

2227 4674 2467 4742 legitima
2531 4673 2762 4744 plangit,
2817 4671 3224 4729 contemnendo
3279 4672 3498 4726 scilicet
3547 4670 3660 4724 btet:
3701 4682 3818 4738 quae

2225 4765 2475 4820 deflendo
2519 4766 2703 4836 gessit.

1553 5144 2068 5221 DOMINICA
2168 5139 2799 5220 DUODECIMA.

1805 5323 2174 5386 Secundum
2212 5325 2523 5384 Marcum.

608 5510 625 5542 ι
673 5490 876 5546 Exiens
903 5487 1064 5544 Jesus
1106 5489 1174 5543 de
1207 5488 1408 5544 ﬁnibus
1434 5486 1587 5558 Tyri,
1632 5486 1779 5542 venit
1818 5502 1914 5556 per
1960 5487 2122 5542 Sido-

533 5600 656 5639 nem
690 5584 755 5638 ad
785 5597 938 5638 mare
965 5581 1220 5647 Galilaeae,
1248 5581 1396 5652 quod
1427 5589 1512 5635 est
1558 5579 1700 5634 inter
1747 5580 1956 5635 medios
1986 5580 2122 5635 fines

534 5677 888 5748 Decapoleos,
913 5684 1018 5730 etc.
1071 5695 1089 5727 ι
1140 5675 1333 5745 (Marc.
1366 5675 1492 5742 vn.)
1530 5671 1814 5742 Decapolis
1841 5680 1925 5728 est
1971 5675 2122 5744 regio

535 5770 720 5822 decem
767 5768 986 5823 urbium
1033 5775 1183 5822 trans
1212 5765 1511 5822 Jordanem
1558 5761 1624 5816 ad
1674 5762 1939 5818 orientem
1975 5766 2122 5820 circa

537 5858 771 5929 llippum
814 5869 867 5915 et
915 5858 1121 5914 Pellam
1163 5868 1216 5914 et
1245 5857 1522 5914 Gadaram
1580 5861 1766 5909 contra
1823 5855 2119 5912 Galilaeam.

2231 5486 2388 5554 Quod
2412 5501 2542 5557 ergo
2571 5486 2790 5551 dicitur,
2823 5484 2951 5554 quia
2982 5483 3252 5537 Dominus
3272 5481 3427 5536 venit
3455 5479 3526 5535 ad
3551 5496 3707 5535 mare
3731 5479 3833 5532 Ca.

2230 5579 2384 5632 lineae
2411 5578 2552 5631 inter
2580 5576 2788 5632 medios
2819 5578 2950 5630 fines
2984 5573 3340 5643 Decapoleos,
3365 5589 3482 5627 non
3514 5573 3667 5641 ipsos
3697 5571 3835 5625 fines

2231 5667 2515 5738 Decapolis
2541 5682 2666 5722 eum
2699 5667 2930 5721 intrasse
2952 5664 3246 5734 sigmucat.
3281 5660 3476 5732 Neque
3498 5663 3649 5717 enim
3683 5677 3834 5715 ntare

2232 5759 2674 5829 transnavigasse
2718 5758 2935 5821 dicitur,
2985 5756 3080 5810 sed
3129 5755 3319 5824 potius
3364 5771 3547 5826 usque
3574 5754 3646 5808 ad
3679 5767 3837 5808 mare

2232 5855 2467 5921 venisse,
2514 5861 2567 5909 ut
2594 5852 2660 5908 ad
2697 5853 2870 5922 ipsum
2905 5849 3224 5920 provenisse
3264 5849 3455 5904 locum
3489 5849 3581 5919 qui
3617 5846 3836 5904 medim
