3948 6456
205 402 340 464 HO!)

1108 406 1682 468 DEFLORATIONES
1721 408 1822 467 SS.
1865 401 2173 463 PATRUM.
2208 434 2280 445 —-
2319 398 2450 458 LIB.
2492 400 2558 458 ll.

3348 396 3484 458 Illo

205 527 337 580 lines
354 519 876 598 Decapoleoslonge
900 535 1213 583 transmare
1230 528 1440 598 positos
1463 527 1703 597 respicit.
1720 525 1800 578 ιιι·
1830 532 1877 588 Α
1905 536 2028 578 sum
2067 538 2081 585 ;
2133 518 2228 575 sed
2283 517 2510 575 verbum
2581 514 2677 571 Dei
2739 528 2848 569 non
2892 521 2976 571 est
3026 512 3304 585 alligatum
3352 515 3371 585 (
3419 515 3484 570 ιι

209 627 307 682 ter,
338 614 392 670 id
418 621 503 669 est
524 623 746 672 contra.
781 618 875 674 Vel
902 619 1134 675 Galilaeae
1154 635 1276 690 qua:
1301 629 1383 676 est
1422 620 1563 675 inter
1591 618 1798 674 medios

211 712 341 764 lines
370 704 730 776 Decapoleos.

273 818 291 851 ι
315 796 378 851 Et
393 796 673 853 adducunt
695 798 745 853 ei
768 801 999 857 surdum
1028 810 1082 857 et
1106 810 1342 869 mutum,
1368 799 1800 871 etdeprecaban—

209 901 300 946 tur
321 906 444 945 eum
471 898 532 944 ut
552 889 808 960 imponat
852 894 930 947 illi
979 910 1223 949 manum.
1268 893 1336 948 Et
1385 893 1798 963 apprehendens

208 998 337 1037 eum
382 980 450 1035 de
505 981 667 1035 turba
697 998 975 1051 seorsum,
1026 985 1173 1040 misit
1198 985 1399 1055 digitos
1429 985 1483 1038 in
1523 983 1798 1039 auriculas

208 1075 352 1143 ejus,
382 1083 432 1127 et
461 1088 706 1142 cxpuens
737 1075 911 1147 tetigit
940 1076 1179 1149 linguam
1217 1077 1355 1147 ejus.
1383 1076 1449 1131 Et
1491 1076 1797 1145 suspiciens

207 1167 263 1219 in
292 1167 491 1221 caelum
518 1166 804 1236 ingemuit,
834 1179 887 1223 et
914 1168 990 1223 ait
1027 1169 1103 1223 illi
1134 1187 1146 1222 :
1175 1168 1514 1240 Ephphetha,
1539 1168 1683 1239 quod
1713 1177 1798 1223 est

204 1257 510 1327 adaperire.
543 1256 610 1311 Ει
634 1259 817 1313 statim
851 1269 1050 1330 aperta:
1077 1270 1205 1316 sunt
1232 1276 1393 1316 aures
1417 1260 1558 1330 ejus,
1611 1268 1665 1315 et
1701 1274 1797 1314 so-

205 1348 386 1402 lutum
434 1357 517 1404 est
568 1349 849 1405 vinculum
892 1351 1092 1423 lingua:
1145 1351 1306 1422 ejus,
1363 1364 1418 1406 et
1470 1351 1797 1422 loquebatur

202 1448 377 1494 recte.
409 1459 427 1491 ι
465 1439 678 1495 Surdus
718 1449 771 1496 et
804 1449 989 1497 mutus
1036 1449 1120 1496 est
1149 1441 1243 1512 qui
1273 1457 1373 1497 nec
1403 1457 1565 1497 aures
1606 1456 1708 1496 nec
1734 1455 1796 1497 os

206 1529 386 1597 aperit
419 1528 487 1583 ad
518 1529 787 1585 audienda
824 1530 990 1585 verba
1021 1529 1116 1585 Dei
1147 1539 1202 1585 et
1224 1530 1646 1601 pronuntianda.
1676 1529 1797 1583 Pri-

207 1635 298 1673 ma
347 1620 541 1675 salutis
581 1620 751 1690 janua
796 1629 900 1686 est,
957 1620 1234 1676 inﬁrmum
1280 1622 1347 1678 de
1395 1621 1555 1676 turba
1586 1620 1793 1677 seduci.

203 1710 364 1777 Quoi
392 1709 453 1764 ﬁt
488 1726 611 1766 cum
642 1711 1054 1782 apprehendens
1085 1712 1348 1769 Dominus
1392 1721 1629 1768 mentem
1672 1728 1798 1783 pec-

205 1802 346 1859 catis
368 1801 703 1872 laugnidam,
733 1812 924 1858 evocat
948 1820 977 1858 a
1003 1804 1283 1860 consuetis
1306 1805 1571 1871 moribus,
1596 1813 1649 1859 et
1668 1819 1796 1874 pro-

1904 611 2040 667 Tim.
2073 612 2155 682 n).
2189 630 2208 664 ι

1976 724 1994 756 ι
2043 702 2111 758 Et
2131 702 2387 773 praecepit
2407 702 2488 758 eis
2532 716 2601 757 ne
2628 701 2716 757 cui
2765 698 3026 757 dicerent.
3059 698 3277 767 Quanto
3300 708 3485 756 autem

1899 796 1978 850 eis
2000 795 2366 865 praecipiebat,
2396 803 2550 850 tanto
2576 794 2748 865 magis
2770 794 2892 864 plus
2926 793 3315 865 praedicabant,
3339 800 3394 848 et
3420 805 3489 847 eo

1900 889 2135 960 amplius
2179 888 2612 956 admirabantur,
2651 889 2893 945 dicentes
2934 903 2947 940 :
2992 886 3136 942 Bene
3175 885 3359 941 omnia
3405 883 3490 943 fe-

1899 982 2076 1049 cit;et
2101 981 2300 1037 surdos
2331 980 2459 1036 fecit
2505 981 2695 1036 audire
2739 993 2793 1036 et
2846 993 3028 1036 mutos
3079 978 3253 1050 loqui.
3293 999 3312 1033 ι
3361 977 3486 1035 Non

1900 1074 1954 1129 in
1996 1075 2294 1131 virtutibus
2324 1074 2667 1145 gloriandum
2696 1088 2818 1128 esse
2867 1073 3071 1141 docuit,
3100 1073 3194 1129 sed
3238 1072 3292 1127 in
3320 1087 3486 1128 cruce

1898 1176 1954 1223 et
2005 1167 2401 1223 humiliatione.
2479 1166 2771 1222 ﬂumilitas
2845 1168 2992 1222 enim
3067 1167 3325 1238 praecedit
3390 1182 3486 1222 su-

1899 1271 1997 1326 per
2026 1256 2279 1324 gloriam.
2304 1253 2452 1308 Ordo
2481 1255 2772 1309 verborum
2800 1265 2884 1310 est
2916 1273 2929 1308 :
2955 1254 3174 1321 Quanto
3199 1263 3381 1311 autem
3403 1255 3485 1310 eis

1898 1347 2263 1417 praecipiebat,
2316 1354 2467 1401 tanto
2496 1347 2619 1416 plus
2666 1346 3054 1417 prtedieabant.
3103 1347 3309 1402 Civitas
3337 1346 3483 1401 enim

1899 1438 1955 1493 in
1977 1449 2163 1493 monte
2189 1438 2366 1508 posita
2392 1438 2633 1508 undique
2654 1438 3053 1509 circumSpecta
3086 1438 3350 1494 abscondi
3373 1453 3485 1493 non

1899 1540 2076 1602 potest
2105 1530 2320 1599 (Matth.
2351 1530 2427 1602 v).
2471 1528 2690 1586 Sciebat
2733 1529 2900 1598 igitur
2954 1529 3049 1601 qui
3103 1531 3287 1585 omnia
3335 1529 3489 1584 novit

1899 1631 2025 1676 ante
2042 1635 2206 1692 quam
2230 1619 2363 1675 ﬁant
2381 1620 2508 1691 quia
2528 1620 2705 1691 magis
2719 1620 3097 1691 prtediearent,
3115 1619 3209 1675 sed
3233 1620 3336 1675 hoc
3355 1636 3489 1691 prae-

1899 1717 2148 1787 cipiendo
2178 1716 2353 1771 voluit
2403 1716 2574 1789 pigris
2603 1716 2915 1785 ostendere,
2946 1724 3154 1789 quanto
3185 1718 3487 1774 studiosius

1899 1819 2215 1881 quantoque
2272 1809 2613 1880 frequentius
2657 1809 2957 1880 przedicare
2995 1810 3229 1867 debeant
3285 1811 3488 1881 quibus

204 1902 371 1947 vocat
393 1894 462 1948 ad
500 1910 597 1949 sua
641 1903 928 1965 praecepta.
961 1894 1124 1950 Mittit
1159 1896 1359 1968 digitos
1405 1897 1460 1951 in
1493 1897 1791 1965 auriculas,
1827 1883 1869 1942 Β
1891 1905 2117 1976 jubetur
2148 1913 2208 1960 ut
2232 1905 2548 1975 praedicent,
2583 1905 2804 1976 quando
2830 1905 3052 1976 quidem
3082 1905 3159 1960 illi
3187 1904 3279 1977 qui
3299 1903 3488 1975 probi—

202 2002 335 2041 cum
377 2002 476 2056 per
523 1987 661 2043 dona
688 1988 869 2043 sancti
919 1987 1156 2058 Spiritus
1198 2006 1359 2045 aures
1407 1990 1590 2046 cordis
1621 1990 1795 2061 aperit

201 2077 272 2131 ad
306 2078 739 2150 intelligentiam.
770 2079 1057 2150 Exspuens
1099 2080 1366 2136 Dominus
1398 2081 1643 2153 linguam
1673 2089 1795 2136 tan-

202 2168 280 2237 git
313 2170 525 2238 aegroti,
558 2185 681 2225 cum
719 2170 787 2225 ad
829 2168 1233 2227 confessionem
1262 2170 1386 2225 fidei
1422 2187 1517 2227 ora
1548 2171 1792 2227 catechi-

201 2269 455 2314 zatorum
505 2260 746 2316 instruit.
798 2261 1031 2332 Sputum
1110 2278 1348 2333 namque
1378 2278 1543 2334 sapor
1580 2273 1665 2320 est
1706 2280 1795 2320 sa-

199 2352 444 2421 pientia}.
478 2350 631 2408 Unde
658 2353 790 2409 illud
816 2372 829 2410 :
859 2374 877 2405 ι
911 2353 1022 2426 Ego
1041 2370 1108 2410 ex
1146 2370 1240 2411 ore
1281 2355 1547 2411 Altissimi
1580 2357 1794 2427 prodivi

200 2441 401 2513 (Eccli.
431 2444 605 2516 xxiv).
645 2464 663 2497 ι
699 2445 956 2517 Suspexit
979 2447 1247 2505 Dominus
1271 2448 1325 2503 in
1358 2449 1579 2516 etelum,
1610 2458 1669 2504 ut
1710 2450 1795 2504 in-

200 2536 271 2591 de
302 2539 468 2593 mutis
508 2539 803 2609 loquelam,
856 2541 1038 2597 surdis
1079 2542 1347 2609 auditum,
1380 2543 1593 2598 cunctis
1642 2543 1795 2598 intir—

200 2632 312 2687 mis
336 2632 600 2686 medelam
633 2632 853 2688 doceret
878 2648 999 2689 esse
1030 2635 1401 2704 quaerendam.
1425 2633 1694 2704 Ingemuit
1732 2644 1792 2694 ut

200 2722 361 2779 daret
396 2724 553 2779 nobis
578 2726 887 2795 exemplum
924 2726 1175 2798 gemendi
1200 2736 1253 2782 et
1275 2742 1376 2796 pro
1405 2726 1587 2794 nobis,
1610 2736 1663 2782 et
1693 2743 1792 2800 pro

200 2818 493 2887 proximis.
556 2817 877 2890 Ephphetha
935 2820 1155 2891 proprie
1205 2820 1442 2891 pertinet
1491 2820 1558 2875 ad
1606 2837 1789 2877 aures.

204 2908 362 2964 Unde
385 2919 440 2965 et
493 2911 790 2966 subditur:
838 2929 857 2963 ι
906 2910 971 2966 Ει
1002 2912 1186 2967 statim
1240 2920 1441 2982 apertae
1479 2920 1609 2967 sunt
1630 2927 1793 2968 aures

197 3004 346 3073 ejus.
377 3024 397 3057 ι
450 3001 549 3059 llic
598 3012 819 3058 notatur
871 3013 1104 3075 utraque
1145 3002 1525 3075 Redemptoris
1572 3012 1787 3059 natura.

197 3096 416 3149 (ludum
465 3095 708 3167 suscepit
755 3104 816 3150 ut
848 3095 1037 3163 homo,
1068 3102 1226 3151 curat
1278 3103 1339 3150 ut
1373 3094 1538 3151 Deus.
1576 3095 1681 3162 Qui
1714 3095 1794 3150 sic

196 3203 450 3256 curatur,
483 3189 620 3244 bene
645 3197 824 3259 potest
870 3189 1095 3244 dicere:
1134 3206 1154 3239 ‹
1207 3187 1456 3254 Domine,
1490 3188 1633 3244 labia
1673 3204 1792 3243 mea
1822 3227 1865 3284 ϐ
1904 3208 1923 3241 ι
1968 3197 2085 3244 tum
2135 3198 2219 3245 est
2256 3189 2532 3246 vinculum
2582 3190 2782 3261 linguae
2824 3190 2944 3261 ejus
2996 3207 3009 3243 :

197 3282 439 3351 aperies,
495 3289 551 3336 et
601 3296 666 3336 os
718 3296 899 3337 meum
963 3280 1312 3336 annuntiabit
1369 3278 1584 3335 laudem
1644 3289 1794 3336 tuam

198 3370 385 3443 (Psal.
410 3373 484 3442 L).
521 3390 542 3425 ι

274 3464 468 3519 Aliter.
532 3463 719 3519 Genus
767 3464 1070 3520 humanum
1129 3474 1390 3535 tanquam
1438 3479 1584 3520 unus
1629 3463 1796 3519 homo

196 3556 360 3610 varia
400 3564 552 3626 peste
618 3565 939 3627 assumptus
1009 3557 1064 3611 in
1138 3556 1478 3627 protoplasto
1534 3565 1791 3620 caecatur,

198 3649 341 3705 dum
397 3649 571 3717 videt;
637 3650 838 3705 surdus
885 3649 978 3715 tit,
1046 3648 1175 3704 dum
1236 3650 1423 3717 audit;
1470 3648 1602 3704 dum
1663 3648 1797 3703 odo-

199 3751 313 3806 rat,
339 3742 683 3814 emungitur;
708 3742 1056 3809 obmutescit,
1086 3742 1218 3798 dum
1263 3742 1533 3812 loquitur;
1565 3755 1795 3796 mancus

199 3836 297 3902 ﬁt,
334 3836 465 3891 dum
498 3851 724 3889 manum
770 3835 959 3906 erigit;
1003 3835 1343 3898 incurvatur,
1369 3833 1499 3888 dum
1543 3833 1791 3902 erigitur;

197 3927 541 4002 hydropicus
565 3927 643 3995 tit,
681 3929 810 3983 dum
836 3926 1173 3998 concupiscit
1197 3945 1211 3993 ;
1244 3926 1493 3991 claudus,
1515 3925 1644 3980 dum
1672 3940 1797 3994 pro-

197 4022 483 4096 greditur;
515 4022 666 4091 lepra
695 4020 1050 4086 suil‘unditur,
1080 4018 1211 4073 dum
1244 4017 1504 4084 nudatur;
1547 4016 1795 4071 daemone

196 4117 485 4187 impletur,
511 4115 640 4169 dum
694 4113 1036 4169 divinitatem
1072 4111 1303 4181 appetit;
1329 4109 1563 4165 moritur
1597 4116 1793 4175 morte,

195 4208 339 4263 dum
384 4207 645 4263 audacter
693 4213 937 4261 excusat.
983 4202 1317 4258 Patriarehze
1366 4211 1547 4258 autem
1590 4209 1647 4271 et
1669 4215 1798 4271 pro-

198 4300 388 4370 pheta:
458 4299 893 4354 incarnationem
958 4296 1331 4352 desiderantes
1404 4293 1796 4350 misericordiae

200 4407 435 4446 manum
476 4399 775 4461 precantur
821 4389 1049 4460 imponi.
1119 4387 1347 4458 Semper
1384 4402 1416 4443 a
1461 4385 1795 4442 turbulentis

196 4485 636 4556 cogitationibus
677 4492 732 4539 et
776 4483 914 4538 actis
961 4482 1286 4538 inordinatis
1335 4479 1796 4548 sermonibusque

1896 1997 2187 2065 bebantur,
2218 2006 2400 2053 tacere
2424 2013 2534 2052 non
2560 2004 2831 2068 poterant.

2252 2088 2533 2159 Expositio
2564 2087 2806 2159 Gregorii
2833 2088 2897 2142 de
2924 2086 3125 2143 eodem.

1967 2181 2278 2239 ϐιιεαοιιιυε
2326 2199 2340 2235 :
2382 2201 2401 2236 ‹
2438 2181 2766 2236 Audivimus
2811 2180 2976 2235 verba
3002 2179 3117 2235 Dei.
3144 2180 3203 2235 Si
3230 2179 3509 2250 facimus,

1896 2281 1951 2330 et
1973 2283 2105 2330 tunc
2145 2290 2208 2329 ea
2239 2283 2383 2329 recte
2411 2274 2678 2345 proximis
2708 2272 3004 2344 loquimur,
3039 2288 3162 2327 cum
3193 2272 3346 2344 prius
3380 2272 3488 2346 ipsi

1896 2368 2207 2422 fecerimus.
2246 2366 2279 2433 ἶ»
2315 2365 2469 2432 Quod
2502 2366 2638 2421 bene
2666 2363 2883 2421 Marcus
2914 2365 3248 2435 evangelista
3277 2364 3485 2421 contir-

1897 2468 2011 2512 mat
2034 2473 2158 2513 cum
2187 2456 2390 2512 factum
2417 2454 2632 2511 Domini
2662 2454 2985 2511 miraculum
3024 2464 3229 2522 narrat,
3254 2455 3443 2511 dicens
3469 2473 3484 2509 :

1903 2561 1923 2595 ι
1968 2543 2259 2599 Adducunt
2313 2543 2458 2600 enim
2511 2544 2738 2600 surdum
2766 2552 2820 2599 et
2846 2553 3083 2611 mutum,
3129 2553 3183 2600 et
3223 2544 3486 2615 depreca-

1904 2655 1922 2689 ι
1968 2637 2170 2691 bantur
2198 2652 2327 2693 eum
2352 2646 2413 2692 ut
2441 2637 2689 2709 imponat
2718 2637 2794 2691 illi
2826 2653 3049 2692 manum
3085 2636 3279 2709 (Marc.
3306 2637 3425 2708 vn).
3460 2656 3482 2689 ι

1896 2726 2068 2797 Cujus
2100 2728 2348 2785 ordinem
2380 2728 2685 2784 curationis
2718 2728 2982 2794 insinuat,
3016 2743 3140 2783 cum
3174 2727 3357 2783 subdit
3397 2727 3486 2781 di-

1896 2835 2025 2876 cens
2055 2838 2067 2874 :
2125 2839 2144 2872 ‹
2204 2820 2351 2877 Misit
2385 2822 2586 2893 digitos
2617 2837 2761 2893 suos
2780 2823 2834 2876 in
2879 2822 3178 2888 auriculas,
3212 2836 3489 2892 exspuens

1904 2932 1923 2965 ι
1968 2913 2146 2984 tetigit
2175 2913 2417 2982 linguam
2450 2913 2591 2984 ejus,
2625 2922 2680 2969 et
2711 2890 3018 2984 suspiciens
3068 2913 3121 2968 in
3171 2914 3371 2970 caelum
3403 2912 3489 2967 iu—

1901 3022 1920 3057 ι
1967 3005 2193 3076 gemuit,
2227 3015 2281 3061 et
2329 3005 2406 3060 ait
2454 3005 2531 3060 illi
2560 3024 2573 3061 :
2607 3005 2951 3077 Ephphetha,
2981 3006 3128 3077 quod
3154 3014 3238 3062 cst
3283 3004 3486 3075 adape-

1902 3114 1921 3148 ι
1971 3098 2079 3152 rire
2104 3114 2117 3150 :
2143 3106 2199 3153 et
2226 3098 2408 3153 statim
2453 3106 2654 3168 aperta:
2695 3107 2824 3153 sunt
2851 3114 3014 3154 aures
3043 3099 3163 3171 ejus
3186 3107 3239 3153 et
3276 3098 3488 3154 resolu-

3063 3199 3118 3246 et
3162 3190 3489 3262 loquebatur

1904 3300 1925 3335 ι
1968 3291 2114 3337 recte
2142 3281 2320 3354 (ibid).
2357 3302 2376 3336 ι
2412 3281 2551 3351 Quid
2581 3288 2676 3353 est;
2704 3282 2848 3338 enim
2882 3283 3029 3355 quod
3078 3283 3309 3340 Creator
3331 3290 3486 3349 ,‘om-

1897 3373 2050 3429 nium
2084 3373 2389 3442 Deus,cum
2419 3374 2646 3431 surdum
2672 3384 2724 3430 et
2747 3384 2959 3431 mutum
2991 3392 3188 3432 sanare
3203 3376 3484 3441 voluisset,

1899 3465 1952 3520 in
1981 3480 2142 3521 aures
2166 3465 2315 3521 illius
2357 3465 2557 3538 digitos
2601 3481 2733 3521 suos
2764 3465 2931 3530 misit,
2966 3476 3019 3522 et
3056 3483 3331 3538 exspuens
3377 3466 3479 3521 lin-

1898 3573 2061 3628 gnam
2098 3558 2218 3628 ejus
2269 3558 2481 3630 tetigit?
2528 3556 2670 3625 Quid
2717 3574 2811 3628 per
2846 3557 3487 3644 Redemptoris‘digitos,

1898 3648 2004 3702 nisi
2039 3648 2177 3704 dona
2215 3650 2391 3705 sancti
2421 3648 2659 3721 Spiritus
2688 3648 3073 3721 designantur?
3102 3644 3256 3707 Unde
3282 3668 3405 3706 cum
3431 3651 3487 3705 iu

1899 3740 2006 3794 alio
2035 3741 2155 3796 loco
2185 3741 2436 3812 ejeeisset
2468 3742 2824 3809 daemonium,
2853 3742 2988 3798 dixit
3025 3760 3038 3795 :
3075 3761 3095 3795 ι
3135 3743 3191 3799 Si
3222 3744 3276 3799 in
3318 3744 3488 3814 digito
3552 3737 3559 3743 ’

1904 3851 1923 3885 ι
1966 3832 2062 3888 Dei
2089 3833 2251 3903 ejicio
2296 3834 2590 3902 daemonia,
2621 3834 2867 3904 profecto
2901 3837 3147 3906 pervenit
3181 3837 3234 3891 in
3276 3852 3374 3892 vos
3402 3851 3491 3892 re-

1905 3939 1923 3973 (
1971 3937 2139 3992 gnum
2169 3920 2264 3975 Dei
2292 3921 2444 3993 (Luc.
2474 3922 2575 3993 xx).
2610 3942 2629 3974 ι
2663 3923 2776 3990 Qua
2803 3923 2870 3979 de
2894 3941 2953 3979 re
2972 3941 3070 3995 per
3095 3927 3487 3997 evangelistam

1897 4014 2064 4069 alium
2095 4012 2302 4069 dixisse
2328 4013 2658 4069 describitur
2692 4033 2705 4069 :
2745 4033 2764 4066 ι
2799 4014 2856 4069 Si
2882 4031 2983 4087 ego
3008 4018 3060 4070 in
3087 4015 3296 4087 Spiritu
3325 4020 3487 4090 ejicio

1904 4121 1924 4155 ‹
1969 4106 2264 4170 daemones,
2313 4102 2477 4174 igitur
2547 4103 2794 4173 pervenit
2844 4102 2900 4157 in
2957 4120 3056 4159 vos
3109 4122 3337 4179 regnum
3390 4106 3487 4163 Dei

1912 4215 1928 4250 ι
1971 4196 2190 4268 (Matth.
2232 4194 2355 4268 xu).
2408 4213 2427 4248 ›
2466 4193 2549 4249 Ex
2579 4211 2690 4265 quo
2745 4205 2979 4266 utroque
3025 4196 3148 4252 loco
3190 4199 3486 4271 colligitur,

1898 4290 2045 4361 quod
2084 4290 2287 4361 digitus
2331 4288 2428 4344 Dei
2477 4289 2715 4360 Spiritus
2746 4298 2969 4346 sanctus
2995 4300 3242 4348 vocatur.
3274 4293 3487 4366 Digitos

1897 4397 2028 4455 ergo
2051 4383 2107 4437 in
2135 4382 2413 4437 auriculas
2442 4383 2660 4438 mittere
2686 4391 2770 4439 est
2792 4399 2888 4455 per
2918 4384 3059 4440 dona
3091 4385 3267 4442 sancti
3314 4385 3489 4457 Spiri-

1899 4484 1987 4531 tus
2014 4484 2252 4531 mentem
2281 4475 2434 4531 surdi
2463 4476 2530 4531 ad
2567 4476 2896 4532 audiendum
2952 4478 3186 4549 aperire.
3230 4477 3371 4546 Quid
3403 4487 3490 4535 est

198 4576 587 4647 incompositis
630 4575 789 4647 quasi
835 4575 903 4631 de
947 4574 1104 4629 turba
1148 4572 1564 4653 deducituquui
1611 4570 1794 4627 sanari
1827 4574 1871 4631 D
1900 4584 2031 4625 vero
2058 4569 2204 4641 quod
2227 4585 2503 4641 exspuens
2531 4570 2770 4641 linguam
2801 4571 2922 4642 ejus
2955 4571 3159 4643 tetigit?
3176 4569 3357 4627 Saliva
3384 4587 3490 4627 no.

196 4666 471 4723 meretur.
528 4665 688 4737 Digiti
737 4666 831 4736 qui
867 4666 920 4720 in
953 4680 1117 4720 aures
1152 4665 1444 4719 mittuntur
1470 4671 1599 4719 suut
1632 4661 1795 4717 verba

199 4759 448 4831 Spiritus
495 4759 692 4825 sancti,
723 4759 791 4814 de
840 4773 951 4828 quo
980 4758 1184 4813 dicitur
1214 4773 1228 4810 :
1278 4775 1297 4809 ε
1348 4755 1561 4827 Digitus
1584 4753 1677 4809 Dei
1713 4762 1798 4809 est

198 4854 296 4908 hic
321 4850 520 4923 (Exod.
561 4849 706 4921 vni),
742 4869 760 4902 ι
811 4858 908 4906 et:
947 4869 967 4902 α
1016 4850 1193 4921 Opera
1233 4849 1530 4920 digitorum
1574 4857 1795 4903 tuorum

197 4952 340 5000 sunt
369 4944 491 4999 coeli
524 4942 697 5015 (Psal.
751 4943 895 5014 vin).
935 4962 955 4996 ι
995 4942 1229 5013 Sputum
1259 4942 1327 4997 de
1355 4942 1531 5013 capite
1571 4941 1798 4996 descen-

195 5038 343 5093 dens
375 5047 458 5093 est
486 5036 754 5108 sapientia
786 5052 850 5091 ex
880 5035 1062 5101 Patre,
1092 5049 1217 5106 qua:
1240 5034 1403 5090 solvit
1430 5032 1573 5089 labia
1598 5032 1794 5087 huma-

200 5132 263 5186 ni
295 5131 535 5203 generis,
566 5140 628 5186 ut
654 5131 800 5187 dicat
847 5147 860 5184 :
918 5149 937 5183 ι
979 5130 1157 5186 Credo
1184 5130 1241 5185 in
1283 5129 1454 5184 Deum
1498 5127 1734 5196 Patrem,
1772 5145 1790 5178 ι

196 5234 311 5278 etc.
347 5242 366 5275 ι
402 5221 720 5293 Suspiciens
743 5223 797 5278 in
818 5223 1019 5279 coelum
1045 5221 1310 5293 ingemuit
1337 5238 1382 5289 ι,
1407 5220 1461 5275 id
1481 5228 1565 5276 est
1583 5234 1799 5291 gemere

197 5330 310 5369 nos
332 5313 540 5380 docuit,
584 5322 638 5369 et
673 5314 728 5369 in
772 5314 972 5370 omium
1017 5313 1338 5369 thesaurum
1385 5310 1556 5367 nostri
1613 5308 1798 5365 cordis

195 5406 441 5476 erigere,
469 5406 617 5476 quod
645 5413 769 5476 post
811 5406 1295 5475 compunctionem
1328 5419 1359 5459 a
1390 5401 1583 5457 frivola
1613 5401 1799 5456 laetitia

194 5499 396 5554 carnis
428 5507 715 5569 purgatur,
747 5508 810 5553 ut
849 5498 1054 5554 dicitur
1090 5516 1105 5553 :
1140 5517 1159 5550 ι
1198 5497 1497 5569 Rugieham
1540 5511 1570 5550 a
1596 5493 1800 5566 gemitu

198 5591 398 5647 cordis
441 5592 547 5646 mei
586 5590 762 5663 (Psal.
796 5600 1030 5649 xxxv").
1089 5610 1107 5644 ι
1154 5591 1491 5662 Aperiantur
1524 5605 1688 5645 aures
1732 5588 1801 5644 ad

200 5682 453 5754 hymnos
495 5690 549 5738 et
593 5682 828 5750 cantica,
859 5693 913 5739 et
940 5683 1202 5755 psalmos.
1232 5682 1475 5738 Solvitur
1506 5682 1711 5753 lingua,
1744 5689 1804 5736 ut

160 5783 425 5842 ,eructet
477 5774 709 5829 verbum
749 5775 952 5833 bonum
979 5820 994 5845 ,
1030 5777 1178 5849 quod
1220 5792 1328 5831 non
1370 5784 1602 5848 possunt
1641 5774 1803 5829 minae

195 5881 314 5929 uec
340 5866 511 5924 verba
536 5864 814 5925 cohibere.
847 5867 999 5928 Unde
1039 5867 1242 5925 Paulus
1294 5886 1308 5924 '.
1359 5885 1378 5922 ἰ
1422 5866 1536 5941 Ego
1587 5866 1801 5923 vinctus

1898 4663 1985 4719 bis
2032 4672 2118 4719 est
2164 4679 2229 4719 ex
2276 4678 2375 4719 ore
2429 4661 2811 4733 Redemptoris
2867 4673 3086 4734 accepta
3115 4662 3381 4733 sapientia
3430 4663 3487 4719 in

1898 4755 2120 4825 eloquio
2148 4755 2353 4810 divino.
2388 4754 2570 4811 Saliva
2598 4757 2800 4828 quippe
2854 4773 2920 4813 ex
2965 4755 3141 4826 capite
3194 4755 3382 4811 deﬂuit
3428 4759 3485 4811 in

1899 4861 2014 4902 ore.
2043 4846 2181 4902 Cum
2205 4861 2335 4918 ergo
2362 4847 2651 4916 sapientia,
2696 4864 2819 4917 quae
2854 4848 2969 4918 ipse
2991 4855 3094 4911 est,
3126 4846 3257 4901 dum
3300 4846 3485 4918 lingua

1899 4949 2086 4996 nostra
2116 4940 2376 5012 tangitur,
2411 4956 2538 4995 mox
2569 4942 2636 4996 ad
2663 4941 3067 5012 praedicationis
3094 4941 3257 4997 verba
3281 4940 3487 4998 forma-

1900 5044 2009 5089 tur.
2036 5031 2140 5100 Qui
2181 5033 2487 5104 suspiciens
2530 5033 2585 5088 in
2615 5034 2816 5091 ccelum
2860 5034 3146 5106 ingemuit,
3181 5049 3294 5090 non
3336 5034 3485 5105 quod

1901 5125 2017 5197 ipse
2047 5126 2416 5181 necessarium
2448 5126 2710 5197 gemitum
2754 5128 2979 5184 haberet
3022 5129 3116 5200 qui
3146 5129 3312 5185 dabat
3341 5129 3488 5199 quod

1900 5217 2299 5289 postulabatur,
2347 5218 2442 5273 sed
2492 5234 2594 5274 nos
2639 5220 2705 5275 ad
2744 5219 2916 5277 Deum
2946 5235 3163 5293 gemere
3208 5222 3302 5293 qui
3342 5220 3487 5276 ccelo

1902 5309 2153 5381 praesidet
2179 5309 2385 5377 docuit,
2419 5319 2557 5367 utet
2587 5328 2748 5369 aures
2775 5325 2975 5370 nostrae
3005 5329 3104 5384 per
3130 5314 3275 5369 bona
3311 5310 3488 5382 Spiri-

1903 5409 1992 5457 tus
2020 5400 2243 5471 aperiri,
2267 5409 2321 5456 et
2351 5401 2593 5473 linguam
2620 5420 2716 5473 per
2742 5405 2972 5459 salivam
3017 5405 3150 5472 oris,
3199 5404 3251 5459 id
3282 5412 3367 5459 est
3391 5417 3489 5472 per

1903 5492 2186 5548 scientiam
2241 5492 2439 5548 divinze
2471 5494 2764 5551 locutionis
2816 5495 2954 5550 solvi
2980 5494 3174 5549 debeat
3222 5493 3290 5548 ad
3320 5493 3489 5549 verba

1904 5584 2328 5656 praedicationis.
2357 5584 2459 5639 Cui
2494 5601 2623 5639 mox
2656 5604 2675 5637 ε
2726 5584 3069 5656 Ephphetha,
3096 5585 3148 5640 id
3171 5592 3254 5640 εει
3287 5584 3490 5655 adape-

1905 5680 2014 5735 rire
2045 5699 2064 5732 ι
2093 5678 2314 5744 dicitur,
2349 5697 2366 5729 ι
2393 5686 2446 5733 ει
2473 5678 2655 5735 statim
2689 5687 2887 5749 apertae
2911 5685 3041 5732 sunt
3062 5692 3223 5732 aures
3262 5676 3403 5747 ejus,
3434 5684 3491 5733 et

1906 5773 2144 5829 solutum
2173 5781 2257 5828 est
2286 5771 2563 5827 vinculum
2595 5771 2792 5841 lingnze
2823 5769 2960 5841 ejus.
3002 5788 3020 5822 ι
3059 5768 3176 5837 Qua
3208 5769 3263 5824 in
3293 5783 3352 5827 re
3387 5783 3489 5823 no-

1908 5875 1927 5922 t
1964 5864 2131 5922 udum
2163 5872 2246 5920 est
2281 5864 2409 5934 quia
2458 5870 2677 5934 propter
2708 5861 2926 5918 clausas
2956 5876 3118 5917 aures
3160 5860 3367 5918 dictum
3405 5862 3490 5915 est
