3950 6380
129 350 296 411 H13

1048 348 1623 409 DEFI.O[IA'I'IONES
1660 353 1760 411 SS.
1800 354 2112 413 PATRUM.
2153 387 2222 397 —
2263 355 2389 413 LIB.
2432 356 2495 413 Il.

3281 363 3420 421 IIII

128 468 468 541 septenario
522 484 754 525 numero
802 469 1040 524 volvitur
1086 470 1323 537 dierum,
1374 480 1499 542 post
1544 474 1745 531 multas
1775 489 1823 545 Α
1851 475 2091 531 hominis
2119 475 2387 532 ineodem
2420 486 2574 533 utero
2593 477 2885 535 nutriatur.
2919 475 3046 534 Tria
3077 477 3275 551 quippe
3294 492 3429 540 sunt

130 560 414 632 angarias
442 576 580 631 quas
606 576 766 629 passa
791 560 875 615 vel
904 576 1133 631 passura
1169 571 1252 617 est
1274 562 1378 617 sub
1404 564 1623 634 regibus
1647 565 1748 619 hu-

128 651 237 723 jus
269 651 576 721 spiritualis
612 650 941 722 Babyloniae,
976 652 1040 719 in
1087 652 1365 709 easiestem
1403 651 1746 710 Hierusalem

132 759 378 800 reversa
433 752 535 809 est,
597 743 729 798 nulli
790 744 1020 799 ulterius
1081 744 1392 801 confusioni
1453 747 1744 804 servitura.

135 833 314 890 Unde
338 835 471 890 dicit
515 835 851 905 Apostolus:
889 855 907 887 ι
944 834 1181 890 V’anitati
1210 846 1459 891 creatura
1503 836 1746 908 subjecta

134 936 234 982 est
270 942 382 981 non
423 928 632 993 volens,
670 928 763 983 sed
797 938 1021 999 propter
1043 944 1167 984 eum
1205 930 1301 999 qui
1347 929 1582 1000 subjecit
1625 946 1747 986 eam

135 1017 200 1071 in
239 1033 365 1087 spe,
393 1018 652 1088 quoniam
692 1027 748 1073 et
778 1018 894 1089 ipsa
926 1028 1179 1075 creatura
1210 1020 1532 1075 liberabitur
1572 1038 1601 1076 a
1631 1039 1749 1078 ser-

134 1109 331 1164 vitute
353 1110 722 1180 corruptionis
754 1111 920 1183 hujus
955 1112 1009 1166 in
1054 1112 1360 1167 libertatem
1384 1112 1577 1182 gloriae
1610 1114 1750 1168 (ilio-

136 1216 277 1255 rurn
316 1200 411 1255 Dei
447 1201 621 1273 (Rom.
655 1204 793 1274 vin).
830 1222 849 1255 ι
878 1202 981 1259 Per
1008 1204 1124 1260 haec
1150 1214 1395 1274 tempora
1422 1207 1607 1261 omnia
1638 1222 1748 1262 non

138 1293 449 1350 defuerunt
480 1296 579 1350 viri
606 1296 763 1366 justi,
798 1296 995 1352 futura:
1020 1296 1277 1352 Ecclesia:
1322 1297 1601 1364 membra;
1636 1313 1748 1352 non

141 1386 455 1442 defuerunt
484 1390 686 1459 cuique
722 1391 953 1461 tempori
985 1406 1225 1461 congrua
1258 1399 1601 1446 sacramenta
1625 1401 1750 1446 tan»

141 1494 325 1548 quam
357 1479 539 1549 populi
572 1479 929 1534 nutrimenta.
976 1478 1051 1534 De
1081 1479 1285 1549 quibus
1317 1487 1543 1549 possent
1577 1480 1749 1534 multa

144 1570 405 1637 recitari,
457 1570 563 1626 nisi
613 1571 960 1628 studeremus
1015 1571 1285 1626 brevitati.
1357 1572 1437 1627 Ad
1496 1571 1749 1626 ultimum

145 1648 314 1719 sexta
338 1671 494 1718 aetate
516 1663 583 1718 de
610 1661 828 1734 Virgine
853 1672 1015 1718 natus
1037 1673 1120 1718 est
1141 1663 1415 1728 Christus,
1433 1662 1576 1717 sicut
1596 1672 1749 1718 sexta

141 1755 241 1809 die
273 1755 344 1810 de
370 1764 513 1811 terra
545 1755 757 1825 virgine
784 1755 1087 1825 plasmatus
1112 1763 1197 1810 est
1226 1753 1617 1825 protoplastus.
1651 1753 1751 1810 llic

1849 566 2051 636 quibus
2078 581 2253 637 usque
2283 567 2350 622 ad
2380 567 2763 623 indumentum
2788 569 3043 626 novitatis
3068 570 3427 641 baptizandus

1849 658 2173 728 concipitur,
2205 658 2522 714 eateehismi
2549 660 2755 716 scilicet
2782 670 2837 717 et
2862 661 3179 728 exorcismi,
3210 673 3264 718 et
3292 678 3390 719 ora
3411 693 3424 705 -

1849 747 2048 804 tiones.
2085 747 2472 806 Catechizatur
2498 751 2565 806 ad
2608 752 2714 807 hoc
2743 752 2837 823 qui
2878 752 2943 807 ad
2985 754 3141 808 ﬁdem
3180 765 3423 821 vocatur,

1851 846 1911 893 ut
1944 839 2011 895 ad
2041 842 2189 911 quod
2240 851 2488 910 vocatur,
2536 845 2758 915 proprio
2802 854 3087 900 moveatur
3131 848 3430 903 voluntatis

1849 930 2095 987 arbitrio.
2148 932 2521 1001 Exoreizatur,
2550 944 2607 990 ut
2636 935 2705 990 ab
2734 951 2800 991 eo
2827 938 3026 992 diaboli
3060 948 3300 1008 potestas
3327 938 3433 994 ini-

1849 1038 1958 1093 qua
2004 1025 2323 1095 depellatur.
2376 1026 2611 1083 Additur
2658 1044 2757 1097 pro
2805 1044 2871 1084 eo
2907 1031 3105 1097 oratio,
3152 1042 3211 1085 ut
3257 1030 3432 1100 gratia

1849 1118 2145 1185 praeveniat
2171 1128 2226 1174 et
2270 1128 2559 1190 sequatur.
2623 1135 2745 1190 qum
2796 1121 2939 1177 vires
2988 1123 3225 1193 praebeat
3259 1123 3432 1177 libero

1850 1206 2098 1273 arbitrio,
2127 1217 2181 1262 et
2207 1223 2317 1278 qua
2346 1211 2534 1279 procul
2566 1210 2658 1264 ﬁat
2688 1211 2912 1282 maligni
2944 1213 3169 1283 spiritus
3216 1214 3420 1269 illusio.

1855 1297 2112 1369 Signatur
2130 1300 2313 1371 itaque
2343 1301 2522 1371 primo
2550 1301 2911 1372 baptizandus
2946 1305 3127 1360 crucis
3151 1305 3431 1376 signaculo

1852 1389 1907 1443 in
1936 1389 2134 1458 fronte,
2163 1392 2217 1446 in
2248 1401 2489 1462 pectore,
2526 1394 2580 1449 in
2608 1395 2804 1461 oculis,
2838 1396 2891 1450 in
2930 1396 3176 1463 auribus,
3208 1397 3264 1450 in
3312 1412 3429 1460 ore,

1853 1480 2012 1551 cujus
2039 1482 2237 1538 virtute
2278 1482 2456 1539 victus
2485 1492 2570 1539 est
2610 1485 2884 1553 diabolus,
2938 1494 2993 1541 et
3041 1487 3310 1542 exaltatus
3350 1495 3434 1542 est

1851 1571 2124 1631 Christus.
2179 1572 2331 1631 Unde
2361 1575 2616 1632 Habacuc
2655 1576 2788 1633 dicit
2815 1596 2830 1635 :
2873 1596 2892 1630 ι
2918 1576 3135 1634 Cornua
3166 1578 3222 1633 in
3255 1579 3433 1634 mani-

1852 1663 1958 1720 bus
2011 1665 2132 1735 ejus
2185 1684 2199 1720 :
2256 1665 2331 1721 ibi
2384 1667 2625 1738 reposita
2668 1678 2751 1724 est
2799 1667 3065 1726 fortitudo
3117 1669 3237 1740 ejus
3290 1666 3434 1743 (Ha-

1853 1753 1970 1810 buc.
2004 1755 2108 1826 In).
2146 1774 2166 1809 ι

142 1844 415 1901 Christus
433 1846 559 1901 ﬁnis
572 1845 1111 1917 estlegis,etveritas
1126 1855 1181 1900 et
1198 1846 1480 1916 plenitudo
1499 1847 1745 1901 omnium
1780 1876 1822 1930 Β
1922 1847 2037 1904 Hoc
2063 1864 2191 1918 ergo
2220 1848 2377 1921 signo
2402 1849 2728 1906 muniuntur
2750 1851 2915 1907 totius
2942 1852 3189 1923 corporis
3217 1868 3437 1921 sensus,

144 1937 252 2010 qui
300 1946 696 2007 praecesserant
745 1938 799 1991 in
850 1937 1074 1993 umbras
1123 1944 1615 1993 sacramentorum.
1686 1937 1745 1993 In

146 2028 499 2098 plenitudine
552 2029 835 2099 temporis,
872 2030 1017 2086 sicut
1061 2031 1267 2086 dictum
1314 2039 1417 2097 est,
1462 2039 1624 2087 natus
1665 2041 1749 2087 est

144 2116 435 2187 Christus,
465 2121 659 2188 crevit,
689 2122 756 2177 ad
785 2121 994 2177 virilem
1035 2132 1250 2178 aetatem
1284 2124 1550 2193 pervenit,
1589 2124 1750 2180 trice-

146 2211 300 2266 simo
348 2213 471 2267 vitae
514 2230 629 2269 suae
656 2229 801 2268 anna
838 2214 1003 2286 (sicut
1035 2214 1258 2269 tradunt
1301 2214 1668 2285 evangelistae)
1716 2229 1747 2269 a

146 2301 370 2359 Joanne
397 2305 708 2375 baptizatus
736 2314 841 2371 est,
881 2320 989 2360 non
1030 2306 1160 2375 quia
1206 2305 1461 2377 indignit,
1494 2307 1587 2361 sed
1619 2308 1748 2377 quia

149 2395 281 2464 ejus
316 2396 425 2451 vita
457 2396 791 2453 Christianis
816 2397 1103 2467 disciplina
1139 2414 1354 2452 morum
1386 2396 1508 2452 fuit.
1543 2396 1749 2453 Dehinc

152 2488 323 2558 elegit
352 2490 653 2559 apostolos,
686 2491 1002 2561 prtedicavit
1028 2489 1406 2562 Evangelium,
1452 2490 1748 2547 crucifixus

153 2589 263 2649 est,
299 2581 438 2637 dans
462 2584 622 2639 nobis
652 2584 965 2654 exemplum
1010 2582 1332 2637 humilitatis
1369 2591 1423 2637 et
1450 2582 1746 2653 patientim,

153 2674 318 2728 tertia
366 2674 453 2730 die
483 2676 807 2741 resurrexit,
840 2676 892 2729 in
941 2688 1053 2744 quo
1084 2674 1328 2728 membra
1371 2689 1469 2728 sua
1502 2688 1750 2728 resurre-

154 2764 360 2820 ctionis
390 2781 503 2820 suae
534 2781 630 2836 spe
677 2764 1022 2821 conﬁrmavit
1052 2766 1301 2834 proxime
1346 2765 1517 2820 emlos
1558 2779 1749 2819 ascen-

162 2873 356 2923 surus,
381 2856 682 2928 discipulos
705 2857 837 2924 quid
869 2874 1030 2929 agere
1051 2858 1309 2914 deberent
1338 2856 1641 2920 admonuit,
1665 2854 1750 2909 di-

156 2966 333 3005 cens:
374 2969 394 3002 t
422 2948 519 3016 Ite,
553 2951 744 3006 docete
775 2968 969 3007 otnncs
1010 2959 1219 3023 gentes,
1266 2948 1556 3020 praedicate
1600 2948 1749 3003 omni

158 3056 450 3096 creaturae.
484 3041 587 3109 Qui
620 3042 913 3098 crediderit
934 3052 988 3098 et
1018 3043 1328 3112 baptizatus
1359 3039 1541 3107 fuerit,
1566 3041 1751 3097 salvus

1850 1942 2008 2013 cujus
2036 1941 2235 1997 virtute
2263 1950 2318 1997 et
2353 1943 2537 1998 omnia
2575 1953 2762 1998 nostra
2794 1954 3133 2000 sacramenta
3158 1945 3439 2014 complen~

1851 2044 1960 2102 tur,
2003 2043 2058 2090 et
2095 2034 2280 2090 omnia
2330 2035 2534 2090 diaboli
2583 2036 2838 2108 ﬁgmenta
2885 2036 3249 2105 frustrantur;
3295 2039 3439 2093 sicut

1850 2143 1974 2182 cum
2027 2127 2388 2199 primogenita
2429 2129 2741 2184 delerentur
2781 2129 3023 2201 Egypti,
3056 2130 3290 2200 populus
3332 2129 3438 2184 Il;-

1850 2216 2120 2272 brmorum
2164 2217 2394 2289 signatis
2422 2219 2670 2288 postibus
2707 2219 2997 2275 domorum
3031 2235 3255 2275 suarum
3304 2236 3436 2276 san~

1850 2313 2013 2386 guine
2061 2314 2185 2384 agni
2218 2313 2515 2384 paschalis,
2548 2313 2602 2367 in
2647 2321 2772 2385 typo
2819 2312 3114 2370 Dominicae
3144 2313 3437 2384 passionis,

1851 2405 2092 2460 salvatus
2120 2417 2223 2471 est,
2253 2413 2306 2460 et
2327 2392 2560 2477 populus
2586 2404 2876 2477 IEgyptius
2905 2406 2999 2476 qui
3024 2406 3127 2462 hoc
3162 2406 3319 2476 signo
3342 2422 3439 2461 ca—

1849 2498 1982 2563 ruit,
2023 2498 2077 2553 in
2130 2498 2508 2569 primogenitis
2555 2498 2671 2553 suis
2714 2499 2951 2569 graviter
2994 2514 3288 2569 percussus
3331 2511 3436 2555 est.

1852 2590 2008 2646 Sicut
2043 2590 2185 2661 apud
2231 2588 2565 2645 Ezechielem
2613 2589 2952 2647 Hierusalem
3003 2591 3073 2647 ab
3121 2592 3442 2651 imminente

1851 2681 2005 2736 clade
2054 2680 2333 2735 liberanda
2378 2696 2502 2736 esse
2531 2681 2885 2751 promittitur,
2919 2683 2965 2736 si
2999 2690 3257 2752 tanquam
3301 2684 3439 2754 ﬁgu-

1850 2790 1969 2829 ram
1999 2773 2180 2828 crucis
2211 2772 2523 2843 exprimens
2549 2775 2881 2843 gementium
2921 2782 3085 2844 atque
3110 2774 3436 2837 dolentium,

1852 2865 1905 2920 id
1936 2874 2019 2920 est
2055 2862 2433 2934 pmnitentium
2465 2863 2794 2935 signaretur.
2828 2863 3021 2919 Postea
3044 2865 3206 2920 datur
3228 2865 3308 2920 sal
3346 2864 3443 2919 be-

1853 2956 2129 3011 nedictum
2179 2952 2235 3009 in
2290 2970 2352 3010 os
2398 2955 2575 3025 pueri,
2625 2964 2684 3009 ut
2732 2971 2827 3026 per
2875 2956 3113 3028 typicum
3161 2956 3446 3027 sapicrﬁia:

1854 3047 2021 3104 salem
2047 3048 2323 3112 conditus,
2349 3045 2519 3102 fetore
2542 3055 2727 3103 careat
2750 3046 3077 3118 iniquitatis,
3102 3061 3171 3102 ne
3194 3064 3223 3102 a
3249 3044 3445 3103 vermi-

156 3131 266 3186 erit
296 3129 490 3201 (Marc.
514 3132 648 3201 xvi).
672 3153 690 3184 ι
732 3131 830 3188 IIic
859 3134 1048 3204 paucis
1080 3133 1259 3189 verbis
1282 3132 1545 3187 docemur
1568 3146 1752 3187 sacer-
1807 3211 1818 3212 ﬁ
1853 3140 1957 3195 bus
1982 3140 2242 3195 vitiorum
2274 3141 2416 3195 ultra
2448 3141 2720 3211 putreﬁat,
2757 3141 2852 3196 sed
2881 3141 3230 3212 incorruptus
3259 3157 3444 3197 serve-

157 3222 317 3277 dotes
335 3221 550 3278 Domini
573 3225 946 3294 apostolorum
969 3239 1319 3281 successores
1334 3232 1387 3279 et
1409 3224 1666 3288 vicarios,
1684 3222 1752 3278 de
1780 3211 1824 3272 (ἶ
1858 3238 1947 3284 tur
1972 3230 2039 3284 ad
2069 3226 2468 3300 percipiendam
2506 3228 2709 3285 Christi
2743 3231 2996 3299 gratiam,
3027 3211 3206 3302 neque
3239 3232 3378 3287 ultra
3411 3247 3442 3286 a

159 3314 365 3384 quibus
399 3314 635 3371 dicitur:
670 3315 814 3372 «Pro
859 3317 1110 3387 patribus
1139 3316 1249 3371 tuis
1301 3315 1415 3369 nati
1471 3324 1601 3370 sunt
1654 3313 1752 3369 tibi

164 3407 260 3462 ﬁlii
294 3407 469 3478 (Psal.
503 3408 650 3479 κων)
677 3412 704 3479 ξε
741 3430 759 3462 ι
801 3410 1036 3479 qualiter
1072 3409 1307 3464 debeant
1335 3408 1498 3463 rudes
1522 3408 1754 3478 pepulos

164 3501 368 3556 terreni
397 3502 638 3556 hominis
669 3502 961 3573 imaginem
1001 3502 1183 3556 adhuc
1207 3509 1489 3571 portantes
1516 3500 1755 3556 catechi-

164 3608 312 3659 zare,
338 3594 572 3664 qualiter
593 3593 647 3647 in
677 3592 973 3648 novitatem
1005 3603 1059 3648 et
1082 3592 1285 3647 Christi
1316 3592 1753 3648 conformitatem

165 3685 388 3740 lavacro
416 3699 571 3754 aqua:
595 3683 650 3738 in
675 3684 843 3739 verbo
872 3682 1284 3738 transformare.
1319 3682 1433 3738 Hoc
1452 3683 1524 3738 ita
1548 3683 1753 3739 factum

166 3791 253 3834 est
304 3776 642 3846 temporibus
693 3777 1067 3847 apostolorum
1113 3784 1167 3831 et
1195 3786 1515 3847 martyrum,
1567 3778 1662 3848 qui
1698 3777 1755 3831 in

166 3867 370 3925 Jndaais
397 3878 452 3923 et
480 3868 734 3939 gentibus
763 3867 1115 3939 Evangelium
1146 3866 1290 3936 juris
1321 3866 1756 3937 intelligentihus

168 3971 222 4015 et
249 3961 673 4031 quiluseunque
716 3960 967 4030 personis
1002 3957 1155 4014 verbi
1184 3955 1281 4012 Dei
1324 3958 1618 4028 capacibus
1656 3974 1758 4013 an-

170 4050 579 4106 nuntiaverunt.

849 4157 1069 4198 DIVISIO.

240 4234 534 4305 Postquam
576 4233 818 4289 Ecclesia
859 4234 1083 4289 dilatata
1109 4243 1194 4291 est
1219 4244 1273 4291 et
1302 4242 1628 4306 congregata
1673 4240 1759 4288 est

175 4329 228 4384 in
265 4328 537 4399 gentibus,
587 4341 690 4382 nec
732 4328 872 4381 inter
917 4326 1104 4382 liJeles
1136 4336 1386 4398 repertus
1431 4335 1516 4382 est
1554 4325 1758 4396 aliquis

174 4420 369 4477 adultis
415 4419 536 4475 ﬁdei
584 4435 692 4475 non
724 4419 919 4487 ﬁdelis,
962 4435 1029 4473 ne
1061 4419 1273 4490 parvuli
1310 4435 1504 4474 eorum
1551 4418 1619 4474 dc
1653 4417 1758 4473 hac

176 4514 281 4568 vita
309 4521 433 4568 ante
466 4512 821 4567 rationabiles
857 4527 1034 4568 annos
1065 4521 1329 4567 exeuntes
1368 4510 1535 4566 alieni
1575 4525 1757 4565 rema-

175 4614 362 4661 tierent
383 4622 412 4661 a
438 4606 716 4662 consortio
731 4604 1190 4675 Christi,provisa
1219 4613 1304 4661 est
1332 4604 1442 4659 illis
1462 4603 1629 4659 etiam
1652 4618 1761 4657 me-

178 4698 356 4755 dicina
393 4699 609 4766 salutis,
643 4708 703 4753 ut
727 4699 780 4753 iu
812 4706 1283 4755 sacramentorum
1314 4712 1512 4770 genere
1539 4696 1626 4750 vel
1656 4694 1763 4750 ﬁde

179 4793 243 4847 ad
260 4791 676 4848 catechizandos
698 4790 978 4860 parvulos,
997 4790 1413 4855 exorcizandos,
1438 4788 1758 4852 iniziandos,

179 4893 231 4940 et
256 4884 472 4939 domum
504 4882 883 4954 baptizandos.
922 4881 976 4936 In
1005 4882 1208 4953 quibus
1230 4898 1330 4953 pro
1354 4882 1584 4952 parvulo
1608 4880 1762 4936 audit

188 4975 445 5043 Ecclesia,
476 4984 531 5031 et
557 4976 625 5031 ad
650 4976 982 5046 interrogata
1017 4973 1328 5045 reSpondet,
1360 4976 1539 5031 donec
1569 4991 1766 5045 parvu-

188 5071 270 5127 lus
294 5072 358 5127 ad
391 5071 758 5143 intelligibiles
786 5085 964 5126 annos
998 5068 1299 5140 perveniat,
1328 5077 1384 5124 et
1417 5076 1759 5124 sacramenta

187 5162 325 5227 ﬁdei,
356 5163 641 5218 eharitatis
687 5171 740 5218 et
776 5161 892 5233 spei
921 5160 1027 5218 sibi
1058 5159 1314 5229 imposita
1336 5173 1433 5229 per
1458 5172 1516 5212 se
1556 5156 1761 5210 intelli~

185 5265 289 5329 gat.
316 5254 389 5310 De
419 5255 621 5325 quibus
646 5268 866 5326 quoque
894 5250 1257 5309 sacramentis
1278 5248 1409 5321 quid
1433 5246 1762 5319 signiﬁcent,

187 5360 340 5422 prout
386 5350 655 5406 Dominus
682 5350 914 5406 voluerit
962 5348 1235 5419 inspirare
1280 5345 1538 5403 charitati
1567 5352 1764 5400 vestrae

189 5444 385 5515 aliquid
415 5445 597 5501 dicere
624 5446 1033 5516 proposuimus,
1058 5452 1119 5498 ut
1145 5450 1200 5497 et
1234 5442 1340 5513 ipsi
1385 5449 1640 5497 virtutem
1673 5454 1764 5495 sa—

188 5546 583 5593 cramentorum
616 5537 952 5609 intelligatis,
990 5545 1046 5592 et
1070 5536 1352 5592 auditores
1398 5542 1611 5591 vestros
1658 5534 1761 5588 do-

189 5645 303 5686 cere
326 5629 614 5685 studeatis.
645 5628 957 5685 Notandum
991 5643 1125 5701 ergo
1147 5636 1235 5683 est
1284 5627 1436 5698 prius
1482 5624 1762 5698 quomodo

192 5723 543 5793 oaptizandus
580 5723 635 5779 in
666 5731 827 5778 utero
861 5722 1053 5777 matris
1094 5720 1353 5778 Ecclesiae
1399 5736 1533 5799 puer
1572 5719 1761 5776 conci-

191 5808 381 5890 liatur,
424 5815 626 5888 qubus
649 5812 923 5871 alimentis
953 5828 1127 5885 usque
1161 5812 1229 5868 ad
1257 5812 1593 5869 nativitatem
1634 5811 1758 5868 novi

1791 4560 1838 4620 D

1858 3320 2209 3378 condimento
2242 3319 2523 3389 sapientiae
2553 3320 2805 3391 desipiat,
2839 3336 3015 3392 neque
3040 3329 3186 3377 retro
3215 3324 3448 3392 aspiciat

1856 3413 2001 3468 sicut
2028 3428 2169 3468 uxor
2198 3411 2359 3468 Loth.
2389 3411 2721 3470 Exsulllatur
2743 3423 2929 3484 postea
2970 3414 3243 3485 malignus
3274 3414 3443 3471 foras.

1857 3501 1990 3570 Quae
2019 3504 2279 3576 mysteria
2310 3519 2468 3561 sacra
2514 3505 2823 3576 signiﬁcant
2853 3505 2997 3578 quod
3044 3523 3152 3562 non
3184 3508 3449 3577 parvulus

1856 3597 2222 3664 exorcizatur,
2248 3609 2302 3653 et
2325 3596 2667 3665 exsulﬁatur,
2700 3598 2794 3653 sed
2821 3598 2909 3654 ille
2938 3599 3041 3655 sub
3061 3614 3171 3670 quo
3199 3609 3328 3653 sunt
3349 3599 3446 3669 qui

1857 3687 1961 3742 sub
1989 3697 2212 3758 peccato
2240 3696 2564 3756 nascuntur,
2594 3697 2650 3745 et
2689 3691 2932 3745 nondum
2965 3705 3060 3761 per
3094 3705 3312 3746 sacrum
3352 3690 3453 3745 ba-

1857 3779 2059 3849 ptisma
2088 3781 2264 3835 renati
2299 3792 2446 3847 sunt,
2481 3782 2575 3837 sed
2623 3783 2737 3854 jam
2767 3799 2864 3853 per
2905 3784 3120 3854 signum
3166 3783 3346 3840 crucis
3393 3784 3453 3837 in

1857 3880 2016 3927 utero
2047 3874 2240 3927 matris
2282 3871 2541 3928 Ecclesiae
2583 3874 2831 3942 concepti
2873 3884 3017 3928 sunt.
3066 3873 3263 3929 Omnia
3300 3875 3455 3930 enim

1858 3962 2193 4020 charismata
2229 3961 2585 4018 sacerdotalis
2608 3963 2898 4018 ministerii
2922 3965 3100 4020 erucis
3132 3964 3303 4035 ﬁgura
3327 3981 3455 4036 per-

1860 4055 2160 4127 cipiuntur.
2184 4053 2380 4109 Omnia
2410 4062 2591 4109 autem
2631 4064 2975 4111 sacramenta
3012 4072 3134 4127 qua:
3168 4068 3287 4111 acta
3321 4066 3453 4113 sunt

1858 4158 1914 4204 et
1935 4163 2057 4218 qua:
2074 4155 2312 4219 aguntur
2325 4146 2672 4213 exorcismis,
2692 4147 3453 4214 orationibus,insulilationi-

1859 4239 1985 4304 bus,
2012 4240 2170 4311 quasi
2204 4254 2329 4295 esca
2358 4246 2489 4294 sunt
2526 4254 2651 4309 quae
2679 4240 2937 4311 parvulos
2964 4239 3216 4295 reficiunt
3244 4241 3299 4295 in
3331 4250 3452 4295 ute-

1860 4347 1945 4398 ro,
1975 4344 2033 4388 ut
2062 4340 2284 4387 renatos
2313 4347 2456 4403 aqua
2501 4332 2697 4388 salutis
2746 4331 2950 4388 hilares
2994 4340 3167 4387 mater
3208 4331 3451 4387 Ecclesia

1859 4424 2113 4481 exhibeat
2134 4424 2375 4480 Christo.
2409 4425 2604 4481 Postea
2634 4432 2933 4497 tanguntur
2953 4424 3003 4479 ei
3025 4439 3185 4479 aures
3208 4434 3262 4478 et
3290 4439 3455 4479 nares

1861 4534 1987 4574 cum
2018 4518 2208 4574 saliva.
2245 4516 2425 4573 Saliva
2464 4518 2666 4590 quippe
2699 4533 2731 4572 a
2773 4518 2950 4589 capite
2987 4517 3265 4573 descendit
3294 4516 3348 4571 in
3388 4534 3455 4571 os

1865 4627 2159 4682 supernam
2208 4611 2524 4682 signiﬁcans
2582 4610 2947 4681 sapientiam,
2997 4609 3156 4680 cujus
3204 4618 3348 4665 tactu
3399 4616 3454 4664 et

1865 4719 2028 4759 aures
2075 4704 2259 4759 cordis
2306 4710 2626 4774 aperiuntur
2674 4701 2743 4757 ad
2772 4701 3179 4774 intelligendum
3225 4701 3453 4756 verbum

1867 4796 1984 4863 Dei,
2023 4806 2078 4851 et
2128 4811 2289 4850 nares
2337 4796 2403 4850 ad
2450 4795 2824 4865 repellendum
2874 4794 3103 4849 fetorem
3159 4793 3453 4847 noxiarum

1865 4888 2256 4959 cegitationum
2282 4899 2335 4942 et
2363 4886 2805 4943 delectationum.
2834 4884 2988 4940 Unde
3014 4885 3091 4939 ait
3115 4884 3308 4940 beatus
3332 4885 3458 4938 Am-

1865 4984 2085 5039 brosius
2118 4981 2171 5035 in
2213 4981 2353 5035 lihro
2400 4978 2480 5035 De
2525 4979 2887 5035 sacramentis
2925 4995 2939 5031 :
2973 4997 2993 5030 ι
3043 4976 3201 5045 Quod
3240 4980 3457 5050 egimus

1865 5090 2061 5145 nempe
2092 5074 2301 5143 apertio
2331 5082 2434 5140 est,
2465 5073 2595 5143 quia
2626 5081 2965 5127 sacramenta
2995 5080 3125 5126 sunt
3155 5072 3459 5141 apertionis

1865 5166 2085 5237 quando
2131 5181 2292 5220 aures
2326 5166 2446 5237 ejus
2487 5164 2662 5235 tetigit
2690 5172 2744 5218 et
2774 5179 2952 5218 nares.
2998 5161 3153 5229 Quod
3185 5163 3458 5234 signiﬁcat

1866 5256 1922 5311 in
1946 5256 2239 5325 Evangelio
2258 5255 2524 5311 Dominus
2562 5263 2750 5309 noster
2774 5254 2936 5310 Jesus
2964 5253 3221 5308 Christus
3252 5268 3375 5307 eum
3405 5252 3455 5305 ei

1866 5350 2087 5405 oblatus
2137 5359 2284 5404 esset
2317 5348 2520 5403 surdus
2565 5356 2622 5402 et
2652 5356 2859 5415 mutus,
2891 5346 3049 5415 cujus
3087 5362 3151 5400 os
3197 5345 3371 5415 tetigit
3402 5350 3457 5395 et

1865 5458 2029 5499 aures
2058 5441 2188 5512 quia
2219 5440 2421 5496 surdus
2454 5447 2604 5507 erat;
2634 5455 2698 5496 os
2725 5441 2854 5511 quia
2880 5447 3066 5493 mutus
3090 5444 3227 5503 erat,
3256 5443 3311 5490 et
3337 5436 3414 5489 ait
3438 5474 3451 5487 .

1871 5555 1891 5589 ε
1924 5532 2265 5605 Ephphetha,
2295 5531 2442 5602 quod
2468 5539 2554 5586 est
2574 5530 2881 5599 adaperire.
2913 5546 2933 5580 ι

1934 5624 2143 5681 Deinde
2192 5624 2343 5679 venit
2382 5622 2642 5679 sacerdos
2692 5621 2760 5676 ad
2816 5619 3046 5681 fontem,
3097 5625 3455 5673 consecratur

1866 5718 1991 5776 fons
2016 5718 2072 5772 in
2097 5715 2319 5773 nomine
2336 5714 2515 5770 Patris
2536 5722 2592 5769 et
2615 5711 2739 5767 Filii
2759 5721 2814 5767 et
2835 5709 3071 5781 Spiritus
3094 5710 3303 5777 sancti;
3326 5710 3457 5781 qui.

1865 5813 1969 5870 bus
1992 5809 2176 5869 verbis
2215 5809 2259 5866 si
2300 5820 2442 5880 aqua
2482 5805 2676 5864 salutis
2701 5812 3076 5872 consecretur,
3119 5820 3218 5863 nec
3249 5823 3279 5863 a
3306 5808 3462 5865 bono
