3950 6380
496 367 638 424 HIS

1603 369 1931 424 WERNElll
1974 370 2268 427 ABBATIS
2309 371 2366 427 S.
2410 371 2631 427 BLASII

3665 375 3816 432 ΙΙίὸ

490 499 596 537 nec
621 499 652 536 a
684 481 828 536 malo
859 481 1011 551 pejus
1049 481 1309 551 accipitur
1341 483 1665 552 baptismus.
1706 484 1860 541 Unde
1888 487 2076 557 Augu-
2109 491 2154 548 Α
2182 486 2452 543 bulemus.
2485 485 2543 541 Si
2571 488 2717 542 enim
2753 487 3102 558 complantati
3137 488 3262 546 facti
3294 507 3502 546 sumus
3534 491 3814 546 similitu-

494 575 676 628 stiuus
707 573 760 626 in
800 572 937 626 libro
968 572 1128 626 tertio
1165 571 1237 627 De
1267 574 1428 627 unico
1453 574 1724 645 baptismo
1752 597 1764 631 :
1797 596 1815 628 ‹
1848 577 1963 632 Νοη
1997 587 2081 634 est

494 680 635 734 aqua
669 662 918 733 profana,
948 679 1047 718 nec
1082 663 1324 718 adultera
1363 681 1528 735 super
1555 683 1720 736 quam
1745 685 1943 724 nomen
1985 669 2079 725 Dei

494 755 802 821 invocatur,
849 756 950 808 etsi
978 771 1007 809 a
1039 756 1281 825 profanis
1306 768 1359 812 et
1389 759 1458 812 ab
1480 759 1745 816 adulteris
1772 761 2077 828 invocetur,

491 847 621 915 quia
669 861 767 899 nec
798 846 914 915 ipsa
957 855 1232 912 creatura,
1265 863 1363 903 nec
1407 849 1583 918 ipsum
1631 865 1828 910 nomen
1873 853 2082 907 adulte-

493 953 613 990 rum
660 946 760 991 est.
809 958 828 988 ι
862 937 1120 992 Traditur
1160 940 1322 994 etiam
1368 956 1523 996 novae
1576 943 1698 997 vitae
1738 944 2081 999 auditoribus

492 1031 800 1101 symbolum
835 1032 958 1086 ﬁdei
993 1048 1004 1083 :
1036 1034 1182 1102 quod
1225 1049 1320 1103 per
1354 1034 1638 1090 duodecim
1677 1038 1952 1106 apostolos
1987 1054 2080 1092 or-

491 1125 736 1178 dinatum
765 1135 867 1189 est,
897 1135 951 1179 et
1001 1125 1222 1180 totidem
1274 1128 1558 1183 sententiis
1600 1129 2077 1199 comprehensum.

490 1215 777 1272 Postremo
821 1219 1082 1287 parvulus
1130 1219 1198 1273 ad
1241 1219 1573 1288 baptismum
1620 1221 1989 1292 interrogatur
2049 1239 2080 1278 a

492 1311 809 1364 sacerdote:
844 1329 861 1361 ι
894 1310 1262 1366 Abrenuntias
1295 1311 1510 1366 Satanae
1539 1322 1590 1367 et
1617 1313 1874 1368 omnibus
1900 1315 2082 1383 operi-

492 1402 594 1456 bus
618 1402 757 1470 ejus,
785 1411 840 1456 et
877 1403 1132 1457 omnibus
1160 1405 1376 1474 pompis
1401 1405 1546 1474 ejus?
1585 1424 1602 1455 ›
1637 1413 1697 1458 ut
1727 1405 1961 1475 primum
1995 1423 2082 1462 re-

492 1501 654 1561 spuat
679 1509 943 1559 errorem,
978 1501 1031 1547 et
1060 1496 1404 1564 approximet
1433 1497 1498 1550 ad
1531 1497 1834 1562 veritatem,
1867 1507 1928 1553 ut
1956 1516 2081 1570 pos-

492 1585 584 1650 sit,
625 1585 779 1655 juxta
824 1585 1167 1656 Apostolum.
1201 1588 1474 1658 deponere
1519 1598 1754 1644 veterem
1800 1591 2080 1646 hominem

492 1694 616 1732 tum
641 1679 854 1733 actibus
876 1680 1012 1746 suis,
1038 1680 1245 1736 scilicet
1267 1683 1557 1750 pristinam
1582 1685 2078 1752 conversationem,

491 1773 768 1844 abnegans
795 1772 1128 1844 impietatem
1165 1783 1219 1830 et
1247 1777 1529 1830 szeeularia
1557 1777 1827 1832 desideria
1861 1776 2076 1848 (Ep/tes.

493 1865 588 1932 tv).
619 1864 929 1934 Respondet
955 1867 1216 1935 parvulus
1246 1883 1342 1938 per
1366 1884 1460 1922 ora
1485 1868 1834 1939 gestantium.
1867 1887 1886 1920 ί
1916 1868 2082 1924 Abre-

493 1957 706 2012 nuntio.
745 1978 762 2008 ι
804 1956 956 2013 Unde
991 1959 1331 2029 Augustinus
1369 1969 1559 2015 contra
1588 1960 1865 2015 Julianum
1898 1961 1952 2015 in
1982 1961 2076 2017 lib.

493 2065 583 2103 tv:
626 2073 642 2102 ι
682 2050 943 2121 Quisquis
986 2062 1146 2123 negat
1192 2069 1287 2123 per
1327 2071 1423 2109 ora
1468 2054 1796 2124 gestantium
1827 2054 2082 2124 parvulos

492 2144 876 2200 abrenuntiare
904 2155 958 2202 et
985 2147 1225 2212 credere,
1251 2157 1303 2202 et
1336 2159 1493 2219 neget
1512 2163 1607 2203 eos
1634 2148 1879 2218 accipere
1900 2147 2082 2218 bapti-

492 2252 694 2300 smum,
731 2237 860 2306 quia
901 2237 954 2291 in
1001 2239 1253 2293 manibus
1286 2240 1614 2310 gestantium
1662 2239 2020 2295 reluctantur.
2057 2259 2076 2293 ι

491 2325 622 2380 Item
657 2327 709 2380 in
750 2329 888 2383 libro
915 2328 990 2384 De
1027 2331 1345 2400 poenitentia
1379 2349 1393 2386 :
1428 2349 1446 2382 ‹
1488 2330 1738 2386 Parvulis
1781 2331 1850 2385 ad
1887 2347 2084 2388 conse-

490 2420 789 2475 erationetn
836 2433 890 2476 et
933 2424 1312 2479 remissionem
1363 2425 1646 2496 originalis
1692 2427 1900 2496 peccati
1956 2442 2083 2496 pro-

489 2512 611 2566 dest
658 2529 847 2568 corum
895 2516 1028 2570 ﬁdes
1065 2532 1094 2570 a
1135 2516 1336 2586 quibus
1362 2517 1685 2585 offeruntur,
1719 2527 1778 2572 ut
1803 2534 2081 2588 quascun-

488 2621 595 2673 que
643 2607 885 2660 maculas
931 2608 1251 2662 delictorum
1295 2626 1390 2680 per
1433 2611 1591 2676 alios,
1637 2627 1669 2665 a
1715 2611 1916 2680 quibus
1968 2610 2082 2664 nati

489 2707 618 2751 sunt
647 2708 1054 2765 contraxerunt,
1081 2701 1310 2755 aliorum
1360 2702 1523 2756 etiam
1556 2702 1978 2772 interrogatione
2026 2710 2083 2757 et

487 2793 844 2861 responsione
871 2803 1188 2864 purgentur.
1213 2814 1231 2847 ι
1263 2795 1396 2851 Post
1419 2796 1948 2850 abrenuntiationem
1976 2811 2080 2850 un-

487 2883 631 2954 gitur
673 2886 1098 2942 catechumenus
1121 2887 1240 2943 oleo
1270 2905 1429 2944 sacro
1465 2889 1518 2942 in
1547 2897 1784 2958 pectore,
1820 2896 2080 2958 tanquam

486 2977 769 3032 tnuniatur
806 2979 1068 3036 adversus
1109 2980 1317 3036 hostem
1369 2981 1719 3044 invisibilem,
1765 2995 1834 3034 ne
1878 2979 1928 3034 ei
1978 2981 2082 3034 im-

485 3071 687 3125 munda
753 3080 808 3125 et
857 3073 1018 3128 noxia
1094 3075 1416 3144 persuadeat
1488 3073 1777 3130 desideria.
1845 3070 2082 3143 Ungitur

2112 1837 2155 1892 Β

2181 581 2295 636 dini
2338 581 2530 637 mortis
2581 583 2722 652 ejus,
2767 584 2930 638 simul
2977 594 3032 640 et
3085 588 3523 653 resurrectionis
3587 590 3814 646 erimus

2185 672 2358 739 (Rom.
2384 677 2482 744 vt).
2517 694 2534 726 ι
2570 671 2707 730 Hinc
2735 676 2900 730 etiam
2954 676 3144 734 beatus
3185 679 3533 734 Ambrosius
3580 681 3724 736 dicit
3759 685 3812 738 in

2183 765 2326 819 libro
2377 764 2451 819 De
2495 767 2900 822 sacramentis:
2938 785 2955 819 ι
2993 764 3364 839 Interrogatus
3416 789 3432 824 :
3479 771 3695 827 Credis
3756 776 3810 827 in

2182 853 2354 908 Deum
2402 853 2617 910 Patrem
2662 857 3131 926 omnipotentem?
3179 859 3364 914 dixisti
3422 877 3437 911 :
3485 862 3708 928 Credo,
3759 875 3810 918 et

2183 963 2399 1003 mersus
2427 964 2507 1015 es,
2542 948 2593 1004 id
2624 958 2708 1005 est
2742 951 2987 1020 sepultus
3036 967 3118 1007 es.
3169 952 3372 1008 lterum
3413 955 3808 1027 interrogatus

2182 1054 2242 1094 es
2273 1055 2285 1093 :
2313 1039 2504 1094 Credis
2544 1049 2598 1096 et
2632 1041 2685 1095 in
2727 1037 2912 1096 Iesum
2944 1041 3222 1100 Christum
3252 1043 3578 1100 Dominum
3617 1060 3805 1102 natura

2182 1138 2235 1185 et
2284 1131 2545 1202 passum?
2593 1134 2780 1190 dixisti
2813 1153 2827 1190 :
2859 1135 3071 1204 Credo;
3111 1146 3166 1192 et
3202 1153 3429 1193 mersus
3478 1155 3572 1204 es,
3629 1140 3684 1193 id
3730 1154 3808 1194 est

2182 1222 2400 1279 Christo
2447 1227 2797 1295 consepultus
2844 1243 2922 1282 es.
2965 1226 3070 1294 Qui
3104 1237 3286 1283 autem
3315 1229 3564 1285 Christo
3612 1247 3806 1286 conse-

2183 1315 2401 1384 pclitur,
2447 1332 2569 1371 eum
2601 1317 2822 1372 Christo
2858 1328 3123 1390 resurget.
3175 1319 3362 1375 Tertio
3417 1323 3805 1394 interrogatus

2183 1421 2242 1461 es
2274 1425 2286 1460 :
2315 1407 2506 1463 Credis
2527 1417 2580 1462 et
2606 1409 2659 1461 in
2689 1409 2951 1481 Spiritum
2986 1413 3268 1466 sanctum?
3290 1412 3494 1468 dixisti
3535 1431 3552 1466 :
3585 1415 3800 1483 Credo;

2183 1507 2236 1553 et
2265 1514 2478 1555 mersus
2502 1515 2562 1554 es
2589 1501 2768 1565 tertio,
2815 1511 2874 1556 nt
2905 1503 3259 1573 multiplicem
3309 1507 3546 1575 lapsum
3601 1511 3803 1578 cogita-

2183 1587 2370 1653 tionis,
2395 1589 2708 1657 loeutionis,
2735 1593 3069 1662 operationis
3106 1595 3353 1650 aboleret
3381 1597 3540 1652 trina
3591 1601 3804 1656 confes-

2185 1679 2284 1734 sio.
2327 1699 2344 1730 »
2385 1679 2537 1736 lianc
2573 1682 2714 1736 sacri
2751 1683 3093 1753 baptismatis
3120 1688 3599 1744 emundationem
3634 1693 3691 1745 in
3735 1693 3802 1747 si-

2184 1769 2545 1824 militudinem
2577 1772 2768 1828 mortis
2802 1774 3006 1829 Christi
3036 1776 3369 1832 celebratam
3402 1782 3802 1851 prastigurabat

2183 1879 2326 1934 aqua
2372 1866 2706 1935 aspersionis
2754 1867 2809 1922 in
2840 1869 3008 1924 veteri
3053 1869 3188 1940 lege,
3217 1887 3331 1942 qua
3381 1875 3801 1931 emundabatur

2183 1955 2278 2026 qui
2317 1966 2594 2012 mortuum
2631 1960 2899 2032 tetigerat,
2933 1969 2992 2016 ut
3034 1961 3089 2016 in
3134 1971 3319 2018 castra
3370 1975 3796 2022 reverteretur:

2183 2046 2271 2100 cui
2317 2046 2592 2103 immistus
2636 2044 2753 2105 erat
2803 2050 2942 2106 ciuis
2992 2052 3172 2108 vitula:
3217 2053 3361 2110 rufze
3403 2065 3580 2112 extra
3631 2067 3800 2112 castra

2183 2139 2502 2205 combustae,
2539 2140 2809 2212 hyssopus
2849 2159 3070 2215 quoque
3107 2161 3308 2202 eoceus
3347 2157 3403 2203 et
3438 2150 3678 2205 cedrus.
3714 2149 3798 2204 Vi-

2183 2231 2296 2285 tula
2319 2231 2518 2302 quippe
2545 2233 2634 2287 illa
2658 2250 2779 2304 qua:
2805 2232 3074 2292 femineus
3097 2246 3181 2292 est
3209 2253 3382 2294 sexus
3407 2238 3796 2313 fragilitatem,

2184 2321 2237 2376 id
2267 2331 2352 2377 est
2385 2324 2798 2394 passibilitatem
2844 2327 3029 2384 carnis
3075 2327 3281 2384 Christi
3331 2330 3656 2401 signiﬁcat,
3687 2333 3796 2388 rufa

2181 2433 2402 2494 propter
2431 2413 2716 2496 sanguinis
2750 2422 3094 2480 eﬂ'uSionem.
3130 2427 3265 2493 Qua:
3302 2429 3485 2484 etiam
3520 2443 3686 2486 extra
3717 2448 3798 2485 ca-

2183 2524 2296 2572 stra
2326 2516 2496 2588 ejecta
2524 2527 2628 2573 est.
2660 2518 2717 2572 In
2747 2534 2858 2588 quo
2894 2519 3232 2590 tigurahatur
3260 2521 3414 2591 quod
3439 2531 3503 2576 et
3531 2521 3796 2580 Dominus

2182 2625 2448 2680 passurus
2495 2620 2647 2666 extra
2703 2609 2978 2666 civitatem
3021 2611 3218 2667 ductus
3264 2622 3371 2666 est.
3420 2611 3599 2678 Quod
3640 2617 3794 2669 etiam

2183 2699 2450 2771 sanguine
2496 2700 2738 2770 ejusdem
2790 2701 2975 2756 vitula:
3019 2701 3420 2771 aspergebatur
3478 2705 3694 2773 septies
3722 2715 3794 2758 ta—

2181 2793 2558 2860 bernaculum,
2599 2803 2652 2847 et
2682 2794 2867 2848 omnia
2903 2810 3030 2849 vasa
3063 2794 3430 2860 tabernaculi,
3460 2796 3688 2865 plenam
3723 2797 3792 2852 si-

2181 2885 2401 2956 gnilicat
2429 2885 2870 2940 emundationem
2901 2901 3063 2956 quam
3095 2887 3242 2941 intus
3275 2896 3329 2942 et
3359 2897 3530 2942 extra
3564 2891 3792 2944 contulit

2182 2979 2407 3049 sanguis
2436 2979 2662 3034 Christi.
2695 2979 2892 3034 Anima
2917 2980 3061 3034 enim
3083 2989 3302 3035 constat
3325 2981 3543 3051 triplici
3569 2984 3788 3048 vittate,

2181 3085 2380 3139 corpus
2422 3084 2550 3124 vero
2591 3077 2858 3139 quaterna
2903 3069 3300 3124 elementorum
3355 3072 3786 3141 complexione.

483 3175 539 3214 et
569 3162 708 3216 inter
751 3163 1025 3232 scapulas,
1053 3165 1142 3218 ubi
1175 3173 1257 3220 est
1287 3165 1440 3236 vigor
1484 3165 1736 3236 portandi
1782 3163 1988 3229 oneris,
2019 3171 2079 3218 ut
2105 3180 2150 3242 ε
2182 3163 2312 3232 quia
2349 3174 2577 3232 uterque
2622 3161 2883 3217 mundata
2923 3169 3008 3218 est
3051 3161 3256 3218 Christi
3306 3165 3612 3235 sanguinis
3661 3165 3790 3220 etin-

485 3249 858 3306 fortitudinem
909 3253 1142 3322 accipiat
1183 3253 1249 3308 ad
1279 3257 1608 3324 portandum
1645 3255 1860 3326 pondus
1887 3253 1995 3309 diei
2025 3262 2080 3308 et

483 3354 669 3408 aestus,
701 3346 844 3400 sicut
871 3345 1048 3400 bonus
1083 3347 1306 3402 athleta.

559 3435 767 3493 Exinde
807 3439 1116 3508 exquiritur
1157 3439 1225 3494 ab
1254 3455 1318 3494 eo
1345 3439 1390 3494 si
1420 3439 1604 3494 credat
1651 3439 1705 3494 in
1757 3439 1926 3495 Deum
1968 3437 2074 3493 Pa-

484 3536 622 3582 trem
655 3531 1104 3599 omnipotentem,
1135 3542 1189 3586 et
1235 3532 1288 3585 in
1335 3530 1519 3586 Jesum
1569 3531 1846 3587 Christum
1876 3533 2076 3592 Filium

483 3621 604 3690 ejus
654 3623 878 3677 unicum
929 3623 1221 3676 Dotttinum
1270 3632 1552 3689 nostrum,
1600 3637 1652 3678 et
1702 3625 1757 3679 in
1810 3624 2075 3695 Spiritum

485 3720 758 3778 sanctum,
811 3729 980 3765 unum.
1025 3711 1194 3766 Deum
1245 3714 1299 3768 in
1348 3712 1630 3782 Trinitate,
1677 3725 1728 3770 et
1775 3716 1977 3772 trinum
2019 3719 2073 3773 in

485 3801 726 3868 unitate;
763 3802 805 3855 si
856 3803 1180 3857 confiteatur
1233 3820 1394 3858 unam
1440 3819 1561 3859 esse
1609 3813 1853 3860 sanetam
1887 3806 2075 3863 Eccle-

484 3897 623 3951 siam
675 3895 1034 3960 Catholicam,
1069 3907 1122 3952 et
1167 3898 1213 3952 si
1245 3898 1429 3954 credat
1470 3899 1848 3955 remissionem
1881 3915 2075 3970 pecca-

483 3981 662 4044 torum
687 3998 740 4044 et
769 3989 934 4044 vitam
965 3999 1247 4044 aeternam.
1285 3989 1408 4044 ihee
1435 3990 1618 4045 omnia
1667 3991 1710 4045 si
1757 3991 2077 4061 profiteatur

484 4097 544 4136 se
577 4083 816 4146 credere,
839 4082 953 4152 jam
997 4083 1185 4153 incipit
1217 4083 1270 4136 in
1299 4099 1364 4137 eo
1394 4082 1531 4137 mori
1559 4091 1716 4137 vetus
1758 4083 1943 4150 homo,
1981 4084 2076 4154 qui

486 4180 785 4234 secundum
818 4179 986 4234 Deum
1025 4191 1241 4236 creatus
1269 4191 1351 4235 est
1394 4181 1444 4234 in
1471 4179 1684 4250 justitia
1709 4189 1762 4234 et
1791 4181 2076 4236 sanctitate

485 4271 728 4325 veritatis
755 4273 956 4342 (ibid.).
990 4271 1047 4326 In
1080 4272 1554 4326 abrenuntiatione
1605 4273 1805 4342 prioris
1853 4289 2073 4343 posses-

483 4345 647 4423 soris,
689 4361 952 4414 suadente
980 4360 1266 4426 eharitate,
1291 4361 1403 4430 jam
1453 4360 1568 4414 vult
1611 4360 1662 4414 in
1705 4361 1797 4430 jus
1847 4361 2071 4430 legitimi

483 4452 820 4522 possessoris
872 4451 1102 4506 transire
1151 4470 1163 4506 :
1210 4452 1264 4506 in
1314 4467 1474 4521 quem
1511 4452 1623 4522 jam
1680 4453 1964 4522 prolitetur
2014 4467 2072 4506 se

2182 3267 2356 3306 srone.

2252 3341 2408 3408 Quod
2441 3359 2572 3399 vero
2618 3359 2814 3399 carnes
2863 3343 3110 3414 ejusdem
3157 3344 3342 3400 vitula:
3389 3355 3444 3401 et
3479 3348 3702 3402 corium
3738 3356 3788 3402 et

2180 3441 2419 3490 stercora
2451 3436 2913 3491 comburebantur
2961 3436 3067 3490 hoc
3111 3437 3484 3507 signiﬁcatum
3537 3449 3624 3496 est
3665 3440 3787 3511 quia

2181 3534 2294 3580 tota
2345 3526 2627 3583 humilitas
2671 3535 2725 3582 et
2770 3527 3070 3598 ignominia
3109 3527 3386 3598 passionis
3428 3546 3596 3586 versa
3626 3531 3784 3586 estin

2181 3617 2409 3688 gloriam
2454 3617 2898 3673 resurrectionis.
2947 3615 3105 3683 Quod
3155 3618 3292 3672 bene
3330 3618 3482 3689 ignis
3517 3621 3785 3691 signiﬁcat

2178 3709 2272 3780 qui
2305 3725 2522 3780 semper
2545 3709 2612 3762 ad
2644 3709 2926 3778 superiora
2955 3709 3145 3776 tendit,
3179 3717 3232 3764 et
3260 3711 3410 3780 quod
3449 3711 3702 3766 absumit
3729 3714 3781 3766 in

2180 3819 2239 3858 se
2266 3802 2551 3858 convertit.
2586 3801 2742 3869 Quod
2781 3811 2964 3857 autem
3007 3801 3282 3874 hyssopus
3311 3803 3444 3858 huic
3472 3806 3783 3875 aspersioui

2181 3895 2533 3961 admiscetur,
2563 3895 2665 3949 hoe
2703 3880 2974 3965 signiﬁcat
2999 3894 3145 3963 quod
3174 3895 3229 3948 in
3267 3895 3369 3950 ﬁde
3395 3899 3602 3952 mortis
3631 3897 3786 3951 Chri-

2179 3987 2247 4042 sti
2278 3995 2497 4056 peeeata
2527 3987 2878 4041 mundantur.
2927 3984 3078 4041 Unde
3107 3986 3184 4040 ait
3209 3985 3511 4056 Apostolus
3545 4006 3562 4042 :
3597 4007 3616 4040 ι
3657 3987 3781 4041 Fide

2179 4079 2452 4133 mundans
2511 4077 2679 4133 corda
2724 4093 2915 4134 eorum
2967 4077 3183 4150 (Ep/tes.
3244 4079 3339 4148 ν).
3408 4098 3428 4130 ι
3491 4077 3778 4150 Hyssupus

2177 4171 2378 4239 quippe
2424 4167 2547 4223 ideo
2592 4168 2752 4223 ﬁdem
2797 4168 3086 4239 signiﬁcat,
3138 4169 3285 4238 quod
3331 4183 3460 4223 cum
3502 4171 3583 4224 sit
3621 4171 3779 4224 herba

2177 4263 2424 4328 humilis,
2470 4262 2698 4316 ﬁrmiter
2755 4262 2922 4316 haeret
2971 4262 3027 4316 in
3078 4271 3252 4332 petra.
3305 4261 3524 4317 Coccus
3566 4280 3778 4334 quinque

2177 4357 2307 4411 huic
2337 4357 2625 4412 adhibetur
2673 4356 3072 4422 cmundationi,
3119 4373 3242 4426 qua:
3290 4357 3554 4411 flammeo
3603 4358 3778 4412 colore

2178 4449 2498 4504 charitatem
2547 4448 2818 4518 signiﬁcat
2845 4448 2965 4502 sine
3010 4463 3118 4518 qua
3161 4457 3442 4502 mortuum
3487 4459 3580 4504 est
3625 4449 3776 4518 quid-

482 4544 706 4600 crederc
746 4553 800 4598 ct
840 4543 908 4598 ab
956 4559 1022 4598 eo
1069 4553 1269 4599 aeterna
1303 4540 1523 4614 praeniia
1573 4553 1908 4614 exspectare.
1955 4543 2072 4599 .lam
2109 4545 2154 4600 Ι)
2182 4541 2310 4611 quid
2354 4540 2487 4596 ﬁdes
2519 4549 2798 4610 operatur.
2837 4539 3049 4594 Cedrus
3094 4539 3258 4594 etiam
3309 4540 3435 4595 huic
3478 4542 3778 4611 Opitulatur

481 4645 840 4708 expurgatum
891 4644 975 4691 est
1019 4645 1173 4691 vetus
1213 4635 1560 4703 fermentum,
1591 4636 1686 4692 sed
1725 4636 1966 4690 nondum
1995 4646 2079 4692 est

482 4746 621 4785 nova
664 4730 1003 4802 eonspersio,
1051 4730 1140 4785 ubi
1173 4729 1314 4785 sacri
1365 4728 1528 4785 fontis
1572 4738 1833 4800 sequatur
1867 4729 2074 4783 ablutio

481 4821 539 4894 (I
564 4822 688 4879 Cor.
724 4826 800 4892 v).
860 4823 975 4880 Sub
1023 4824 1381 4896 responsione
1425 4823 1583 4878 trime
1629 4822 2074 4894 interrogationis

481 4917 626 4971 trina
672 4921 946 4975 mersione
989 4921 1416 4976 cateclmmenus
1468 4936 1498 4974 a
1543 4918 1801 4976 sordibus
1845 4915 2074 4971 vetustis

481 5009 739 5074 abluitur,
795 5019 848 5064 et
905 5027 1105 5066 novum
1157 5012 1435 5068 hominem
1503 5013 1746 5078 indutus,
1807 5008 2074 5064 triduana:

483 5099 701 5154 Domini
762 5102 1053 5171 sepultura:
1107 5105 1492 5173 consepelitur.
1570 5102 1722 5158 Unde
1776 5101 2074 5171 Apostolus

480 5194 602 5249 ait:
639 5211 657 5244 ‹
709 5192 1026 5264 Consepulti
1077 5197 1220 5251 enim
1267 5215 1459 5253 sumus
1502 5213 1597 5266 per
1642 5197 1975 5267 baptismum
2017 5193 2071 5248 in

481 5295 736 5352 mortem,
786 5295 844 5340 ut
879 5287 1154 5355 quomodo
1195 5289 1432 5342 surrexit
1472 5287 1724 5344 Christus
1765 5304 1795 5344 a
1837 5285 2073 5342 mortuis

480 5394 578 5449 per
608 5380 834 5452 gloriam
865 5379 1065 5446 Patris,
1107 5380 1182 5434 ita
1214 5388 1266 5434 et
1313 5395 1411 5436 nos
1434 5379 1487 5435 in
1518 5382 1758 5436 novitate
1785 5381 1907 5436 vita:
1951 5394 2072 5434 am-

2095 5495 2167 5506 .—

2181 4628 2546 4694 mundationi,
2589 4643 2711 4698 quae
2760 4627 3114 4697 impatribilis
3159 4627 3324 4682 arbor
3371 4627 3608 4695 dicitur,
3639 4629 3774 4682 etin

2178 4721 2408 4777 excelsis
2433 4721 2713 4776 montibus
2739 4721 2965 4787 radicat,
2994 4729 3045 4776 et
3072 4718 3194 4776 ideo
3219 4736 3370 4790 spem
3402 4720 3774 4791 incorrupta):

2178 4814 2266 4870 nis
2301 4822 2354 4868 et
2395 4829 2645 4884 supernae
2691 4813 2877 4884 gloriae
2921 4812 3214 4883 signiﬁcat.
3270 4811 3482 4866 Horum
3528 4814 3772 4868 omnium

2177 4906 2563 4976 conjunctione
2608 4921 2750 4976 aqua
2802 4905 3133 4976 aspersionis
3177 4914 3558 4970 consecratur,
3592 4915 3648 4960 et
3687 4906 3774 4976 qui

2179 5010 2460 5055 mortuum
2507 4999 2780 5070 tetigerat,
2834 5007 2894 5053 ut
2940 4999 3145 5054 dictum
3193 5008 3297 5066 est,
3348 4999 3772 5065 emundabatur,

2178 5093 2307 5164 quia
2339 5093 2432 5164 qui
2464 5092 2723 5163 operibus
2759 5091 3014 5156 mortuis,
3053 5091 3105 5146 id
3135 5099 3218 5146 est
3257 5092 3501 5162 peccatis
3531 5094 3772 5164 origina-

2179 5187 2322 5241 lihus
2365 5185 2773 5256 coinquinatur,
2821 5185 3086 5239 liberatur
3141 5184 3468 5254 baptismate
3517 5199 3682 5240 sacro
3724 5186 3770 5238 in

2178 5278 2284 5334 ﬁde
2311 5277 2502 5333 mortis
2532 5275 2738 5331 Christi
2773 5285 2826 5330 et
2865 5275 3282 5330 resurrectionis
3308 5291 3435 5331 cum
3481 5277 3774 5348 sponsione

2179 5370 2466 5427 charitatis
2493 5378 2548 5424 et
2569 5368 2686 5440 spei
2713 5367 3114 5440 baptizabatur.

1420 5591 1924 5671 DOMINICA
2015 5589 2400 5668 DECIMA
2461 5564 2880 5664 TERTIA.

1785 5727 2153 5792 Secundum
2193 5728 2453 5789 Lucam.

621 5853 771 5910 Beati
811 5854 977 5922 oculi,
1012 5855 1104 5926 qui
1147 5854 1328 5912 vident
1377 5871 1498 5928 qua:
1539 5870 1632 5910 vos
1667 5853 1881 5910 videtis.
1935 5852 2069 5912 Dico

2178 5861 2360 5910 autem
2385 5852 2560 5923 vobis,
2584 5852 2729 5924 quod
2755 5851 2906 5908 multi
2932 5867 3080 5924 reges
3103 5861 3148 5907 et
3177 5852 3451 5927 propheta:
3473 5851 3657 5910 ridere
3679 5865 3760 5906 ver
