3948 6452
215 369 350 428 ΗΠ

1155 376 1732 439 DEFLORATIONES
1774 379 1873 436 SS.
1915 379 2227 437 PATliUM.
2269 410 2338 421 -
2377 381 2506 438 LIB.
2548 380 2610 437 ll.

3365 390 3502 449 "l8

213 486 431 542 luerunt
469 497 593 553 qua:
618 485 850 556 videtis,
884 498 938 546 et
966 507 1073 546 non
1102 490 1371 559 viderunt,
1398 504 1452 549 et
1477 496 1667 551 audire
1695 513 1817 567 qua:
1846 506 1890 561 Λ
1919 495 1971 548 in
2001 494 2170 550 Deum
2201 505 2284 552 est
2312 496 2468 567 origo
2498 496 2805 553 dilectionis
2834 496 2888 552 in
2914 497 3245 569 proximum,
3282 511 3337 558 et
3366 504 3504 560 dile-

220 577 435 642 auditis,
467 583 522 631 et
559 590 672 631 non
720 580 1020 636 audierunt
1057 579 1210 652 (Luc.
1245 600 1384 654 xm).
1425 605 1442 635 ι
1473 584 1598 642 Illos
1624 589 1816 646 oculos

223 671 350 727 dicit
390 668 580 724 beatos
637 670 737 739 qui
791 682 1134 726 sacramenta
1190 672 1397 729 Christi
1456 689 1813 748 cognoscunt.

223 762 503 833 Prophetae
538 770 592 815 et
617 760 756 830 justi
808 764 951 819 sicut
980 763 1149 819 Isaias
1177 774 1227 820 et
1258 765 1533 821 Abraham
1564 769 1819 826 viderunt

226 857 279 912 in
336 855 621 925 aenigmate
655 864 713 910 et
753 871 865 911 non
899 857 954 911 in
985 857 1185 927 specie.
1217 857 1491 913 Abraham
1523 863 1818 918 exsultavit

225 959 287 1004 ut
322 947 525 1003 videret
571 947 718 1002 diem
767 948 975 1004 Christi
1008 964 1020 1001 :
1053 958 1107 1003 et
1151 948 1286 1003 vidit
1335 959 1389 1004 et
1431 952 1653 1022 gavisus
1709 963 1812 1010 est.

224 1041 394 1098 lsaias
424 1050 478 1096 et
524 1040 616 1095 alii
662 1041 945 1110 propheta:
993 1041 1248 1096 viderunt
1280 1042 1507 1111 gloriam
1552 1043 1810 1100 Domini:

225 1135 371 1189 unde.
394 1143 447 1189 et
474 1133 719 1188 videntes
752 1140 882 1187 sunt
909 1133 1194 1202 appellati;
1230 1135 1322 1187 sed
1357 1134 1644 1204 aenigmate
1667 1137 1815 1192 vide-

222 1234 375 1291 runt,
406 1240 511 1280 non
543 1224 595 1279 in
629 1225 1068 1294 praesentiarum,
1108 1234 1168 1279 ut
1195 1227 1448 1295 apostoli,
1477 1229 1570 1297 qui
1603 1245 1812 1299 nequa-

222 1331 390 1385 quam
423 1331 515 1385 per
553 1313 776 1384 angelos
824 1325 883 1367 ut
930 1314 1110 1369 varias
1134 1314 1408 1370 visionum
1441 1317 1648 1386 species
1673 1335 1813 1388 opus

221 1408 498 1461 habebant
526 1406 730 1462 doceri.
757 1406 907 1474 Quos
944 1406 1123 1462 Lucas
1158 1422 1310 1477 reges
1334 1408 1486 1472 dicit,
1524 1408 1813 1467 Matthaeus

216 1499 399 1571 justos
432 1508 446 1569 (
470 1498 661 1553 Matth.
688 1500 808 1569 xm)
835 1499 1088 1569 appellat,
1118 1500 1457 1571 quia'magni
1505 1516 1659 1573 reges
1685 1510 1815 1556 sunt

220 1593 317 1663 qui
351 1593 712 1649 tentationum
761 1607 986 1648 suarum
1033 1592 1274 1648 motibus
1309 1594 1546 1663 regendo
1581 1609 1813 1663 praeesse

218 1691 513 1751 noverunt,
553 1699 660 1738 non
691 1684 1067 1740 succumbere.
1101 1683 1239 1739 Nota
1274 1685 1402 1755 quia
1431 1686 1612 1740 minor
1637 1687 1810 1758 gratia

219 1775 518 1847 minorque
575 1784 1040 1832 sacramentorum
1098 1776 1303 1831 Christi
1358 1778 1549 1833 notitia
1601 1778 1700 1834 fuit
1753 1780 1808 1833 in

1921 587 2029 642 ctio
2054 587 2105 641 in
2132 588 2440 658 proximum
2474 589 2713 660 cognitio
2743 598 2827 646 est
2852 591 3160 649 dilectionis
3197 594 3254 650 in
3301 594 3499 652 Deum.

1919 676 1976 730 ιιι
2024 680 2197 734 tribus
2253 681 2417 736 rebus
2462 681 2681 737 dilectio
2729 680 2824 738 Dei
2859 684 3213 753 exprimitur,
3258 691 3319 741 u’t
3363 688 3503 743 nihil

1920 783 2200 828 remaneat
2224 774 2276 827 in
2306 774 2527 830 homine
2550 775 2693 845 quod
2717 791 2825 831 non
2847 776 3046 832 divinae
3066 778 3345 834 dilectioni
3370 779 3504 835 sub-

1917 862 2100 917 datur.
2142 861 2278 917 Nam
2332 865 2463 919 dum
2518 866 2722 922 dicitur
2762 885 2774 920 :
2814 886 2834 919 ι
2877 866 3049 938 Dilige
3081 868 3249 923 Deum
3288 885 3356 924 ex
3388 879 3503 925 toto

1917 952 2083 1008 corde
2114 961 2239 1017 tuo,
2277 972 2295 1005 ι
2330 969 2522 1009 omnes
2554 955 2914 1027 cogitationes
2950 958 3005 1012 in
3044 957 3209 1013 Deum
3260 958 3505 1016 referen-

1916 1044 2015 1099 das
2045 1044 2324 1114 praecepit.
2358 1044 2496 1100 Dum
2538 1063 2668 1101 vero
2708 1048 2909 1102 dicitur
2944 1068 2962 1099 c
2996 1065 3061 1103 ex
3101 1060 3211 1105 tota
3235 1052 3440 1117 anima,
3475 1073 3495 1103 ο

1915 1149 2108 1189 omnes
2149 1135 2465 1191 all‘ectiones
2499 1138 2698 1192 animae
2741 1140 2806 1192 ad
2855 1136 3026 1193 Deum
3071 1140 3261 1195 referri
3308 1141 3498 1211 jussit.

1916 1225 2056 1279 Dum
2095 1241 2224 1280 vero
2252 1225 2453 1295 adjecit
2483 1245 2501 1278 ι
2534 1243 2596 1282 ex
2634 1235 2746 1281 tota
2799 1238 2979 1283 mente
3015 1249 3034 1280 ι
3082 1246 3298 1285 onmem
3331 1232 3502 1285 ratio-

1915 1332 2040 1372 nem
2071 1317 2276 1372 indicat
2318 1319 2646 1385 humanam,
2674 1336 2782 1388 qua
2823 1320 3175 1390 intelligimus
3201 1332 3255 1376 et
3288 1322 3498 1377 discer-

1914 1408 2099 1462 nimus
2127 1408 2180 1461 in
2200 1409 2365 1464 rebus
2390 1410 2592 1464 divinis
2614 1425 2735 1464 esse
2761 1412 3155 1480 occupandam.
3175 1410 3277 1466 Ubi
3315 1422 3497 1468 autem

1913 1499 2045 1554 dicit
2078 1519 2096 1551 ι
2127 1516 2194 1554 ex
2245 1509 2356 1555 tota
2387 1500 2587 1555 virtute
2630 1521 2648 1552 ι
2692 1501 2897 1555 bonum
2952 1506 3368 1573 perseverantiae
3415 1506 3501 1560 in-

1908 1591 2110 1662 jungit.
2159 1590 2292 1647 Item
2332 1592 2443 1646 duo
2495 1600 2625 1647 sunt
2680 1608 2811 1662 erga
2863 1593 3100 1662 proximi
3153 1594 3498 1649 dilectionem

1913 1683 2213 1751 servanda,
2271 1692 2329 1738 ut
2357 1692 2410 1739 et
2446 1683 2696 1739 beneﬁcii
2742 1684 3083 1754 impensione
3120 1684 3395 1753 foveatur,
3445 1699 3502 1742 et

1913 1775 2061 1829 nulla
2093 1774 2297 1829 malitia
2327 1775 2574 1831 laedatur.
2608 1775 2722 1831 lloc
2744 1785 2828 1832 est
2861 1795 2874 1831 :
2907 1795 2926 1828 ι
2960 1776 3113 1844 Quod
3157 1778 3252 1833 tibi
3282 1794 3391 1832 non
3414 1779 3499 1835 vis

216 1868 506 1938 prophetis
532 1884 695 1940 quam
737 1868 789 1923 in
822 1869 1101 1938 apostolis,
1133 1869 1226 1940 qui
1254 1872 1553 1939 praesertim
1580 1881 1806 1941 accepto
1837 1864 1878 1918 Β
1908 1866 2043 1930 ﬁeri,
2064 1866 2186 1921 aliis
2202 1882 2268 1921 ne
2296 1865 2661 1936 feceris(Tob.
2680 1871 2776 1937 tv),
2809 1877 2900 1923 iet
2926 1887 2940 1923 :
2972 1886 2990 1918 ι
3017 1865 3212 1922 Omnia
3236 1884 3499 1935 quaecun-

219 1959 436 2030 Spiritu
482 1970 672 2015 sancto
712 1959 972 2014 mundum
1018 1960 1183 2014 etiam
1230 1960 1657 2016 illustraverunt.
1706 1960 1808 2016 Ve-

214 2063 533 2107 rumtamen
577 2052 744 2121 aliqui
786 2052 1195 2122 prophetarmn,
1226 2061 1281 2107 et
1317 2052 1611 2123 aliquando
1640 2070 1808 2124 supra

216 2144 501 2199 hominem
532 2145 689 2214 rapti,
730 2144 849 2199 sine
872 2146 1158 2216 aenigmate
1186 2147 1535 2216 contemplati
1567 2156 1697 2203 sunt
1724 2147 1809 2201 in-

216 2237 512 2293 tellectuali
549 2237 778 2302 visione,
810 2246 870 2291 ut
901 2236 1196 2307 Apostolus
1223 2237 1312 2308 (If
1344 2236 1468 2294 Cor.
1498 2239 1620 2310 xu).
1655 2238 1809 2295 Unde

215 2327 486 2384 Dominus
514 2329 568 2383 in
598 2329 738 2383 libro
769 2326 993 2384 Numeri
1019 2347 1032 2383 :
1064 2347 1082 2381 ι
1122 2327 1178 2382 Si
1204 2329 1328 2399 quis
1358 2329 1521 2385 fuerit
1545 2330 1685 2386 inter
1711 2347 1809 2387 vos

216 2422 483 2491 propheta
526 2419 763 2486 Domini,
792 2420 847 2475 iu
894 2420 1106 2475 visione
1151 2421 1425 2491 apparebo
1471 2420 1543 2487 ei,
1593 2423 1677 2476 vel
1712 2438 1809 2492 per

155 2566 166 2574 .
215 2515 496 2570 somnium
529 2515 724 2585 loquar
747 2516 815 2570 ad
844 2515 1016 2569 illum.
1051 2513 1122 2569 At
1145 2531 1254 2570 non
1278 2516 1403 2571 talis
1432 2532 1622 2572 servus
1653 2530 1808 2571 meus

215 2604 453 2678 Moyses.
504 2604 609 2662 Ore
656 2606 802 2662 enim
846 2606 914 2661 ad
955 2622 1020 2662 os
1062 2606 1256 2677 loquor
1283 2607 1332 2662 ei
1361 2619 1414 2662 ct
1455 2622 1564 2660 non
1605 2606 1805 2676 palam,

216 2715 329 2754 non
358 2714 455 2768 per
475 2699 764 2769 aenigmata
800 2707 855 2753 et
886 2698 1087 2769 ﬁguras
1116 2697 1410 2753 Dominum
1441 2699 1586 2753 videt
1613 2696 1803 2759 (Nam.

214 2791 342 2859 xu).
378 2808 398 2841 ι
426 2787 685 2859 Sequitur
718 2807 732 2844 :
764 2807 782 2840 ι
816 2787 882 2843 Ει
908 2803 1035 2844 ecce
1069 2788 1290 2857 quidam
1316 2789 1658 2860 legisperitus
1687 2805 1810 2843 sur-

216 2882 363 2936 rexit
394 2889 609 2936 tentans
642 2880 813 2946 illum,
837 2881 1056 2936 dicens:
1092 2880 1367 2950 Magister,
1400 2880 1530 2952 quid
1561 2880 1809 2937 faciendo

216 2973 387 3027 vitam
437 2981 694 3028 aeternam
728 2972 1054 3042 possidebo?
1090 2970 1348 3027 Pharisaei
1390 2972 1634 3028 videntes
1678 2972 1807 3042 quia

215 3065 496 3122 silentium
536 3064 889 3137 imposuisset
948 3063 1282 3129 Sadduueis,
1321 3075 1692 3120 convenerunt
1751 3064 1805 3119 in

218 3173 412 3215 tinum.
432 3157 499 3212 Et
524 3157 752 3213 accessit
780 3172 923 3212 unus
951 3156 1015 3212 de
1039 3155 1267 3223 Scribis,
1292 3158 1428 3228 legis
1457 3157 1667 3223 doctor,
1694 3166 1809 3214 ten-

215 3261 345 3308 tans
371 3268 518 3319 eum,
547 3261 602 3307 et
633 3251 821 3307 dicens
847 3269 860 3304 :
890 3249 1169 3321 Magister,
1196 3251 1341 3321 quod
1375 3259 1461 3306 est
1488 3252 1805 3307 mandatum

213 3362 475 3417 magnum
521 3345 576 3399 in
610 3343 762 3416 lege?
795 3364 812 3396 ι
848 3341 1109 3398 Videlicet
1157 3341 1415 3398 Pharisaei
1443 3352 1499 3400 et
1525 3344 1807 3400 Sadducaei

211 3439 361 3494 inter
386 3455 443 3494 se
466 3438 728 3494 contrarii
752 3444 954 3503 essent,
997 3444 1175 3492 tamen
1206 3438 1322 3507 pari
1365 3447 1545 3494 mente
1570 3454 1806 3494 consen-

211 3540 409 3585 serunt
446 3530 513 3584 ad
566 3530 854 3585 Dominum
889 3531 1229 3586 tentandum.
1274 3528 1427 3596 Quod
1474 3531 1704 3602 legimus
1730 3530 1810 3587 fe-

211 3622 361 3677 cisse
404 3621 684 3678 llacrodem
729 3631 783 3678 et
825 3622 1058 3677 Pilatum
1090 3624 1145 3677 in
1182 3639 1313 3678 nece
1349 3622 1584 3679 Domini.
1616 3623 1807 3679 Phari-

212 3714 345 3770 s:eis
388 3731 529 3785 saepe
567 3714 886 3781 confutatis,
922 3714 1129 3769 malitia
1162 3723 1216 3769 et
1249 3714 1388 3769 livor
1417 3714 1587 3769 nutrit
1629 3714 1809 3785 impu-

211 3804 829 3876 dentiamJtaqnentnli
858 3822 889 3859 a
910 3804 1137 3860 veritate
1167 3804 1514 3859 multitudine
1540 3821 1598 3860 se
1626 3821 1808 3861 arma-

209 3904 415 3950 verunt
459 3896 702 3951 dicentes
749 3894 891 3965 apud
936 3910 997 3952 se
1048 3914 1062 3950 :
1110 3893 1313 3951 Omnes
1366 3895 1658 3965 loquamur
1711 3911 1808 3965 per

211 4004 412 4053 unum,
447 3996 505 4041 ut
533 3988 578 4043 si
615 3986 776 4042 fuerit
808 3987 1002 4053 victus,
1048 3988 1296 4041 videatur
1325 3987 1608 4042 confusus.
1639 3985 1808 4056 Magi-

211 4087 393 4135 strum
442 4087 619 4143 vocat,
650 4078 809 4147 cujus
852 4093 963 4132 non
993 4078 1109 4132 vult
1151 4092 1274 4132 esse
1297 4077 1618 4147 discipulus.
1656 4074 1805 4130 Sim-

209 4167 554 4239 plicissimus
582 4169 947 4238 interrogator
985 4176 1039 4222 et
1064 4167 1493 4239 malignissimus
1518 4166 1807 4222 insidiator

209 4262 282 4316 de
311 4276 508 4331 magno
533 4260 788 4316 mandato
818 4260 1112 4331 interrogat
1144 4261 1239 4330 qui
1265 4271 1378 4316 nee‘
1396 4260 1680 4315 minimum
1709 4260 1808 4315 ob-

212 4359 419 4408 servat.
444 4349 534 4404 llle
561 4350 706 4405 enim
726 4350 885 4405 debet
926 4350 1264 4422 interrogare
1292 4350 1359 4406 de
1374 4349 1569 4421 majori
1594 4348 1807 4421 justitia

209 4443 309 4514 qui
351 4443 617 4496 minorem
640 4442 949 4511 complevit.

1907 1975 2013 2030 que
2037 1959 2352 2029 approbatis
2377 1968 2436 2014 ut
2460 1958 2664 2015 faciant
2689 1960 2845 2015 vobis
2875 1960 3144 2028 homines,
3169 1961 3285 2017 haec
3314 1969 3369 2020 et
3398 1978 3498 2019 vos

1908 2048 2071 2106 facite
2114 2051 2221 2106 illis
2272 2050 2488 2122 (Matth.
2523 2053 2640 2123 vn).
2692 2072 2711 2104 ι
2747 2051 2897 2107 Licet
2941 2052 3105 2124 igitur
3143 2054 3359 2110 diversa
3386 2054 3501 2109 sint

1908 2152 2179 2214 praecepta
2204 2186 2220 2212 ,
2261 2145 2464 2215 quibus
2499 2153 2595 2199 aut
2629 2144 2839 2199 utiliter
2869 2161 2992 2215 quae
3036 2154 3167 2200 sunt
3195 2146 3498 2215 appetenda

1908 2235 2169 2306 cupimus
2192 2278 2207 2303 ,
2254 2245 2352 2291 aut
2382 2252 2506 2307 quae
2534 2237 2757 2292 vitanda
2789 2246 2919 2291 sunt
2949 2237 3152 2293 utiliter
3191 2254 3500 2309 praecavea-

1910 2345 2057 2396 mus,
2093 2345 2264 2385 unum
2300 2338 2481 2385 tamen
2515 2337 2645 2384 sunt
2688 2330 2742 2384 in
2791 2328 2974 2384 radice
2999 2330 3285 2385 charitatis
3311 2372 3327 2398 ,
3367 2331 3497 2401 quia

1910 2422 1964 2477 in
2010 2422 2303 2478 dilectione
2327 2422 2422 2477 Dei
2461 2431 2513 2479 et
2544 2423 2781 2494 proximi
2812 2421 2992 2477 facere
3023 2423 3307 2477 debemus.
3334 2422 3500 2478 Recte

1909 2513 2094 2584 itaque
2114 2513 2246 2568 dicit
2269 2513 2440 2585 legem
2478 2522 2529 2567 et
2556 2513 2854 2585 prophetas
2880 2510 3073 2568 referri
3099 2511 3168 2567 ad
3192 2513 3301 2568 duo
3342 2530 3500 2567 man-

1908 2604 2032 2660 data
2084 2604 2410 2669 charitatis,
2451 2605 2578 2675 quia
2634 2613 2783 2660 totus
2820 2602 3127 2675 Decalogus
3181 2611 3236 2659 et
3288 2606 3496 2660 monita

1908 2698 2299 2767 prophetarum
2329 2695 2400 2750 ibi
2435 2696 2639 2750 habent
2665 2695 2850 2750 tinem.

1986 2810 2004 2841 ι
2035 2789 2099 2844 Ει
2125 2790 2199 2844 ait
2227 2790 2302 2843 illi
2335 2788 2522 2843 Scriba
2556 2808 2568 2842 :
2604 2788 2768 2855 Bene,
2820 2789 3112 2860 magister,
3158 2790 3214 2844 in
3250 2792 3492 2845 veritate

1910 2882 2132 2947 dixisti,
2185 2881 2314 2953 quia
2373 2897 2518 2938 unus
2567 2892 2649 2936 cst
2708 2881 2962 2949 Deus,et
3000 2898 3110 2937 non
3141 2882 3281 2937 alius
3303 2891 3499 2952 praeter

1908 2989 2034 3029 eum
2060 3015 2077 3041 ,
2108 2982 2161 3028 ct
2194 2984 2254 3028 ut
2282 2973 2542 3045 diligatur
2570 2987 2637 3027 ex
2666 2981 2779 3028 toto
2810 2973 2997 3041 corde,
3022 2984 3075 3029 et
3098 2990 3164 3029 ex
3195 2982 3307 3029 toto
3332 2974 3496 3028 intel-

1909 3066 2074 3134 lectu,
2104 3075 2244 3122 ctex
2288 3075 2399 3120 tota
2446 3065 2651 3132 anima,
2674 3074 2730 3120 et
2756 3081 2822 3121 ex
2865 3076 2979 3122 tota
3015 3066 3333 3123 fortitudine
3382 3086 3395 3122 :
3440 3074 3497 3122 et

1909 3158 2135 3231 diligere
2183 3159 2494 3230 proximum
2537 3168 2797 3230 tanquam
2841 3160 3119 3231 scipsum,
3169 3161 3351 3230 majus
3407 3169 3496 3216 est

1910 3252 2169 3307 omnibus
2207 3251 2741 3308 bolocautomatihus
2782 3259 2836 3306 et
2866 3253 3170 3308 sacriﬁciis.
3204 3272 3221 3304 ι
3245 3251 3495 3309 Ostendit

1909 3361 1977 3401 ex
2005 3344 2108 3400 hac
2129 3345 2491 3414 responsione
2524 3343 2714 3399 Scriba
2746 3361 2967 3417 gravem
2995 3361 3138 3416 saape
3170 3346 3312 3400 inter
3344 3344 3497 3401 Scri-

1909 3437 2008 3494 bas
2057 3446 2111 3492 et
2159 3434 2467 3492 Pharisaaos
2522 3435 2695 3493 fuisse
2740 3437 3102 3509 qumstiouem
3152 3439 3296 3509 quod
3348 3444 3498 3494 esset

1909 3521 2229 3584 mandatum
2263 3526 2586 3595 maximum,
2619 3529 2951 3599 quibusdam
2980 3529 3189 3586 hostias
3229 3539 3283 3584 et
3321 3530 3496 3585 sacri-

1909 3622 2030 3676 ficia
2058 3620 2430 3686 laudantibus,
2457 3620 2582 3675 aliis
2614 3620 2739 3675 ﬁdei
2762 3630 2816 3676 et
2832 3622 3142 3677 dilectionis
3163 3638 3331 3692 opera
3363 3638 3499 3692 prae-

1909 3708 2228 3779 ferentibus,
2252 3726 2319 3767 eo
2346 3712 2492 3782 quod
2525 3712 2710 3782 plures
2730 3710 2919 3769 Patres
2943 3721 3071 3769 ante
3088 3713 3261 3784 legem
3289 3714 3498 3784 absque

1907 3803 2056 3858 omni
2092 3803 2442 3857 victimarum
2474 3811 2529 3857 et
2551 3802 2948 3859 sacriﬁciorum
2994 3804 3389 3860 consuetudine
3426 3820 3491 3857 ex

1907 3895 2011 3948 fide
2036 3903 2269 3960 tantum,
2303 3913 2426 3966 qu.e
2453 3912 2550 3967 per
2593 3893 2943 3949 dilectionem
2974 3903 3233 3965 operatur
3262 3892 3405 3963 (Gal.
3439 3893 3495 3962 v)

1908 3985 2266 4057 placuissent,
2293 4003 2455 4042 nemo
2487 3994 2671 4041 autem
2702 3985 2910 4055 absque
2942 3984 3047 4039 tiale
3096 3994 3150 4041 et
3204 3985 3498 4039 dilectione

1907 4098 2002 4154 per
2032 4082 2322 4137 sacriﬁcia.
2357 4080 2467 4139 Nos
2496 4091 2679 4136 autem
2710 4095 2969 4149 magnum
2997 4086 3049 4133 et
3072 4077 3308 4149 primum
3335 4093 3494 4131 man-

1907 4173 2096 4227 datum
2148 4171 2385 4227 dicimus
2416 4180 2686 4242 quantum
2739 4169 2807 4224 ad
2848 4168 3190 4237 dignitatem.
3233 4166 3493 4235 Alioquin

1908 4265 2115 4320 utilitas
2167 4263 2553 4317 mandatorum
2604 4259 2699 4315 Dei
2764 4276 2872 4315 una
2927 4267 3043 4325 est,
3094 4267 3147 4312 et
3189 4258 3271 4313 sic
3308 4257 3493 4314 omnia

1909 4356 2012 4413 sil.i
2056 4357 2357 4421 cohaerent,
2397 4363 2457 4409 ut
2484 4355 2717 4409 alterum
2762 4368 2884 4408 esse
2913 4368 3019 4406 non
3054 4350 3226 4420 possit
3261 4351 3379 4405 sine
3409 4349 3493 4402 al-

1910 4458 2047 4516 tero,
2080 4457 2139 4503 ut
2162 4447 2577 4503 fmadamentum
2605 4446 2843 4501 dicimus
2876 4444 3069 4498 melius
3093 4458 3237 4507 esse,
3264 4457 3386 4496 cum
3419 4452 3495 4495 ta-

292 4554 311 4583 ι
354 4534 445 4586 Ait
473 4533 547 4586 illi
574 4530 735 4588 Jesus
761 4551 774 4588 :
801 4531 1045 4586 Primum
1069 4530 1313 4586 omnium
1347 4531 1660 4587 utandatum
1686 4539 1803 4587 est:
1838 4558 1884 4613 υ
1911 4556 2033 4595 men
2082 4557 2180 4595 nec
2221 4538 2636 4593 fundamentum
2669 4537 2789 4593 sine
2818 4533 3200 4598 aedificatione,
3233 4549 3334 4588 nec
3386 4533 3490 4587 ista

211 4623 381 4687 Audi,
413 4621 598 4690 Israel,
643 4622 905 4678 Dominus
937 4622 1081 4677 Deus
1104 4633 1230 4677 tuus
1264 4620 1408 4678 Deus
1431 4638 1572 4678 unus
1603 4632 1707 4677 est.
1740 4621 1807 4678 Et

213 4718 412 4788 diliges
454 4717 744 4772 Dominum
797 4716 967 4773 Deum
999 4729 1152 4775 tuum
1185 4732 1251 4772 ex
1284 4724 1396 4772 toto
1419 4717 1581 4773 corde
1609 4725 1722 4783 tuo,
1752 4724 1806 4771 et

213 4826 282 4864 ex
317 4803 427 4863 tota
459 4810 641 4864 anitna
687 4818 801 4876 tua,
832 4819 886 4864 et
914 4827 979 4866 ex
1012 4818 1122 4865 tota
1152 4823 1331 4867 mente
1361 4819 1450 4865 tua
1471 4852 1486 4877 ,
1518 4818 1573 4864 ct
1597 4825 1660 4864 ex
1694 4818 1805 4865 tota

211 4903 421 4957 virtute
444 4911 556 4958 tua.
596 4901 708 4958 lloe
728 4912 813 4958 est
841 4903 1079 4973 primum
1122 4912 1176 4957 et
1226 4904 1526 4958 maximum
1580 4902 1806 4957 manda-

212 5003 356 5050 tum.
385 4992 696 5049 Secundum
725 5003 907 5049 autem
935 4994 1114 5049 simile
1142 5002 1227 5049 est
1250 4993 1378 5049 huic
1412 5013 1426 5048 :
1458 4992 1657 5065 Diliges
1685 5009 1807 5064 pro-

216 5086 429 5141 ximum
463 5094 616 5141 tuum
658 5086 802 5142 sicut
834 5084 1089 5156 teipsum.
1131 5084 1187 5139 lu
1220 5084 1304 5140 his
1334 5085 1548 5142 duobus
1577 5085 1806 5140 manda-

214 5178 290 5233 tis
339 5177 592 5233 universa
622 5179 708 5233 lex
732 5178 928 5248 pendet
974 5187 1029 5232 et
1077 5178 1371 5248 prOphetac.
1405 5197 1423 5228 ι
1478 5176 1721 5233 Primum
1753 5186 1807 5233 ct

216 5270 521 5324 maximum
554 5278 639 5324 est
671 5269 984 5324 mandatum
1018 5284 1185 5323 unum
1216 5268 1383 5323 Deum
1425 5284 1589 5339 super
1622 5269 1803 5324 omnia

214 5363 465 5432 diligere,
490 5372 545 5417 et
573 5363 680 5417 hoc
709 5372 835 5417 ante
865 5361 1050 5417 omnia
1084 5361 1347 5416 debemus
1389 5361 1548 5432 quasi
1582 5363 1803 5418 unicum

216 5455 439 5524 pietatis
462 5453 875 5508 fundamentum
910 5453 1111 5509 locare.
1150 5451 1275 5508 Ideo
1302 5468 1410 5508 non
1434 5452 1572 5508 dixit
1603 5469 1807 5524 cogno-

219 5561 370 5612 sces,
428 5546 523 5601 sed
578 5546 812 5616 diliges,
857 5546 985 5616 quia
1029 5560 1360 5615 cognoscere
1412 5561 1582 5600 unum
1638 5545 1805 5599 Deum

211 5656 359 5712 pene
379 5642 660 5712 proprium
684 5650 766 5697 est
786 5643 1039 5698 humanae
1071 5650 1315 5708 naturae;
1344 5641 1567 5712 diligere
1598 5649 1804 5705 autem,

213 5725 465 5801 religiosi
517 5730 701 5787 cordis
739 5740 793 5786 et
841 5732 993 5789 recti.
1043 5730 1182 5787 lluic
1216 5731 1395 5788 simile
1446 5740 1529 5788 est
1568 5732 1635 5788 de
1668 5731 1806 5787 dile-

216 5821 407 5880 ctione
435 5823 696 5898 proximi,
722 5826 848 5897 quia
882 5825 1061 5898 imago
1093 5824 1186 5879 0ςὶ
1216 5834 1297 5882 est
1350 5820 1532 5881 homo.
1585 5824 1809 5882 Dilectio

1907 4632 2026 4688 sine
2063 4631 2155 4684 illo
2180 4647 2302 4687 esse
2331 4630 2525 4701 possit.
2581 4627 2697 4685 Non
2748 4628 2912 4699 igitur
2955 4625 3367 4680 fundamentum
3408 4632 3493 4678 est

1909 4724 2097 4779 utilius
2126 4723 2507 4792 aediﬁcatione,
2535 4721 2632 4778 sed
2662 4720 2902 4792 dignius,
2927 4719 3069 4775 sicut
3093 4716 3492 4788 capatdignius

1907 4826 1991 4873 est
2021 4816 2281 4871 membris
2318 4833 2332 4869 :

1986 4926 2003 4957 ι
2033 4904 2195 4961 Jesus
2224 4914 2404 4960 autem
2432 4903 2624 4959 videns
2643 4905 2770 4974 quia
2797 4901 3068 4974 sapienter
3100 4900 3490 4971 respondisset,

1906 4998 2043 5053 dixit
2083 4997 2159 5052 illi
2193 5016 2206 5051 :
2239 4995 2436 5052 Nones
2459 4996 2619 5068 longe
2646 5012 2676 5049 a
2719 5010 2885 5067 regno
2918 4993 3036 5048 Dei.
3065 4993 3230 5048 Recte
3258 5009 3491 5063 respon-

1907 5091 2035 5147 disti
2071 5110 2083 5145 :
2110 5090 2214 5144 hoc
2239 5088 2325 5144 fae
2346 5097 2399 5143 ct
2421 5088 2588 5142 vives.
2622 5106 2639 5139 ι
2670 5087 2809 5154 Quia
2847 5087 2996 5141 salus
3026 5094 3212 5140 nostra
3243 5086 3490 5140 consistit

1908 5184 1962 5239 in
1994 5182 2306 5254 cognitione
2333 5181 2582 5236 veritatis
2611 5189 2666 5236 et
2692 5195 2880 5234 amore
2907 5178 3130 5234 virtutis
3154 5220 3169 5244 ,
3207 5176 3490 5232 Saddncaei

1909 5275 2067 5346 longe
2093 5281 2222 5329 sunt
2248 5290 2278 5327 a
2307 5288 2475 5343 regno
2519 5272 2648 5339 Dei,
2696 5288 2822 5328 cum
2854 5287 2954 5326 nec
2994 5269 3368 5341 cognoscenda
3399 5283 3492 5322 co-

1909 5375 2195 5441 gnoscant,
2224 5382 2324 5420 nec
2344 5365 2614 5436 diligenda
2639 5366 2883 5436 diligant.
2902 5362 2998 5417 llic
3014 5371 3195 5416 autem
3220 5358 3490 5427 superbus

1911 5466 2147 5515 tcntator
2189 5458 2373 5513 minus
2405 5457 2564 5528 longe
2598 5464 2717 5512 erat
2745 5465 2898 5511 extra
2923 5468 3186 5524 regnum,
3215 5450 3340 5520 quia
3372 5449 3488 5519 jam

1909 5568 2003 5623 per
2066 5550 2352 5605 scientiam
2423 5550 2748 5619 evangelica:
2810 5543 3127 5618 perfectioni
3185 5541 3486 5598 consensit.

1910 5642 2067 5697 Esset
2096 5650 2276 5696 autem
2311 5639 2364 5694 in
2394 5655 2563 5711 regno
2608 5638 2699 5692 Dei
2728 5639 2772 5693 si
2802 5643 3093 5707 augeretur
3150 5634 3198 5689 ei
3249 5632 3491 5702 cognitio

1911 5733 2025 5789 veti
2048 5731 2336 5787 etdilectio
2358 5730 2508 5796 boni,
2534 5729 2883 5783 utChristum
2909 5736 3017 5791 tam
3046 5724 3098 5780 in
3123 5723 3292 5780 Deum
3322 5737 3488 5792 quam

1912 5828 1965 5883 in
1998 5824 2306 5900 proximum
2337 5822 2659 5893 susciperet.
