3948 6448
405 388 550 454 1th

405 604 598 664 Iesum
636 604 741 661 :Et
772 603 895 673 quis
931 611 1018 656 est
1051 598 1378 671 proximus?
1415 615 1433 649 ι
1484 594 1661 652 Nemo
1700 598 2003 669 proximior

407 696 623 752 homini
655 709 815 763 quam
849 692 1013 755 Dens,
1061 692 1154 761 qui
1192 690 1525 745 intrinsecus
1554 698 1609 745 et
1657 689 2005 745 extrinsecus

408 789 598 851 novit,
628 795 681 841 et
705 785 887 839 omnia
915 800 1113 839 curare
1150 793 1350 854 potest.
1387 780 1494 836 Sed
1535 782 1720 837 omnis
1747 783 2005 837 incredu-

408 879 501 933 lus
529 878 610 931 vel
642 885 874 932 tentator
896 892 997 931 nec
1028 875 1196 930 Deum
1231 892 1331 932 nec
1359 874 1637 930 hominem
1688 876 2004 946 proximum

406 968 595 1023 habet.
631 967 1001 1037 Legisperitus
1042 968 1112 1021 ob
1148 967 1293 1037 vulgi
1353 965 1597 1020 favorem
1658 966 2003 1035 captandam,

404 1059 560 1129 quod
610 1060 886 1128 sapienter
932 1057 1286 1127 respondisse
1331 1058 1653 1127 iactaretur,
1708 1057 2008 1128 interrogat

407 1151 711 1205 Dominum
735 1149 865 1220 quid
896 1149 1121 1205 faceret.
1151 1150 1255 1205 Sed
1281 1151 1410 1221 quia
1441 1150 1682 1220 seipsum
1704 1150 2008 1219 justificare

405 1244 731 1310 desiderat,
786 1243 1052 1299 Dominus
1107 1243 1431 1313 temperavit
1468 1257 1794 1312 responsum
1844 1258 2006 1299 suum

406 1337 726 1406 parabolice
754 1336 983 1406 loquens
1009 1338 1080 1403 ei,
1107 1338 1178 1391 ita
1208 1347 1264 1392 ut
1289 1346 1342 1391 et
1370 1337 1551 1391 omnis
1574 1336 1668 1405 qui
1694 1336 2010 1391 misericor-

408 1431 565 1484 diam
595 1431 723 1485 facit
752 1432 1035 1501 proximus
1082 1432 1448 1503 intelligatur,
1483 1439 1537 1486 et
1566 1430 1875 1501 specialiter
1914 1429 2010 1486 Dei

411 1518 593 1577 Filius
620 1563 633 1587 ,
673 1522 766 1591 qui
813 1521 972 1577 nobis
1022 1538 1120 1592 per
1182 1523 1573 1578 humanitatem
1612 1523 1898 1593 proximus
1928 1522 2010 1577 fa-

409 1622 543 1668 ctus
579 1624 662 1668 est
684 1656 697 1679 ,
727 1613 1064 1684 designetur.

498 1723 516 1754 (
556 1702 874 1774 Suscipiens
896 1713 1075 1757 autem
1091 1701 1252 1759 Jesus
1275 1702 1413 1758 dixit
1437 1722 1449 1758 :
1473 1701 1649 1759 Homo
1674 1704 1896 1775 quidam
1918 1705 2012 1759 de-

412 1798 717 1852 scendebat
747 1799 814 1852 ab
840 1797 1180 1852 Hierusalem
1221 1799 1274 1852 in
1307 1796 1546 1863 Jericho,
1574 1807 1627 1852 et
1651 1798 1838 1853 incidit
1863 1799 1916 1851 in
1941 1797 2015 1851 la-

1517 374 1850 446 WERNERI
1889 390 2183 448 ABBATIS
2224 390 2281 446 s.
2324 387 2544 445 ausu

488 531 510 567 σ
546 513 637 569 Ille
671 520 874 578 autem,
904 508 1091 564 volens
1129 507 1431 578 justiﬂcarc
1457 501 1731 574 seipsum,
1769 504 1910 561 dixit
1934 506 2001 561 ad
2032 514 2080 570 Α

3573 385 3707 441 1120

2182 525 2201 557 ι
2234 505 2299 561 Et
2321 504 2677 575 approprians
2696 502 2937 576 alligavit
2966 501 3212 558 vulnera
3241 497 3389 571 ejus,
3421 497 3703 559 infundens

2105 597 2285 654 oleum
2317 607 2371 653 et
2401 599 2609 652 vinum.
2648 617 2665 649 ι
2696 596 2930 652 Peecata
2961 595 3115 652 enim
3148 610 3280 665 qua:
3312 593 3368 648 in
3401 593 3703 651 hominibus

2106 690 2312 745 invenit
2369 689 2751 759 redarguendo
2806 688 3084 753 cohibuit,
3136 700 3301 756 spem
3339 685 3511 740 venia:
3539 688 3707 755 poeni-

2106 780 2346 835 tentibus
2387 781 2749 850 promittens,
2791 788 3064 833 terrorem
3113 791 3304 846 penna:
3339 777 3588 845 peccanti
3635 778 3710 832 in-

2105 874 2337 927 cutiens.
2364 872 2562 943 Alligat
2589 888 2718 942 ergo
2745 870 2998 937 vulnera,
3032 870 3173 924 dum
3204 868 3461 939 praecipit
3491 885 3505 919 :
3543 889 3561 919 ι
3590 867 3709 925 Pte-

2108 964 2392 1018 nitentiam
2422 965 2567 1033 agite
2594 962 2815 1033 (Matth.
2848 963 2959 1032 tn).
3001 981 3019 1013 ι
3050 959 3312 1015 lnfundit
3341 960 3553 1025 oleum,
3584 961 3705 1016 dum

2106 1055 2254 1109 addit
2287 1071 2300 1107 :
2333 1074 2352 1107 ι
2392 1053 2869 1124 Appropinquabit
2898 1068 3137 1124 regnum
3173 1051 3451 1108 cwlorum
3484 1050 3653 1120 (ibid.)
3684 1073 3704 1104 ι

2107 1144 2348 1200 lnfundit
2372 1155 2428 1200 et
2452 1146 2676 1213 vinum,
2721 1147 2851 1200 dum
2885 1145 3020 1200 dicit
3061 1163 3074 1198 :
3117 1162 3137 1194 ι
3177 1142 3381 1197 Omnis
3409 1143 3574 1197 arbor
3597 1160 3711 1213 quae

2108 1252 2216 1289 non
2255 1236 2382 1291 facit
2418 1235 2656 1291 fructmn
2692 1236 2895 1291 bonum
2945 1233 3270 1299 excidetur,
3327 1243 3383 1286 et
3436 1231 3491 1285 in
3541 1232 3710 1303 ignem

2108 1329 2357 1384 mittetur
2394 1328 2596 1400 (ibid.).
2632 1348 2650 1380 ι
2680 1327 2777 1383 Vel
2808 1328 3000 1399 alligat
3032 1326 3277 1381 vulnera
3325 1325 3380 1378 in
3428 1324 3708 1395 baptismo,

2109 1420 2349 1475 infundit
2378 1421 2557 1475 oleum
2586 1430 2639 1474 et
2667 1421 2855 1474 vinum
2877 1463 2891 1486 ,
2924 1420 2976 1475 id
3001 1427 3091 1474 est
3122 1418 3377 1473 chrisma
3405 1417 3580 1471 sancti
3600 1416 3713 1487 Sp?-

2108 1515 2249 1571 ritus
2275 1524 2326 1570 et
2355 1515 2579 1570 calicem
2606 1498 2880 1584 passionis
2917 1529 3054 1568 sate.

2186 1628 2207 1661 ι
2242 1607 2308 1663 Ει
2336 1624 2544 1678 ponens
2576 1606 2727 1661 illum
2766 1607 2820 1660 in
2863 1607 3184 1676 jnmentum
3239 1618 3408 1658 suum
3432 1644 3449 1669 ,
3484 1602 3635 1656 duxit
3661 1603 3712 1656 in

2112 1701 2411 1767 stabulum,
2436 1711 2489 1755 et
2519 1716 2708 1755 curam
2732 1700 2852 1769 ejus
2882 1698 3012 1770 egit.
3040 1717 3058 1748 ι
3087 1696 3425 1750 Jumentum
3452 1710 3585 1750 caro
3604 1694 3714 1765 ejus

2112 1802 2196 1849 est
2224 1795 2277 1847 in
2315 1808 2423 1863 qua
2466 1801 2687 1863 peccata
2714 1800 2897 1846 nostra
2927 1789 3167 1861 portavit
3196 1804 3375 1860 super
3408 1788 3641 1858 lignum,
3666 1796 3715 1842 ct

406 1899 659 1945 troncs.»
695 1889 985 1945 Homoiste
999 1891 1172 1945 Adam
1200 1891 1541 1961 intelligitur;
1560 1890 1900 1946 Hierusalem
1928 1890 2011 1946 ci-
2045 1883 2088 1938 B
2112 1888 2270 1958 juxta
2301 1887 2465 1941 aliam
2521 1885 2861 1956 parabolam,
2894 1900 3053 1939 ovem
3084 1898 3389 1939 erroneam
3424 1884 3716 1951 reportavit

410 1982 561 2037 vitas
590 1985 850 2048 caelestis,
874 2000 903 2037 a
931 1984 1088 2053 cujus
1115 1985 1451 2039 beatitudine
1478 1984 1663 2054 lapsus
1689 1992 1773 2039 est
1796 1984 1847 2037 in
1873 1984 2014 2038 hanc

410 2075 587 2130 vitam
616 2077 923 2131 mortalem.
949 2075 1105 2143 Quod
1128 2077 1266 2131 bene
1279 2074 1666 2146 Jericho,quaa
1689 2076 1818 2130 luna
1845 2077 2014 2129 inter-

413 2179 691 2239 pretatur,
726 2169 997 2240 significat
1031 2169 1199 2223 variis
1234 2168 1517 2224 effectibus
1559 2168 1785 2222 incerta.
1822 2164 2016 2221 Latro-

414 2277 520 2316 nes
558 2260 796 2331 izzlcllige
824 2261 1101 2315 diabolum
1147 2268 1200 2314 et
1221 2261 1444 2332 angelos
1475 2260 1618 2329 ejus,
1658 2259 1713 2313 in
1740 2275 1879 2331 quos
1902 2273 2014 2312 non

414 2352 685 2409 incideret
716 2354 820 2408 nisi
858 2354 1010 2424 prius
1038 2354 1183 2410 vitiis
1229 2351 1696 2409 tumuisset.Vera
1729 2361 1813 2408 est
1866 2353 2013 2407 enim

416 2448 692 2503 sententia
743 2448 932 2504 dicens
982 2467 994 2503 :
1050 2468 1069 2501 ‹
1123 2448 1264 2503 Ante
1295 2447 1513 2502 ruinam
1561 2445 1889 2503 exaltabitur
1920 2460 2015 2499 cor

418 2540 609 2613 (Prov.
646 2542 780 2611 xvi).
817 2561 836 2592 ι
1907 2552 1916 2561 '

503 2654 521 2684 ι
553 2633 838 2700 Quietiam
863 2633 1307 2704 despoliaverunt
1342 2642 1560 2699 eum,et
1592 2632 1765 2703 plagis
1789 2632 2017 2703 imposi-

418 2727 519 2803 tis,
550 2726 821 2791 abierunt,
854 2726 1116 2780 scmivivo
1149 2727 1389 2781 relicto.»
1413 2725 1865 2795 Despoliaverunt
1888 2739 2014 2779 eum

418 2816 598 2889 gloria
655 2817 1081 2871 immortalitatis
1128 2825 1179 2871 et
1232 2827 1382 2871 veste
1435 2817 1786 2873 innocentiae.
1833 2815 2017 2887 Plagte

422 2918 649 2980 peccata
688 2918 816 2965 sunt
841 2910 1041 2980 quibus
1070 2919 1281 2964 natura:
1312 2909 1566 2965 humana:
1591 2909 1874 2983 integritas
1896 2909 2018 2964 vio-

421 3005 535 3060 lata
582 3002 702 3057 fuit.
736 3002 1001 3058 Abierunt
1051 3012 1232 3057 autem
1266 3017 1375 3057 non
1406 3002 1475 3056 ab
1505 3002 1717 3057 insidiis
1748 3002 2015 3073 aliquate-

426 3112 535 3150 nus
566 3097 834 3151 cessando
860 3138 875 3164 ,
918 3097 1012 3151 sed
1057 3095 1374 3150 earumdem
1415 3095 1740 3151 insidiarum
1797 3092 2018 3149 fraudes

425 3186 778 3243 oceultando.
815 3187 1148 3243 Semivivum
1179 3190 1540 3259 reliquerunt,
1581 3188 1711 3258 quia
1748 3189 2016 3243 rationem

422 3287 549 3348 ejus
576 3279 795 3333 abolere
824 3296 932 3333 non
959 3280 1274 3333 valuerunt.
1306 3277 1384 3332 Ex
1421 3293 1530 3347 qua
1566 3278 1712 3332 enim
1743 3285 1895 3346 parte
1925 3292 2018 3332 sa-

426 3388 560 3442 pere
581 3380 633 3425 et
658 3387 989 3441 cognoscere
1013 3370 1183 3424 Deum
1210 3377 1416 3440 potest,
1448 3369 1581 3423 vivit
1603 3368 1791 3435 homo;
1817 3384 1880 3423 ex
1911 3383 2017 3438 qua

425 3477 560 3517 vero
582 3462 818 3531 peccatis
838 3463 1086 3531 tabescit,
1108 3461 1361 3517 lethifero
1384 3460 1605 3516 vulnere
1626 3458 2022 3531 ftedatusjacet

425 3554 593 3626 quasi
628 3563 900 3609 mortuus.

442 3638 451 3639 ί
511 3667 530 3699 ι
567 3648 781 3701 Accidit
823 3656 1004 3701 autem
1033 3654 1094 3700 ut
1121 3643 1378 3702 sacerdos
1414 3644 1636 3716 quidam
1669 3643 2022 3702 descenderet

426 3737 622 3793 eadem
645 3739 753 3804 via,
786 3746 839 3792 et
863 3737 984 3793 viso
1015 3737 1108 3792 illo
1134 3737 1449 3807 prteterivit.
1487 3735 1751 3793 Similiter
1778 3745 1833 3792 et
1857 3738 2020 3794 levita

427 3843 559 3885 cum
589 3836 734 3883 esset
761 3844 918 3882 secus
945 3827 1125 3882 locum
1147 3836 1199 3883 et
1226 3827 1433 3883 videret
1456 3830 1968 3898 eumpertransivit.
1995 3849 2013 3881 ι

432 3921 705 3977 Sacerdos
731 3937 783 3976 et
808 3922 968 3977 levita
996 3922 1089 3992 qui
1115 3922 1420 3977 sauciatum
1449 3923 1802 3989 transierunt,
1835 3938 2018 3978 sacer-

429 4014 645 4069 dotium
674 4022 726 4067 et
752 4013 1115 4069 ministerium
1159 4012 1374 4070 Veteris
1420 4013 1761 4070 Testatnenti
1808 4015 2017 4085 signifi--

429 4115 595 4174 cant,
633 4106 721 4161 ubi
746 4107 935 4162 mundi
958 4108 1268 4180 languentis
1300 4109 1523 4164 vulnera
1547 4109 1840 4165 monstrari
1865 4121 2021 4179 pote-

432 4209 593 4266 rant,
636 4219 741 4256 non
781 4212 961 4256 autem
1003 4203 1205 4258 curari.
1236 4201 1328 4257 Ait
1356 4202 1501 4257 enim
1534 4202 1848 4272 Apostolus,
1888 4202 2020 4272 quia

439 4313 460 4346 ι
481 4288 817 4364 impOssibile
844 4304 961 4349 erat
986 4296 1254 4367 sanguine
1273 4294 1566 4349 vitulorum
1594 4304 1649 4349 et
1677 4310 1938 4366 agnorum
1963 4303 2023 4364 et

435 4386 720 4442 hircorum
750 4386 955 4442 auferri
988 4395 1209 4457 peccata
1245 4386 1432 4459 (Hebr.
1464 4387 1543 4454 ιι).
1576 4406 1595 4437 ι
1624 4385 1809 4456 itaque
1840 4404 2023 4443 sacer-

433 4478 540 4536 dos
573 4479 702 4547 Dei,
734 4482 850 4551 lege
889 4480 944 4534 in
970 4479 1236 4535 mundum
1267 4480 1627 4535 descendente
1654 4496 1751 4550 per
1774 4479 2018 4551 Moysen,

436 4574 642 4628 nullam
671 4573 960 4628 sanitatem
1011 4572 1243 4627 contulit
1298 4572 1527 4627 homini.
1584 4570 1675 4628 Sic
1705 4581 1761 4626 et
1790 4573 2020 4627 descen-
2050 4588 2095 4642 ι)

434 4682 533 4721 sus
564 4666 739 4721 leviue
767 4666 861 4737 qui
887 4676 1072 4737 typum
1100 4665 1338 4720 ostendit
1366 4666 1781 4736 prophetarum,
1808 4666 2018 4721 nullum

437 4769 636 4826 sanat;
672 4759 766 4813 sed
793 4774 919 4813 cum
959 4767 1181 4829 peccata
1213 4758 1393 4829 arguit
1416 4758 1745 4828 pertransit,
1776 4759 1904 4829 quia
1939 4759 2024 4813 in-

436 4851 776 4924 dulgentiam
807 4867 918 4906 non
958 4852 1205 4922 largitur.

515 4965 533 4995 ι
573 4943 954 5000 Samaritanus
1009 4954 1192 5000 autem
1251 4945 1474 5016 quidam
1510 4946 1612 5001 iter
1640 4945 1846 5002 faciens
1877 4945 2025 5001 venit

440 5050 598 5090 secus
628 5051 777 5100 eum,
806 5044 860 5090 et
883 5037 1079 5091 videns
1107 5052 1233 5091 eum
1258 5037 1636 5093 misericordia
1668 5046 1851 5093 motus
1871 5046 1974 5092 est.
1999 5061 2017 5090 ι

441 5125 825 5183 Samaritanus
863 5128 961 5197 qui,
1002 5137 1177 5182 custos
1214 5128 1601 5199 interpretatur
1632 5129 1922 5185 Dominum
1950 5130 2026 5184 si-

436 5219 687 5290 gniﬁcat,
710 5222 797 5274 cui
826 5220 1100 5291 Propheta
1128 5233 1320 5279 contra
1356 5225 1599 5279 latrones
1624 5221 1757 5277 istos
1788 5223 1862 5277 ita
1894 5237 2025 5292 sup-

436 5313 627 5382 plicat.
675 5333 693 5365 (
759 5312 985 5369 Custodi
1037 5330 1125 5370 me
1168 5332 1197 5371 a
1248 5317 1446 5386 laqueo
1505 5330 1670 5385 quem
1719 5323 2027 5371 statuerunt

438 5402 598 5470 mibi,
633 5413 688 5459 et
728 5420 758 5459 a
803 5406 1078 5461 scandulis
1103 5407 1447 5476 operantium
1474 5405 1822 5474 iniquitatem
1848 5404 2019 5474 (Psal.

440 5498 587 5569 exe).
631 5516 649 5548 ›
694 5496 810 5568 Ipse
835 5498 1105 5554 Dominus
1152 5499 1317 5553 homo
1369 5496 1547 5552 factus
1584 5496 1708 5550 vita:
1740 5497 2026 5566 praesentis

439 5584 544 5655 iter
566 5589 813 5657 arripuit,
830 5600 893 5645 et
928 5592 1077 5645 venit
1105 5605 1265 5646 secus
1295 5590 1666 5654 vulneratum,
1692 5589 2027 5656 compassio-

442 5678 530 5733 nis
563 5691 764 5736 nostra:
801 5682 1072 5738 finitimus
1113 5690 1168 5737 et
1203 5678 1599 5736 misericordia:
1629 5678 1918 5734 collatione
1945 5679 2029 5733 vi—

442 5770 623 5827 cinus.
671 5774 781 5830 Lex
842 5784 1025 5829 autem
1062 5790 1172 5830 non
1210 5774 1403 5832 habuit
1447 5770 1903 5841 misericordiam,
1934 5772 2028 5828 sed

447 5857 562 5923 indi
597 5863 708 5917 ium
732 5874 784 5920 et
814 5863 1133 5920 vindictam.
1421 5864 1427 5869 ’

2115 1977 2183 2033 ad
2217 1993 2457 2049 gregem.
2489 1975 2679 2046 itaque
2707 1976 2913 2045 imponi
2938 1976 3195 2045 jumento
3245 1982 3335 2030 est
3389 1975 3716 2030 incarnatio-

2116 2084 2240 2123 nem
2286 2067 2493 2123 Christi
2522 2067 2776 2133 credere,
2808 2067 3040 2137 ejusque
3092 2067 3383 2138 mysteriis
3439 2067 3610 2121 tutari
3654 2068 3717 2121 ab

2115 2160 2302 2216 hostili
2334 2159 2670 2215 incursione.
2705 2157 2994 2214 Stabulum
3044 2169 3129 2215 est
3160 2159 3417 2214 Ecclesia
3459 2174 3714 2229 praesens.

2116 2253 2209 2307 ubi
2228 2252 2500 2323 sperando
2520 2251 2842 2307 reficiuntur
2869 2252 3109 2307 viatores
3127 2294 3142 2319 ,
3175 2251 3232 2306 in
3260 2260 3542 2307 aeternam
3564 2252 3719 2306 vitam

2118 2344 2427 2399 redeuntes.
2464 2342 2675 2398 Stabuli
2706 2344 2929 2398 nomine
2951 2342 3207 2400 miserias
3240 2355 3296 2399 et
3320 2343 3540 2398 fetores
3564 2344 3720 2413 hujus

2116 2436 2240 2490 vita:
2265 2436 2549 2507 signanter
2575 2434 2842 2503 insinuat,
2865 2451 2935 2490 ne
2966 2436 3134 2490 homo
3152 2436 3206 2490 in
3231 2436 3343 2490 hoc
3367 2435 3579 2491 exsilio
3607 2445 3721 2489 tan-

2117 2544 2281 2598 quam
2312 2530 2364 2583 in
2390 2527 2563 2598 patria
2596 2528 2848 2600 gaudeat.
2867 2528 3070 2583 Curam
3094 2529 3225 2599 egit,
3268 2544 3340 2583 ne
3366 2544 3524 2599 aeger
3551 2528 3605 2582 in
3630 2526 3722 2581 Ec-

2117 2619 2340 2676 clesiam
2376 2620 2596 2687 ductus,
2621 2628 2887 2689 praecepta
2916 2635 3039 2689 quae
3070 2629 3366 2690 acceperat
3394 2620 3716 2674 dimitteret.

2196 2731 2215 2764 ι
2245 2710 2313 2767 Et
2359 2712 2529 2767 altera
2560 2712 2648 2767 die
2688 2711 2917 2782 protulit
2963 2712 3105 2767 duos
3160 2712 3471 2779 denarios,
3500 2720 3556 2766 et
3584 2712 3721 2766 dedit

2119 2804 2434 2860 stabellario
2459 2813 2512 2858 et
2536 2804 2605 2858 ait
2644 2822 2656 2858 :
2686 2803 2894 2858 Curam
2923 2803 3073 2859 illius
3106 2803 3248 2860 habe
3276 2847 3292 2870 ,
3337 2812 3394 2858 et
3435 2806 3722 2875 quodcun-

2119 2913 2226 2967 que
2269 2897 2768 2966 supererogaveris,
2826 2912 2959 2967 ego,
3012 2912 3137 2952 cum
3184 2896 3445 2961 rediero,
3502 2896 3721 2951 reddant

2120 2988 2236 3043 tibi.
2251 3007 2269 3040 ι
2287 2987 2467 3042 Altera
2488 2988 2603 3042 dies
2620 2996 2701 3043 est
2718 2998 2839 3058 post
2861 2987 3072 3043 Domini
3094 2991 3584 3054 resurrectionem,
3602 3005 3723 3058 quae

2121 3081 2299 3152 magis
2349 3080 2598 3150 splendet
2627 3097 2792 3151 quam
2842 3090 3056 3151 tempus
3094 3082 3437 3151 prmcedens.
3472 3082 3591 3135 Duo
3628 3083 3726 3143 deo

2122 3173 2261 3229 narii
2291 3173 2400 3228 duo
2429 3184 2558 3228 sunt
2588 3172 2938 3229 Testamenta
2959 3216 2973 3241 ,
2998 3175 3053 3228 in
3089 3176 3293 3244 quibus
3321 3175 3516 3230 aeterni
3556 3173 3726 3243 Regis

2124 3279 2319 3319 nomen
2348 3272 2402 3318 et
2422 3264 2603 3334 imago
2632 3265 3001 3320 continentur.
3030 3263 3375 3320 Stabularius
3405 3275 3491 3320 est
3514 3266 3729 3319 chorus

2122 3354 2542 3425 discipulorum,
2573 3354 2774 3425 quibus
2817 3356 3031 3425 aperuit
3063 3371 3283 3411 sensum
3333 3365 3391 3409 ut
3446 3356 3731 3426 'ntellige—

2121 3456 2243 3503 rent
2269 3447 2586 3518 Scripturas
2614 3464 2712 3519 per
2736 3449 3005 3518 Spiritum
3039 3463 3314 3505 sanctum.
3340 3448 3730 3521 Supererogat

2123 3541 2493 3608 stabellarius,
2521 3541 2671 3611 quod
2698 3541 2753 3594 in
2781 3542 2999 3597 duobus
3034 3542 3278 3597 denariis
3315 3557 3427 3595 non
3489 3541 3723 3611 accepit,

2124 3648 2248 3688 cum
2280 3631 2484 3688 Paulus
2512 3634 2644 3688 dicit
2677 3651 2691 3687 :
2727 3651 2747 3683 ι
2781 3631 2857 3687 De
2893 3633 3203 3704 virginibus
3245 3642 3585 3703 praeceptum
3616 3631 3729 3687 Do-

2123 3724 2256 3779 mini
2290 3739 2396 3779 non
2422 3724 2618 3790 habeo,
2653 3724 2948 3779 consilium
2976 3735 3158 3780 autem
3191 3725 3263 3779 do
3298 3723 3353 3795 (l
3374 3723 3505 3779 Cor.
3531 3725 3654 3791 vn).
3701 3743 3720 3776 ι

2123 3816 2372 3886 Itemque
2403 3823 2765 3887 supererogat
2815 3832 2940 3872 cum
2973 3817 3149 3872 dicit:
3187 3836 3207 3868 ι
3243 3816 3525 3872 Dominus
3574 3817 3725 3871 ordi-

2123 3909 2274 3962 navit
2296 3908 2382 3961 his
2404 3908 2498 3978 qui
2530 3906 2886 3978 Evangelium
2916 3908 3251 3962 annuntiant
3281 3926 3296 3963 :
3328 3908 3399 3962 de
3430 3906 3726 3978 Evangelia

2122 3999 2305 4053 vivere
2331 4040 2346 4066 ,
2400 3998 2496 4053 sed
2540 4013 2644 4053 nos
2683 4014 2791 4053 non
2823 3998 2909 4052 usi
2939 4011 3135 4053 sumus
3178 3998 3285 4052 hac
3313 4006 3628 4068 potestate,
3660 4011 3729 4051 ue

2122 4104 2287 4160 quem
2336 4098 2579 4144 vestrum
2625 4104 2981 4161 gravaremus
3030 4088 3081 4160 (I
3120 4088 3247 4143 Cur.
3291 4105 3379 4155 Ix;
3427 4088 3495 4142 11
3544 4088 3723 4143 Thess.

2125 4184 2230 4253 tn).
2264 4202 2282 4235 ι
2318 4182 2541 4237 Debitor
2576 4183 2796 4237 rediens
2834 4181 3025 4237 reddet
3055 4183 3203 4253 quod
3250 4184 3550 4253 promisit,
3598 4199 3724 4237 cum

2125 4274 2393 4332 Dominus
2415 4275 2470 4329 in
2493 4275 2702 4347 judicio
2728 4275 2871 4330 dicet
2903 4294 2916 4330 :
2954 4294 2973 4327 ι
3005 4274 3146 4341 Quia
3171 4290 3343 4345 super
3368 4291 3549 4345 pauca
3577 4276 3723 4330 fuisti

2124 4371 2318 4438 fidelis,
2348 4385 2513 4440 super
2542 4370 2711 4424 multa
2746 4378 2795 4424 te
2820 4370 3152 4425 constituam
3177 4387 3190 4423 :
3226 4368 3375 4424 intra
3410 4371 3467 4424 in
3497 4385 3721 4441 regnum

2124 4460 2340 4517 Domini
2365 4461 2442 4514 tui
2472 4459 2691 4532 (Matth.
2726 4463 2876 4531 xxv).
2908 4481 2928 4513 ι

2201 4574 2219 4607 ι
2252 4554 2385 4621 Quis
2419 4555 2619 4609 horum
2652 4554 2820 4608 trium
2847 4553 3061 4608 videtur
3089 4552 3189 4607 tibi
3225 4554 3527 4623 proximus
3558 4553 3723 4607 fuisse

2126 4648 2202 4703 illi
2228 4647 2323 4718 qui
2356 4647 2547 4702 incidit
2570 4647 2623 4702 in
2647 4646 2926 4701 latrones?
2961 4647 3030 4701 At
3092 4646 3182 4701 ille
3208 4647 3361 4702 (dixit
3405 4665 3420 4702 :
3455 4646 3560 4713 Qui
3598 4646 3726 4701 fecit

2127 4738 2563 4794 misericordiam
2606 4739 2662 4792 in
2699 4739 2875 4794 illum.
2912 4738 2978 4793 Et
3004 4739 3083 4794 ait
3112 4739 3186 4792 illi
3215 4757 3229 4792 :
3260 4737 3447 4807 Vade,
3479 4748 3535 4793 et
3557 4749 3609 4793 tu
3637 4737 3723 4793 fac

2127 4830 2400 4886 similiter.
2441 4849 2460 4883 ι
2508 4828 2680 4885 Nemo
2722 4830 2881 4885 nobis
2922 4829 3097 4901 magis
3120 4840 3205 4885 est
3240 4831 3537 4900 proximus
3559 4846 3723 4900 quam

2125 4923 2221 4994 qui
2251 4923 2475 4979 vulnera
2505 4931 2695 4978 nostra
2721 4923 2971 4990 curavit,
3006 4938 3174 4993 quam
3216 4932 3390 4992 caput
3439 4923 3703 4979 membris

2126 5016 2429 5088 Diligamus
2458 5030 2589 5085 ergo
2614 5031 2738 5071 eum
2772 5023 2832 5069 ut
2858 5013 3027 5069 Deum
3060 5024 3115 5069 et
3154 5013 3493 5079 Dominum,
3534 5015 3728 5084 diliga-

2127 5127 2253 5167 mus
2283 5111 2444 5182 quasi
2483 5110 2819 5182 proximum,
2850 5108 3144 5179 diligamus
3175 5116 3229 5162 et
3253 5123 3456 5163 omnes
3479 5109 3730 5162 imitato-

2127 5221 2215 5261 res
2236 5204 2463 5260 Cbristi.
2494 5203 2652 5271 Quod
2682 5204 2785 5258 ait:
2807 5201 2952 5258 «Fac
2975 5212 3029 5257 et
3064 5210 3121 5256 tu
3145 5200 3460 5264 similiter,»
3481 5203 3587 5257 tale
3617 5211 3726 5256 est.

2127 5297 2405 5369 Quidquid
2423 5297 2572 5353 vales
2594 5298 2646 5351 in
2668 5295 2902 5367 proximi
2925 5294 3253 5350 necessitate
3277 5293 3619 5350 sublevanda
3641 5293 3731 5347 vel

2128 5392 2424 5462 corporali,
2446 5391 2531 5445 vel
2554 5388 2846 5461 spirituali,
2872 5388 3100 5443 devotus
3122 5401 3378 5456 operare,
3403 5398 3462 5441 ut
3488 5386 3735 5441 manife-

2128 5486 2289 5541 steris
2314 5500 2437 5540 esse
2459 5484 2763 5555 prosimus.
2793 5481 2957 5536 Recte
2984 5480 3369 5535 misericordia
3410 5481 3734 5550 proximum

2130 5577 2292 5644 facit,
2323 5577 2451 5647 quia
2485 5586 2567 5631 est
2608 5574 2909 5631 secundum
2949 5581 3225 5625 naturam.
3270 5570 3422 5625 Nihil
3453 5572 3602 5625 enim
3643 5587 3737 5626 se-

2130 5674 2368 5729 cundum
2399 5681 2672 5736 naturam,
2700 5683 2863 5739 quam
2889 5675 3138 5720 naturam
3158 5664 3361 5734 juvare
3385 5673 3734 5721 consortem.

2539 5762 2675 5817 Item
2703 5761 2959 5830 expositio
2983 5758 3047 5811 de
3070 5757 3278 5814 eodem.
3407 5766 3410 5770 '

2209 5881 2227 5912 ι
2267 5858 2463 5915 Beatus
2505 5857 2587 5912 vir
2616 5854 2708 5927 qui
2740 5869 2844 5910 non
2877 5850 3007 5907 abiit
3044 5851 3098 5906 in
3141 5849 3384 5907 consilio
3421 5849 3735 5922 impiorum
