3948 6452
228 369 358 430 “Si

1170 378 1741 437 DEFLORATIONES
1779 379 1880 437 SS.
1918 378 2230 436 PATRUM.
2268 411 2341 419 ——
2378 379 2506 435 LIB.
2551 379 2613 435 ll.

3369 386 3512 441 H22

234 487 408 559 (Prol.
440 485 504 559 ι).
553 507 573 542 ο
616 490 803 549 Adam
844 494 1029 551 infelix
1063 493 1145 549 vir
1177 495 1318 563 fuit,
1363 498 1455 568 qui
1498 513 1592 567 per
1641 498 1828 553 consi-
1860 503 1904 559 Α
1932 496 2352 552 circumdatum.
2387 497 2563 567 Super
2597 508 2665 551 co
2690 501 2937 549 movetur
2963 494 3361 565 miscriiordia,
3386 503 3523 573 quia

235 585 368 641 lium
419 581 727 652 impiorum
786 587 855 642 de
900 587 1077 657 patria
1125 589 1363 657 paradisi
1404 590 1577 655 abiit,
1614 597 1671 644 et
1711 606 1830 655 oni-

238 691 335 732 nes
390 681 646 745 posteros
693 691 834 732 suos
874 679 929 732 in
972 679 1075 734 hoc
1109 680 1367 734 exsilium
1408 681 1668 735 traduxit.
1722 680 1829 736 Nec

243 767 300 822 in
329 766 416 821 via
448 775 809 836 peccatorum
861 770 1044 835 stetit,
1085 771 1213 839 quia
1249 771 1305 825 in
1347 771 1583 840 peccatis
1618 772 1829 828 stabilis

243 857 464 913 mansit.
511 856 568 912 ln
618 858 884 914 cathedra
917 862 1241 930 pestilctitice
1292 864 1468 926 sedit,
1528 863 1656 933 quia
1706 879 1830 933 pec-

243 960 368 1007 cata
398 951 535 1005 alios
565 966 663 1020 per
686 953 834 1006 mala
874 953 1121 1022 exempla
1170 955 1377 1009 docuit.
1428 954 1683 1011 Christus
1731 972 1830 1012 au—

264 1054 371 1098 tem
402 1043 592 1099 beatus
629 1043 716 1097 vir
744 1044 974 1109 exstitit,
1014 1045 1108 1113 qui
1145 1047 1378 1101 consilio
1404 1045 1583 1102 Patris
1605 1048 1671 1102 de
1702 1049 1827 1102 aula

247 1136 375 1192 cadi
416 1137 474 1190 in
522 1150 803 1191 carcerem
841 1145 965 1205 post
1016 1137 1289 1205 perditum
1338 1154 1556 1194 servum
1585 1139 1739 1205 abiit,
1772 1140 1828 1194 in

247 1227 482 1293 consilio
505 1241 636 1281 vero
662 1227 959 1298 impiorum
1000 1242 1110 1282 non
1138 1228 1294 1294 abiit,
1323 1232 1544 1299 quando
1581 1233 1830 1287 diabolus

247 1320 437 1373 omnia
469 1333 636 1388 regna
668 1319 859 1374 mundi
885 1329 939 1374 et
960 1320 1191 1390 gloriam
1218 1336 1409 1376 eorum
1436 1323 1486 1377 ei
1508 1325 1826 1389 ostendens,

249 1426 312 1466 se
343 1411 575 1466 adorare
608 1410 882 1480 persuasit
905 1410 1125 1480 (Matth.
1162 1412 1258 1481 iv).
1284 1411 1339 1466 ln
1364 1413 1449 1467 via
1481 1423 1827 1482 peccatorum

249 1521 363 1560 non
415 1505 586 1570 stetit,
618 1504 748 1574 quia
779 1513 1063 1574 peccatum
1102 1520 1211 1558 non
1258 1503 1408 1559 fecit.
1465 1503 1523 1560 ln
1572 1505 1829 1559 cathedra

245 1598 576 1668 pestilentia:
600 1613 708 1652 non
735 1596 896 1663 sedit,
926 1596 1057 1666 quia
1083 1611 1184 1651 nec
1202 1596 1371 1651 verbo
1398 1610 1498 1651 nec
1532 1594 1677 1650 facto
1714 1610 1832 1650 ma-

245 1691 362 1745 lum
390 1690 600 1747 docuit.
617 1688 683 1744 Et
713 1689 836 1745 ideo
858 1688 1000 1743 sicut
1025 1688 1116 1743 ille
1140 1687 1331 1743 infelix
1360 1682 1553 1745 omnes
1584 1689 1831 1744 carnales

243 1782 394 1839 tilios
419 1783 474 1837 in
501 1791 730 1837 mortem
761 1781 1007 1844 attraxit,
1040 1780 1115 1835 ita
1148 1781 1252 1835 iste
1278 1780 1472 1836 beatus
1496 1782 1577 1836 vir
1601 1790 1831 1836 cunctos

1931 603 2122 645 omnes
2146 589 2368 645 dolores
2401 604 2501 659 pro
2530 604 2592 643 eo
2621 587 2898 658 experitur
2921 596 2973 642 et
3002 590 3362 660 approprians
3400 595 3522 649 vul-

1932 696 2059 734 nera
2091 681 2209 750 ejus
2251 680 2512 751 alligavit,
2554 680 2682 735 dum
2717 680 2881 733 vitam
2908 691 3168 736 {eternam
3195 684 3456 740 nuntians
3486 702 3519 740 a

1931 772 2171 840 peccatis
2202 788 2419 828 cessare.
2440 771 2772 842 praedicavit.
2802 770 2903 825 Per
2934 772 3071 826 duas
3095 781 3275 841 partes
3306 773 3533 844 ligami—.

1930 863 2018 918 nis
2048 864 2270 918 vulnera
2301 863 2650 930 constrinxit,
2681 863 2810 918 dum
2840 879 2936 933 per
2961 863 3101 918 duos
3133 865 3357 921 timores
3388 882 3520 937 pec-

1931 964 2053 1010 cata
2088 955 2447 1025 compescuit.
2474 954 2700 1010 Servilis
2726 956 2870 1009 enim
2903 956 3065 1010 timor
3108 973 3301 1027 pmnas
3338 974 3368 1012 a
3392 974 3522 1028 pec—

1931 1045 2067 1100 catis
2095 1045 2380 1115 prohibet;
2414 1045 2594 1100 lilialis
2625 1054 2806 1099 autem
2836 1055 3059 1101 sanctus
3087 1047 3152 1099 ad
3183 1047 3323 1101 bona
3351 1063 3520 1116 opera

1930 1145 2137 1192 monet.
2191 1136 2510 1191 lnferiorem
2563 1147 2769 1206 partem
2822 1137 3097 1206 ligaminis
3150 1138 3332 1203 traxit,
3382 1139 3516 1192 dum

1931 1226 2193 1296 gehennae
2223 1225 2473 1281 timorem
2519 1225 2599 1281 sic
2641 1226 2899 1281 cordibus
2935 1227 3218 1281 hominum
3260 1228 3513 1282 incussit.

1936 1336 1953 1369 ι
2001 1314 2234 1384 Verinis,
2270 1317 2466 1387 inquit,
2496 1334 2687 1372 eorum
2713 1333 2820 1372 non
2855 1320 3087 1373 moritur
3115 1330 3167 1374 et
3218 1321 3357 1391 ignis
3405 1337 3520 1375 non

1930 1408 2315 1480 exstinguitur.
2351 1429 2368 1460 ›
2408 1410 2601 1480 (Marc.
2638 1412 2737 1481 ix).
2774 1409 3120 1480 Superiorem
3155 1424 3361 1482 parletn
3408 1425 3522 1469 tra-

1931 1497 2029 1563 xit,
2061 1499 2190 1552 dum
2238 1498 2364 1553 boni
2405 1499 2568 1553 studii
2601 1499 2851 1553 timorem
2886 1500 3163 1554 instruxit.
3210 1522 3227 1551 i
3260 1500 3378 1555 Filii
3435 1504 3522 1556 in-

1932 1593 2069 1659 quit,
2098 1589 2246 1660 regni
2276 1590 2646 1666 cjicienturin
2676 1592 2927 1646 tenebras
2960 1592 3280 1659 exteriores;
3313 1593 3385 1647 ibi
3417 1596 3524 1649 erit

1931 1679 2090 1735 ﬂetus
2129 1690 2183 1735 et
2217 1680 2419 1735 stridor
2469 1681 2713 1736 dentium
2750 1681 2969 1761 (Matth.
3002 1688 3142 1752 vui).
3179 1703 3197 1735 ι
3241 1683 3435 1739 Vinum
3467 1696 3523 1740 et

1932 1774 2111 1829 oleum
2156 1771 2376 1841 infudit,
2408 1773 2539 1828 dum
2584 1774 2958 1844 paenitentiam
2989 1783 3042 1829 et
3069 1775 3280 1829 veniam
3309 1776 3516 1832 docuit.

244 1876 396 1930 filios
427 1874 700 1945 spiritales
746 1873 798 1927 in
847 1873 1017 1928 vitam
1052 1874 1277 1929 revexit.
1323 1872 1478 1930 Sicut
1512 1875 1657 1930 enim
1713 1877 1828 1947 ipse

1933 1865 2036 1919 Per
2060 1865 2247 1919 vinum
2274 1864 2475 1936 quippe
2504 1866 2719 1935 putrida
2765 1874 3167 1936 expurgantur;
3202 1882 3297 1935 per
3334 1868 3517 1923 oleum

244 1966 423 2022 refert
460 1968 517 2021 in
571 1965 900 2036 Evangelia,
951 1964 1119 2020 homo
1165 1966 1390 2036 quidam
1439 1966 1723 2023 descendit
1761 1969 1833 2025 ab

242 2058 592 2115 Hierusalem
616 2058 668 2113 in
691 2056 930 2125 Iericho,
965 2058 1020 2112 in
1046 2061 1224 2128 'quem
1274 2059 1514 2116 latrones
1557 2061 1831 2119 irruentes

241 2150 718 2217 vulneraverunt,
777 2165 844 2205 ac
898 2149 1272 2219 despoliantes
1321 2166 1490 2219 eum,
1554 2152 1826 2209 abierunt.

242 2241 424 2298 Porro
452 2242 714 2298 sacerdos
738 2241 989 2297 eamdem
1022 2240 1167 2297 viam
1192 2258 1462 2314 pergens,
1503 2259 1569 2298 ac
1610 2244 1832 2299 semivi-

244 2350 377 2390 vum
417 2335 608 2391 videns
636 2375 653 2401 ,
691 2334 1030 2405 pertransiit.
1074 2332 1339 2390 Similiter
1386 2336 1549 2391 levita
1598 2336 1701 2392 iter
1750 2335 1833 2391 fa-

245 2427 437 2492 ciens,
466 2428 586 2483 viso
613 2441 681 2482 eo
722 2428 1038 2497 praeterivit.
1082 2426 1469 2485 Samaritanus
1514 2442 1696 2484 autem
1735 2445 1832 2500 per

245 2520 497 2576 eamdem
539 2520 895 2590 protendens,
945 2521 1132 2577 miseri
1182 2521 1496 2588 miseretur,
1546 2536 1613 2577 ac
1652 2522 1831 2593 ligatis

241 2613 585 2679 vulneribus,
616 2613 745 2667 vino
794 2622 850 2669 et
902 2614 1026 2669 oleo
1075 2614 1359 2681 medetur,
1405 2614 1832 2685 impositumque

237 2704 492 2775 iumento
530 2704 583 2758 in
616 2704 891 2759 stabulum
925 2704 1114 2771 duxit;
1148 2705 1316 2761 altera
1355 2705 1444 2760 die
1478 2706 1620 2761 duos
1660 2704 1831 2760 dena-

243 2797 359 2852 rios
382 2795 680 2851 stabulario
717 2796 966 2866 protulit,
1005 2812 1194 2852 curam
1246 2796 1396 2850 illius
1447 2810 1634 2867 gerere
1664 2796 1826 2866 petit,

243 2890 291 2946 si
320 2888 451 2960 quid
473 2889 539 2943 de
570 2904 672 2944 suo
699 2889 1176 2960 supererogaverit
1194 2931 1210 2955 ,
1239 2889 1291 2943 in
1318 2888 1630 2944 reversione
1677 2904 1736 2944 se
1779 2888 1830 2942 ei

245 2980 586 3036 redditurum
639 2980 909 3050 promittit
958 2980 1111 3050 (Luc.
1158 2980 1234 3049 χ).
1291 2978 1467 3034 llomo
1512 2980 1712 3049 quippe
1760 2978 1831 3033 ab

243 3072 589 3128 Hierusalem
626 3072 681 3127 in
708 3070 927 3127 Jerieho
973 3072 1294 3136 descendit,
1335 3071 1465 3128 dum
1496 3072 1706 3143 primus
1735 3087 1831 3142 pa-

244 3183 377 3224 rens
402 3168 468 3222 de
495 3167 712 3238 gaudiis
741 3165 980 3237 paradisi
1013 3167 1081 3221 ad
1117 3166 1390 3221 defectum
1438 3166 1635 3221 mortis
1661 3166 1825 3220 venit.

242 3259 467 3316 Jericho
495 3276 732 3329 namque
757 3259 902 3330 quod
926 3260 1056 3314 luna
1087 3269 1272 3325 sonat,
1308 3258 1583 3315 deiectum
1627 3266 1829 3314 nostrie

244 3353 599 3408 mortalitatis
629 3351 901 3423 designat.
935 3352 1041 3419 Qui
1076 3352 1316 3407 latrones
1339 3350 1551 3418 incidit,
1581 3350 1710 3421 quia
1733 3365 1829 3406 ex-

242 3445 421 3502 sulem
467 3444 719 3515 protiuus
753 3444 911 3498 turba
953 3444 1265 3499 daemonum
1314 3441 1689 3497 circumdedit.
1723 3439 1828 3508 Qui

241 3538 409 3593 etiam
435 3553 558 3593 eum
590 3536 1056 3606 despoliaverunt,
1080 3535 1208 3607 quia
1237 3550 1346 3589 non
1391 3535 1570 3591 solum
1618 3533 1829 3590 deliciis

242 3630 506 3700 paradisi,
538 3630 635 3685 sed
657 3638 713 3685 et
743 3637 892 3684 veste
933 3628 1363 3685 immortalitatis
1391 3626 1824 3683 denudaverunt.

243 3722 440 3793 Plagas
468 3724 886 3793 imposuerunt,
926 3720 1057 3791 quia
1112 3721 1161 3775 ei
1221 3728 1444 3791 peccata
1487 3719 1822 3776 inﬂixerunt.

245 3814 581 3871 Semivivum
606 3815 969 3885 reliquerunt,
998 3814 1128 3883 quia
1158 3813 1212 3868 in
1238 3813 1425 3869 anima
1449 3821 1727 3868 mortuum
1771 3812 1827 3867 in

242 3924 478 3980 corpore
522 3923 654 3963 vero
679 3924 773 3977 per
816 3908 911 3963 Dei
947 3906 1206 3979 mysteria
1238 3904 1639 3961 circumdatum
1667 3904 1829 3960 dimi-

244 4010 458 4059 serunt.
507 4000 611 4056 Per
637 4002 884 4056 eamdem
912 4000 1057 4055 viam
1088 3999 1345 4055 sacerdos
1373 3999 1674 4066 descendit,
1696 3999 1825 4055 dum

242 4092 688 4163 patriarcharum
753 4092 890 4146 ordo
930 4091 1134 4161 pariter
1182 4090 1533 4145 mortalitatis
1580 4090 1824 4145 tetendit.

242 4186 351 4253 Qui
405 4186 752 4240 vulneratum
796 4184 1145 4254 pertransiit,
1184 4183 1313 4253 quia
1349 4184 1535 4254 generi
1584 4184 1827 4239 humano

196 4328 203 4331 _
244 4294 405 4349 opem
442 4278 581 4332 ferre
608 4293 719 4331 non
749 4278 940 4342 valuit,
964 4276 1094 4331 dum
1127 4291 1186 4330 se
1207 4275 1373 4330 etiam
1419 4275 1657 4345 peccatis
1698 4292 1825 4347 gra-

241 4376 382 4426 viter
404 4371 709 4425 sauciatuin
738 4369 932 4424 doluit.
960 4367 1146 4423 Levita
1168 4382 1386 4437 quoque
1408 4368 1549 4423 idem
1578 4368 1684 4422 iter
1706 4382 1827 4422 car-

242 4465 427 4533 pebat,
457 4464 585 4533 quia
625 4463 762 4518 ordo
785 4461 1124 4532 prephctalis
1149 4461 1314 4516 etiam
1341 4475 1438 4530 per
1459 4461 1653 4515 callem
1679 4476 1824 4516 mor-

1932 1962 2045 2019 fota
2081 1972 2364 2017 curantur.
2401 1961 2600 2015 Vinum
2645 1958 2844 2014 infudit
2890 1958 3019 2014 dum
3065 1958 3202 2012 dixit
3234 1976 3247 2012 :
3288 1977 3307 2011 ‹
3338 1958 3525 2014 Poeni-

1932 2065 2157 2120 tentiam
2184 2064 2325 2136 agite
2354 2061 2575 2135 (Matth.
2608 2062 2712 2129 ιιι).
2751 2078 2770 2111 ι
2806 2057 2996 2114 Oleum
3038 2056 3187 2112 addit
3223 2058 3353 2112 dum
3386 2057 3523 2114 Stib-

1932 2158 2118 2229 jimxit
2164 2176 2179 2212 :
2215 2177 2233 2209 ι
2264 2153 2738 2227 Appropinquabit
2786 2152 2932 2206 enim
2969 2167 3198 2222 regnum
3252 2152 3521 2207 caelorum

1935 2250 2138 2322 (ἱὸἰιι.).
2184 2269 2203 2301 ι
2242 2248 2297 2303 In
2317 2249 2627 2318 jumentuin
2658 2244 2870 2315 posuit,
2896 2243 3024 2298 dum
3052 2252 3272 2315 peccata
3302 2244 3355 2298 in
3399 2260 3524 2299 cor-

1931 2358 2065 2414 pore
2088 2357 2190 2399 suo
2216 2356 2380 2412 super
2406 2340 2613 2411 lignum
2640 2338 2823 2394 crucis
2849 2338 3091 2408 pertulit.
3139 2337 3195 2391 ln
3241 2337 3519 2415 stabulum

1931 2436 2107 2501 duxit,
2126 2434 2256 2489 dum
2282 2448 2406 2488 eum
2436 2447 2688 2503 supernae
2712 2429 2972 2485 Ecclesiae
2998 2429 3301 2499 conjunxit.
3323 2428 3524 2483 Stabu-

1932 2529 2043 2583 lum
2075 2543 2185 2598 qtio
2216 2527 2472 2581 animalia
2517 2527 2570 2579 in
2606 2532 2764 2578 nocte
2802 2531 3222 2593 congregantur,
3256 2530 3339 2576 est
3385 2536 3523 2590 pra:-

1932 2636 2059 2675 sens
2088 2618 2331 2673 Ecclesia
2362 2617 2416 2671 in
2444 2632 2550 2687 qua
2571 2614 2708 2684 justi
2734 2614 2788 2668 in
2815 2612 3048 2684 caligine
3078 2611 3243 2681 hujus
3269 2610 3391 2665 vitae
3414 2620 3523 2665 sta-

1930 2710 2210 2774 bulantur,
2242 2708 2415 2764 donec
2441 2707 2646 2777 aSpiret
2668 2705 2785 2759 dies
2814 2702 3133 2759 aeternitatis
3169 2712 3222 2757 et
3252 2702 3522 2757 inclinen-

1934 2810 2023 2856 tur
2053 2801 2265 2857 umhrie
2287 2798 2662 2854 mortalitatis.
2690 2796 2871 2851 Altera
2894 2796 2980 2850 die
3004 2795 3230 2865 protulit
3253 2794 3391 2849 duos
3427 2794 3524 2848 de-

1932 2894 2137 2949 narios.
2174 2892 2294 2947 Una
2323 2892 2442 2949 dies
2462 2901 2581 2947 erat
2603 2888 2819 2957 mortis,
2846 2888 3016 2943 altera
3044 2888 3187 2943 vitae.
3216 2887 3341 2943 Dies
3372 2902 3521 2941 mor—

1932 2986 2004 3040 tis
2036 2984 2201 3054 ccepit
2244 2985 2313 3039 ab
2342 2984 2513 3039 Adam
2556 2983 2613 3037 in
2655 2996 2765 3051 quo
2796 2996 2987 3036 omnes
3029 2979 3369 3043 moriuntur;
3402 2979 3525 3032 dies

1932 3078 2057 3133 vita:
2089 3077 2369 3133 inchoavit
2399 3092 2430 3131 a
2462 3074 2688 3131 Christo
2715 3074 2770 3127 in
2805 3088 2916 3144 quo
2940 3087 3133 3127 omnes
3156 3070 3523 3126 vivificabun-

1935 3180 2042 3227 tur.
2088 3172 2228 3227 Ante
2262 3170 2467 3226 Christi
2515 3168 2973 3224 resurrectionem
3019 3181 3213 3221 omnes
3266 3166 3524 3221 homines

1933 3265 2001 3319 ad
2053 3273 2282 3319 mortem
2324 3262 2643 3326 tendebant;
2692 3269 2816 3331 post
2857 3274 3013 3314 suam
3061 3257 3522 3312 resurrectionem

1933 3373 2122 3413 omnes
2153 3357 2338 3411 fideles
2371 3354 2441 3410 ad
2475 3357 2640 3409 vitam
2672 3353 2988 3423 surgebant.
3039 3349 3222 3405 Altera
3277 3366 3403 3404 vero
3431 3351 3524 3407 die

1930 3448 2073 3505 duos
2119 3449 2375 3505 denarios
2415 3446 2661 3517 protulit,
2706 3444 2835 3499 dum
2890 3450 3013 3513 post
3059 3441 3522 3496 resurrectionem

1932 3558 2089 3598 suam
2119 3542 2230 3597 duo
2260 3540 2606 3595 Testamenta
2632 3551 2728 3607 per
2767 3535 2876 3590 duo
2917 3542 3183 3604 praecepta
3230 3531 3522 3587 charilatis

1932 3634 2146 3705 impleri
2184 3632 2388 3689 docuit.
2430 3628 2741 3686 Stabulario
2769 3626 3027 3682 denarios
3056 3625 3223 3690 dedit,
3258 3622 3387 3679 dum
3420 3638 3521 3677 or-

1932 3727 2045 3782 dini
2071 3726 2356 3780 doctorum
2380 3724 2526 3793 leges
2543 3720 2666 3776 VlL’B
2682 3718 2955 3773 docendas
2972 3716 3268 3772 commisit.
3283 3714 3522 3785 IEgi-nm

1931 3817 2187 3889 praecepit
2214 3814 2416 3878 curari,
2446 3813 2574 3882 quia
2604 3828 2775 3882 genus
2808 3811 3111 3864 humanum
3145 3808 3311 3877 jussit
3336 3824 3365 3862 a
3394 3823 3524 3876 pce-

1931 3911 2069 3965 catis
2111 3907 2330 3962 salvari.
2375 3905 2549 3972 Quem
2592 3918 2796 3973 aegrum
2846 3902 2983 3956 fetor
3023 3902 3089 3956 de
3127 3901 3344 3956 stabulo
3371 3900 3526 3954 cxiio

1931 4000 2224 4070 compellit,
2274 3998 2402 4068 quia
2448 3986 2628 4067 justos
2673 3994 2977 4049 adversitas
3020 3994 3185 4062 hujus
3229 3994 3417 4047 mundi
3451 3994 3524 4048 ad

1929 4093 2171 4149 cmlestia
2198 4090 2496 4161 appetenda
2529 4088 2775 4158 impellit.
2819 4085 2934 4140 Duo
2960 4084 3124 4139 etiam
3152 4085 3358 4139 denarii
3407 4094 3524 4140 sta-

1929 4185 2145 4241 bulario
2190 4184 2411 4248 dantur,
2462 4181 2590 4236 dum
2643 4178 2897 4234 doctores
2944 4177 3172 4230 scicntia
3208 4175 3524 4245 Scriptura-

1930 4292 2053 4333 rum
2103 4285 2156 4331 et
2209 4276 2416 4330 honore
2464 4271 2808 4328 smcularium
2859 4267 3247 4322 sublimantur.
3300 4265 3357 4320 Si
3386 4267 3521 4336 quid

1933 4369 2035 4439 ipsi
2082 4364 2624 4438 supererogaverint,
2675 4361 2761 4414 ille
2819 4359 3005 4413 reddet
3061 4372 3185 4411 cum
3257 4358 3521 4423 redierit,

1929 4463 2059 4534 quia
2084 4462 2130 4516 si
2160 4462 2302 4517 bona
2325 4474 2447 4530 quin
2468 4456 2684 4529 populis
2710 4454 3025 4525 praedicant,
3048 4451 3304 4521 operibus
3329 4468 3519 4506 exem-

241 4558 315 4612 tis
346 4557 615 4612 tendebat.
650 4555 755 4623 Qui
807 4556 1058 4611 saucium
1104 4552 1428 4625 praeterivit,
1457 4554 1585 4623 quia
1617 4554 1826 4623 perdito
1858 4568 1902 4623 ι)
1930 4558 2192 4628 pliticant,
2224 4571 2351 4612 cum
2405 4569 2568 4611 verus
2604 4550 2986 4606 Samaritanus
3029 4548 3093 4601 ad
3129 4545 3397 4615 judicium
3432 4560 3520 4599 re-

242 4650 455 4704 homini
485 4649 819 4719 adjutorium
851 4646 995 4702 ferre
1019 4663 1128 4702 non
1150 4644 1349 4716 potuit,
1370 4645 1500 4700 dum
1521 4660 1582 4700 se
1606 4659 1826 4715 quoque

242 4743 487 4813 peccatis
514 4742 861 4805 vulneratum
892 4738 1178 4809 ingemuit.

314 4833 363 4885 A
412 4831 758 4887 Samaritano
806 4838 988 4885 autem
1046 4828 1345 4885 semivivus
1396 4834 1642 4894 curatur,
1695 4826 1826 4897 quia

243 4925 415 4979 homo
443 4924 699 4979 seductus
728 4937 826 4992 per
852 4922 1132 4977 Christum
1153 4929 1401 4977 sanatur.
1436 4918 1686 4975 Samaria
1710 4927 1829 4975 erat

242 5018 441 5075 civitas
464 5026 626 5087 caput
653 5015 806 5085 regni
835 5013 1140 5080 lsraelitici,
1173 5013 1334 5083 cujus
1366 5012 1564 5082 captivi
1592 5012 1662 5067 ad
1705 5011 1828 5067 ido-

243 5109 516 5166 lolatriam
554 5109 608 5163 in
662 5107 854 5163 Ninive
883 5116 1040 5162 erant
1082 5106 1374 5176 captivati,
1418 5113 1471 5160 et
1514 5105 1743 5175 gentiles
1773 5105 1827 5159 in

240 5218 308 5257 ea
340 5202 519 5257 locati.
549 5200 793 5269 Quorum
820 5200 1097 5257 consortia
1127 5200 1180 5254 in
1208 5208 1421 5254 tantum
1442 5196 1613 5253 Judaei
1638 5198 1830 5253 exhor-

241 5304 494 5357 ruerunt,
546 5304 606 5350 ιιι
648 5295 771 5349 illos
812 5294 1098 5364 participio
1125 5307 1318 5347 eorum
1354 5291 1670 5347 addicerent
1701 5291 1828 5361 qui-

238 5386 349 5441 bus
378 5385 701 5441 maledicere
731 5386 1040 5439 voluerunt.
1076 5381 1228 5440 Unde
1252 5392 1307 5438 et
1337 5382 1629 5438 Dominum
1661 5381 1830 5436 malc-

238 5477 478 5533 dicendo
520 5474 925 5531 Samaritanum
964 5483 1316 5532 vocaverunt.
1348 5473 1467 5545 Ipse
1491 5475 1636 5529 enim
1665 5488 1829 5528 verus

241 5568 632 5624 Samaritanus
658 5578 795 5634 erat,
839 5568 987 5638 quod
1017 5576 1206 5624 custos
1234 5568 1456 5633 dicitur,
1487 5566 1615 5636 quia
1663 5565 1734 5620 ab
1762 5579 1828 5620 eo

238 5677 420 5734 genus
454 5661 759 5715 humanum
790 5661 1118 5715 custoditur.
1150 5658 1248 5715 Hic
1277 5661 1380 5714 iter
1409 5658 1555 5723 fecit,
1588 5658 1719 5711 dum
1762 5656 1830 5712 de

234 5753 400 5812 talis
427 5754 483 5817 in
506 5753 656 5807 hunc
678 5752 941 5807 mundum
970 5752 1137 5806 venit.
1165 5750 1441 5806 Yiatorem
1474 5750 1610 5805 vidit
1640 5748 1827 5818 plaga-

235 5854 385 5916 tum,
419 5847 549 5919 quia
600 5844 874 5901 hominem
902 5844 1169 5914 conspicit
1214 5843 1453 5913 peccatis
1493 5851 1542 5898 et
1592 5839 1828 5895 miseriis

1931 4651 2113 4717 dicrit,
2144 4659 2198 4705 et
2245 4649 2377 4703 olim
2413 4646 2663 4703 saucium
2711 4652 2840 4699 tunc
2866 4640 2977 4712 jam
3025 4648 3277 4694 sanatum
3314 4638 3381 4692 de
3406 4646 3519 4692 sta-

1930 4744 2060 4799 bulo
2092 4744 2144 4797 in
2187 4742 2409 4797 caeleste
2438 4737 2700 4809 palatium
2743 4733 3037 4797 induxerit,
3080 4730 3328 4786 sollicitis
3356 4744 3517 4789 cura-

1930 4837 2143 4892 toribus
2174 4834 2505 4904 sempiterna
2532 4829 2754 4901 praemia
2779 4824 3237 4896 recompensabit.

2312 5006 2329 5039 ι
2369 4983 2721 5056 Egredimitii,
2755 4977 3069 5056 ﬁliw_SiOti,
3107 4998 3125 5030 ι
3166 4987 3217 5032 ει
3254 4978 3316 5033 de
3349 4978 3517 5031 tribus

2450 5053 2739 5109 visionibus
2773 5052 2993 5107 Christi.

1932 4989 2008 5045 De
2037 4989 2202 5044 verbis
2246 5002 2265 5041 :

2006 5198 2026 5232 ι
2065 5175 2415 5251 Egredimini,
2442 5175 2565 5229 filiae
2592 5174 2746 5239 Sion,
2775 5180 2829 5227 et
2852 5171 3029 5226 videte
3053 5185 3233 5243 regem
3270 5168 3519 5224 Salomo-

1931 5291 2054 5330 nem
2084 5274 2138 5328 in
2184 5272 2490 5328 diademate
2518 5283 2628 5338 quo
2676 5265 2959 5322 coronavit
2990 5280 3114 5317 eum
3170 5271 3342 5316 mater
3395 5276 3511 5315 sua.

1932 5365 2113 5439 (Cant.
2141 5365 2245 5434 iit).
2268 5383 2286 5415 ι
2320 5361 2574 5417 Delicatis
2603 5368 2658 5415 et
2688 5357 2918 5412 inﬁrmis
2940 5354 3260 5425 proponitur
3285 5352 3399 5403 lucc
3422 5364 3518 5439 ex-

1931 5437 2167 5514 hortatio
2194 5470 2288 5526 per
2318 5452 2580 5523 Spiritum
2613 5458 2883 5505 sanctum.
2921 5443 3141 5500 Delicati
3176 5448 3304 5496 sunt
3339 5438 3433 5508 qui
3460 5437 3514 5492 in

1933 5561 2165 5631 Aigvpto
2194 5567 2249 5613 et
2295 5557 2347 5611 iii
2381 5554 2657 5625 Babylone
2681 5550 2870 5606 volunt
2907 5541 3214 5616 prosperari
3255 5558 3268 5594 :
3302 5538 3355 5631 lii
3385 5553 3514 5607 pro-

1933 5626 2047 5723 pte‘r
2075 5626 2465 5704 infirmitatem
2509 5659 2663 5698 suam
2717 5639 2951 5694 femineo
2998 5648 3130 5687 sexu
3172 5626 3516 5723 appellantur

1931 5716 2074 5810 liliie,
2104 5742 2346 5798 nondum
2373 5737 2596 5811 perfecti
2638 5734 2873 5787 filiorum
2919 5724 3138 5780 nomine
3180 5716 3509 5811 honorandi.

1932 5838 2006 5893 De
2053 5834 2309 5911 perfectis
2347 5810 2493 5887 enim
2547 5826 2746 5884 dicitur
2795 5841 2807 5880 ε
2866 5840 2882 5870 σ
2940 5816 3060 5874 Filii
3122 5814 3253 5871 Sion
3303 5810 3507 5884 inclyti.
