3948 6452
203 371 336 428 1123
539 417 556 442 ,

776 490 918 547 Item
953 493 1015 546 de
1038 492 1236 548 eodem.

279 595 296 628 ι
325 572 686 648 Egredimini,
720 580 849 637 hinc
878 583 1029 649 Sion,
1066 592 1126 638 ut
1155 584 1335 640 videre
1356 585 1578 656 possitis
1616 602 1797 658 regem

211 669 555 725 Salomonem
587 666 779 737 (Cant.
815 673 921 744 in).
955 691 974 726 ι
1011 671 1165 729 Unde
1179 674 1383 730 dictum
1416 685 1500 730 est
1526 675 1798 732 Abrahae:

218 780 236 814 ι
273 759 537 830 Egredere
565 758 635 814 de
672 768 822 818 terra
872 773 986 831 tua,
1035 774 1088 820 et
1138 766 1206 820 de
1238 769 1563 838 cognatione
1604 778 1716 837 tua,
1747 780 1802 826 ct

211 853 277 907 de
300 852 462 906 domo
497 851 672 921 patris
700 853 780 908 tui
833 855 986 925 (Gen.
1022 858 1144 927 xu).
1194 876 1213 910 ›
1246 857 1411 914 Terra
1458 859 1564 916 lata
1593 871 1647 916 et
1675 877 1800 932 spa-

209 945 389 1000 tiosa:
425 943 540 999 haec
559 953 645 998 est
665 947 984 1002 curiositas.
1007 945 1139 1013 Quae
1167 949 1296 1002 dum
1322 950 1428 1006 late
1459 963 1685 1022 vagatur
1702 971 1800 1025 per

210 1035 504 1102 exteriora,
556 1035 781 1090 interim
837 1038 1112 1092 subintrat
1155 1055 1418 1110 serpens:
1448 1045 1674 1115 porrigit
1702 1062 1799 1116 po-

211 1142 389 1193 mum,
434 1135 488 1181 et
537 1127 771 1198 subripit
824 1131 1160 1199 paradisum.
1214 1130 1351 1188 Dina
1395 1133 1532 1191 foris
1579 1137 1797 1195 inventa

210 1219 582 1289 corrumpitur
604 1218 760 1290 (Gen.
788 1225 999 1295 xxxiv).
1029 1223 1105 1280 De
1127 1226 1229 1282 hac
1256 1229 1570 1285 curiositate
1593 1247 1799 1286 exeun-

210 1311 344 1364 dum
376 1319 478 1378 est,
513 1314 891 1368 conservando
934 1325 1192 1374 mentem.
1219 1319 1486 1391 Cognatio
1510 1331 1691 1377 autem
1713 1322 1799 1377 di-

211 1405 356 1459 citur
384 1407 632 1478 voluptas
654 1425 776 1479 qua:
791 1412 950 1467 nobis
976 1412 1162 1469 innata
1189 1425 1271 1470 est
1293 1431 1324 1470 a
1349 1419 1526 1486 primo
1551 1429 1794 1487 parente,

212 1497 309 1564 qui
336 1499 660 1570 voluptuose
697 1502 868 1558 voluit
893 1504 1075 1560 vivere
1108 1505 1229 1562 sine
1267 1507 1402 1578 jugo
1433 1509 1794 1564 obedientiam

214 1590 285 1645 de
332 1592 437 1648 hac
488 1597 798 1654 exeundum
846 1607 950 1666 est,
998 1599 1378 1656 mortiﬁcando
1413 1617 1657 1657 carnem.
1692 1601 1798 1670 Qui

210 1685 492 1754 prapriam
541 1689 736 1744 retinet
767 1690 1122 1759 voluntatem,
1176 1701 1385 1762 patrem
1419 1695 1581 1751 habet
1607 1696 1799 1752 diabo-

217 1775 334 1830 lum
369 1795 384 1831 :
434 1780 527 1849 qui
559 1795 617 1836 se
645 1781 815 1836 voluft
857 1783 1086 1838 alterum
1126 1784 1306 1841 facere
1357 1787 1707 1858 principium,
1732 1789 1800 1845 de

1135 377 1712 437 DEFLORATIONES
1755 377 1854 434 SS.
1896 375 2210 433 PATRUM.
2251 407 2318 417 --
2360 376 2488 432 LIB.
2532 375 2596 432 ll.

1825 497 1870 553 Α
1899 490 2343 553 siones,.scilicet
2377 500 2432 546 et
2471 489 2791 546 rationalem
2823 497 2878 546 et
2901 491 3261 562 corporalem,
3303 495 3492 566 plures

3349 381 3493 439 “26

1901 596 2120 652 quoque
2160 580 2436 636 habebunt
2487 581 2851 637 beatitudines
2892 600 3058 654 quam
3098 585 3298 657 angeli.
3350 585 3490 642 Nam

1899 675 2074 746 angrli
2121 691 2216 744 per
2263 675 2368 730 hoc
2396 675 2574 732 solum
2613 677 2756 746 quod
2803 677 3100 733 rationales
3151 689 3300 746 sunt,
3339 681 3490 736 vide-

1900 767 2036 821 bunt
2059 765 2250 835 Deum,
2282 768 2581 824 secundum
2611 769 2757 840 quod
2789 768 2915 824 facti
2943 779 3070 826 sunt
3100 773 3166 826 ad
3193 771 3486 844 imaginem

1900 858 2017 915 Dei.
2045 859 2159 917 Hoc
2189 869 2393 928 autem,
2415 863 2560 932 quod
2609 863 2788 934 angeli
2832 863 3004 920 futuri
3047 867 3158 922 sint
3183 868 3485 938 digniores,

1899 950 2115 1009 Veritas
2163 969 2274 1008 non
2323 955 2631 1025 pollicetur.
2696 954 2868 1012 Porro
2919 958 3012 1028 qui
3065 959 3171 1013 hoc
3229 969 3487 1016 asserunt

1898 1045 2045 1115 quod
2075 1047 2354 1116 corporeis
2377 1048 2553 1104 oculis
2583 1049 2750 1104 visuri
2773 1051 2884 1106 sint
2908 1050 3077 1107 Deum
3105 1053 3376 1121 homines,
3427 1065 3488 1110 ut

1900 1144 2047 1190 tanta
2085 1153 2173 1193 res
2203 1138 2284 1193 eis
2328 1139 2601 1207 credatur,
2655 1140 2933 1195 adducunt
2973 1142 3190 1197 beatum
3222 1144 3486 1216 Augusti-

1899 1245 2031 1282 num
2061 1229 2115 1283 in
2166 1232 2539 1286 testimonium
2585 1233 2680 1302 qui
2731 1233 2834 1288 hoc
2865 1234 2945 1288 eis
2977 1233 3246 1290 aﬂirmare
3269 1237 3486 1292 videtur

1900 1317 1955 1371 in
1989 1318 2183 1373 ultimo
2212 1321 2350 1374 libro
2381 1319 2457 1376 De
2482 1321 2701 1376 civitate
2729 1319 2844 1375 Dei.
2870 1321 2959 1376 Ait
2995 1339 3125 1394 ergo
3158 1324 3305 1378 ﬁnita
3336 1343 3488 1396 qure-

1900 1407 2078 1463 stione
2105 1425 2270 1479 quam
2301 1421 2664 1481 proposuerat
2698 1413 2763 1466 de
2790 1413 2894 1468 hoc
2933 1423 3120 1467 utrum
3156 1416 3325 1470 visuri
3377 1417 3488 1471 sint

1900 1499 2152 1556 homines
2185 1501 2354 1556 Deum
2381 1518 2478 1572 per
2512 1519 2733 1574 corpus,
2764 1505 2904 1559 sicut
2934 1507 3182 1563 videmus
3226 1509 3395 1564 solem
3433 1518 3489 1564 et

1901 1591 2088 1647 lunam
2112 1602 2166 1648 et
2193 1603 2388 1650 caetera
2417 1611 2672 1666 corpora,
2697 1613 2765 1652 an
2797 1613 2926 1653 non.
2969 1599 3077 1654 Aut
3100 1615 3248 1670 ergo,
3286 1601 3484 1671 inquit,

1901 1684 1983 1739 sic
2020 1700 2115 1754 per
2171 1685 2295 1740 illos
2348 1689 2537 1742 oculos
2591 1688 2863 1744 videbitur
2921 1690 3086 1758 Deus,
3133 1700 3191 1746 ut
3252 1693 3489 1748 habeant

1903 1773 2107 1844 aliquid
2161 1776 2216 1829 in
2263 1785 2408 1831 tanta
2445 1779 2764 1833 excellentia
2813 1782 2981 1836 menti
3011 1784 3188 1839 simile
3218 1828 3233 1852 ,
3269 1801 3378 1856 quo
3433 1795 3488 1840 ct

215 1865 386 1923 domo
410 1870 532 1939 ejus
560 1873 862 1928 exeundum
901 1887 1006 1941 est,
1035 1878 1312 1946 propriam
1335 1880 1668 1935 voluntatem
1703 1882 1798 1937 de-
1829 1864 1872 1918 Β
1902 1865 2221 1937 incorporea
2265 1880 2460 1925 natura
2526 1882 2805 1940 cernatur,
2857 1877 3003 1945 quod
3053 1878 3177 1931 ullis
3221 1881 3485 1950 exemplis

203 1962 469 2028 ponendo
501 1983 514 2016 :
549 1964 679 2030 imo,
711 1975 768 2020 ut
795 1966 918 2022 aliis
945 1968 1128 2024 verbis
1159 1970 1374 2026 dicatur
1413 1971 1483 2027 de
1512 1989 1698 2042 cavea,
1728 1974 1796 2030 de

202 2065 455 2120 carcere,
508 2055 574 2110 de
635 2059 990 2128 compedibus
1038 2060 1352 2132 fugiendum
1404 2073 1509 2120 est.
1561 2065 1796 2124 Mundus

203 2143 413 2198 dicitur
447 2147 780 2216 captivorum
819 2160 874 2206 et
913 2153 1354 2210 redimendorum
1386 2171 1592 2212 carcer.
1624 2157 1796 2215 Infer-

205 2249 314 2290 nus
343 2252 534 2292 carcer
561 2248 644 2294 est
672 2243 1010 2311 captivorum
1047 2254 1102 2300 et
1130 2261 1238 2301 non
1264 2247 1673 2306 solvendorum.
1719 2250 1795 2307 De

205 2328 491 2383 mundano
520 2345 742 2387 carcere
791 2333 986 2390 liberat
1030 2335 1315 2394 Dominus.
1365 2337 1515 2394 Unde
1556 2339 1791 2396 dicitur:

219 2435 238 2466 ι
275 2414 538 2474 Dominus
566 2419 835 2476 illuminat
879 2439 1052 2481 caecos
1085 2426 1262 2497 (Psal.
1294 2431 1454 2502 cur)
1489 2451 1510 2484 ι
1550 2433 1671 2491 illos
1714 2437 1796 2490 vi-

215 2507 413 2564 delicet
441 2525 580 2581 quos
605 2511 880 2570 mundana
899 2529 1194 2574 excaecant.
1233 2519 1414 2577 Cavea
1431 2532 1512 2579 est
1539 2541 1666 2581 caro
1690 2543 1792 2582 no-

208 2609 348 2667 stra,
395 2617 517 2672 quae
562 2604 712 2660 elidit
757 2607 1038 2663 animam:
1095 2612 1190 2666 sed
1247 2631 1266 2664 ι
1328 2613 1596 2674 Dominus
1635 2619 1796 2692 erigit

204 2692 374 2748 elisos
419 2695 618 2766 (ibid.).
663 2715 683 2749 ι
727 2697 998 2768 Compede
1027 2705 1348 2775 teneturqui
1391 2710 1668 2778 prapriam
1705 2727 1796 2766 vo-

213 2783 477 2840 luntatem
509 2789 756 2858 sequitur
790 2809 803 2844 :
836 2789 1102 2849 Dominus
1136 2804 1318 2850 autem
1371 2797 1538 2854 solvit
1569 2816 1792 2872 compe-

205 2877 355 2932 ditos
386 2879 587 2950 (ibid.).
621 2879 802 2937 Videte
832 2899 1015 2954 regem
1041 2885 1410 2944 Salomonem.
1439 2890 1588 2946 Multi
1613 2893 1796 2950 vident

205 2986 415 3042 regem,
445 2971 538 3028 sed
565 2989 675 3028 non
711 2974 1084 3045 Salomonem,
1108 2981 1202 3050 qui
1240 2992 1432 3051 regunt
1457 2993 1511 3039 et
1537 2987 1794 3044 cohibent

207 3061 264 3116 in
299 3079 360 3118 se
397 3073 576 3120 motus
604 3067 842 3135 illicitos,
872 3079 926 3124 et
969 3079 1150 3126 tamen
1199 3074 1325 3129 odio
1374 3076 1575 3132 habent
1603 3081 1790 3148 proxi-

205 3170 351 3210 mos.
384 3156 474 3211 Sic
503 3171 802 3215 econverso
828 3161 984 3216 multi
1013 3160 1386 3232 Salomonem,
1417 3167 1511 3222 sed
1543 3184 1651 3222 non
1700 3185 1790 3224 re-

206 3262 334 3318 gem
367 3248 568 3316 vident,
623 3251 716 3321 qui
749 3267 937 3320 pacem
981 3264 1262 3312 servantes
1300 3257 1430 3312 vitia
1471 3273 1581 3314 non
1613 3261 1788 3316 corri-

201 3349 363 3409 gunt.
391 3339 468 3395 Illi
517 3358 700 3414 regem
748 3352 802 3400 et
840 3344 1185 3404 Salomonem
1243 3350 1425 3405 vident
1460 3352 1554 3422 qui
1609 3363 1790 3410 motus

203 3449 408 3504 pravos
443 3440 834 3508 comprimunt.
868 3451 921 3496 et
964 3441 1034 3496 ab
1083 3441 1211 3496 odio
1257 3451 1497 3498 cessant.
1533 3462 1551 3494 ι
1582 3442 1638 3498 1η
1673 3443 1791 3499 dia-

201 3529 424 3584 demate
451 3545 562 3602 quo
591 3534 874 3588 coronavit
902 3549 1027 3588 eum
1057 3547 1229 3589 mater
1275 3550 1375 3590 sua
1407 3534 1586 3606 (Cant.
1618 3540 1723 3607 ιιι).
1766 3558 1786 3590 ι

204 3619 339 3674 Tria
368 3631 495 3677 sunt
545 3625 658 3679 veri
689 3623 1002 3682 Salomonis
1053 3627 1404 3682 diademata:
1456 3625 1638 3682 Unum
1681 3645 1792 3699 quo

202 3717 491 3771 coronavit
517 3731 642 3770 eum
673 3715 881 3784 Judrea,
908 3720 1055 3789 quod
1085 3727 1170 3775 est
1196 3720 1588 3776 misericordia:
1615 3737 1792 3791 quan-

203 3817 325 3862 tum
351 3807 415 3862 ad
445 3809 621 3875 illum,
649 3824 756 3864 non
784 3819 1049 3880 quantum
1086 3812 1154 3866 ad
1185 3809 1423 3867 Judzeos.
1459 3811 1573 3868 Hoc
1605 3811 1704 3868 fuit
1724 3814 1791 3868 de

201 3901 406 3970 spinis.
443 3899 624 3971 Spina:
651 3901 962 3973 signiticaut
983 3916 1202 3972 peccata
1227 3904 1432 3974 quibus
1472 3906 1786 3976 pungimur.

202 3992 336 4048 Haec
364 3995 476 4064 ipse
511 3995 746 4064 portavit
777 4036 792 4060 ,
833 4012 942 4050 non
979 4013 1076 4066 per
1118 3997 1536 4066 experientiam,
1579 3997 1672 4053 sed
1698 4014 1793 4067 per

203 4086 672 4156 compassiouem.
737 4084 892 4142 Unde
937 4087 1071 4141 dicit
1115 4087 1420 4158 propheta:
1465 4105 1482 4138 ‹
1523 4085 1642 4156 Ipse
1675 4087 1794 4140 lan-

201 4190 409 4245 guores
439 4187 656 4232 nostros
704 4177 846 4241 tulit,
891 4186 945 4232 et
966 4186 1186 4247 peccata
1233 4186 1419 4233 nostra
1451 4177 1567 4248 ipse
1603 4185 1792 4248 porta-

201 4270 287 4322 vit
323 4267 460 4338 (lsa.
493 4269 632 4341 Lm).
667 4289 684 4322 ι
729 4269 1038 4325 Secundum
1073 4280 1158 4326 est
1211 4287 1472 4326 carneum
1520 4271 1791 4337 diadema,

202 4375 323 4431 quo
351 4363 632 4417 coronavit
682 4377 808 4418 eum
855 4361 1025 4416 Maria
1059 4372 1234 4416 mater
1275 4378 1396 4429 sua,
1431 4363 1484 4417 in
1527 4378 1638 4433 quo
1659 4363 1794 4418 aﬂ‘c-

203 4453 420 4508 ctiones
444 4462 660 4509 nostras
682 4454 890 4510 habuit.
921 4453 1164 4510 Tertium
1197 4464 1280 4510 est
1307 4454 1558 4510 diadema
1585 4455 1791 4526 gloriae,

1899 1956 2013 2012 sive
2066 1957 2472 2030 Scripturarum
2507 1965 2834 2020 testimoniis
2865 1966 3172 2023 divinarum
3222 1972 3302 2026 vcl
3347 1973 3486 2026 (1έαί-

1899 2050 2001 2104 cile
2047 2060 2132 2107 est
2159 2053 2243 2107 vel
2285 2055 2620 2125 impossibile
2672 2061 2980 2116 ostendere.
3027 2061 3163 2118 Ecce
3221 2067 3378 2121 audis
3413 2069 3485 2123 ab

1897 2139 2205 2212 Augustino
2227 2143 2370 2214 quod
2405 2145 2743 2216 impossibile
2776 2150 2848 2204 sit
2877 2153 3162 2209 ostendere
3185 2171 3251 2210 ex
3281 2157 3483 2215 divinis

1900 2232 2198 2303 Scripturis
2223 2236 2370 2305 quod
2400 2235 2543 2292 Deus
2574 2239 2627 2294 in
2660 2239 2846 2296 futuro
2890 2245 3166 2313 corporeis
3193 2249 3366 2303 oculis
3404 2250 3486 2304 vi-

1897 2321 2109 2389 deatur,
2132 2333 2187 2379 et
2214 2334 2269 2380 tu
2297 2327 2433 2382 dicis
2459 2344 2584 2382 eum
2622 2330 2893 2386 adit-mare
2923 2333 3026 2390 hoc
3053 2338 3197 2406 quod
3246 2339 3360 2408 ipse
3388 2356 3484 2395 nec
3534 2325 3542 2331 ’

1897 2425 1986 2486 gat
2017 2417 2201 2488 alipta
2250 2421 2413 2474 modo
2435 2438 2596 2491 posse
2640 2425 2882 2493 probari.
2934 2426 3073 2483 Ecce
3126 2431 3285 2486 audis
3333 2434 3482 2502 quod

1897 2509 2140 2578 spiritale
2205 2529 2403 2584 corpus
2463 2516 2779 2573 habiturum
2838 2530 2985 2576 esset
3041 2523 3219 2578 simile
3276 2527 3484 2597 aliquid

1897 2603 2063 2656 menti
2086 2644 2101 2670 ,
2148 2621 2259 2674 quo
2302 2605 2444 2661 Deus
2475 2608 2764 2666 invisibilis
2807 2625 3142 2681 cerneretur,
3167 2617 3293 2686 quia
3326 2620 3485 2674 aliter

1896 2709 2004 2747 non
2035 2705 2216 2765 posset
2246 2698 2415 2752 videri
2471 2698 2616 2756 Deus
2644 2718 2740 2770 per
2768 2719 2988 2774 corpus,
3021 2708 3124 2762 nisi
3159 2710 3340 2782 imago
3391 2711 3482 2765 Dei

1895 2800 1992 2855 per
2013 2802 2178 2856 quam
2216 2789 2389 2844 solam
2417 2791 2590 2846 videri
2622 2803 2803 2862 potest
2830 2794 2994 2863 Deus,
3031 2798 3148 2868 ipso
3177 2801 3485 2872 Augustino

1896 2883 2052 2941 teste,
2084 2890 2362 2934 crearetur
2398 2881 2451 2936 in
2482 2898 2710 2954 corpore
2739 2886 3031 2956 spirituali.
3059 2888 3212 2956 Quod
3239 2893 3282 2946 si
3309 2894 3480 2958 licrct,

1896 2984 2006 3022 non
2032 2969 2148 3038 jam
2185 2987 2407 3042 corpus,
2439 2974 2532 3028 sed
2577 2977 2807 3046 spiritus
2853 2978 3098 3034 futurum
3131 2994 3276 3036 esset
3303 2983 3480 3053 ipsum

1896 3079 2124 3132 corpus:
2152 3065 2298 3134 quod
2326 3065 2478 3123 nefas
2499 3077 2581 3124 est
2611 3071 2848 3126 credere.
2881 3071 3084 3129 Deinde
3107 3076 3330 3131 alteram
3357 3095 3483 3148 par-

1898 3163 2004 3208 tem
2043 3157 2362 3226 qumstionis
2384 3159 2684 3231 subjungit,
2727 3171 2820 3216 aut
2849 3164 2994 3233 quod
3017 3175 3098 3219 est
3127 3164 3341 3221 facilius
3395 3169 3482 3222 in-

1895 3245 2279 3316 telligendum:
2319 3248 2389 3302 ita
2439 3247 2581 3304 Deus
2627 3251 2784 3305 nobis
2813 3253 2917 3306 erit
2960 3263 3125 3308 notus
3156 3265 3318 3326 atque
3345 3273 3482 3312 con-

1894 3337 2137 3406 spicuus,
2169 3347 2228 3393 ut
2256 3339 2503 3394 videatur
2532 3342 2724 3412 spiritu
2757 3359 2787 3396 a
2817 3344 3046 3416 singulis
3077 3347 3254 3414 nobis,
3291 3348 3344 3402 in
3369 3350 3484 3403 siu-

1893 3428 2035 3498 gulis
2064 3430 2222 3485 nobis
2248 3449 2262 3499 ;
2294 3431 2542 3487 videatur
2569 3435 2638 3488 ah
2681 3436 2851 3490 altero
2881 3437 2935 3490 in
2980 3439 3152 3493 altero
3181 3458 3196 3506 ;
3235 3441 3484 3496 videatur

1895 3518 1946 3572 in
1992 3520 2192 3590 seipso,
2247 3521 2496 3577 videatur
2550 3524 2603 3577 in
2662 3526 2802 3580 cmlo
2850 3543 2990 3582 novo
3036 3538 3089 3582 et
3144 3538 3286 3585 terra
3343 3547 3484 3586 nova

1896 3611 2080 3680 (Apoc.
2110 3613 2229 3682 xu),
2259 3623 2422 3684 atque
2475 3615 2530 3669 in
2559 3616 2706 3670 omni
2735 3633 2856 3688 qua:
2900 3628 3029 3674 tunc
3066 3619 3286 3675 inerunt
3326 3638 3481 3677 crea-

1896 3710 2015 3755 tura
2038 3746 2052 3769 ,
2083 3703 2334 3758 videatur
2352 3714 2404 3759 et
2424 3721 2521 3775 per
2546 3721 2774 3778 corpora
2801 3709 2854 3762 in
2885 3711 3033 3764 omni
3061 3727 3289 3782 corpore
3307 3755 3322 3780 ,
3353 3730 3486 3784 quo-

1895 3809 2111 3863 cunque
2143 3793 2348 3849 fuerint
2394 3798 2699 3866 spiritualis
2751 3802 2998 3871 corporis
3036 3803 3179 3858 cculi
3211 3806 3329 3859 acie
3357 3822 3484 3876 pcr-

1894 3883 2144 3938 veniente
2173 3884 2384 3940 directi.
2421 3885 2561 3943 Ecce
2616 3897 2783 3944 totam
2832 3894 3188 3960 quaestionem
3232 3912 3354 3965 qua:
3383 3898 3486 3952 fuit

1895 3976 2222 4032 limembris
2256 3980 2529 4050 recollegit
2579 3981 2682 4036 sub
2738 3984 3124 4053 disjuuctioue.
3168 3986 3284 4041 Non
3336 3991 3484 4044 enim

1894 4069 2066 4124 dixit:
2099 4069 2246 4126 istud
2271 4081 2386 4138 est;
2413 4073 2505 4127 sed
2534 4074 2670 4128 dixit
2697 4093 2709 4128 :
2745 4074 2854 4131 Aut
2881 4076 3026 4132 istud
3049 4087 3152 4145 est,
3184 4091 3278 4136 aut
3306 4081 3437 4136 illud
3464 4101 3479 4138 :

1895 4167 1960 4221 Et
1987 4167 2108 4221 ideo
2138 4169 2389 4238 quamvis
2421 4170 2647 4225 alterum
2677 4171 2746 4228 sit
2780 4189 2991 4241 verum,
3030 4174 3316 4231 atlirmavit
3347 4179 3484 4232 nih'l

1896 4269 2078 4315 tamen
2113 4262 2220 4326 hic,
2254 4277 2356 4318 suo
2387 4278 2538 4319 more
2583 4279 2771 4334 agens,
2819 4266 2926 4321 nisi
2974 4267 3077 4323 hoc
3127 4269 3305 4324 soium
3334 4272 3483 4342 quod

1895 4361 2090 4421 prteter
2139 4355 2497 4424 quaestionem
2543 4373 2609 4410 ex
2651 4358 2919 4413 sententia
2967 4361 3151 4430 posuit
3185 4377 3292 4416 non
3321 4379 3484 4433 posse

1896 4444 2108 4498 ostendi
2129 4447 2392 4516 exemplis
2420 4448 2542 4503 ullis
2567 4449 2651 4502 vel
2679 4447 3086 4520 Scripturarum
3130 4455 3480 4520 testimoniis,

204 4557 322 4614 quo
357 4544 640 4600 coronavit
665 4560 788 4600 eum
821 4540 981 4602 Pater
1019 4562 1154 4601 suus
1195 4547 1471 4602 sedentem
1511 4547 1579 4602 ad
1609 4547 1795 4602 dexte~
1827 4564 1870 4618 ι)
1899 4537 2046 4607 (ιιιοά
2075 4535 2168 4592 θεῖ
2204 4538 2524 4609 ίηοοιῬοΓοα
2553 4542 2860 4597 δυδδῑδηιίτι
2895 4560 2991 4614 Per
3012 4548 3260 4615 corporis
3287 4550 3481 4604 οειιιοε

206 4651 331 4692 ram
359 4652 513 4692 suam
539 4657 552 4692 :
583 4635 734 4693 Unde
759 4637 1055 4709 Apostolus
1084 4657 1097 4693 :
1128 4657 1145 4689 ι
1165 4637 1425 4694 Videmus
1451 4637 1636 4694 Jesum
1669 4655 1796 4710 pro-

205 4741 332 4801 pter
357 4732 665 4801 passionem
712 4732 907 4787 mortis
932 4733 1106 4802 gloria
1150 4741 1202 4786 et
1232 4732 1441 4787 honore
1471 4741 1794 4788 coronatum

207 4821 406 4890 (Hebr.
445 4824 530 4893 ιι).
569 4842 588 4875 ›
618 4821 686 4878 Et
716 4823 770 4878 in
806 4824 1021 4894 psalmo
1056 4843 1069 4879 :
1107 4843 1126 4877 ι
1149 4820 1347 4880 'Gloria
1383 4833 1438 4880 et
1466 4825 1676 4880 honore
1699 4839 1794 4880 co-

206 4908 422 4970 rcitain
450 4930 572 4969 eum
599 4915 772 4987 (Psal.
807 4917 948 4987 vm).
983 4933 1001 4968 ι

205 5027 290 5082 De
341 5045 401 5081 eo
452 5029 588 5098 quod
629 5029 871 5083 nonnulli
918 5030 1306 5084 inconsiderate
1343 5031 1602 5100 aﬁirmant
1621 5030 1796 5099 justos

283 5102 341 5153 in
371 5102 549 5171 laturo
567 5101 664 5154 Dei
691 5117 908 5171 regnum
938 5102 1108 5156 Deum
1133 5102 1336 5156 visuros
1371 5103 1633 5171 corporeis
1667 5118 1796 5155 ocu-
1847 5118 1850 5122 '

283 5171 374 5226 lis.
407 5170 482 5224 De
504 5171 668 5224 verbis
698 5170 1003 5243 Augustini.

285 5281 518 5350 Quidam
544 5296 869 5356 promittunt
897 5287 1078 5353 nobis,
1108 5286 1218 5342 imo
1248 5286 1374 5354 sibi,
1401 5286 1548 5358 quod
1585 5287 1794 5342 beatio-

206 5388 306 5432 res
337 5377 514 5447 angeli
546 5377 658 5432 sint
693 5375 884 5442 futuri,
924 5387 1235 5433 asserentes
1271 5379 1416 5448 quod
1461 5393 1571 5432 non
1617 5379 1794 5433 solum

207 5483 313 5539 per
343 5468 446 5524 hoc
471 5470 619 5540 quod
673 5471 838 5525 creati
872 5480 998 5526 sunt
1025 5470 1094 5524 ad
1146 5471 1436 5541 imaginem
1471 5469 1583 5536 Dei,
1629 5471 1799 5526 visuri

208 5569 348 5617 sunt
379 5558 574 5626 Deum,
623 5563 765 5616 sicut
804 5562 980 5633 auchi
1030 5562 1174 5617 beati
1226 5563 1408 5617 vident
1461 5562 1653 5628 Deum,
1705 5563 1800 5618 sed

207 5650 381 5706 etiam
414 5665 512 5720 per
555 5665 849 5719 corporeos
894 5652 1085 5708 oculos
1141 5653 1195 5705 in
1243 5653 1513 5722 spirituali
1545 5669 1795 5724 corpore.

207 5741 376 5810 Quod
401 5743 451 5797 si
492 5758 682 5797 verum
732 5743 914 5809 fuerit,
961 5746 1091 5811 quia
1122 5747 1266 5800 visio
1303 5745 1396 5801 Dei
1429 5757 1512 5802 est
1537 5756 1801 5802 creaturae

206 5832 507 5892 rationalis
541 5833 840 5901 beatitudo,
872 5838 1012 5892 sicut
1057 5838 1240 5908 plures
1285 5838 1560 5892 habebunt
1593 5838 1686 5892 Dei
1723 5838 1801 5892 vi.

1899 4630 2130 4686 videnda
2160 4633 2250 4688 sit.
2297 4632 2469 4688 l’orro
2507 4635 2653 4706 quod
2707 4637 2761 4691 in
2792 4639 3082 4708 posteriori
3128 4650 3280 4710 parte
3335 4660 3486 4713 qua:-

1899 4725 2094 4780 stionis
2123 4736 2178 4782 et
2211 4727 2498 4798 disjunclre
2538 4731 2697 4797 dixit,
2727 4733 2976 4787 videatur
3007 4742 3062 4786 et
3111 4750 3208 4804 per
3253 4751 3484 4806 corpora

1899 4817 1954 4872 in
1986 4820 2135 4873 omni
2166 4836 2410 4890 corpore,
2443 4838 2771 4894 quocunque
2817 4825 3019 4878 fuerint
3067 4827 3327 4895 spiritalis
3362 4845 3485 4885 enr-

1898 4912 2049 4980 poris
2077 4913 2222 4966 oculi
2261 4913 2378 4968 acie
2419 4916 2768 4984 perveniente
2815 4916 3051 4984 directi;
3097 4931 3190 4972 aut
3233 4919 3372 4975 idem
3402 4928 3487 4977 cst

1897 5004 2042 5074 quod
2082 5005 2135 5058 in
2164 5013 2314 5074 parte
2337 5007 2606 5075 superiori
2633 5017 2917 5076 posuerat,
2969 5009 3179 5066 scilicet
3209 5027 3302 5082 per
3348 5030 3485 5070 ocu-

1899 5097 1982 5152 los
2014 5112 2310 5166 corporcos
2364 5098 2637 5154 videbitur
2687 5099 2851 5166 Deus,
2902 5111 2957 5157 et
2989 5103 3070 5158 sic
3106 5104 3223 5174 ipsa
3253 5107 3486 5176 quaestio

1899 5203 2006 5242 non
2033 5199 2248 5244 constat
2269 5205 2336 5243 ex
2376 5191 2670 5246 contrariis
2700 5194 2968 5263 partibus,
3017 5205 3071 5250 et
3092 5196 3205 5266 jam
3242 5213 3351 5252 non
3383 5206 3486 5250 erit

1900 5282 2134 5350 quaestio
2161 5323 2178 5347 ,
2225 5298 2402 5353 neque
2449 5283 2768 5354 disjuucta;
2819 5297 2914 5342 aut
2942 5289 2987 5343 si
3017 5298 3102 5343 est
3141 5289 3286 5342 aliud
3317 5304 3483 5358 quam

1902 5372 2034 5426 illud
2065 5374 2212 5442 quod
2261 5383 2543 5444 posuerat,
2601 5386 2660 5432 ut
2699 5379 2771 5432 sit
2805 5381 3036 5448 quaestio
3071 5380 3213 5433 sicut
3242 5380 3356 5447 ipse
3387 5393 3485 5432 no-

1902 5465 2128 5519 minavit
2153 5481 2297 5531 eam,
2327 5476 2381 5521 et
2416 5478 2475 5522 ut
2501 5470 2716 5526 valeant
2761 5471 2851 5525 illa
2881 5471 3036 5541 signa
3079 5471 3482 5540 disjuuctionis,

1903 5558 1954 5612 id
1990 5566 2074 5612 est
2127 5567 2222 5612 aut
2265 5559 2555 5615 videndum
2603 5571 2685 5617 est
2713 5563 2842 5632 quid
2887 5563 2959 5617 sit
3009 5564 3154 5632 quod
3197 5563 3371 5618 dixit:
3404 5563 3486 5617 vi-

1902 5649 2094 5704 deatur
2115 5658 2166 5703 et
2201 5664 2296 5718 per
2324 5664 2553 5718 corpora
2602 5651 2655 5705 in
2685 5652 2834 5706 omni
2879 5666 3130 5720 corpore,
3160 5661 3215 5706 et
3266 5659 3481 5707 caetera.

1902 5744 2170 5799 Nimirum
2199 5743 2432 5814 idipsum
2466 5745 2610 5814 quod
2642 5758 2804 5814 supra
2833 5744 3168 5813 praemiserat
3203 5746 3306 5799 hoc
3338 5744 3486 5799 scili»

1903 5848 1987 5894 cet
2039 5837 2297 5894 credibile
2337 5845 2419 5892 est
2447 5879 2461 5902 ,
2519 5837 2599 5907 sic
2641 5851 2741 5892 nos
2801 5837 3018 5893 visuros
3063 5852 3184 5894 esse
3210 5836 3486 5894 mundana
