3976 6356
549 355 686 413 ΗΞἹ

1654 350 1976 408 WERNERI
2011 349 2304 407 ABBATIS
2343 348 2403 406 8.
2447 349 2669 406 BLASll

3706 340 3833 397 8τέ

541 487 770 544 corpora
799 471 924 530 ωδῐὶ
966 470 1092 527 novi
1133 476 1187 525 ct
1217 478 1372 526 terra:
1416 484 1591 537 novre,
1630 478 1691 525 ut
1721 468 1890 525 Deum
1917 447 2120 539 ubique
2149 476 2195 535 Α
2223 468 2499 537 Quomodo
2537 476 2753 544 sanctus
2777 464 3109 544 Augustinus
3136 456 3304 544 potiit
3328 471 3381 519 et
3416 473 3669 544 rea-ponat
3692 460 3835 515 dicta

540 575 864 636 praesentem
897 572 951 619 et
981 563 1233 618 universa
1265 562 1428 617 etiam
1467 563 1773 633 corporalia
1808 562 2122 633 gubernan-

544 667 649 713 tem
683 674 780 728 per
815 671 1046 725 corpora
1085 670 1208 725 quze
1246 653 1582 725 gestabimus
1610 666 1663 709 et
1704 669 1827 725 quas
1854 653 2124 724 conspici-

542 764 667 802 mus
696 762 1025 817 quocunque
1069 762 1285 801 versum
1321 745 1513 801 oculos
1566 745 1903 809 duxerimus,
1933 746 2125 799 claris—

541 841 681 895 sima
715 840 1103 910 perspicuitate
1152 838 1474 893 videamus:
1520 838 1662 894 sicut
1702 838 1955 893 homines
1984 839 2125 893 inter

539 947 681 1002 quos
711 932 953 987 viventes
989 940 1276 1001 motusque
1302 931 1493 985 vitales
1523 940 1838 986 exercentes
1867 931 2121 998 vivimus,

542 1039 668 1080 mox
704 1033 762 1079 ut
789 1025 1111 1095 aspicimus,
1145 1040 1254 1079 non
1302 1023 1577 1079 credimus
1615 1022 1819 1090 vivere,
1853 1023 1946 1077 scd
1974 1023 2126 1078 vide-

543 1131 667 1173 mus
692 1135 704 1170 :
735 1132 859 1171 cum
886 1132 1077 1171 eorum
1108 1116 1273 1170 vitam
1311 1116 1431 1172 sine
1462 1115 1787 1185 corporibus
1815 1114 2000 1169 videre
2030 1130 2127 1170 ne-

544 1223 782 1276 quamus
807 1223 971 1278 quam
1007 1214 1189 1260 tamen
1229 1205 1284 1260 in
1342 1205 1422 1260 eis
1471 1220 1568 1275 per
1596 1218 1826 1275 corpora
1855 1203 2127 1275 conspici-

542 1315 686 1353 ιιιυδ.

610 1388 772 1444 Prius
811 1388 1166 1459 inspiciamus
1214 1389 1543 1460 exemplum.
1574 1386 1715 1453 Vita,
1764 1404 1886 1458 qua:
1914 1396 2127 1459 vegetat

540 1482 787 1537 membra
814 1490 868 1537 et
896 1499 1005 1553 qua
1032 1483 1223 1537 vivunt
1252 1498 1501 1553 corpora,
1533 1481 1825 1537 invisibilis
1847 1491 1949 1548 est,
1985 1483 2128 1537 sicut

543 1574 660 1645 ipse
680 1575 1022 1646 Augustinus
1042 1575 1174 1631 dicit
1200 1594 1213 1630 :
1241 1575 1424 1642 Quare
1448 1575 1895 1645 nullatenusiipsa
1913 1575 2127 1630 videtur

543 1683 640 1738 per
672 1667 862 1722 oculos
892 1667 1158 1737 corporis,
1189 1667 1282 1722 sed
1316 1666 1517 1722 cordis.
1552 1665 1707 1721 Unde
1755 1682 1888 1738 ergo
1916 1666 2126 1721 discer-

542 1759 727 1814 nimus
750 1758 986 1815 viventia
1011 1775 1042 1815 a
1072 1775 1183 1814 non
1213 1758 1522 1814 viventibus
1545 1773 1796 1829 corpora,
1838 1758 1944 1814 nisi
1976 1759 2123 1829 quod

2472 539 2645 593 sancti
2666 537 2935 590 Ambrosii
2955 536 3023 590 de
3044 537 3231 591 eadem
3250 536 3581 606 quastione.

2294 646 2451 715 Quod
2477 646 2621 703 Deus
2642 646 2909 702 videndus
2935 646 3008 702 sit
3041 646 3407 716 corporaliter
3462 644 3524 700 in
3556 647 3831 716 spirituai

2224 753 2455 809 corpore
2479 748 2603 809 post
2622 739 3075 795 resurrectionem
3114 753 3143 792 a
3174 739 3409 805 sanctis,
3436 739 3586 808 quid
3634 739 3705 793 de
3740 742 3829 794 In:

2225 845 2288 885 re
2340 831 2576 886 senserit
2618 830 2811 886 beatus
2857 829 3200 901 Augustinus
3236 830 3567 886 videamus.
3620 829 3761 886 Nam
3802 846 3827 886 ι

2225 920 2451 976 Paulina
2501 921 2597 977 Dei
2636 921 2839 977 famula
2870 923 3167 994 inquisitos
3199 923 3267 978 de
3298 940 3360 978 re
3402 924 3544 987 ista,
3578 928 3827 995 posuitrt

2224 1013 2477 1081 exposuit
2519 1013 2684 1069 verba
2733 1014 2879 1069 beati
2913 1014 3186 1070 Ambrosii
3234 1015 3583 1072 disserentis
3626 1017 3698 1072 de
3736 1020 3823 1075 hac

2226 1104 2551 1175 quaestione,
2604 1106 2695 1163 hic
2727 1106 2978 1163 videlicet
3011 1125 3024 1161 :
3061 1127 3080 1160 ι
3120 1106 3289 1163 Deum
3342 1125 3522 1164 nemo
3552 1110 3699 1166 vidit
3732 1130 3821 1167 nn-

2228 1211 2395 1265 quam
2418 1195 2600 1266 (Joan.
2628 1197 2690 1267 ι),
2729 1218 2748 1249 ι
2775 1198 2902 1268 quia
2926 1214 3047 1253 eam
3076 1214 3199 1269 quae
3228 1199 3445 1255 habitat
3488 1201 3550 1255 in
3582 1200 3699 1256 Deo
3725 1204 3821 1273 ple-

2228 1286 2534 1342 nitudinem
2567 1288 2870 1345 divinitatis
2909 1306 3072 1346 nemo
3103 1292 3420 1361 conspexit.
3457 1308 3639 1348 nemo
3666 1306 3823 1351 mente

2227 1390 2324 1437 aut
2356 1382 2530 1453 oculis
2561 1383 2993 1453 comprehendit.
3034 1402 3054 1436 α
3092 1382 3243 1440 Vidit
3275 1402 3295 1436 ι
3326 1386 3489 1441 enim
3518 1387 3595 1441 ad
3632 1397 3824 1443 utrun-

2228 1487 2335 1542 que
2362 1481 2446 1528 est
2468 1472 2833 1530 referendum.
2863 1472 3109 1545 Denique
3139 1491 3264 1530 cum
3318 1477 3564 1532 additur
3598 1497 3623 1531 ι
3657 1481 3826 1551 unigeo

2229 1563 2377 1619 nitus
2404 1563 2577 1620 Filius
2619 1565 2736 1635 ipse
2774 1568 3049 1622 enarravit
3095 1568 3300 1638 (ibid).
3338 1587 3360 1620 ι
3402 1571 3699 1625 mentium
3725 1588 3823 1626 ma-

2229 1655 2314 1726 gis
2340 1670 2504 1725 quam
2531 1658 2817 1712 oculorum
2849 1658 2987 1714 visio
3029 1658 3365 1715 declaratur.
3400 1660 3655 1733 Species
3700 1667 3823 1720 enin

2227 1747 2461 1814 videtur,
2497 1747 2671 1805 virtus
2693 1759 2981 1806 narratur:
3013 1750 3102 1806 illa
3121 1752 3322 1819 oculis,
3343 1752 3445 1807 hic
3468 1764 3671 1810 mente
3692 1772 3827 1811 cntu-

542 1851 706 1907 simul
734 1866 961 1922 corpora
1008 1851 1258 1922 vitasque
1299 1851 1588 1907 videmus?
1617 1850 1709 1906 Sic
1758 1851 1902 1907 idem
1933 1851 2120 1906 doctor

2228 1840 2605 1910 prehenditur.
2625 1840 2690 1897 Et
2719 1843 2850 1913 quid
2883 1843 3108 1908 mirum,
3155 1845 3200 1901 si
3226 1845 3281 1900 in
3307 1849 3595 1916 praesenti
3624 1852 3826 1917 mulo,

542 1942 741 1997 asserit
773 1942 1024 1997 homines
1046 1942 1290 1996 viventes
1312 1940 1615 2012 vitalesque
1659 1952 1842 1996 motus
1866 1956 2128 1996 exercen-

538 2041 622 2089 tes
645 2033 914 2090 videmus.
947 2031 1090 2100 Quid
1133 2032 1281 2088 enim
1322 2041 1427 2100 est,
1469 2033 1718 2088 videmus
1764 2033 2011 2088 homines
2047 2030 2129 2086 vi-

537 2134 752 2192 ventes,
781 2125 927 2195 quod
958 2125 1075 2195 ipse
1095 2140 1221 2180 mox
1252 2124 1501 2195 exposuit
1522 2124 1879 2197 subjungens,
1908 2124 2128 2181 vitales-

539 2231 648 2288 que
670 2225 853 2272 motus
883 2225 1219 2283 exercentes,
1245 2217 1351 2273 nisi
1392 2217 1644 2274 videmus
1692 2231 1803 2272 non
1828 2216 2004 2288 ipsam
2043 2216 2128 2271 vi-

539 2317 682 2375 tam,
716 2309 808 2365 sed
840 2319 1021 2366 motus
1054 2309 1228 2365 factos
1256 2326 1287 2365 a
1332 2310 1466 2376 vita,
1495 2310 1625 2381 quia
1652 2320 1780 2366 sunt
1813 2310 2125 2367 certissima

540 2400 693 2469 signa
724 2401 868 2467 vitae,
900 2418 1008 2457 non
1036 2401 1153 2473 ipsa
1182 2403 1329 2457 vita?
1354 2402 1446 2459 Sic
1468 2403 1614 2458 enim
1641 2403 1822 2459 dicere
1850 2403 2122 2459 solemus:

539 2490 720 2546 Audio
762 2491 916 2547 illum
965 2492 1021 2546 in
1075 2492 1241 2549 domo
1289 2493 1528 2561 ﬂentem,
1571 2495 1659 2549 vel
1701 2495 1990 2561 ridentem,
2038 2494 2126 2550 vel

539 2584 818 2641 absentem
848 2584 1193 2651 clamantem,
1221 2584 1275 2639 id
1304 2594 1390 2641 est
1409 2586 1595 2641 auditu
1626 2585 1782 2656 capio
1805 2584 2013 2652 ﬂetum,
2041 2586 2122 2641 vel

540 2676 737 2742 risum,
769 2677 853 2731 vel
891 2676 1186 2731 clamorem
1223 2676 1417 2746 ipsius,
1476 2693 1586 2733 non
1624 2677 1825 2747 ipsum.
1870 2675 1962 2733 Sic
1990 2677 2127 2734 dici-

539 2778 656 2823 tur:
707 2766 877 2824 Video
903 2776 956 2824 te
998 2768 1145 2839 justo
1193 2780 1463 2840 agentem,
1506 2768 1738 2841 benigne
1783 2777 1838 2824 et
1877 2769 2125 2825 hilariter

481 2897 485 2901 -
540 2868 633 2917 tua
657 2860 1099 2930 distribuentem,
1147 2875 1272 2916 cum
1302 2869 1484 2916 tamen
1510 2859 1744 2931 justitia,
1770 2862 1853 2917 vel
1882 2861 2126 2933 benigni-

540 2961 645 3019 tas,
692 2954 774 3010 vel
805 2953 1052 3010 hilaritas
1081 2969 1112 3009 a
1139 2953 1290 3010 nullo
1328 2962 1625 3009 cernantur
1645 2952 1796 3024 ipsae,
1830 2952 1927 3010 sed
1954 2969 2122 3025 opera

538 3063 729 3102 earum
781 3062 903 3118 quae
950 3054 1220 3102 testantur
1264 3062 1462 3103 causas
1514 3047 1708 3103 adesse
1757 3047 1875 3103 sine
1921 3049 2121 3118 quibus

2229 1930 2335 1987 nisi
2365 1934 2586 2002 quando
2604 1935 2741 2001 vult,
2762 1933 3027 1990 Dominus
3050 1950 3158 1990 non
3182 1935 3451 1991 videtur?
3472 1937 3539 1994 In
3570 1940 3687 2009 ipsa
3710 1956 3829 2010 quo-

2229 2039 2337 2093 que
2370 2027 2774 2083 resurrectione
2798 2042 2906 2083 non
2962 2027 3120 2083 facile
3148 2038 3236 2085 est
3264 2028 3453 2084 Deum
3496 2032 3715 2098 videre,
3736 2032 3826 2087 nisi

2228 2119 2315 2176 his
2365 2122 2457 2191 qui
2514 2123 2681 2178 corde
2702 2132 2830 2178 sunt
2857 2124 3083 2180 mundo.
3116 2122 3183 2179 Et
3215 2124 3385 2180 ideo:
3428 2124 3603 2182 Beati
3646 2128 3828 2181 mundo

2227 2211 2391 2268 corde
2414 2213 2516 2284 ipsi
2548 2214 2694 2269 enim
2724 2213 2893 2271 Deum
2922 2216 3179 2272 videbunt
3203 2215 3439 2286 (Matt/1.
3473 2221 3560 2290 v).
3602 2220 3830 2287 Quantus

2222 2303 2337 2373 jam
2390 2306 2737 2361 nuntiaverat
2784 2306 3015 2376 beatos;
3078 2309 3175 2364 sed
3230 2319 3421 2365 tamen
3484 2314 3721 2369 τιάραῶ
3760 2316 3827 2371 bis

2227 2394 2397 2450 Deum
2431 2412 2536 2451 non
2564 2399 2894 2468 promiserat
2928 2399 3264 2456 facultatem.
3323 2400 3385 2457 Si
3412 2420 3571 2475 ergo
3595 2404 3761 2462 Deum
3784 2406 3828 2461 hi

2226 2490 2319 2559 qui
2348 2490 2551 2545 mundo
2572 2499 2700 2546 sunt
2733 2491 2898 2547 corde
2924 2493 3203 2560 videbunt,
3236 2495 3439 2567 utique
3492 2513 3615 2552 non
3652 2500 3830 2553 aliivi-

2226 2583 2451 2638 debunt.
2486 2582 2672 2654 Neque
2700 2584 2846 2639 enim
2871 2584 3079 2655 indigni
3106 2583 3277 2640 Deum
3324 2588 3642 2655 videbunt,
3676 2606 3829 2663 neque

2227 2674 2276 2730 is
2318 2676 2412 2745 qui
2457 2673 2651 2730 Deum-
2681 2677 2868 2730 videre
2901 2677 3156 2744 noluerit,
3186 2686 3373 2748 potest
3414 2679 3613 2737 Deum
3641 2684 3825 2739 videre.

2225 2764 2334 2821 Nec
2356 2765 2413 2820 in
2443 2767 2564 2822 loco
2600 2766 2815 2823 videtur
2845 2767 3132 2835 Dominus,
3156 2768 3251 2825 sed
3278 2771 3508 2826 mundo
3544 2774 3717 2829 corde
3743 2790 3829 2829 nec

2225 2858 2606 2929 corporalibus
2637 2860 2815 2916 oculis
2840 2859 3107 2915 Dominus
3137 2863 3433 2932 quarritur,
3466 2881 3581 2921 nec
3606 2868 3829 2922 circum-

2225 2952 2486 3007 scribitur
2514 2952 2657 3019 visu,
2688 2969 2788 3008 nec
2810 2962 2956 3009 tactu
2983 2963 3216 3021 tenetur,
3252 2971 3358 3011 nec
3382 2958 3633 3014 auditur
3652 2960 3827 3023 aﬂ'atu.

2225 3060 2327 3100 nec
2365 3046 2598 3101 sentitur
2623 3047 2864 3114 incessu,
2909 3056 2963 3103 et
3013 3063 3140 3103 cum
3192 3049 3403 3105 absens
3427 3054 3830 3124 putaturjudiv

539 3154 648 3194 non
697 3138 906 3193 fierent.
951 3137 1065 3193 Hoc
1110 3139 1273 3194 modo
1312 3139 1548 3196 dicimus
1589 3138 1760 3197 Deum
1791 3139 2118 3195 invisibilem
2151 3176 2193 3234 Ο
2226 3148 2402 3204 cetur,
2432 3149 2487 3194 et
2534 3155 2659 3194 cum
2701 3156 2942 3210 prtesens
2988 3150 3091 3208 est,
3134 3156 3244 3196 non
3295 3142 3559 3199 videtur.
3592 3145 3827 3217 Denique

540 3232 724 3287 (mnia
757 3232 1149 3301 gubernantem
1206 3247 1308 3286 nos
1339 3233 1572 3298 visuros,
1605 3249 1730 3290 cum
1762 3234 1818 3289 in
1849 3235 2119 3305 spirituali

538 3337 770 3392 corpore
820 3322 1127 3377 clarissima
1185 3322 1574 3393 perspicuitate
1616 3324 1904 3378 oculorum
1960 3324 2124 3394 spiri-

541 3413 769 3467 tualium
810 3412 1159 3481 conspecturi
1207 3428 1400 3469 sumus
1440 3428 1550 3468 non
1602 3412 1776 3483 ipsam
1801 3415 1921 3485 ejus
1962 3424 2123 3470 natu-

539 3520 680 3570 ram,
706 3503 799 3558 sed
846 3504 1263 3559 subtilissimam
1313 3504 1799 3575 incorruptionem,
1826 3514 1881 3562 et
1918 3506 2122 3579 glorio-

539 3615 659 3655 sam
692 3600 1177 3664 immortalitatem,
1212 3607 1267 3653 et
1295 3607 1491 3654 caatera
1542 3598 1796 3670 insignia,
1823 3615 1945 3671 qua:
1973 3599 2119 3659 Deus

537 3688 854 3761 operabitur
883 3690 937 3743 in
971 3688 1171 3744 futuris
1212 3689 1535 3760 corporibus
1566 3707 1580 3744 :
1613 3690 1756 3761 quod
1788 3692 2019 3761 pertinet
2049 3692 2119 3748 ad

539 3778 989 3852 gubernationem
1037 3779 1178 3850 ejus.
1228 3777 1536 3836 Notandum
1592 3795 1722 3836 vero
1787 3783 1933 3853 quod
1987 3783 2121 3839 dicit

539 3882 871 3939 quocunque
896 3866 1088 3925 oculos
1135 3868 1520 3926 direxerimus.
1559 3869 1664 3925 Per
1698 3871 1805 3928 hoc
1850 3873 1998 3927 enim
2033 3873 2120 3928 iu-

539 3959 727 4015 nuitur
761 3960 952 4015 oculos
985 3960 1150 4017 etiam
1199 3970 1331 4019 tunc
1359 3978 1470 4019 non
1518 3963 1721 4035 ubique
1750 3965 1989 4034 visuros,
2021 3967 2119 4023 sed

536 4051 612 4106 ibi
636 4059 846 4106 tantum
871 4067 981 4123 quo
1008 4052 1216 4110 fuerint
1240 4054 1455 4110 directi.
1485 4055 1741 4126 Alioquin
1788 4056 1993 4113 frustra
2021 4074 2121 4128 po-

534 4142 740 4199 suisset
770 4144 1173 4214 conspiciemus
1204 4146 1509 4215 corporalia
1542 4162 1873 4219 quocunque
1897 4166 2115 4206 versum

534 4234 725 4290 oculos
746 4234 1129 4292 direxerlmus.
1153 4235 1396 4308 Denique
1426 4237 1473 4293 si
1497 4238 1602 4293 hoc
1625 4240 1873 4311 exemplo
1892 4242 2119 4297 demou-

534 4325 732 4381 stravit
758 4341 920 4396 posse
941 4325 1113 4381 Deum
1140 4327 1315 4382 videri
1338 4329 1619 4398 corporeis
1640 4332 1815 4388 oculis
1831 4333 1885 4386 in
1906 4331 2113 4401 futuro,

533 4418 847 4473 contrarios
873 4429 957 4473 est
997 4418 1218 4474 sibimet
1266 4418 1361 4488 qui
1386 4419 1524 4475 dixit
1575 4422 1740 4490 paulo
1787 4433 1914 4479 ante
1952 4424 2115 4480 nullis

532 4510 800 4582 exemplis
829 4510 934 4567 hoc
961 4526 1126 4582 posse
1166 4513 1405 4570 ostendi.
1448 4511 1615 4571 Valde
1656 4515 1858 4587 quippe
1888 4518 1991 4572 sibi
2019 4517 2116 4572 ad-

531 4612 822 4659 versantur
846 4602 997 4657 nuilo
1029 4603 1280 4673 exemplo
1320 4618 1481 4674 posse
1510 4606 1727 4661 ostendi
1770 4606 1903 4661 illud
1929 4609 2115 4665 ethoc

530 4695 783 4766 exemplo
816 4708 978 4766 posse
1024 4693 1237 4749 ostendi
1287 4694 1442 4750 illud.
1487 4693 1556 4752 Et
1598 4696 1645 4752 si
1677 4699 1990 4755 contrarius
2029 4711 2116 4756 est

532 4785 668 4854 sibi,
700 4801 810 4841 non
860 4794 1041 4857 potest
1064 4800 1174 4841 non
1229 4801 1354 4844 esse
1385 4788 1550 4844 etiam
1600 4787 1792 4845 falsus.
1825 4789 2114 4848 Contraria

531 4878 680 4933 enim
718 4879 881 4933 simul
917 4897 1027 4936 non
1068 4890 1302 4952 possunt
1351 4897 1476 4939 esse
1517 4898 1665 4938 vera.
1704 4881 1808 4940 Sed
1858 4884 2022 4952 absit,
2054 4892 2115 4940 ut

531 4968 682 5039 quod
708 4970 843 5024 dicit
862 4971 1222 5044 Augustinus,
1247 4975 1448 5046 aliquis
1476 4984 1775 5046 praesumat
1802 4976 1983 5033 dicere
2011 4976 2116 5033 fal-

532 5078 655 5120 sum
684 5077 825 5119 esse.
877 5062 1059 5130 Quare
1112 5083 1214 5123 nec
1266 5070 1578 5125 contrarius
1622 5079 1705 5125 est
1762 5069 1887 5125 sibi.
1921 5069 2114 5127 Restat

529 5170 663 5229 ergo
689 5163 748 5210 ut
776 5155 880 5210 hoc
901 5159 1148 5227 exemplo
1177 5176 1288 5215 non
1336 5163 1588 5217 ostendat
1626 5163 1722 5219 Dei
1745 5164 2110 5222 substantiam

532 5248 708 5319 ipsum
737 5247 1117 5318 corporalibus
1131 5251 1307 5306 oculis
1323 5267 1485 5322 posse
1504 5253 1697 5321 videri,
1718 5258 1937 5327 quando
1961 5273 2111 5315 asse-

528 5340 641 5395 ruit
662 5338 829 5394 nullis
855 5339 1120 5409 exemplis
1135 5342 1346 5397 ostendi
1375 5358 1553 5414 posse.
1580 5344 1736 5412 Quod
1765 5362 1895 5419 ergo
1920 5357 2104 5404 osten-

526 5432 607 5487 dit
629 5431 804 5486 videri
831 5444 994 5502 posse
1014 5431 1121 5488 nisi
1139 5433 1287 5503 quod
1306 5434 1545 5493 diximus
1569 5437 1874 5495 clarissima
1905 5440 2108 5496 indicia

527 5532 644 5577 suae
686 5523 971 5593 praesentis
1022 5524 1301 5595 potentiae,
1349 5527 1648 5598 sapientiae,
1712 5530 2104 5603 benignitatis:

525 5612 728 5685 quibus
758 5615 1083 5686 gloriﬁcabit
1123 5626 1178 5672 et
1220 5620 1580 5692 conﬂgurabit
1616 5637 1849 5695 corpora
1872 5625 2105 5679 immor-

524 5706 651 5762 talia
678 5704 819 5763 facta
846 5709 1092 5779 corporis
1121 5711 1295 5767 nostri
1326 5710 1545 5770 Domini
1571 5713 1830 5783 claritatl,
1860 5723 1915 5773 et
1944 5730 2107 5773 reno-

526 5800 672 5855 valﬂt
695 5801 894 5857 emtum
923 5810 976 5857 et
1002 5808 1226 5858 terram.

2228 3245 2329 3284 nec
2357 3230 2591 3301 apostoli
2622 3245 2815 3287 omnes
2847 3229 3128 3288 Christum
3163 3232 3450 3301 videbant,
3496 3246 3558 3292 et
3583 3238 3713 3292 ideo
3734 3241 3826 3292 ait:

2230 3338 2249 3370 σ
2279 3318 2455 3374 Tanto
2492 3330 2735 3390 tempore
2760 3320 3044 3377 vobiscum
3088 3338 3234 3390 sum,
3258 3332 3312 3379 et
3342 3325 3543 3382 adhuc
3591 3344 3705 3383 non
3747 3346 3827 3385 oo-

2222 3411 2488 3483 gnovistis
2518 3428 2606 3468 me
2630 3412 2812 3483 (Joan.
2847 3414 2981 3484 xxv).
3023 3433 3042 3466 ι

2297 3522 2316 3556 ι
2355 3504 2412 3559 Si
2443 3506 2560 3561 haec
2597 3506 2758 3561 verba
2803 3506 3078 3578 intelligis,
3108 3507 3239 3578 quid
3267 3518 3449 3565 restat
3476 3516 3637 3582 quod
3680 3529 3711 3568 a
3740 3530 3819 3570 ne

2220 3596 2455 3665 amplius
2500 3599 2832 3668 requiratur,
2863 3615 2989 3654 cum
3034 3599 3148 3669 jam
3182 3600 3272 3656 illa
3305 3618 3438 3672 qua:
3476 3605 3722 3662 ditﬁcilis
3750 3609 3821 3663 vi-

2219 3686 2449 3742 debatur
2475 3690 2653 3744 soluta
2679 3691 2751 3745 sit
2771 3692 3003 3762 quaestio
3023 3693 3046 3745 ?
3069 3692 3175 3748 Sed
3200 3704 3501 3766 propterea
3532 3697 3707 3755 Deum
3734 3716 3821 3756 ne-

2219 3792 2312 3832 mo
2336 3778 2471 3834 vidit
2506 3794 2772 3850 unquam,
2827 3782 2955 3851 quia
2992 3783 3135 3838 sicut
3177 3784 3253 3839 ait
3282 3784 3634 3857 disputator,
3668 3792 3819 3859 cuius

2221 3871 2384 3927 verba
2434 3873 2874 3939 consideramus,
2915 3876 3308 3946 plenitudinem
3356 3879 3679 3940 divinitatis
3706 3885 3819 3955 eius

2219 3978 2382 4018 nemo
2427 3966 2733 4035 conspexit,
2780 3982 2944 4022 nemo
2983 3979 3186 4036 mente,
3216 3978 3312 4025 aut
3344 3973 3535 4029 oculis
3570 3992 3817 4047 comple-

2220 4054 2445 4121 hendit;
2476 4067 2645 4113 restat
2675 4058 2950 4130 inquirere
3005 4061 3285 4131 quomodo
3309 4066 3498 4134 angeli
3538 4066 3716 4124 Deum
3742 4068 3819 4124 rio

2218 4145 2401 4201 deant.
2446 4146 2502 4202 Si
2535 4150 2679 4204 enim
2712 4160 2767 4206 et
2808 4151 2941 4222 ipsis
2977 4168 3086 4207 non
3125 4153 3287 4210 sicuti
3322 4165 3431 4224 est,
3460 4159 3569 4215 sed
3624 4161 3817 4218 latente

2219 4249 2412 4294 natura
2439 4257 2538 4297 sua
2562 4242 2616 4297 in
2649 4259 2802 4313 spem
2844 4260 2968 4316 qua:
2986 4248 3222 4304 voluerit
3248 4262 3503 4320 apparet,
3530 4257 3713 4326 magis
3736 4272 3816 4313 re-

2218 4332 2545 4402 quirendum
2575 4343 2677 4397 est,
2708 4339 2985 4407 quomodo
3010 4356 3110 4396 nos
3139 4342 3453 4400 videbimus
3495 4362 3630 4403 eum
3658 4351 3813 4407 sicuti

2216 4432 2321 4479 est.
2354 4423 2467 4481 [loc
2487 4426 2633 4481 enim
2677 4443 2955 4485 summum
2980 4433 3265 4502 praemium
3305 4434 3361 4489 in
3408 4443 3813 4496 resurrectione

2217 4517 2559 4586 promittitur
2597 4521 2743 4591 quod
2780 4522 2987 4579 erimus
3026 4524 3268 4595 aequales
3319 4529 3542 4600 angelis
3575 4531 3719 4601 Dei;
3754 4548 3815 4587 ac

2220 4622 2315 4678 per
2341 4608 2466 4675 hoc,
2501 4612 2545 4666 si
2582 4628 2682 4668 nec
2710 4613 2814 4685 ipsi
2844 4631 2971 4670 eum
2994 4617 3180 4673 vident
3204 4618 3368 4673 sicuti
3395 4630 3506 4688 est,
3536 4626 3813 4694 quomodo

2216 4714 2319 4756 nos
2348 4702 2519 4757 visuri
2563 4719 2777 4773 sumus,
2816 4707 2890 4762 ita
2938 4723 3063 4763 cum
3095 4710 3175 4766 eis
3200 4711 3442 4781 :equales
3474 4714 3538 4769 in
3568 4731 3814 4772 resurre-

2214 4793 2449 4849 ctionem
2480 4794 2608 4853 facti
2651 4796 2939 4854 fuerimus.
2976 4799 3116 4856 Nota
3139 4811 3345 4870 autem,
3374 4804 3509 4874 quia
3554 4806 3705 4863 istud
3733 4816 3816 4863 est

2214 4899 2403 4943 contra
2434 4889 2705 4959 homines,
2739 4908 2849 4963 quo
2874 4893 3065 4949 dicunt
3103 4896 3306 4950 nullam
3338 4908 3689 4967 creaturam,
3720 4918 3817 4956 nec

2214 4981 2459 5050 angelos,
2490 4997 2591 5039 nec
2627 4983 2879 5042 homines
2925 4986 3145 5044 visuros
3192 4988 3363 5044 Deum
3397 4990 3452 5044 in
3502 5007 3609 5047 sua
3638 4994 3815 5064 ipsius

2213 5071 2539 5140 substantia,
2554 5075 2647 5130 sed
2662 5076 2714 5131 in
2729 5078 3034 5146 phantasiis
3045 5080 3396 5150 quihusdam.
3415 5081 3523 5137 Sed
3538 5086 3670 5140 vide
3682 5087 3813 5156 quid

2213 5169 3110 5238 consequenterdicatAmbrosius
3142 5192 3157 5229 :
3193 5193 3212 5225 ι
3243 5173 3513 5247 Denique,
3548 5197 3569 5228 ι
3605 5178 3809 5250 inquit.

2211 5273 2338 5314 cum
2369 5261 2606 5329 additur,
2640 5266 2953 5335 unigenitus
2986 5264 3159 5322 Filius
3197 5266 3314 5338 ipse
3353 5272 3626 5338 narravit,
3655 5288 3813 5326 men—

2210 5347 2347 5404 tium
2385 5352 2562 5424 magis
2589 5368 2755 5424 quam
2791 5354 3078 5411 oculorum
3122 5357 3267 5413 visio
3304 5358 3645 5416 declaratur.
3682 5360 3815 5433 Spe

2210 5442 2322 5499 cies
2366 5444 2511 5499 enim
2571 5447 2804 5515 videtur,
2851 5448 3026 5505 virtus
3078 5458 3338 5506 narratur
3384 5469 3399 5505 :
3438 5452 3533 5507 illa
3589 5454 3806 5521 oculis;

2208 5532 2327 5591 hazc
2373 5545 2556 5592 mente
2606 5539 3105 5609 comprehenditur.
3183 5540 3324 5609 Quia
3385 5557 3518 5599 vero
3590 5546 3810 5616 species

2215 5625 2472 5682 usitatius
2508 5626 2562 5682 in
2605 5628 2929 5699 corporibus
2958 5630 3179 5698 dicitur,
3209 5633 3295 5687 vel
3325 5632 3381 5687 in
3414 5634 3815 5707 similitudini:

2209 5716 2314 5772 bus
2341 5732 2666 5789 corporum,
2714 5720 2837 5776 ideo
2869 5721 3008 5776 dixit
3064 5740 3078 5777 :
3116 5720 3339 5794 Species
3392 5724 3639 5794 videtur,
3694 5729 3805 5782 viro

2208 5818 2297 5866 tus
2318 5819 2591 5878 narratur,
2627 5810 2858 5870 Proinde
2890 5815 3134 5871 narravit
3160 5812 3477 5890 Unigenit'o,
3504 5818 3715 5889 quiest
3740 5820 3801 5878 ia
