  <div class='ocr_page' id='page_1' title='image "/cluster/home/n/w/nwhite01/storage/ocr_20150623/157/hvd.32044010248185/570.png"; bbox 0 0 3976 6356; ppageno 0'>
   <div class='ocr_carea' id='block_1_1' title="bbox 196 347 328 405">
    <p class='ocr_par' dir='ltr' id='par_1_1' title="bbox 196 347 328 405">
     <span class='ocr_line' id='line_1_1' title="bbox 196 347 328 405; baseline 0.023 -3"><span class='ocrx_word' id='word_1_1' title='bbox 196 347 328 405; x_wconf 63' lang='grc' dir='ltr'>ιιεε</span> 
     </span>
    </p>
   </div>
   <div class='ocr_carea' id='block_1_2' title="bbox 1110 306 2563 405">
    <p class='ocr_par' dir='ltr' id='par_1_2' title="bbox 1110 306 2563 405">
     <span class='ocr_line' id='line_1_2' title="bbox 1110 306 2563 405; baseline 0.004 -6"><span class='ocrx_word' id='word_1_2' title='bbox 1110 341 1689 401; x_wconf 78' lang='lat' dir='ltr'><strong>DEFLDRATIONES</strong></span> <span class='ocrx_word' id='word_1_3' title='bbox 1729 338 1831 398; x_wconf 89' lang='lat' dir='ltr'><strong>ss.</strong></span> <span class='ocrx_word' id='word_1_4' title='bbox 1870 340 2181 401; x_wconf 78' lang='lat' dir='ltr'><strong>PATRUM.</strong></span> <span class='ocrx_word' id='word_1_5' title='bbox 2223 306 2458 403; x_wconf 56' lang='grc' dir='ltr'>ὲ-ἰιε.</span> <span class='ocrx_word' id='word_1_6' title='bbox 2498 345 2563 405; x_wconf 87' lang='grc' dir='ltr'>ιι.</span> 
     </span>
    </p>
   </div>
   <div class='ocr_carea' id='block_1_3' title="bbox 3315 350 3456 409">
    <p class='ocr_par' dir='ltr' id='par_1_3' title="bbox 3315 350 3456 409">
     <span class='ocr_line' id='line_1_3' title="bbox 3315 350 3456 409; baseline 0.014 -2"><span class='ocrx_word' id='word_1_7' title='bbox 3315 350 3456 409; x_wconf 72' lang='lat' dir='ltr'><strong>U30</strong></span> 
     </span>
    </p>
   </div>
   <div class='ocr_carea' id='block_1_4' title="bbox 183 454 3453 537">
    <p class='ocr_par' dir='ltr' id='par_1_4' title="bbox 183 454 3453 537">
     <span class='ocr_line' id='line_1_4' title="bbox 183 454 3453 537; baseline 0.002 -22"><span class='ocrx_word' id='word_1_8' title='bbox 183 460 303 515; x_wconf 87' lang='lat' dir='ltr'><strong>sinu</strong></span> <span class='ocrx_word' id='word_1_9' title='bbox 342 457 520 515; x_wconf 84' lang='lat' dir='ltr'><strong>Patris</strong></span> <span class='ocrx_word' id='word_1_10' title='bbox 552 460 608 514; x_wconf 89' lang='lat' dir='ltr'><strong>in</strong></span> <span class='ocrx_word' id='word_1_11' title='bbox 660 457 977 514; x_wconf 76' lang='lat' dir='ltr'><strong>narratione</strong></span> <span class='ocrx_word' id='word_1_12' title='bbox 1018 456 1304 526; x_wconf 84' lang='lat' dir='ltr'><strong>ineffabili,</strong></span> <span class='ocrx_word' id='word_1_13' title='bbox 1332 457 1479 528; x_wconf 88' lang='lat' dir='ltr'><strong>quod</strong></span> <span class='ocrx_word' id='word_1_14' title='bbox 1512 465 1761 513; x_wconf 80' lang='lat' dir='ltr'><strong>creatura</strong></span> <span class='ocrx_word' id='word_1_15' title='bbox 1790 457 1839 516; x_wconf 73' lang='grc' dir='ltr'><strong>Α</strong></span> <span class='ocrx_word' id='word_1_16' title='bbox 1864 454 2057 526; x_wconf 90' lang='lat' dir='ltr'><strong>Deum,</strong></span> <span class='ocrx_word' id='word_1_17' title='bbox 2093 465 2147 514; x_wconf 89' lang='lat' dir='ltr'><strong>et</strong></span> <span class='ocrx_word' id='word_1_18' title='bbox 2198 473 2360 530; x_wconf 94' lang='lat' dir='ltr'><strong>quem</strong></span> <span class='ocrx_word' id='word_1_19' title='bbox 2410 460 2609 517; x_wconf 89' lang='lat' dir='ltr'><strong>misisti</strong></span> <span class='ocrx_word' id='word_1_20' title='bbox 2638 459 2824 518; x_wconf 79' lang='lat' dir='ltr'><strong>Jesum</strong></span> <span class='ocrx_word' id='word_1_21' title='bbox 2855 460 3182 520; x_wconf 77' lang='lat' dir='ltr'><strong>Christum?</strong></span> <span class='ocrx_word' id='word_1_22' title='bbox 3216 483 3235 516; x_wconf 74' lang='grc' dir='ltr'><strong>ι</strong></span> <span class='ocrx_word' id='word_1_23' title='bbox 3270 463 3453 537; x_wconf 79' lang='lat' dir='ltr'><strong>(Joan.</strong></span> 
     </span>
    </p>
   </div>
   <div class='ocr_carea' id='block_1_5' title="bbox 182 547 1765 620">
    <p class='ocr_par' dir='ltr' id='par_1_5' title="bbox 182 547 1765 620">
     <span class='ocr_line' id='line_1_5' title="bbox 182 547 1765 620; baseline -0.001 -14"><span class='ocrx_word' id='word_1_24' title='bbox 182 552 463 607; x_wconf 83' lang='lat' dir='ltr'><strong>rationalis</strong></span> <span class='ocrx_word' id='word_1_25' title='bbox 511 550 716 606; x_wconf 90' lang='lat' dir='ltr'><strong>munda</strong></span> <span class='ocrx_word' id='word_1_26' title='bbox 758 561 812 605; x_wconf 89' lang='lat' dir='ltr'><strong>et</strong></span> <span class='ocrx_word' id='word_1_27' title='bbox 855 559 1067 620; x_wconf 90' lang='lat' dir='ltr'><strong>sancta,</strong></span> <span class='ocrx_word' id='word_1_28' title='bbox 1122 549 1378 620; x_wconf 86' lang='lat' dir='ltr'><strong>impletur</strong></span> <span class='ocrx_word' id='word_1_29' title='bbox 1408 547 1503 605; x_wconf 87' lang='lat' dir='ltr'><strong>Dei</strong></span> <span class='ocrx_word' id='word_1_30' title='bbox 1553 549 1765 605; x_wconf 81' lang='lat' dir='ltr'><strong>visione</strong></span> 
     </span>
    </p>
   </div>
   <div class='ocr_carea' id='block_1_6' title="bbox 183 640 1764 714">
    <p class='ocr_par' dir='ltr' id='par_1_6' title="bbox 183 640 1764 714">
     <span class='ocr_line' id='line_1_6' title="bbox 183 640 1764 714; baseline -0.001 -15"><span class='ocrx_word' id='word_1_31' title='bbox 183 643 459 709; x_wconf 78' lang='lat' dir='ltr'><strong>ineffabili,</strong></span> <span class='ocrx_word' id='word_1_32' title='bbox 508 658 673 714; x_wconf 91' lang='lat' dir='ltr'><strong>quam</strong></span> <span class='ocrx_word' id='word_1_33' title='bbox 720 651 853 698; x_wconf 87' lang='lat' dir='ltr'><strong>tunc</strong></span> <span class='ocrx_word' id='word_1_34' title='bbox 896 657 1323 713; x_wconf 89' lang='lat' dir='ltr'><strong>consequamur,</strong></span> <span class='ocrx_word' id='word_1_35' title='bbox 1371 657 1496 696; x_wconf 91' lang='lat' dir='ltr'><strong>cum</strong></span> <span class='ocrx_word' id='word_1_36' title='bbox 1526 640 1764 711; x_wconf 66' lang='lat' dir='ltr'><strong>aequales</strong></span> 
     </span>
    </p>
   </div>
   <div class='ocr_carea' id='block_1_7' title="bbox 181 732 1763 808">
    <p class='ocr_par' dir='ltr' id='par_1_7' title="bbox 181 732 1763 808">
     <span class='ocr_line' id='line_1_7' title="bbox 181 732 1763 808; baseline -0.003 -17"><span class='ocrx_word' id='word_1_37' title='bbox 181 735 386 808; x_wconf 83' lang='lat' dir='ltr'><strong>angelis</strong></span> <span class='ocrx_word' id='word_1_38' title='bbox 410 733 539 790; x_wconf 87' lang='lat' dir='ltr'><strong>facti</strong></span> <span class='ocrx_word' id='word_1_39' title='bbox 570 734 861 790; x_wconf 79' lang='lat' dir='ltr'><strong>fuerimus.</strong></span> <span class='ocrx_word' id='word_1_40' title='bbox 886 733 966 788; x_wconf 87' lang='lat' dir='ltr'><strong>Eo</strong></span> <span class='ocrx_word' id='word_1_41' title='bbox 994 735 1196 805; x_wconf 82' lang='lat' dir='ltr'><strong>quippe</strong></span> <span class='ocrx_word' id='word_1_42' title='bbox 1225 733 1390 789; x_wconf 90' lang='lat' dir='ltr'><strong>modo</strong></span> <span class='ocrx_word' id='word_1_43' title='bbox 1419 747 1532 804; x_wconf 92' lang='lat' dir='ltr'><strong>quo</strong></span> <span class='ocrx_word' id='word_1_44' title='bbox 1553 732 1763 788; x_wconf 89' lang='lat' dir='ltr'><strong>videbi-</strong></span> 
     </span>
    </p>
   </div>
   <div class='ocr_carea' id='block_1_8' title="bbox 182 824 1760 896">
    <p class='ocr_par' dir='ltr' id='par_1_8' title="bbox 182 824 1760 896">
     <span class='ocr_line' id='line_1_8' title="bbox 182 824 1760 896; baseline -0.002 -14"><span class='ocrx_word' id='word_1_45' title='bbox 182 835 268 882; x_wconf 90' lang='lat' dir='ltr'><strong>tur</strong></span> <span class='ocrx_word' id='word_1_46' title='bbox 319 826 482 883; x_wconf 86' lang='lat' dir='ltr'><strong>sicuti</strong></span> <span class='ocrx_word' id='word_1_47' title='bbox 518 834 622 893; x_wconf 89' lang='lat' dir='ltr'><strong>est,</strong></span> <span class='ocrx_word' id='word_1_48' title='bbox 654 842 801 883; x_wconf 88' lang='lat' dir='ltr'><strong>nunc</strong></span> <span class='ocrx_word' id='word_1_49' title='bbox 841 824 1078 882; x_wconf 89' lang='lat' dir='ltr'><strong>fortasse</strong></span> <span class='ocrx_word' id='word_1_50' title='bbox 1109 826 1323 881; x_wconf 87' lang='lat' dir='ltr'><strong>videtur</strong></span> <span class='ocrx_word' id='word_1_51' title='bbox 1359 842 1391 880; x_wconf 90' lang='lat' dir='ltr'><strong>a</strong></span> <span class='ocrx_word' id='word_1_52' title='bbox 1432 825 1760 896; x_wconf 87' lang='lat' dir='ltr'><strong>quibusdam</strong></span> 
     </span>
    </p>
   </div>
   <div class='ocr_carea' id='block_1_9' title="bbox 178 917 1761 992">
    <p class='ocr_par' dir='ltr' id='par_1_9' title="bbox 178 917 1761 992">
     <span class='ocr_line' id='line_1_9' title="bbox 178 917 1761 992; baseline -0.002 -17"><span class='ocrx_word' id='word_1_53' title='bbox 178 919 384 992; x_wconf 81' lang='lat' dir='ltr'><strong>angelis</strong></span> <span class='ocrx_word' id='word_1_54' title='bbox 416 938 430 976; x_wconf 91' lang='lat'><strong>:</strong></span> <span class='ocrx_word' id='word_1_55' title='bbox 469 935 501 976; x_wconf 89' lang='lat' dir='ltr'><strong>a</strong></span> <span class='ocrx_word' id='word_1_56' title='bbox 541 919 700 975; x_wconf 90' lang='lat' dir='ltr'><strong>nobis</strong></span> <span class='ocrx_word' id='word_1_57' title='bbox 730 928 912 975; x_wconf 89' lang='lat' dir='ltr'><strong>autem</strong></span> <span class='ocrx_word' id='word_1_58' title='bbox 943 928 1076 975; x_wconf 87' lang='lat' dir='ltr'><strong>tunc</strong></span> <span class='ocrx_word' id='word_1_59' title='bbox 1105 919 1179 975; x_wconf 88' lang='lat' dir='ltr'><strong>ita</strong></span> <span class='ocrx_word' id='word_1_60' title='bbox 1211 918 1500 985; x_wconf 81' lang='lat' dir='ltr'><strong>videbitur,</strong></span> <span class='ocrx_word' id='word_1_61' title='bbox 1530 933 1654 973; x_wconf 91' lang='lat' dir='ltr'><strong>cum</strong></span> <span class='ocrx_word' id='word_1_62' title='bbox 1681 917 1761 973; x_wconf 91' lang='lat' dir='ltr'><strong>eis</strong></span> 
     </span>
    </p>
   </div>
   <div class='ocr_carea' id='block_1_10' title="bbox 176 1008 1762 1082">
    <p class='ocr_par' dir='ltr' id='par_1_10' title="bbox 176 1008 1762 1082">
     <span class='ocr_line' id='line_1_10' title="bbox 176 1008 1762 1082; baseline 0.001 -18"><span class='ocrx_word' id='word_1_63' title='bbox 176 1008 306 1065; x_wconf 88' lang='lat' dir='ltr'><strong>facti</strong></span> <span class='ocrx_word' id='word_1_64' title='bbox 344 1009 612 1066; x_wconf 81' lang='lat' dir='ltr'><strong>fuerimus</strong></span> <span class='ocrx_word' id='word_1_65' title='bbox 653 1011 912 1082; x_wconf 65' lang='lat' dir='ltr'><strong>aequales.</strong></span> <span class='ocrx_word' id='word_1_66' title='bbox 952 1009 1112 1067; x_wconf 85' lang='lat' dir='ltr'><strong>Nunc</strong></span> <span class='ocrx_word' id='word_1_67' title='bbox 1150 1026 1282 1067; x_wconf 87' lang='lat' dir='ltr'><strong>sane</strong></span> <span class='ocrx_word' id='word_1_68' title='bbox 1321 1010 1587 1081; x_wconf 82' lang='lat' dir='ltr'><strong>quaeritur</strong></span> <span class='ocrx_word' id='word_1_69' title='bbox 1621 1024 1762 1081; x_wconf 90' lang='lat' dir='ltr'><strong>quo-</strong></span> 
     </span>
    </p>
   </div>
   <div class='ocr_carea' id='block_1_11' title="bbox 179 1099 1763 1174">
    <p class='ocr_par' dir='ltr' id='par_1_11' title="bbox 179 1099 1763 1174">
     <span class='ocr_line' id='line_1_11' title="bbox 179 1099 1763 1174; baseline 0.001 -19"><span class='ocrx_word' id='word_1_70' title='bbox 179 1099 342 1155; x_wconf 87' lang='lat' dir='ltr'><strong>modo</strong></span> <span class='ocrx_word' id='word_1_71' title='bbox 353 1101 609 1167; x_wconf 76' lang='lat' dir='ltr'><strong>videatur</strong></span> <span class='ocrx_word' id='word_1_72' title='bbox 630 1100 797 1166; x_wconf 88' lang='lat' dir='ltr'><strong>Deus,</strong></span> <span class='ocrx_word' id='word_1_73' title='bbox 819 1117 926 1157; x_wconf 91' lang='lat' dir='ltr'><strong>non</strong></span> <span class='ocrx_word' id='word_1_74' title='bbox 951 1117 1016 1157; x_wconf 89' lang='lat' dir='ltr'><strong>ea</strong></span> <span class='ocrx_word' id='word_1_75' title='bbox 1041 1102 1221 1172; x_wconf 88' lang='lat' dir='ltr'><strong>specie</strong></span> <span class='ocrx_word' id='word_1_76' title='bbox 1242 1117 1350 1174; x_wconf 90' lang='lat' dir='ltr'><strong>qua</strong></span> <span class='ocrx_word' id='word_1_77' title='bbox 1376 1111 1432 1157; x_wconf 87' lang='lat' dir='ltr'><strong>et</strong></span> <span class='ocrx_word' id='word_1_78' title='bbox 1455 1102 1509 1156; x_wconf 90' lang='lat' dir='ltr'><strong>in</strong></span> <span class='ocrx_word' id='word_1_79' title='bbox 1539 1102 1644 1157; x_wconf 90' lang='lat' dir='ltr'><strong>isto</strong></span> <span class='ocrx_word' id='word_1_80' title='bbox 1666 1116 1763 1158; x_wconf 73' lang='lat' dir='ltr'><strong>sa:-</strong></span> 
     </span>
    </p>
   </div>
   <div class='ocr_carea' id='block_1_12' title="bbox 175 1194 1761 1266">
    <p class='ocr_par' dir='ltr' id='par_1_12' title="bbox 175 1194 1761 1266">
     <span class='ocr_line' id='line_1_12' title="bbox 175 1194 1761 1266; baseline -0.001 -15"><span class='ocrx_word' id='word_1_81' title='bbox 175 1195 300 1251; x_wconf 89' lang='lat' dir='ltr'><strong>culo</strong></span> <span class='ocrx_word' id='word_1_82' title='bbox 339 1194 669 1264; x_wconf 89' lang='lat' dir='ltr'><strong>quibusdam</strong></span> <span class='ocrx_word' id='word_1_83' title='bbox 699 1194 872 1250; x_wconf 87' lang='lat' dir='ltr'><strong>voluit</strong></span> <span class='ocrx_word' id='word_1_84' title='bbox 911 1209 1211 1265; x_wconf 87' lang='lat' dir='ltr'><strong>apparere;</strong></span> <span class='ocrx_word' id='word_1_85' title='bbox 1251 1194 1474 1266; x_wconf 87' lang='lat' dir='ltr'><strong>quando</strong></span> <span class='ocrx_word' id='word_1_86' title='bbox 1511 1208 1620 1249; x_wconf 90' lang='lat' dir='ltr'><strong>non</strong></span> <span class='ocrx_word' id='word_1_87' title='bbox 1668 1208 1761 1249; x_wconf 92' lang='lat' dir='ltr'><strong>so-</strong></span> 
     </span>
    </p>
   </div>
   <div class='ocr_carea' id='block_1_13' title="bbox 177 1285 1757 1358">
    <p class='ocr_par' dir='ltr' id='par_1_13' title="bbox 177 1285 1757 1358">
     <span class='ocr_line' id='line_1_13' title="bbox 177 1285 1757 1358; baseline -0.001 -16"><span class='ocrx_word' id='word_1_88' title='bbox 177 1289 286 1342; x_wconf 92' lang='lat' dir='ltr'><strong>lum</strong></span> <span class='ocrx_word' id='word_1_89' title='bbox 336 1301 463 1341; x_wconf 87' lang='lat' dir='ltr'><strong>eum</strong></span> <span class='ocrx_word' id='word_1_90' title='bbox 509 1285 786 1342; x_wconf 78' lang='lat' dir='ltr'><strong>Abraham</strong></span> <span class='ocrx_word' id='word_1_91' title='bbox 839 1287 1074 1357; x_wconf 89' lang='lat' dir='ltr'><strong>aliisque</strong></span> <span class='ocrx_word' id='word_1_92' title='bbox 1115 1286 1306 1358; x_wconf 87' lang='lat' dir='ltr'><strong>justis,</strong></span> <span class='ocrx_word' id='word_1_93' title='bbox 1356 1301 1546 1341; x_wconf 89' lang='lat' dir='ltr'><strong>verum</strong></span> <span class='ocrx_word' id='word_1_94' title='bbox 1591 1286 1757 1340; x_wconf 87' lang='lat' dir='ltr'><strong>etiam</strong></span> 
     </span>
    </p>
   </div>
   <div class='ocr_carea' id='block_1_14' title="bbox 174 1373 1759 1446">
    <p class='ocr_par' dir='ltr' id='par_1_14' title="bbox 174 1373 1759 1446">
     <span class='ocr_line' id='line_1_14' title="bbox 174 1373 1759 1446; baseline -0.002 -14"><span class='ocrx_word' id='word_1_95' title='bbox 174 1392 297 1432; x_wconf 88' lang='lat' dir='ltr'><strong>cum</strong></span> <span class='ocrx_word' id='word_1_96' title='bbox 336 1373 470 1430; x_wconf 87' lang='lat' dir='ltr'><strong>Caio</strong></span> <span class='ocrx_word' id='word_1_97' title='bbox 516 1373 796 1431; x_wconf 77' lang='lat' dir='ltr'><strong>fratricida</strong></span> <span class='ocrx_word' id='word_1_98' title='bbox 836 1377 1055 1432; x_wconf 89' lang='lat' dir='ltr'><strong>locutus</strong></span> <span class='ocrx_word' id='word_1_99' title='bbox 1094 1384 1196 1443; x_wconf 87' lang='lat' dir='ltr'><strong>est,</strong></span> <span class='ocrx_word' id='word_1_100' title='bbox 1249 1374 1344 1431; x_wconf 89' lang='lat' dir='ltr'><strong>sed</strong></span> <span class='ocrx_word' id='word_1_101' title='bbox 1373 1375 1650 1446; x_wconf 87' lang='lat' dir='ltr'><strong>quomodo</strong></span> <span class='ocrx_word' id='word_1_102' title='bbox 1678 1374 1759 1429; x_wconf 84' lang='lat' dir='ltr'><strong>vi-</strong></span> 
     </span>
    </p>
   </div>
   <div class='ocr_carea' id='block_1_15' title="bbox 172 1468 1758 1539">
    <p class='ocr_par' dir='ltr' id='par_1_15' title="bbox 172 1468 1758 1539">
     <span class='ocr_line' id='line_1_15' title="bbox 172 1468 1758 1539; baseline 0 -15"><span class='ocrx_word' id='word_1_103' title='bbox 172 1470 366 1524; x_wconf 87' lang='lat' dir='ltr'><strong>deatur</strong></span> <span class='ocrx_word' id='word_1_104' title='bbox 388 1469 442 1523; x_wconf 91' lang='lat' dir='ltr'><strong>in</strong></span> <span class='ocrx_word' id='word_1_105' title='bbox 471 1468 562 1523; x_wconf 91' lang='lat' dir='ltr'><strong>illo</strong></span> <span class='ocrx_word' id='word_1_106' title='bbox 594 1484 784 1538; x_wconf 77' lang='lat' dir='ltr'><strong>regno,</strong></span> <span class='ocrx_word' id='word_1_107' title='bbox 815 1468 909 1524; x_wconf 90' lang='lat' dir='ltr'><strong>ubi</strong></span> <span class='ocrx_word' id='word_1_108' title='bbox 935 1484 1060 1525; x_wconf 86' lang='lat' dir='ltr'><strong>eum</strong></span> <span class='ocrx_word' id='word_1_109' title='bbox 1097 1469 1194 1524; x_wconf 83' lang='lat' dir='ltr'><strong>ﬁlii</strong></span> <span class='ocrx_word' id='word_1_110' title='bbox 1216 1468 1336 1539; x_wconf 88' lang='lat' dir='ltr'><strong>ejus</strong></span> <span class='ocrx_word' id='word_1_111' title='bbox 1368 1469 1628 1524; x_wconf 88' lang='lat' dir='ltr'><strong>videbunt</strong></span> <span class='ocrx_word' id='word_1_112' title='bbox 1650 1468 1758 1524; x_wconf 81' lang='lat' dir='ltr'><strong>sic-</strong></span> 
     </span>
    </p>
   </div>
   <div class='ocr_carea' id='block_1_16' title="bbox 176 1558 1757 1632">
    <p class='ocr_par' dir='ltr' id='par_1_16' title="bbox 176 1558 1757 1632">
     <span class='ocr_line' id='line_1_16' title="bbox 176 1558 1757 1632; baseline -0.001 -17"><span class='ocrx_word' id='word_1_113' title='bbox 176 1561 255 1616; x_wconf 88' lang='lat' dir='ltr'><strong>uti</strong></span> <span class='ocrx_word' id='word_1_114' title='bbox 286 1568 390 1616; x_wconf 91' lang='lat' dir='ltr'><strong>est.</strong></span> <span class='ocrx_word' id='word_1_115' title='bbox 430 1558 550 1627; x_wconf 91' lang='lat' dir='ltr'><strong>Quo</strong></span> <span class='ocrx_word' id='word_1_116' title='bbox 578 1560 852 1616; x_wconf 87' lang='lat' dir='ltr'><strong>desiderio</strong></span> <span class='ocrx_word' id='word_1_117' title='bbox 895 1559 1162 1631; x_wconf 87' lang='lat' dir='ltr'><strong>ﬂagrabat</strong></span> <span class='ocrx_word' id='word_1_118' title='bbox 1205 1560 1440 1632; x_wconf 82' lang='lat' dir='ltr'><strong>Moyses,</strong></span> <span class='ocrx_word' id='word_1_119' title='bbox 1470 1560 1557 1616; x_wconf 91' lang='lat' dir='ltr'><strong>cui</strong></span> <span class='ocrx_word' id='word_1_120' title='bbox 1604 1559 1757 1630; x_wconf 84' lang='lat' dir='ltr'><strong>loqui</strong></span> 
     </span>
    </p>
   </div>
   <div class='ocr_carea' id='block_1_17' title="bbox 171 1652 1751 1719">
    <p class='ocr_par' dir='ltr' id='par_1_17' title="bbox 171 1652 1751 1719">
     <span class='ocr_line' id='line_1_17' title="bbox 171 1652 1751 1719; baseline -0.002 -11"><span class='ocrx_word' id='word_1_121' title='bbox 171 1653 241 1708; x_wconf 87' lang='lat' dir='ltr'><strong>ad</strong></span> <span class='ocrx_word' id='word_1_122' title='bbox 267 1653 433 1709; x_wconf 91' lang='lat' dir='ltr'><strong>Deum</strong></span> <span class='ocrx_word' id='word_1_123' title='bbox 459 1653 681 1716; x_wconf 38' lang='lat' dir='ltr'><strong>facieiad</strong></span> <span class='ocrx_word' id='word_1_124' title='bbox 697 1652 896 1709; x_wconf 83' lang='lat' dir='ltr'><strong>faciem</strong></span> <span class='ocrx_word' id='word_1_125' title='bbox 926 1668 1036 1708; x_wconf 90' lang='lat' dir='ltr'><strong>non</strong></span> <span class='ocrx_word' id='word_1_126' title='bbox 1060 1653 1380 1719; x_wconf 75' lang='lat' dir='ltr'><strong>sufﬁciebat,</strong></span> <span class='ocrx_word' id='word_1_127' title='bbox 1414 1663 1468 1709; x_wconf 88' lang='lat' dir='ltr'><strong>et</strong></span> <span class='ocrx_word' id='word_1_128' title='bbox 1498 1654 1711 1708; x_wconf 88' lang='lat' dir='ltr'><strong>dicebat</strong></span> <span class='ocrx_word' id='word_1_129' title='bbox 1737 1670 1751 1705; x_wconf 90' lang='lat'><strong>:</strong></span> 
     </span>
    </p>
   </div>
   <div class='ocr_carea' id='block_1_18' title="bbox 177 1743 1752 1814">
    <p class='ocr_par' dir='ltr' id='par_1_18' title="bbox 177 1743 1752 1814">
     <span class='ocr_line' id='line_1_18' title="bbox 177 1743 1752 1814; baseline 0.001 -17"><span class='ocrx_word' id='word_1_130' title='bbox 177 1763 197 1797; x_wconf 74' lang='grc' dir='ltr'><strong>ι</strong></span> <span class='ocrx_word' id='word_1_131' title='bbox 238 1744 477 1801; x_wconf 87' lang='lat' dir='ltr'><strong>Ostende</strong></span> <span class='ocrx_word' id='word_1_132' title='bbox 518 1745 653 1799; x_wconf 91' lang='lat' dir='ltr'><strong>mihi</strong></span> <span class='ocrx_word' id='word_1_133' title='bbox 705 1744 1051 1814; x_wconf 87' lang='lat' dir='ltr'><strong>temetipsum</strong></span> <span class='ocrx_word' id='word_1_134' title='bbox 1104 1743 1394 1799; x_wconf 79' lang='lat' dir='ltr'><strong>manifeste</strong></span> <span class='ocrx_word' id='word_1_135' title='bbox 1432 1752 1492 1799; x_wconf 91' lang='lat' dir='ltr'><strong>ut</strong></span> <span class='ocrx_word' id='word_1_136' title='bbox 1539 1744 1752 1799; x_wconf 89' lang='lat' dir='ltr'><strong>videam</strong></span> 
     </span>
    </p>
   </div>
   <div class='ocr_carea' id='block_1_19' title="bbox 168 1836 1753 1908">
    <p class='ocr_par' dir='ltr' id='par_1_19' title="bbox 168 1836 1753 1908">
     <span class='ocr_line' id='line_1_19' title="bbox 168 1836 1753 1908; baseline 0.001 -17"><span class='ocrx_word' id='word_1_137' title='bbox 168 1845 221 1891; x_wconf 91' lang='lat' dir='ltr'><strong>te</strong></span> <span class='ocrx_word' id='word_1_138' title='bbox 258 1837 455 1908; x_wconf 73' lang='lat' dir='ltr'><strong>(Exod.</strong></span> <span class='ocrx_word' id='word_1_139' title='bbox 501 1837 723 1907; x_wconf 61' lang='grc' dir='ltr'>χχχιιι),</span> <span class='ocrx_word' id='word_1_140' title='bbox 765 1856 783 1889; x_wconf 74' lang='grc' dir='ltr'><strong>ι</strong></span> <span class='ocrx_word' id='word_1_141' title='bbox 819 1837 979 1907; x_wconf 88' lang='lat' dir='ltr'><strong>quasi</strong></span> <span class='ocrx_word' id='word_1_142' title='bbox 1013 1837 1219 1891; x_wconf 91' lang='lat' dir='ltr'><strong>diceret</strong></span> <span class='ocrx_word' id='word_1_143' title='bbox 1249 1837 1395 1907; x_wconf 86' lang='lat' dir='ltr'><strong>quod</strong></span> <span class='ocrx_word' id='word_1_144' title='bbox 1445 1836 1498 1891; x_wconf 90' lang='lat' dir='ltr'><strong>in</strong></span> <span class='ocrx_word' id='word_1_145' title='bbox 1544 1838 1753 1907; x_wconf 86' lang='lat' dir='ltr'><strong>psalmo</strong></span> 
     </span>
    </p>
   </div>
   <div class='ocr_carea' id='block_1_20' title="bbox 167 1926 1754 1986">
    <p class='ocr_par' dir='ltr' id='par_1_20' title="bbox 167 1926 1754 1986">
     <span class='ocr_line' id='line_1_20' title="bbox 167 1926 1754 1986; baseline 0.003 -5"><span class='ocrx_word' id='word_1_146' title='bbox 167 1929 386 1982; x_wconf 89' lang='lat' dir='ltr'><strong>canitur</strong></span> <span class='ocrx_word' id='word_1_147' title='bbox 423 1943 487 1984; x_wconf 82' lang='lat' dir='ltr'><strong>ex</strong></span> <span class='ocrx_word' id='word_1_148' title='bbox 513 1929 704 1984; x_wconf 89' lang='lat' dir='ltr'><strong>eodem</strong></span> <span class='ocrx_word' id='word_1_149' title='bbox 736 1926 1009 1984; x_wconf 86' lang='lat' dir='ltr'><strong>desiderio</strong></span> <span class='ocrx_word' id='word_1_150' title='bbox 1036 1945 1050 1982; x_wconf 90' lang='lat'><strong>:</strong></span> <span class='ocrx_word' id='word_1_151' title='bbox 1082 1946 1101 1979; x_wconf 74' lang='grc' dir='ltr'><strong>ι</strong></span> <span class='ocrx_word' id='word_1_152' title='bbox 1134 1927 1272 1982; x_wconf 86' lang='lat' dir='ltr'><strong>Cum</strong></span> <span class='ocrx_word' id='word_1_153' title='bbox 1315 1927 1754 1986; x_wconf 84' lang='lat' dir='ltr'><strong>manifestabitur</strong></span> 
     </span>
    </p>
   </div>
   <div class='ocr_carea' id='block_1_21' title="bbox 163 2019 903 2093">
    <p class='ocr_par' dir='ltr' id='par_1_21' title="bbox 163 2019 903 2093">
     <span class='ocr_line' id='line_1_21' title="bbox 163 2019 903 2093; baseline -0.003 -19"><span class='ocrx_word' id='word_1_154' title='bbox 163 2019 342 2093; x_wconf 85' lang='lat' dir='ltr'><strong>gloria</strong></span> <span class='ocrx_word' id='word_1_155' title='bbox 372 2029 465 2075; x_wconf 89' lang='lat' dir='ltr'><strong>tua</strong></span> <span class='ocrx_word' id='word_1_156' title='bbox 505 2019 681 2092; x_wconf 81' lang='lat' dir='ltr'><strong>(Psal.</strong></span> <span class='ocrx_word' id='word_1_157' title='bbox 712 2020 845 2092; x_wconf 78' lang='lat' dir='ltr'><strong>va).</strong></span> <span class='ocrx_word' id='word_1_158' title='bbox 882 2037 903 2072; x_wconf 76' lang='grc' dir='ltr'><strong>ι</strong></span> 
     </span>
    </p>
   </div>
   <div class='ocr_carea' id='block_1_22' title="bbox 237 2108 1756 2180">
    <p class='ocr_par' dir='ltr' id='par_1_22' title="bbox 237 2108 1756 2180">
     <span class='ocr_line' id='line_1_22' title="bbox 237 2108 1756 2180; baseline 0.003 -18"><span class='ocrx_word' id='word_1_159' title='bbox 237 2108 317 2164; x_wconf 91' lang='lat' dir='ltr'><strong>De</strong></span> <span class='ocrx_word' id='word_1_160' title='bbox 347 2109 450 2165; x_wconf 91' lang='lat' dir='ltr'><strong>hac</strong></span> <span class='ocrx_word' id='word_1_161' title='bbox 476 2110 686 2165; x_wconf 79' lang='lat' dir='ltr'><strong>visione</strong></span> <span class='ocrx_word' id='word_1_162' title='bbox 709 2110 940 2180; x_wconf 88' lang='lat' dir='ltr'><strong>loquens</strong></span> <span class='ocrx_word' id='word_1_163' title='bbox 965 2109 1128 2164; x_wconf 89' lang='lat' dir='ltr'><strong>etiam</strong></span> <span class='ocrx_word' id='word_1_164' title='bbox 1163 2110 1277 2180; x_wconf 90' lang='lat' dir='ltr'><strong>ipse</strong></span> <span class='ocrx_word' id='word_1_165' title='bbox 1302 2118 1517 2165; x_wconf 87' lang='lat' dir='ltr'><strong>amator</strong></span> <span class='ocrx_word' id='word_1_166' title='bbox 1535 2119 1588 2165; x_wconf 90' lang='lat' dir='ltr'><strong>et</strong></span> <span class='ocrx_word' id='word_1_167' title='bbox 1614 2109 1756 2166; x_wconf 88' lang='lat' dir='ltr'><strong>desi-</strong></span> 
     </span>
    </p>
   </div>
   <div class='ocr_carea' id='block_1_23' title="bbox 162 2199 1752 2271">
    <p class='ocr_par' dir='ltr' id='par_1_23' title="bbox 162 2199 1752 2271">
     <span class='ocr_line' id='line_1_23' title="bbox 162 2199 1752 2271; baseline 0.001 -17"><span class='ocrx_word' id='word_1_168' title='bbox 162 2200 390 2255; x_wconf 86' lang='lat' dir='ltr'><strong>derator</strong></span> <span class='ocrx_word' id='word_1_169' title='bbox 416 2200 538 2271; x_wconf 83' lang='lat' dir='ltr'><strong>ejus</strong></span> <span class='ocrx_word' id='word_1_170' title='bbox 570 2199 896 2256; x_wconf 83' lang='lat' dir='ltr'><strong>Ambrosius</strong></span> <span class='ocrx_word' id='word_1_171' title='bbox 932 2199 1086 2255; x_wconf 89' lang='lat' dir='ltr'><strong>:Non</strong></span> <span class='ocrx_word' id='word_1_172' title='bbox 1115 2201 1169 2255; x_wconf 90' lang='lat' dir='ltr'><strong>in</strong></span> <span class='ocrx_word' id='word_1_173' title='bbox 1202 2201 1345 2267; x_wconf 90' lang='lat' dir='ltr'><strong>loco,</strong></span> <span class='ocrx_word' id='word_1_174' title='bbox 1376 2200 1575 2271; x_wconf 90' lang='lat' dir='ltr'><strong>inquit,</strong></span> <span class='ocrx_word' id='word_1_175' title='bbox 1596 2201 1752 2257; x_wconf 88' lang='lat' dir='ltr'><strong>vide-</strong></span> 
     </span>
    </p>
   </div>
   <div class='ocr_carea' id='block_1_24' title="bbox 163 2290 1753 2359">
    <p class='ocr_par' dir='ltr' id='par_1_24' title="bbox 163 2290 1753 2359">
     <span class='ocr_line' id='line_1_24' title="bbox 163 2290 1753 2359; baseline 0.002 -14"><span class='ocrx_word' id='word_1_176' title='bbox 163 2301 260 2345; x_wconf 84' lang='lat' dir='ltr'><strong>tur</strong></span> <span class='ocrx_word' id='word_1_177' title='bbox 288 2290 465 2359; x_wconf 90' lang='lat' dir='ltr'><strong>Deus;</strong></span> <span class='ocrx_word' id='word_1_178' title='bbox 511 2300 567 2347; x_wconf 91' lang='lat' dir='ltr'><strong>et</strong></span> <span class='ocrx_word' id='word_1_179' title='bbox 614 2291 756 2347; x_wconf 89' lang='lat' dir='ltr'><strong>sicut</strong></span> <span class='ocrx_word' id='word_1_180' title='bbox 801 2291 869 2346; x_wconf 90' lang='lat' dir='ltr'><strong>ad</strong></span> <span class='ocrx_word' id='word_1_181' title='bbox 918 2290 1096 2347; x_wconf 90' lang='lat' dir='ltr'><strong>ilicem</strong></span> <span class='ocrx_word' id='word_1_182' title='bbox 1126 2290 1389 2358; x_wconf 84' lang='lat' dir='ltr'><strong>Mambre,</strong></span> <span class='ocrx_word' id='word_1_183' title='bbox 1435 2300 1491 2347; x_wconf 88' lang='lat' dir='ltr'><strong>et</strong></span> <span class='ocrx_word' id='word_1_184' title='bbox 1511 2293 1655 2348; x_wconf 89' lang='lat' dir='ltr'><strong>sicut</strong></span> <span class='ocrx_word' id='word_1_185' title='bbox 1694 2291 1753 2348; x_wconf 92' lang='lat' dir='ltr'><strong>in</strong></span> 
     </span>
    </p>
   </div>
   <div class='ocr_carea' id='block_1_25' title="bbox 159 2381 1753 2454">
    <p class='ocr_par' dir='ltr' id='par_1_25' title="bbox 159 2381 1753 2454">
     <span class='ocr_line' id='line_1_25' title="bbox 159 2381 1753 2454; baseline 0.001 -17"><span class='ocrx_word' id='word_1_186' title='bbox 159 2392 352 2438; x_wconf 82' lang='lat' dir='ltr'><strong>monte</strong></span> <span class='ocrx_word' id='word_1_187' title='bbox 393 2381 549 2446; x_wconf 86' lang='lat' dir='ltr'><strong>Sina,</strong></span> <span class='ocrx_word' id='word_1_188' title='bbox 589 2383 685 2438; x_wconf 89' lang='lat' dir='ltr'><strong>sed</strong></span> <span class='ocrx_word' id='word_1_189' title='bbox 729 2382 935 2438; x_wconf 91' lang='lat' dir='ltr'><strong>mundo</strong></span> <span class='ocrx_word' id='word_1_190' title='bbox 979 2383 1180 2451; x_wconf 89' lang='lat' dir='ltr'><strong>corde;</strong></span> <span class='ocrx_word' id='word_1_191' title='bbox 1231 2392 1287 2438; x_wconf 89' lang='lat' dir='ltr'><strong>et</strong></span> <span class='ocrx_word' id='word_1_192' title='bbox 1320 2398 1541 2454; x_wconf 85' lang='lat' dir='ltr'><strong>sequar,</strong></span> <span class='ocrx_word' id='word_1_193' title='bbox 1572 2384 1753 2440; x_wconf 89' lang='lat' dir='ltr'><strong>sciens</strong></span> 
     </span>
    </p>
   </div>
   <div class='ocr_carea' id='block_1_26' title="bbox 155 2472 1753 2544">
    <p class='ocr_par' dir='ltr' id='par_1_26' title="bbox 155 2472 1753 2544">
     <span class='ocr_line' id='line_1_26' title="bbox 155 2472 1753 2544; baseline 0.001 -17"><span class='ocrx_word' id='word_1_194' title='bbox 155 2473 298 2543; x_wconf 89' lang='lat' dir='ltr'><strong>quid</strong></span> <span class='ocrx_word' id='word_1_195' title='bbox 324 2472 597 2529; x_wconf 88' lang='lat' dir='ltr'><strong>desideret</strong></span> <span class='ocrx_word' id='word_1_196' title='bbox 625 2481 680 2528; x_wconf 89' lang='lat' dir='ltr'><strong>et</strong></span> <span class='ocrx_word' id='word_1_197' title='bbox 718 2472 849 2543; x_wconf 89' lang='lat' dir='ltr'><strong>quid</strong></span> <span class='ocrx_word' id='word_1_198' title='bbox 891 2480 1104 2540; x_wconf 60' lang='lat' dir='ltr'><strong>aestuet,</strong></span> <span class='ocrx_word' id='word_1_199' title='bbox 1145 2481 1201 2528; x_wconf 93' lang='lat' dir='ltr'><strong>et</strong></span> <span class='ocrx_word' id='word_1_200' title='bbox 1229 2473 1361 2544; x_wconf 89' lang='lat' dir='ltr'><strong>quid</strong></span> <span class='ocrx_word' id='word_1_201' title='bbox 1389 2482 1571 2543; x_wconf 88' lang='lat' dir='ltr'><strong>speret</strong></span> <span class='ocrx_word' id='word_1_202' title='bbox 1603 2491 1618 2528; x_wconf 90' lang='lat'><strong>:</strong></span> <span class='ocrx_word' id='word_1_203' title='bbox 1652 2488 1753 2529; x_wconf 91' lang='lat' dir='ltr'><strong>nec</strong></span> 
     </span>
    </p>
   </div>
   <div class='ocr_carea' id='block_1_27' title="bbox 154 2563 1752 2636">
    <p class='ocr_par' dir='ltr' id='par_1_27' title="bbox 154 2563 1752 2636">
     <span class='ocr_line' id='line_1_27' title="bbox 154 2563 1752 2636; baseline 0.003 -18"><span class='ocrx_word' id='word_1_204' title='bbox 154 2564 567 2635; x_wconf 84' lang='lat' dir='ltr'><strong>corporalibus,</strong></span> <span class='ocrx_word' id='word_1_205' title='bbox 610 2563 809 2635; x_wconf 87' lang='lat' dir='ltr'><strong>inquit,</strong></span> <span class='ocrx_word' id='word_1_206' title='bbox 846 2564 1022 2620; x_wconf 89' lang='lat' dir='ltr'><strong>oculis</strong></span> <span class='ocrx_word' id='word_1_207' title='bbox 1055 2566 1320 2635; x_wconf 84' lang='lat' dir='ltr'><strong>quaeritur</strong></span> <span class='ocrx_word' id='word_1_208' title='bbox 1355 2564 1520 2634; x_wconf 90' lang='lat' dir='ltr'><strong>Deus,</strong></span> <span class='ocrx_word' id='word_1_209' title='bbox 1551 2565 1752 2636; x_wconf 88' lang='lat' dir='ltr'><strong>quibus</strong></span> 
     </span>
    </p>
   </div>
   <div class='ocr_carea' id='block_1_28' title="bbox 153 2654 1754 2724">
    <p class='ocr_par' dir='ltr' id='par_1_28' title="bbox 153 2654 1754 2724">
     <span class='ocr_line' id='line_1_28' title="bbox 153 2654 1754 2724; baseline 0.001 -12"><span class='ocrx_word' id='word_1_210' title='bbox 153 2672 223 2712; x_wconf 87' lang='lat' dir='ltr'><strong>se</strong></span> <span class='ocrx_word' id='word_1_211' title='bbox 253 2657 493 2714; x_wconf 88' lang='lat' dir='ltr'><strong>ostendit</strong></span> <span class='ocrx_word' id='word_1_212' title='bbox 516 2656 773 2721; x_wconf 77' lang='lat' dir='ltr'><strong>Abrahzn,</strong></span> <span class='ocrx_word' id='word_1_213' title='bbox 798 2655 973 2724; x_wconf 85' lang='lat' dir='ltr'><strong>Isaac,</strong></span> <span class='ocrx_word' id='word_1_214' title='bbox 998 2654 1170 2712; x_wconf 72' lang='lat' dir='ltr'><strong>Iacob</strong></span> <span class='ocrx_word' id='word_1_215' title='bbox 1193 2665 1249 2713; x_wconf 91' lang='lat' dir='ltr'><strong>et</strong></span> <span class='ocrx_word' id='word_1_216' title='bbox 1282 2656 1405 2714; x_wconf 89' lang='lat' dir='ltr'><strong>aliis</strong></span> <span class='ocrx_word' id='word_1_217' title='bbox 1434 2657 1490 2712; x_wconf 90' lang='lat' dir='ltr'><strong>in</strong></span> <span class='ocrx_word' id='word_1_218' title='bbox 1517 2658 1623 2714; x_wconf 90' lang='lat' dir='ltr'><strong>hoc</strong></span> <span class='ocrx_word' id='word_1_219' title='bbox 1650 2673 1754 2714; x_wconf 69' lang='lat' dir='ltr'><strong>saa-</strong></span> 
     </span>
    </p>
   </div>
   <div class='ocr_carea' id='block_1_29' title="bbox 151 2747 1753 2820">
    <p class='ocr_par' dir='ltr' id='par_1_29' title="bbox 151 2747 1753 2820">
     <span class='ocr_line' id='line_1_29' title="bbox 151 2747 1753 2820; baseline 0.002 -17"><span class='ocrx_word' id='word_1_220' title='bbox 151 2748 309 2814; x_wconf 85' lang='lat' dir='ltr'><strong>culo,</strong></span> <span class='ocrx_word' id='word_1_221' title='bbox 342 2763 444 2804; x_wconf 89' lang='lat' dir='ltr'><strong>nec</strong></span> <span class='ocrx_word' id='word_1_222' title='bbox 467 2747 940 2804; x_wconf 87' lang='lat' dir='ltr'><strong>circumscribitur</strong></span> <span class='ocrx_word' id='word_1_223' title='bbox 956 2747 1076 2803; x_wconf 90' lang='lat' dir='ltr'><strong>visu</strong></span> <span class='ocrx_word' id='word_1_224' title='bbox 1094 2756 1318 2818; x_wconf 87' lang='lat' dir='ltr'><strong>propter</strong></span> <span class='ocrx_word' id='word_1_225' title='bbox 1340 2749 1646 2820; x_wconf 42' lang='lat' dir='ltr'><strong>illudjquod</strong></span> <span class='ocrx_word' id='word_1_226' title='bbox 1668 2751 1753 2806; x_wconf 87' lang='lat' dir='ltr'><strong>di-</strong></span> 
     </span>
    </p>
   </div>
   <div class='ocr_carea' id='block_1_30' title="bbox 151 2837 1743 2914">
    <p class='ocr_par' dir='ltr' id='par_1_30' title="bbox 151 2837 1743 2914">
     <span class='ocr_line' id='line_1_30' title="bbox 151 2837 1743 2914; baseline 0 -19"><span class='ocrx_word' id='word_1_227' title='bbox 151 2848 312 2895; x_wconf 88' lang='lat' dir='ltr'><strong>ctum</strong></span> <span class='ocrx_word' id='word_1_228' title='bbox 342 2847 446 2896; x_wconf 86' lang='lat' dir='ltr'><strong>est:</strong></span> <span class='ocrx_word' id='word_1_229' title='bbox 478 2857 497 2891; x_wconf 75' lang='grc' dir='ltr'><strong>ι</strong></span> <span class='ocrx_word' id='word_1_230' title='bbox 521 2837 834 2895; x_wconf 88' lang='lat' dir='ltr'><strong>Posteriora</strong></span> <span class='ocrx_word' id='word_1_231' title='bbox 861 2856 983 2896; x_wconf 86' lang='lat' dir='ltr'><strong>mea</strong></span> <span class='ocrx_word' id='word_1_232' title='bbox 1016 2840 1224 2896; x_wconf 90' lang='lat' dir='ltr'><strong>videbis</strong></span> <span class='ocrx_word' id='word_1_233' title='bbox 1255 2839 1453 2911; x_wconf 77' lang='lat' dir='ltr'><strong>(Exod.</strong></span> <span class='ocrx_word' id='word_1_234' title='bbox 1485 2844 1700 2914; x_wconf 59' lang='grc' dir='ltr'>χχχιιι).</span> <span class='ocrx_word' id='word_1_235' title='bbox 1724 2860 1743 2895; x_wconf 67' lang='grc' dir='ltr'>υ</span> 
     </span>
    </p>
   </div>
   <div class='ocr_carea' id='block_1_31' title="bbox 148 2927 1751 3000">
    <p class='ocr_par' dir='ltr' id='par_1_31' title="bbox 148 2927 1751 3000">
     <span class='ocr_line' id='line_1_31' title="bbox 148 2927 1751 3000; baseline 0.003 -16"><span class='ocrx_word' id='word_1_236' title='bbox 148 2927 272 2986; x_wconf 79' lang='lat' dir='ltr'><strong>Nec</strong></span> <span class='ocrx_word' id='word_1_237' title='bbox 295 2938 439 2986; x_wconf 85' lang='lat' dir='ltr'><strong>tactu</strong></span> <span class='ocrx_word' id='word_1_238' title='bbox 466 2937 697 2996; x_wconf 90' lang='lat' dir='ltr'><strong>tenetur,</strong></span> <span class='ocrx_word' id='word_1_239' title='bbox 718 2930 859 2986; x_wconf 89' lang='lat' dir='ltr'><strong>sicut</strong></span> <span class='ocrx_word' id='word_1_240' title='bbox 884 2931 1123 2987; x_wconf 91' lang='lat' dir='ltr'><strong>luctatus</strong></span> <span class='ocrx_word' id='word_1_241' title='bbox 1147 2942 1229 2987; x_wconf 87' lang='lat' dir='ltr'><strong>est</strong></span> <span class='ocrx_word' id='word_1_242' title='bbox 1256 2947 1385 2986; x_wconf 89' lang='lat' dir='ltr'><strong>cum</strong></span> <span class='ocrx_word' id='word_1_243' title='bbox 1422 2929 1626 3000; x_wconf 85' lang='lat' dir='ltr'><strong>Jacob;</strong></span> <span class='ocrx_word' id='word_1_244' title='bbox 1649 2946 1751 2990; x_wconf 84' lang='lat' dir='ltr'><strong>nec</strong></span> 
     </span>
    </p>
   </div>
   <div class='ocr_carea' id='block_1_32' title="bbox 148 3022 1749 3094">
    <p class='ocr_par' dir='ltr' id='par_1_32' title="bbox 148 3022 1749 3094">
     <span class='ocr_line' id='line_1_32' title="bbox 148 3022 1749 3094; baseline 0.001 -15"><span class='ocrx_word' id='word_1_245' title='bbox 148 3022 328 3079; x_wconf 73' lang='lat' dir='ltr'><strong>affatu</strong></span> <span class='ocrx_word' id='word_1_246' title='bbox 355 3022 594 3090; x_wconf 89' lang='lat' dir='ltr'><strong>auditur,</strong></span> <span class='ocrx_word' id='word_1_247' title='bbox 615 3022 756 3079; x_wconf 89' lang='lat' dir='ltr'><strong>sicut</strong></span> <span class='ocrx_word' id='word_1_248' title='bbox 775 3039 884 3079; x_wconf 91' lang='lat' dir='ltr'><strong>non</strong></span> <span class='ocrx_word' id='word_1_249' title='bbox 906 3023 1085 3081; x_wconf 89' lang='lat' dir='ltr'><strong>solum</strong></span> <span class='ocrx_word' id='word_1_250' title='bbox 1122 3040 1153 3079; x_wconf 92' lang='lat' dir='ltr'><strong>a</strong></span> <span class='ocrx_word' id='word_1_251' title='bbox 1186 3032 1264 3079; x_wconf 89' lang='lat' dir='ltr'><strong>tot</strong></span> <span class='ocrx_word' id='word_1_252' title='bbox 1300 3024 1527 3094; x_wconf 87' lang='lat' dir='ltr'><strong>sanctis,</strong></span> <span class='ocrx_word' id='word_1_253' title='bbox 1558 3040 1749 3081; x_wconf 83' lang='lat' dir='ltr'><strong>verum</strong></span> 
     </span>
    </p>
   </div>
   <div class='ocr_carea' id='block_1_33' title="bbox 1784 1808 1829 1863">
    <p class='ocr_par' dir='ltr' id='par_1_33' title="bbox 1784 1808 1829 1863">
     <span class='ocr_line' id='line_1_33' title="bbox 1784 1808 1829 1863; baseline 0 0"><span class='ocrx_word' id='word_1_254' title='bbox 1784 1808 1829 1863; x_wconf 89' lang='lat' dir='ltr'><strong>B</strong></span> 
     </span>
    </p>
   </div>
   <div class='ocr_carea' id='block_1_34' title="bbox 1866 548 3458 625">
    <p class='ocr_par' dir='ltr' id='par_1_34' title="bbox 1866 548 3458 625">
     <span class='ocr_line' id='line_1_34' title="bbox 1866 548 3458 625; baseline 0.008 -22"><span class='ocrx_word' id='word_1_255' title='bbox 1866 548 2026 621; x_wconf 86' lang='lat' dir='ltr'><strong>xvu.)</strong></span> <span class='ocrx_word' id='word_1_256' title='bbox 2083 548 2190 606; x_wconf 90' lang='lat' dir='ltr'><strong>Sed</strong></span> <span class='ocrx_word' id='word_1_257' title='bbox 2236 551 2317 608; x_wconf 91' lang='lat' dir='ltr'><strong>sic</strong></span> <span class='ocrx_word' id='word_1_258' title='bbox 2365 553 2643 624; x_wconf 90' lang='lat' dir='ltr'><strong>quomodo</strong></span> <span class='ocrx_word' id='word_1_259' title='bbox 2682 554 2936 625; x_wconf 86' lang='lat' dir='ltr'><strong>promisit</strong></span> <span class='ocrx_word' id='word_1_260' title='bbox 2984 563 3337 612; x_wconf 88' lang='lat' dir='ltr'><strong>ostensurum</strong></span> <span class='ocrx_word' id='word_1_261' title='bbox 3396 575 3458 616; x_wconf 83' lang='lat' dir='ltr'><strong>se</strong></span> 
     </span>
    </p>
   </div>
   <div class='ocr_carea' id='block_1_35' title="bbox 1862 639 3454 718">
    <p class='ocr_par' dir='ltr' id='par_1_35' title="bbox 1862 639 3454 718">
     <span class='ocr_line' id='line_1_35' title="bbox 1862 639 3454 718; baseline 0.006 -23"><span class='ocrx_word' id='word_1_262' title='bbox 1862 639 2219 697; x_wconf 86' lang='lat' dir='ltr'><strong>dilectoribus</strong></span> <span class='ocrx_word' id='word_1_263' title='bbox 2246 643 2363 699; x_wconf 93' lang='lat' dir='ltr'><strong>suis</strong></span> <span class='ocrx_word' id='word_1_264' title='bbox 2387 658 2512 698; x_wconf 91' lang='lat' dir='ltr'><strong>cum</strong></span> <span class='ocrx_word' id='word_1_265' title='bbox 2553 642 2714 699; x_wconf 85' lang='lat' dir='ltr'><strong>Patre</strong></span> <span class='ocrx_word' id='word_1_266' title='bbox 2744 660 2911 699; x_wconf 87' lang='lat' dir='ltr'><strong>unum</strong></span> <span class='ocrx_word' id='word_1_267' title='bbox 2936 643 3132 713; x_wconf 88' lang='lat' dir='ltr'><strong>Deum,</strong></span> <span class='ocrx_word' id='word_1_268' title='bbox 3160 662 3271 702; x_wconf 91' lang='lat' dir='ltr'><strong>non</strong></span> <span class='ocrx_word' id='word_1_269' title='bbox 3312 664 3454 718; x_wconf 80' lang='lat' dir='ltr'><strong>quo-</strong></span> 
     </span>
    </p>
   </div>
   <div class='ocr_carea' id='block_1_36' title="bbox 1863 732 3457 807">
    <p class='ocr_par' dir='ltr' id='par_1_36' title="bbox 1863 732 3457 807">
     <span class='ocr_line' id='line_1_36' title="bbox 1863 732 3457 807; baseline 0.006 -21"><span class='ocrx_word' id='word_1_270' title='bbox 1863 732 2029 787; x_wconf 91' lang='lat' dir='ltr'><strong>modo</strong></span> <span class='ocrx_word' id='word_1_271' title='bbox 2054 733 2109 788; x_wconf 91' lang='lat' dir='ltr'><strong>in</strong></span> <span class='ocrx_word' id='word_1_272' title='bbox 2136 734 2240 790; x_wconf 88' lang='lat' dir='ltr'><strong>hoc</strong></span> <span class='ocrx_word' id='word_1_273' title='bbox 2263 736 2462 791; x_wconf 72' lang='lat' dir='ltr'><strong>szeculo</strong></span> <span class='ocrx_word' id='word_1_274' title='bbox 2489 736 2541 790; x_wconf 91' lang='lat' dir='ltr'><strong>in</strong></span> <span class='ocrx_word' id='word_1_275' title='bbox 2559 751 2786 807; x_wconf 90' lang='lat' dir='ltr'><strong>corpore</strong></span> <span class='ocrx_word' id='word_1_276' title='bbox 2801 736 2953 793; x_wconf 91' lang='lat' dir='ltr'><strong>visus</strong></span> <span class='ocrx_word' id='word_1_277' title='bbox 2966 746 3050 793; x_wconf 93' lang='lat' dir='ltr'><strong>est</strong></span> <span class='ocrx_word' id='word_1_278' title='bbox 3069 738 3230 793; x_wconf 86' lang='lat' dir='ltr'><strong>bonis</strong></span> <span class='ocrx_word' id='word_1_279' title='bbox 3259 747 3313 794; x_wconf 91' lang='lat' dir='ltr'><strong>et</strong></span> <span class='ocrx_word' id='word_1_280' title='bbox 3333 756 3457 795; x_wconf 74' lang='lat' dir='ltr'><strong>ma-</strong></span> 
     </span>
    </p>
   </div>
   <div class='ocr_carea' id='block_1_37' title="bbox 1860 820 3457 899">
    <p class='ocr_par' dir='ltr' id='par_1_37' title="bbox 1860 820 3457 899">
     <span class='ocr_line' id='line_1_37' title="bbox 1860 820 3457 899; baseline 0.006 -23"><span class='ocrx_word' id='word_1_281' title='bbox 1860 821 1951 878; x_wconf 90' lang='lat' dir='ltr'><strong>lis.</strong></span> <span class='ocrx_word' id='word_1_282' title='bbox 1971 820 2027 878; x_wconf 87' lang='lat' dir='ltr'><strong>In</strong></span> <span class='ocrx_word' id='word_1_283' title='bbox 2051 824 2141 878; x_wconf 90' lang='lat' dir='ltr'><strong>illa</strong></span> <span class='ocrx_word' id='word_1_284' title='bbox 2157 825 2359 895; x_wconf 88' lang='lat' dir='ltr'><strong>quippe</strong></span> <span class='ocrx_word' id='word_1_285' title='bbox 2386 824 2574 881; x_wconf 81' lang='lat' dir='ltr'><strong>forma’</strong></span> <span class='ocrx_word' id='word_1_286' title='bbox 2586 826 2701 894; x_wconf 91' lang='lat' dir='ltr'><strong>Dei,</strong></span> <span class='ocrx_word' id='word_1_287' title='bbox 2721 827 2773 881; x_wconf 91' lang='lat' dir='ltr'><strong>in</strong></span> <span class='ocrx_word' id='word_1_288' title='bbox 2794 843 2902 898; x_wconf 90' lang='lat' dir='ltr'><strong>qua</strong></span> <span class='ocrx_word' id='word_1_289' title='bbox 2920 843 3031 882; x_wconf 91' lang='lat' dir='ltr'><strong>non</strong></span> <span class='ocrx_word' id='word_1_290' title='bbox 3048 828 3293 899; x_wconf 84' lang='lat' dir='ltr'><strong>rapinam</strong></span> <span class='ocrx_word' id='word_1_291' title='bbox 3313 830 3457 885; x_wconf 88' lang='lat' dir='ltr'><strong>arbi-</strong></span> 
     </span>
    </p>
   </div>
   <div class='ocr_carea' id='block_1_38' title="bbox 1860 918 3450 992">
    <p class='ocr_par' dir='ltr' id='par_1_38' title="bbox 1860 918 3450 992">
     <span class='ocr_line' id='line_1_38' title="bbox 1860 918 3450 992; baseline 0.004 -22"><span class='ocrx_word' id='word_1_292' title='bbox 1860 921 2038 971; x_wconf 87' lang='lat' dir='ltr'><strong>tratus</strong></span> <span class='ocrx_word' id='word_1_293' title='bbox 2048 924 2132 971; x_wconf 91' lang='lat' dir='ltr'><strong>est</strong></span> <span class='ocrx_word' id='word_1_294' title='bbox 2145 932 2317 973; x_wconf 73' lang='lat' dir='ltr'><strong>essea:</strong></span> <span class='ocrx_word' id='word_1_295' title='bbox 2331 919 2509 989; x_wconf 86' lang='lat' dir='ltr'><strong>qualis</strong></span> <span class='ocrx_word' id='word_1_296' title='bbox 2524 918 2636 974; x_wconf 89' lang='lat' dir='ltr'><strong>Deo</strong></span> <span class='ocrx_word' id='word_1_297' title='bbox 2653 918 2911 990; x_wconf 81' lang='lat' dir='ltr'><strong>(Philipp.</strong></span> <span class='ocrx_word' id='word_1_298' title='bbox 2930 920 3011 992; x_wconf 88' lang='grc' dir='ltr'>ιι),</span> <span class='ocrx_word' id='word_1_299' title='bbox 3027 920 3288 977; x_wconf 88' lang='lat' dir='ltr'><strong>videbunt</strong></span> <span class='ocrx_word' id='word_1_300' title='bbox 3299 938 3450 990; x_wconf 88' lang='lat' dir='ltr'><strong>eum,</strong></span> 
     </span>
    </p>
   </div>
   <div class='ocr_carea' id='block_1_39' title="bbox 1860 1008 3449 1087">
    <p class='ocr_par' dir='ltr' id='par_1_39' title="bbox 1860 1008 3449 1087">
     <span class='ocr_line' id='line_1_39' title="bbox 1860 1008 3449 1087; baseline 0.005 -26"><span class='ocrx_word' id='word_1_301' title='bbox 1860 1008 1957 1078; x_wconf 88' lang='lat' dir='ltr'><strong>qui</strong></span> <span class='ocrx_word' id='word_1_302' title='bbox 1984 1008 2246 1064; x_wconf 90' lang='lat' dir='ltr'><strong>videbunt</strong></span> <span class='ocrx_word' id='word_1_303' title='bbox 2266 1026 2393 1065; x_wconf 90' lang='lat' dir='ltr'><strong>eum</strong></span> <span class='ocrx_word' id='word_1_304' title='bbox 2416 1010 2577 1066; x_wconf 88' lang='lat' dir='ltr'><strong>sicuti</strong></span> <span class='ocrx_word' id='word_1_305' title='bbox 2608 1019 2711 1066; x_wconf 87' lang='lat' dir='ltr'><strong>est.</strong></span> <span class='ocrx_word' id='word_1_306' title='bbox 2737 1009 2847 1067; x_wconf 88' lang='lat' dir='ltr'><strong>Nec</strong></span> <span class='ocrx_word' id='word_1_307' title='bbox 2878 1011 3001 1069; x_wconf 88' lang='lat' dir='ltr'><strong>ideo</strong></span> <span class='ocrx_word' id='word_1_308' title='bbox 3024 1013 3283 1069; x_wconf 85' lang='lat' dir='ltr'><strong>videbunt</strong></span> <span class='ocrx_word' id='word_1_309' title='bbox 3320 1015 3449 1087; x_wconf 84' lang='lat' dir='ltr'><strong>quia</strong></span> 
     </span>
    </p>
   </div>
   <div class='ocr_carea' id='block_1_40' title="bbox 1860 1101 3451 1178">
    <p class='ocr_par' dir='ltr' id='par_1_40' title="bbox 1860 1101 3451 1178">
     <span class='ocr_line' id='line_1_40' title="bbox 1860 1101 3451 1178; baseline 0.005 -23"><span class='ocrx_word' id='word_1_310' title='bbox 1860 1115 2129 1172; x_wconf 88' lang='lat' dir='ltr'><strong>pauperes</strong></span> <span class='ocrx_word' id='word_1_311' title='bbox 2150 1101 2345 1172; x_wconf 87' lang='lat' dir='ltr'><strong>spiritu</strong></span> <span class='ocrx_word' id='word_1_312' title='bbox 2366 1102 2420 1157; x_wconf 90' lang='lat' dir='ltr'><strong>in</strong></span> <span class='ocrx_word' id='word_1_313' title='bbox 2444 1103 2546 1157; x_wconf 90' lang='lat' dir='ltr'><strong>bac</strong></span> <span class='ocrx_word' id='word_1_314' title='bbox 2568 1102 2676 1157; x_wconf 88' lang='lat' dir='ltr'><strong>vita</strong></span> <span class='ocrx_word' id='word_1_315' title='bbox 2702 1103 2945 1169; x_wconf 90' lang='lat' dir='ltr'><strong>fuerunt,</strong></span> <span class='ocrx_word' id='word_1_316' title='bbox 2966 1104 3094 1175; x_wconf 88' lang='lat' dir='ltr'><strong>quia</strong></span> <span class='ocrx_word' id='word_1_317' title='bbox 3119 1107 3300 1175; x_wconf 90' lang='lat' dir='ltr'><strong>mites,</strong></span> <span class='ocrx_word' id='word_1_318' title='bbox 3320 1108 3451 1178; x_wconf 89' lang='lat' dir='ltr'><strong>quia</strong></span> 
     </span>
    </p>
   </div>
   <div class='ocr_carea' id='block_1_41' title="bbox 1860 1189 3448 1269">
    <p class='ocr_par' dir='ltr' id='par_1_41' title="bbox 1860 1189 3448 1269">
     <span class='ocr_line' id='line_1_41' title="bbox 1860 1189 3448 1269; baseline 0.006 -25"><span class='ocrx_word' id='word_1_319' title='bbox 1860 1189 2127 1260; x_wconf 85' lang='lat' dir='ltr'><strong>lugentes,</strong></span> <span class='ocrx_word' id='word_1_320' title='bbox 2157 1191 2288 1261; x_wconf 88' lang='lat' dir='ltr'><strong>quia</strong></span> <span class='ocrx_word' id='word_1_321' title='bbox 2323 1193 2631 1249; x_wconf 87' lang='lat' dir='ltr'><strong>esurientes</strong></span> <span class='ocrx_word' id='word_1_322' title='bbox 2655 1202 2710 1248; x_wconf 92' lang='lat' dir='ltr'><strong>et</strong></span> <span class='ocrx_word' id='word_1_323' title='bbox 2732 1194 2978 1252; x_wconf 89' lang='lat' dir='ltr'><strong>sitientes</strong></span> <span class='ocrx_word' id='word_1_324' title='bbox 2996 1196 3292 1266; x_wconf 87' lang='lat' dir='ltr'><strong>justitiam,</strong></span> <span class='ocrx_word' id='word_1_325' title='bbox 3317 1200 3448 1269; x_wconf 86' lang='lat' dir='ltr'><strong>quia</strong></span> 
     </span>
    </p>
   </div>
   <div class='ocr_carea' id='block_1_42' title="bbox 1860 1280 3448 1356">
    <p class='ocr_par' dir='ltr' id='par_1_42' title="bbox 1860 1280 3448 1356">
     <span class='ocr_line' id='line_1_42' title="bbox 1860 1280 3448 1356; baseline 0.004 -20"><span class='ocrx_word' id='word_1_326' title='bbox 1860 1280 2275 1349; x_wconf 89' lang='lat' dir='ltr'><strong>misericordes,</strong></span> <span class='ocrx_word' id='word_1_327' title='bbox 2340 1284 2469 1352; x_wconf 89' lang='lat' dir='ltr'><strong>quia</strong></span> <span class='ocrx_word' id='word_1_328' title='bbox 2524 1284 2771 1352; x_wconf 84' lang='lat' dir='ltr'><strong>paciﬁci,</strong></span> <span class='ocrx_word' id='word_1_329' title='bbox 2826 1285 2955 1355; x_wconf 87' lang='lat' dir='ltr'><strong>quia</strong></span> <span class='ocrx_word' id='word_1_330' title='bbox 3013 1288 3448 1356; x_wconf 86' lang='lat' dir='ltr'><strong>persecutionem</strong></span> 
     </span>
    </p>
   </div>
   <div class='ocr_carea' id='block_1_43' title="bbox 1857 1372 3449 1445">
    <p class='ocr_par' dir='ltr' id='par_1_43' title="bbox 1857 1372 3449 1445">
     <span class='ocr_line' id='line_1_43' title="bbox 1857 1372 3449 1445; baseline 0.005 -18"><span class='ocrx_word' id='word_1_331' title='bbox 1857 1372 2004 1443; x_wconf 87' lang='lat' dir='ltr'><strong>passi</strong></span> <span class='ocrx_word' id='word_1_332' title='bbox 2029 1381 2250 1443; x_wconf 87' lang='lat' dir='ltr'><strong>propter</strong></span> <span class='ocrx_word' id='word_1_333' title='bbox 2270 1372 2565 1443; x_wconf 86' lang='lat' dir='ltr'><strong>justitiam,</strong></span> <span class='ocrx_word' id='word_1_334' title='bbox 2593 1375 2844 1445; x_wconf 89' lang='lat' dir='ltr'><strong>quamvis</strong></span> <span class='ocrx_word' id='word_1_335' title='bbox 2870 1385 2924 1431; x_wconf 79' lang='lat' dir='ltr'><strong>et</strong></span> <span class='ocrx_word' id='word_1_336' title='bbox 2945 1377 3062 1433; x_wconf 66' lang='lat' dir='ltr'><strong>haec</strong></span> <span class='ocrx_word' id='word_1_337' title='bbox 3088 1378 3272 1432; x_wconf 90' lang='lat' dir='ltr'><strong>omnia</strong></span> <span class='ocrx_word' id='word_1_338' title='bbox 3303 1379 3449 1435; x_wconf 86' lang='lat' dir='ltr'><strong>idem</strong></span> 
     </span>
    </p>
   </div>
   <div class='ocr_carea' id='block_1_44' title="bbox 1859 1462 3451 1543">
    <p class='ocr_par' dir='ltr' id='par_1_44' title="bbox 1859 1462 3451 1543">
     <span class='ocr_line' id='line_1_44' title="bbox 1859 1462 3451 1543; baseline 0.005 -24"><span class='ocrx_word' id='word_1_339' title='bbox 1859 1462 1963 1534; x_wconf 89' lang='lat' dir='ltr'><strong>ipsi</strong></span> <span class='ocrx_word' id='word_1_340' title='bbox 2001 1464 2131 1531; x_wconf 79' lang='lat' dir='ltr'><strong>sint,</strong></span> <span class='ocrx_word' id='word_1_341' title='bbox 2179 1465 2271 1519; x_wconf 92' lang='lat' dir='ltr'><strong>sed</strong></span> <span class='ocrx_word' id='word_1_342' title='bbox 2315 1465 2444 1535; x_wconf 87' lang='lat' dir='ltr'><strong>quia</strong></span> <span class='ocrx_word' id='word_1_343' title='bbox 2480 1467 2686 1522; x_wconf 91' lang='lat' dir='ltr'><strong>mundo</strong></span> <span class='ocrx_word' id='word_1_344' title='bbox 2716 1468 2881 1524; x_wconf 87' lang='lat' dir='ltr'><strong>corde</strong></span> <span class='ocrx_word' id='word_1_345' title='bbox 2912 1479 3060 1524; x_wconf 91' lang='lat' dir='ltr'><strong>sunt.</strong></span> <span class='ocrx_word' id='word_1_346' title='bbox 3094 1468 3221 1526; x_wconf 85' lang='lat' dir='ltr'><strong>Ideo</strong></span> <span class='ocrx_word' id='word_1_347' title='bbox 3247 1472 3451 1543; x_wconf 85' lang='lat' dir='ltr'><strong>quippe</strong></span> 
     </span>
    </p>
   </div>
   <div class='ocr_carea' id='block_1_45' title="bbox 1860 1554 3451 1634">
    <p class='ocr_par' dir='ltr' id='par_1_45' title="bbox 1860 1554 3451 1634">
     <span class='ocr_line' id='line_1_45' title="bbox 1860 1554 3451 1634; baseline 0.006 -25"><span class='ocrx_word' id='word_1_348' title='bbox 1860 1554 2003 1610; x_wconf 91' lang='lat' dir='ltr'><strong>inter</strong></span> <span class='ocrx_word' id='word_1_349' title='bbox 2033 1555 2170 1611; x_wconf 89' lang='lat' dir='ltr'><strong>alias</strong></span> <span class='ocrx_word' id='word_1_350' title='bbox 2201 1555 2568 1612; x_wconf 87' lang='lat' dir='ltr'><strong>beatitudines</strong></span> <span class='ocrx_word' id='word_1_351' title='bbox 2595 1573 2718 1612; x_wconf 90' lang='lat' dir='ltr'><strong>cum</strong></span> <span class='ocrx_word' id='word_1_352' title='bbox 2758 1560 2945 1614; x_wconf 85' lang='lat' dir='ltr'><strong>omnia</strong></span> <span class='ocrx_word' id='word_1_353' title='bbox 2992 1559 3197 1617; x_wconf 80' lang='lat' dir='ltr'><strong>faciant</strong></span> <span class='ocrx_word' id='word_1_354' title='bbox 3223 1563 3317 1634; x_wconf 91' lang='lat' dir='ltr'><strong>qui</strong></span> <span class='ocrx_word' id='word_1_355' title='bbox 3353 1578 3451 1619; x_wconf 90' lang='lat' dir='ltr'><strong>cor</strong></span> 
     </span>
    </p>
   </div>
   <div class='ocr_carea' id='block_1_46' title="bbox 1859 1645 3446 1720">
    <p class='ocr_par' dir='ltr' id='par_1_46' title="bbox 1859 1645 3446 1720">
     <span class='ocr_line' id='line_1_46' title="bbox 1859 1645 3446 1720; baseline 0.006 -21"><span class='ocrx_word' id='word_1_356' title='bbox 1859 1645 2125 1700; x_wconf 89' lang='lat' dir='ltr'><strong>mundum</strong></span> <span class='ocrx_word' id='word_1_357' title='bbox 2149 1645 2371 1713; x_wconf 85' lang='lat' dir='ltr'><strong>habent,</strong></span> <span class='ocrx_word' id='word_1_358' title='bbox 2396 1662 2505 1701; x_wconf 92' lang='lat' dir='ltr'><strong>non</strong></span> <span class='ocrx_word' id='word_1_359' title='bbox 2535 1656 2618 1702; x_wconf 91' lang='lat' dir='ltr'><strong>est</strong></span> <span class='ocrx_word' id='word_1_360' title='bbox 2648 1656 2830 1704; x_wconf 89' lang='lat' dir='ltr'><strong>tamen</strong></span> <span class='ocrx_word' id='word_1_361' title='bbox 2861 1650 2989 1705; x_wconf 88' lang='lat' dir='ltr'><strong>alibi</strong></span> <span class='ocrx_word' id='word_1_362' title='bbox 3012 1651 3249 1720; x_wconf 90' lang='lat' dir='ltr'><strong>positum</strong></span> <span class='ocrx_word' id='word_1_363' title='bbox 3277 1652 3446 1709; x_wconf 91' lang='lat' dir='ltr'><strong>Deum</strong></span> 
     </span>
    </p>
   </div>
   <div class='ocr_carea' id='block_1_47' title="bbox 1858 1734 3443 1809">
    <p class='ocr_par' dir='ltr' id='par_1_47' title="bbox 1858 1734 3443 1809">
     <span class='ocr_line' id='line_1_47' title="bbox 1858 1734 3443 1809; baseline 0.005 -21"><span class='ocrx_word' id='word_1_364' title='bbox 1858 1734 2142 1803; x_wconf 89' lang='lat' dir='ltr'><strong>videbunt,</strong></span> <span class='ocrx_word' id='word_1_365' title='bbox 2161 1736 2266 1791; x_wconf 90' lang='lat' dir='ltr'><strong>nisi</strong></span> <span class='ocrx_word' id='word_1_366' title='bbox 2289 1737 2383 1792; x_wconf 91' lang='lat' dir='ltr'><strong>ubi</strong></span> <span class='ocrx_word' id='word_1_367' title='bbox 2413 1736 2619 1792; x_wconf 88' lang='lat' dir='ltr'><strong>dictum</strong></span> <span class='ocrx_word' id='word_1_368' title='bbox 2640 1746 2756 1793; x_wconf 89' lang='lat' dir='ltr'><strong>est:</strong></span> <span class='ocrx_word' id='word_1_369' title='bbox 2786 1758 2805 1791; x_wconf 71' lang='grc' dir='ltr'><strong>ι</strong></span> <span class='ocrx_word' id='word_1_370' title='bbox 2831 1739 2980 1795; x_wconf 84' lang='lat' dir='ltr'><strong>Beati</strong></span> <span class='ocrx_word' id='word_1_371' title='bbox 3010 1742 3199 1797; x_wconf 89' lang='lat' dir='ltr'><strong>mundi</strong></span> <span class='ocrx_word' id='word_1_372' title='bbox 3223 1744 3443 1809; x_wconf 62' lang='lat' dir='ltr'><strong>corde,»</strong></span> 
     </span>
    </p>
   </div>
   <div class='ocr_carea' id='block_1_48' title="bbox 1856 1828 3448 1903">
    <p class='ocr_par' dir='ltr' id='par_1_48' title="bbox 1856 1828 3448 1903">
     <span class='ocr_line' id='line_1_48' title="bbox 1856 1828 3448 1903; baseline 0.006 -21"><span class='ocrx_word' id='word_1_373' title='bbox 1856 1828 2117 1899; x_wconf 89' lang='lat' dir='ltr'><strong>quoniam</strong></span> <span class='ocrx_word' id='word_1_374' title='bbox 2157 1828 2363 1884; x_wconf 89' lang='lat' dir='ltr'><strong>mundo</strong></span> <span class='ocrx_word' id='word_1_375' title='bbox 2410 1828 2914 1898; x_wconf 76' lang='lat' dir='ltr'><strong>corde’videbitur,</strong></span> <span class='ocrx_word' id='word_1_376' title='bbox 2956 1833 3051 1903; x_wconf 91' lang='lat' dir='ltr'><strong>qui</strong></span> <span class='ocrx_word' id='word_1_377' title='bbox 3100 1848 3203 1889; x_wconf 88' lang='lat' dir='ltr'><strong>nec</strong></span> <span class='ocrx_word' id='word_1_378' title='bbox 3232 1834 3287 1889; x_wconf 92' lang='lat' dir='ltr'><strong>in</strong></span> <span class='ocrx_word' id='word_1_379' title='bbox 3326 1836 3448 1891; x_wconf 87' lang='lat' dir='ltr'><strong>loco</strong></span> 
     </span>
    </p>
   </div>
   <div class='ocr_carea' id='block_1_49' title="bbox 1856 1919 3444 1992">
    <p class='ocr_par' dir='ltr' id='par_1_49' title="bbox 1856 1919 3444 1992">
     <span class='ocr_line' id='line_1_49' title="bbox 1856 1919 3444 1992; baseline 0.006 -19"><span class='ocrx_word' id='word_1_380' title='bbox 1856 1920 2092 1985; x_wconf 85' lang='lat' dir='ltr'><strong>videtur,</strong></span> <span class='ocrx_word' id='word_1_381' title='bbox 2119 1935 2222 1975; x_wconf 92' lang='lat' dir='ltr'><strong>nec</strong></span> <span class='ocrx_word' id='word_1_382' title='bbox 2251 1919 2427 1975; x_wconf 89' lang='lat' dir='ltr'><strong>oculis</strong></span> <span class='ocrx_word' id='word_1_383' title='bbox 2465 1921 2843 1990; x_wconf 86' lang='lat' dir='ltr'><strong>corporalibus</strong></span> <span class='ocrx_word' id='word_1_384' title='bbox 2872 1923 3155 1992; x_wconf 63' lang='lat' dir='ltr'><strong>quwritur,</strong></span> <span class='ocrx_word' id='word_1_385' title='bbox 3192 1940 3295 1981; x_wconf 89' lang='lat' dir='ltr'><strong>nec</strong></span> <span class='ocrx_word' id='word_1_386' title='bbox 3322 1925 3444 1982; x_wconf 89' lang='lat' dir='ltr'><strong>visu</strong></span> 
     </span>
    </p>
   </div>
   <div class='ocr_carea' id='block_1_50' title="bbox 1855 2011 3447 2082">
    <p class='ocr_par' dir='ltr' id='par_1_50' title="bbox 1855 2011 3447 2082">
     <span class='ocr_line' id='line_1_50' title="bbox 1855 2011 3447 2082; baseline 0.004 -15"><span class='ocrx_word' id='word_1_387' title='bbox 1855 2011 2350 2078; x_wconf 87' lang='lat' dir='ltr'><strong>circumscribitur,</strong></span> <span class='ocrx_word' id='word_1_388' title='bbox 2392 2027 2493 2067; x_wconf 91' lang='lat' dir='ltr'><strong>nec</strong></span> <span class='ocrx_word' id='word_1_389' title='bbox 2523 2020 2668 2067; x_wconf 87' lang='lat' dir='ltr'><strong>tactu</strong></span> <span class='ocrx_word' id='word_1_390' title='bbox 2703 2022 2936 2082; x_wconf 89' lang='lat' dir='ltr'><strong>tenetur,</strong></span> <span class='ocrx_word' id='word_1_391' title='bbox 2972 2030 3075 2071; x_wconf 89' lang='lat' dir='ltr'><strong>nec</strong></span> <span class='ocrx_word' id='word_1_392' title='bbox 3101 2016 3323 2072; x_wconf 88' lang='lat' dir='ltr'><strong>auditur</strong></span> <span class='ocrx_word' id='word_1_393' title='bbox 3361 2018 3447 2073; x_wconf 86' lang='lat' dir='ltr'><strong>af-</strong></span> 
     </span>
    </p>
   </div>
   <div class='ocr_carea' id='block_1_51' title="bbox 1855 2103 3448 2172">
    <p class='ocr_par' dir='ltr' id='par_1_51' title="bbox 1855 2103 3448 2172">
     <span class='ocr_line' id='line_1_51' title="bbox 1855 2103 3448 2172; baseline 0.004 -14"><span class='ocrx_word' id='word_1_394' title='bbox 1855 2103 1991 2172; x_wconf 88' lang='lat' dir='ltr'><strong>fatu,</strong></span> <span class='ocrx_word' id='word_1_395' title='bbox 2013 2119 2118 2159; x_wconf 88' lang='lat' dir='ltr'><strong>ncc</strong></span> <span class='ocrx_word' id='word_1_396' title='bbox 2141 2104 2374 2161; x_wconf 88' lang='lat' dir='ltr'><strong>sentitur</strong></span> <span class='ocrx_word' id='word_1_397' title='bbox 2402 2104 2643 2160; x_wconf 91' lang='lat' dir='ltr'><strong>incessu.</strong></span> <span class='ocrx_word' id='word_1_398' title='bbox 2675 2124 2694 2157; x_wconf 73' lang='grc' dir='ltr'><strong>ι</strong></span> <span class='ocrx_word' id='word_1_399' title='bbox 2736 2104 2903 2161; x_wconf 91' lang='lat' dir='ltr'><strong>Deum</strong></span> <span class='ocrx_word' id='word_1_400' title='bbox 2935 2109 3085 2162; x_wconf 89' lang='lat' dir='ltr'><strong>enim</strong></span> <span class='ocrx_word' id='word_1_401' title='bbox 3122 2123 3286 2164; x_wconf 89' lang='lat' dir='ltr'><strong>nemo</strong></span> <span class='ocrx_word' id='word_1_402' title='bbox 3311 2110 3448 2165; x_wconf 86' lang='lat' dir='ltr'><strong>vidit</strong></span> 
     </span>
    </p>
   </div>
   <div class='ocr_carea' id='block_1_52' title="bbox 1854 2194 3447 2271">
    <p class='ocr_par' dir='ltr' id='par_1_52' title="bbox 1854 2194 3447 2271">
     <span class='ocr_line' id='line_1_52' title="bbox 1854 2194 3447 2271; baseline 0.004 -19"><span class='ocrx_word' id='word_1_403' title='bbox 1854 2212 2099 2268; x_wconf 88' lang='lat' dir='ltr'><strong>unquam</strong></span> <span class='ocrx_word' id='word_1_404' title='bbox 2126 2194 2311 2267; x_wconf 80' lang='lat' dir='ltr'><strong>(Joan.</strong></span> <span class='ocrx_word' id='word_1_405' title='bbox 2339 2198 2433 2265; x_wconf 67' lang='lat'><strong>1),»</strong></span> <span class='ocrx_word' id='word_1_406' title='bbox 2453 2197 2535 2252; x_wconf 87' lang='lat' dir='ltr'><strong>vel</strong></span> <span class='ocrx_word' id='word_1_407' title='bbox 2557 2197 2612 2252; x_wconf 91' lang='lat' dir='ltr'><strong>in</strong></span> <span class='ocrx_word' id='word_1_408' title='bbox 2640 2197 2743 2253; x_wconf 89' lang='lat' dir='ltr'><strong>hac</strong></span> <span class='ocrx_word' id='word_1_409' title='bbox 2763 2198 2877 2254; x_wconf 89' lang='lat' dir='ltr'><strong>vita</strong></span> <span class='ocrx_word' id='word_1_410' title='bbox 2903 2199 3065 2256; x_wconf 87' lang='lat' dir='ltr'><strong>sicuti</strong></span> <span class='ocrx_word' id='word_1_411' title='bbox 3092 2208 3179 2256; x_wconf 90' lang='lat' dir='ltr'><strong>est</strong></span> <span class='ocrx_word' id='word_1_412' title='bbox 3198 2201 3334 2271; x_wconf 88' lang='lat' dir='ltr'><strong>ipse,</strong></span> <span class='ocrx_word' id='word_1_413' title='bbox 3360 2205 3447 2259; x_wconf 91' lang='lat' dir='ltr'><strong>vel</strong></span> 
     </span>
    </p>
   </div>
   <div class='ocr_carea' id='block_1_53' title="bbox 1853 2279 3447 2361">
    <p class='ocr_par' dir='ltr' id='par_1_53' title="bbox 1853 2279 3447 2361">
     <span class='ocr_line' id='line_1_53' title="bbox 1853 2279 3447 2361; baseline 0.002 -15"><span class='ocrx_word' id='word_1_414' title='bbox 1853 2288 2017 2347; x_wconf 88' lang='lat' dir='ltr'><strong>etiam</strong></span> <span class='ocrx_word' id='word_1_415' title='bbox 2049 2288 2106 2344; x_wconf 90' lang='lat' dir='ltr'><strong>in</strong></span> <span class='ocrx_word' id='word_1_416' title='bbox 2137 2288 2457 2360; x_wconf 79' lang='lat' dir='ltr'><strong>angelorum</strong></span> <span class='ocrx_word' id='word_1_417' title='bbox 2482 2287 2591 2345; x_wconf 85' lang='lat' dir='ltr'><strong>vita</strong></span> <span class='ocrx_word' id='word_1_418' title='bbox 2618 2288 2760 2344; x_wconf 90' lang='lat' dir='ltr'><strong>sicut</strong></span> <span class='ocrx_word' id='word_1_419' title='bbox 2779 2289 3012 2346; x_wconf 86' lang='lat' dir='ltr'><strong>visibilia</strong></span> <span class='ocrx_word' id='word_1_420' title='bbox 3035 2290 3139 2346; x_wconf 89' lang='lat' dir='ltr'><strong>ista</strong></span> <span class='ocrx_word' id='word_1_421' title='bbox 3171 2279 3293 2361; x_wconf 80' lang='lat' dir='ltr'><strong>quae</strong></span> <span class='ocrx_word' id='word_1_422' title='bbox 3321 2308 3447 2349; x_wconf 88' lang='lat' dir='ltr'><strong>cor-</strong></span> 
     </span>
    </p>
   </div>
   <div class='ocr_carea' id='block_1_54' title="bbox 1852 2382 3444 2456">
    <p class='ocr_par' dir='ltr' id='par_1_54' title="bbox 1852 2382 3444 2456">
     <span class='ocr_line' id='line_1_54' title="bbox 1852 2382 3444 2456; baseline -0.001 -14"><span class='ocrx_word' id='word_1_423' title='bbox 1852 2382 2026 2456; x_wconf 89' lang='lat' dir='ltr'><strong>porali</strong></span> <span class='ocrx_word' id='word_1_424' title='bbox 2059 2383 2270 2441; x_wconf 88' lang='lat' dir='ltr'><strong>visione</strong></span> <span class='ocrx_word' id='word_1_425' title='bbox 2291 2391 2614 2451; x_wconf 88' lang='lat' dir='ltr'><strong>cernuntur,</strong></span> <span class='ocrx_word' id='word_1_426' title='bbox 2652 2382 2781 2454; x_wconf 90' lang='lat' dir='ltr'><strong>quia</strong></span> <span class='ocrx_word' id='word_1_427' title='bbox 2811 2383 3128 2455; x_wconf 87' lang='lat' dir='ltr'><strong>unigenitus</strong></span> <span class='ocrx_word' id='word_1_428' title='bbox 3148 2382 3322 2441; x_wconf 85' lang='lat' dir='ltr'><strong>Filius</strong></span> <span class='ocrx_word' id='word_1_429' title='bbox 3347 2387 3444 2456; x_wconf 92' lang='lat' dir='ltr'><strong>qui</strong></span> 
     </span>
    </p>
   </div>
   <div class='ocr_carea' id='block_1_55' title="bbox 1852 2473 3444 2546">
    <p class='ocr_par' dir='ltr' id='par_1_55' title="bbox 1852 2473 3444 2546">
     <span class='ocr_line' id='line_1_55' title="bbox 1852 2473 3444 2546; baseline -0.001 -13"><span class='ocrx_word' id='word_1_430' title='bbox 1852 2485 1939 2534; x_wconf 90' lang='lat' dir='ltr'><strong>est</strong></span> <span class='ocrx_word' id='word_1_431' title='bbox 1980 2476 2035 2531; x_wconf 92' lang='lat' dir='ltr'><strong>in</strong></span> <span class='ocrx_word' id='word_1_432' title='bbox 2080 2476 2204 2532; x_wconf 90' lang='lat' dir='ltr'><strong>sinu</strong></span> <span class='ocrx_word' id='word_1_433' title='bbox 2256 2474 2434 2530; x_wconf 89' lang='lat' dir='ltr'><strong>Patris</strong></span> <span class='ocrx_word' id='word_1_434' title='bbox 2469 2474 2587 2544; x_wconf 88' lang='lat' dir='ltr'><strong>ipse</strong></span> <span class='ocrx_word' id='word_1_435' title='bbox 2628 2475 2874 2531; x_wconf 89' lang='lat' dir='ltr'><strong>narravit</strong></span> <span class='ocrx_word' id='word_1_436' title='bbox 2906 2474 3109 2546; x_wconf 84' lang='lat' dir='ltr'><strong>(ibid.).</strong></span> <span class='ocrx_word' id='word_1_437' title='bbox 3145 2473 3300 2531; x_wconf 89' lang='lat' dir='ltr'><strong>Unde</strong></span> <span class='ocrx_word' id='word_1_438' title='bbox 3330 2492 3444 2532; x_wconf 83' lang='lat' dir='ltr'><strong>non</strong></span> 
     </span>
    </p>
   </div>
   <div class='ocr_carea' id='block_1_56' title="bbox 1853 2564 3443 2637">
    <p class='ocr_par' dir='ltr' id='par_1_56' title="bbox 1853 2564 3443 2637">
     <span class='ocr_line' id='line_1_56' title="bbox 1853 2564 3443 2637; baseline -0.001 -13"><span class='ocrx_word' id='word_1_439' title='bbox 1853 2568 1919 2624; x_wconf 88' lang='lat' dir='ltr'><strong>ad</strong></span> <span class='ocrx_word' id='word_1_440' title='bbox 1943 2568 2226 2624; x_wconf 88' lang='lat' dir='ltr'><strong>oculorum</strong></span> <span class='ocrx_word' id='word_1_441' title='bbox 2249 2565 2640 2637; x_wconf 90' lang='lat' dir='ltr'><strong>corporalium,</strong></span> <span class='ocrx_word' id='word_1_442' title='bbox 2665 2566 2763 2622; x_wconf 89' lang='lat' dir='ltr'><strong>sed</strong></span> <span class='ocrx_word' id='word_1_443' title='bbox 2795 2564 2865 2621; x_wconf 90' lang='lat' dir='ltr'><strong>ad</strong></span> <span class='ocrx_word' id='word_1_444' title='bbox 2880 2564 3146 2621; x_wconf 85' lang='lat' dir='ltr'><strong>mentium</strong></span> <span class='ocrx_word' id='word_1_445' title='bbox 3175 2566 3443 2623; x_wconf 86' lang='lat' dir='ltr'><strong>visionem</strong></span> 
     </span>
    </p>
   </div>
   <div class='ocr_carea' id='block_1_57' title="bbox 1853 2654 3442 2728">
    <p class='ocr_par' dir='ltr' id='par_1_57' title="bbox 1853 2654 3442 2728">
     <span class='ocr_line' id='line_1_57' title="bbox 1853 2654 3442 2728; baseline -0.002 -14"><span class='ocrx_word' id='word_1_446' title='bbox 1853 2658 2061 2715; x_wconf 84' lang='lat' dir='ltr'><strong>dictum</strong></span> <span class='ocrx_word' id='word_1_447' title='bbox 2082 2666 2170 2714; x_wconf 90' lang='lat' dir='ltr'><strong>est</strong></span> <span class='ocrx_word' id='word_1_448' title='bbox 2204 2655 2478 2728; x_wconf 89' lang='lat' dir='ltr'><strong>pertinere</strong></span> <span class='ocrx_word' id='word_1_449' title='bbox 2506 2654 2654 2725; x_wconf 92' lang='lat' dir='ltr'><strong>quod</strong></span> <span class='ocrx_word' id='word_1_450' title='bbox 2684 2662 2893 2722; x_wconf 88' lang='lat' dir='ltr'><strong>narrat,</strong></span> <span class='ocrx_word' id='word_1_451' title='bbox 2929 2655 3206 2725; x_wconf 88' lang='lat' dir='ltr'><strong>quomodo</strong></span> <span class='ocrx_word' id='word_1_452' title='bbox 3232 2664 3288 2711; x_wconf 86' lang='lat' dir='ltr'><strong>et</strong></span> <span class='ocrx_word' id='word_1_453' title='bbox 3314 2672 3442 2712; x_wconf 87' lang='lat' dir='ltr'><strong>ver-</strong></span> 
     </span>
    </p>
   </div>
   <div class='ocr_carea' id='block_1_58' title="bbox 1853 2746 3442 2818">
    <p class='ocr_par' dir='ltr' id='par_1_58' title="bbox 1853 2746 3442 2818">
     <span class='ocr_line' id='line_1_58' title="bbox 1853 2746 3442 2818; baseline -0.003 -12"><span class='ocrx_word' id='word_1_454' title='bbox 1853 2749 1983 2806; x_wconf 87' lang='lat' dir='ltr'><strong>bum</strong></span> <span class='ocrx_word' id='word_1_455' title='bbox 2016 2757 2120 2817; x_wconf 89' lang='lat' dir='ltr'><strong>est,</strong></span> <span class='ocrx_word' id='word_1_456' title='bbox 2152 2763 2264 2804; x_wconf 89' lang='lat' dir='ltr'><strong>non</strong></span> <span class='ocrx_word' id='word_1_457' title='bbox 2298 2762 2471 2804; x_wconf 91' lang='lat' dir='ltr'><strong>sonus</strong></span> <span class='ocrx_word' id='word_1_458' title='bbox 2512 2746 2739 2802; x_wconf 87' lang='lat' dir='ltr'><strong>auribus</strong></span> <span class='ocrx_word' id='word_1_459' title='bbox 2766 2746 3096 2816; x_wconf 90' lang='lat' dir='ltr'><strong>instrepens,</strong></span> <span class='ocrx_word' id='word_1_460' title='bbox 3124 2747 3220 2802; x_wconf 89' lang='lat' dir='ltr'><strong>sed</strong></span> <span class='ocrx_word' id='word_1_461' title='bbox 3260 2747 3442 2818; x_wconf 84' lang='lat' dir='ltr'><strong>imago</strong></span> 
     </span>
    </p>
   </div>
   <div class='ocr_carea' id='block_1_59' title="bbox 1853 2837 3442 2906">
    <p class='ocr_par' dir='ltr' id='par_1_59' title="bbox 1853 2837 3442 2906">
     <span class='ocr_line' id='line_1_59' title="bbox 1853 2837 3442 2906; baseline 0 -11"><span class='ocrx_word' id='word_1_462' title='bbox 1853 2840 2128 2896; x_wconf 88' lang='lat' dir='ltr'><strong>mentibus</strong></span> <span class='ocrx_word' id='word_1_463' title='bbox 2159 2840 2534 2906; x_wconf 86' lang='lat' dir='ltr'><strong>innotescens,</strong></span> <span class='ocrx_word' id='word_1_464' title='bbox 2579 2845 2640 2893; x_wconf 91' lang='lat' dir='ltr'><strong>ut</strong></span> <span class='ocrx_word' id='word_1_465' title='bbox 2680 2837 2791 2894; x_wconf 91' lang='lat' dir='ltr'><strong>illic</strong></span> <span class='ocrx_word' id='word_1_466' title='bbox 2830 2838 3045 2894; x_wconf 88' lang='lat' dir='ltr'><strong>interna</strong></span> <span class='ocrx_word' id='word_1_467' title='bbox 3085 2847 3140 2893; x_wconf 93' lang='lat' dir='ltr'><strong>et</strong></span> <span class='ocrx_word' id='word_1_468' title='bbox 3182 2838 3442 2895; x_wconf 72' lang='lat' dir='ltr'><strong>ineffabili</strong></span> 
     </span>
    </p>
   </div>
   <div class='ocr_carea' id='block_1_60' title="bbox 1853 2927 3445 3002">
    <p class='ocr_par' dir='ltr' id='par_1_60' title="bbox 1853 2927 3445 3002">
     <span class='ocr_line' id='line_1_60' title="bbox 1853 2927 3445 3002; baseline 0 -16"><span class='ocrx_word' id='word_1_469' title='bbox 1853 2933 1975 2989; x_wconf 83' lang='lat' dir='ltr'><strong>luce</strong></span> <span class='ocrx_word' id='word_1_470' title='bbox 2000 2931 2267 2988; x_wconf 87' lang='lat' dir='ltr'><strong>clarescat</strong></span> <span class='ocrx_word' id='word_1_471' title='bbox 2291 2930 2438 3002; x_wconf 89' lang='lat' dir='ltr'><strong>quod</strong></span> <span class='ocrx_word' id='word_1_472' title='bbox 2460 2929 2666 2986; x_wconf 89' lang='lat' dir='ltr'><strong>dictum</strong></span> <span class='ocrx_word' id='word_1_473' title='bbox 2689 2938 2809 2986; x_wconf 89' lang='lat' dir='ltr'><strong>est:</strong></span> <span class='ocrx_word' id='word_1_474' title='bbox 2844 2948 2863 2981; x_wconf 77' lang='grc' dir='ltr'><strong>ι</strong></span> <span class='ocrx_word' id='word_1_475' title='bbox 2899 2927 3005 2996; x_wconf 86' lang='lat' dir='ltr'><strong>Qui</strong></span> <span class='ocrx_word' id='word_1_476' title='bbox 3039 2945 3127 2986; x_wconf 88' lang='lat' dir='ltr'><strong>me</strong></span> <span class='ocrx_word' id='word_1_477' title='bbox 3160 2930 3322 2997; x_wconf 87' lang='lat' dir='ltr'><strong>videt,</strong></span> <span class='ocrx_word' id='word_1_478' title='bbox 3360 2932 3445 2986; x_wconf 89' lang='lat' dir='ltr'><strong>vi-</strong></span> 
     </span>
    </p>
   </div>
   <div class='ocr_carea' id='block_1_61' title="bbox 1853 3018 3442 3093">
    <p class='ocr_par' dir='ltr' id='par_1_61' title="bbox 1853 3018 3442 3093">
     <span class='ocr_line' id='line_1_61' title="bbox 1853 3018 3442 3093; baseline 0 -14"><span class='ocrx_word' id='word_1_479' title='bbox 1853 3023 1944 3079; x_wconf 82' lang='lat' dir='ltr'><strong>det</strong></span> <span class='ocrx_word' id='word_1_480' title='bbox 1967 3031 2021 3078; x_wconf 86' lang='lat' dir='ltr'><strong>et</strong></span> <span class='ocrx_word' id='word_1_481' title='bbox 2042 3020 2261 3077; x_wconf 90' lang='lat' dir='ltr'><strong>Patrem</strong></span> <span class='ocrx_word' id='word_1_482' title='bbox 2281 3019 2466 3093; x_wconf 83' lang='lat' dir='ltr'><strong>(Joan.</strong></span> <span class='ocrx_word' id='word_1_483' title='bbox 2489 3019 2627 3093; x_wconf 78' lang='lat' dir='ltr'><strong>xiv).</strong></span> <span class='ocrx_word' id='word_1_484' title='bbox 2650 3038 2668 3073; x_wconf 74' lang='grc' dir='ltr'><strong>ι</strong></span> <span class='ocrx_word' id='word_1_485' title='bbox 2688 3018 2829 3077; x_wconf 83' lang='grc' dir='ltr'>Εεεε</span> <span class='ocrx_word' id='word_1_486' title='bbox 2850 3019 3442 3093; x_wconf 71' lang='lat' dir='ltr'><strong>sanctus-Augustinus</strong></span> 
     </span>
    </p>
   </div>
   <div class='ocr_carea' id='block_1_62' title="bbox 145 3112 3445 3202">
    <p class='ocr_par' dir='ltr' id='par_1_62' title="bbox 145 3112 3445 3202">
     <span class='ocr_line' id='line_1_62' title="bbox 145 3112 3445 3202; baseline 0 -32"><span class='ocrx_word' id='word_1_487' title='bbox 145 3115 323 3171; x_wconf 88' lang='lat' dir='ltr'><strong>etiam</strong></span> <span class='ocrx_word' id='word_1_488' title='bbox 344 3115 562 3171; x_wconf 87' lang='lat' dir='ltr'><strong>auditus</strong></span> <span class='ocrx_word' id='word_1_489' title='bbox 576 3121 661 3170; x_wconf 89' lang='lat' dir='ltr'><strong>est</strong></span> <span class='ocrx_word' id='word_1_490' title='bbox 679 3130 709 3169; x_wconf 88' lang='lat' dir='ltr'><strong>a</strong></span> <span class='ocrx_word' id='word_1_491' title='bbox 730 3113 970 3183; x_wconf 78' lang='lat' dir='ltr'><strong>diabolo;</strong></span> <span class='ocrx_word' id='word_1_492' title='bbox 988 3130 1089 3170; x_wconf 91' lang='lat' dir='ltr'><strong>nec</strong></span> <span class='ocrx_word' id='word_1_493' title='bbox 1106 3116 1336 3169; x_wconf 88' lang='lat' dir='ltr'><strong>sentitur</strong></span> <span class='ocrx_word' id='word_1_494' title='bbox 1351 3115 1590 3182; x_wconf 90' lang='lat' dir='ltr'><strong>incessu,</strong></span> <span class='ocrx_word' id='word_1_495' title='bbox 1609 3116 1753 3172; x_wconf 89' lang='lat' dir='ltr'><strong>sicut</strong></span> <span class='ocrx_word' id='word_1_496' title='bbox 1778 3145 1821 3202; x_wconf 64' lang='grc' dir='ltr'><strong>ε</strong></span> <span class='ocrx_word' id='word_1_497' title='bbox 1856 3115 2065 3185; x_wconf 71' lang='lat' dir='ltr'><strong>affirma</strong></span> <span class='ocrx_word' id='word_1_498' title='bbox 2091 3130 2185 3185; x_wconf 82' lang='lat' dir='ltr'><strong>per</strong></span> <span class='ocrx_word' id='word_1_499' title='bbox 2214 3114 2331 3169; x_wconf 69' lang='lat' dir='ltr'><strong>haec</strong></span> <span class='ocrx_word' id='word_1_500' title='bbox 2351 3112 2516 3170; x_wconf 86' lang='lat' dir='ltr'><strong>verba</strong></span> <span class='ocrx_word' id='word_1_501' title='bbox 2544 3112 2719 3169; x_wconf 87' lang='lat' dir='ltr'><strong>sancti</strong></span> <span class='ocrx_word' id='word_1_502' title='bbox 2747 3112 3027 3168; x_wconf 82' lang='lat' dir='ltr'><strong>Ambrosii</strong></span> <span class='ocrx_word' id='word_1_503' title='bbox 3055 3113 3291 3169; x_wconf 84' lang='lat' dir='ltr'><strong>solutam</strong></span> <span class='ocrx_word' id='word_1_504' title='bbox 3319 3128 3445 3170; x_wconf 83' lang='lat' dir='ltr'><strong>esse</strong></span> 
     </span>
    </p>
   </div>
   <div class='ocr_carea' id='block_1_63' title="bbox 143 3203 1743 3276">
    <p class='ocr_par' dir='ltr' id='par_1_63' title="bbox 143 3203 1743 3276">
     <span class='ocr_line' id='line_1_63' title="bbox 143 3203 1743 3276; baseline 0.003 -17"><span class='ocrx_word' id='word_1_505' title='bbox 143 3204 453 3274; x_wconf 78' lang='lat' dir='ltr'><strong>aliquando</strong></span> <span class='ocrx_word' id='word_1_506' title='bbox 482 3220 608 3260; x_wconf 90' lang='lat' dir='ltr'><strong>cum</strong></span> <span class='ocrx_word' id='word_1_507' title='bbox 650 3203 706 3258; x_wconf 93' lang='lat' dir='ltr'><strong>in</strong></span> <span class='ocrx_word' id='word_1_508' title='bbox 730 3205 986 3274; x_wconf 86' lang='lat' dir='ltr'><strong>paradiso</strong></span> <span class='ocrx_word' id='word_1_509' title='bbox 1026 3205 1334 3261; x_wconf 87' lang='lat' dir='ltr'><strong>ambularet</strong></span> <span class='ocrx_word' id='word_1_510' title='bbox 1361 3205 1430 3261; x_wconf 89' lang='lat' dir='ltr'><strong>ad</strong></span> <span class='ocrx_word' id='word_1_511' title='bbox 1459 3221 1743 3276; x_wconf 84' lang='lat' dir='ltr'><strong>vesperam</strong></span> 
     </span>
    </p>
   </div>
   <div class='ocr_carea' id='block_1_64' title="bbox 146 3294 1747 3367">
    <p class='ocr_par' dir='ltr' id='par_1_64' title="bbox 146 3294 1747 3367">
     <span class='ocr_line' id='line_1_64' title="bbox 146 3294 1747 3367; baseline 0.001 -16"><span class='ocrx_word' id='word_1_512' title='bbox 146 3295 315 3367; x_wconf 81' lang='lat' dir='ltr'><strong>(Ceu.</strong></span> <span class='ocrx_word' id='word_1_513' title='bbox 347 3298 450 3363; x_wconf 90' lang='grc' dir='ltr'>ιιι).</span> <span class='ocrx_word' id='word_1_514' title='bbox 476 3294 641 3353; x_wconf 75' lang='lat' dir='ltr'><strong>Vides</strong></span> <span class='ocrx_word' id='word_1_515' title='bbox 664 3296 1123 3367; x_wconf 87' lang='lat' dir='ltr'><strong>quemadmodum</strong></span> <span class='ocrx_word' id='word_1_516' title='bbox 1154 3296 1239 3352; x_wconf 85' lang='lat' dir='ltr'><strong>vir</strong></span> <span class='ocrx_word' id='word_1_517' title='bbox 1264 3306 1488 3353; x_wconf 85' lang='lat' dir='ltr'><strong>sanctus</strong></span> <span class='ocrx_word' id='word_1_518' title='bbox 1508 3297 1747 3354; x_wconf 74' lang='lat' dir='ltr'><strong>enitatur</strong></span> 
     </span>
    </p>
   </div>
   <div class='ocr_carea' id='block_1_65' title="bbox 146 3388 1742 3457">
    <p class='ocr_par' dir='ltr' id='par_1_65' title="bbox 146 3388 1742 3457">
     <span class='ocr_line' id='line_1_65' title="bbox 146 3388 1742 3457; baseline 0.001 -13"><span class='ocrx_word' id='word_1_519' title='bbox 146 3397 370 3445; x_wconf 86' lang='lat' dir='ltr'><strong>mentes</strong></span> <span class='ocrx_word' id='word_1_520' title='bbox 398 3398 616 3444; x_wconf 87' lang='lat' dir='ltr'><strong>nostras</strong></span> <span class='ocrx_word' id='word_1_521' title='bbox 647 3389 716 3443; x_wconf 90' lang='lat' dir='ltr'><strong>ab</strong></span> <span class='ocrx_word' id='word_1_522' title='bbox 735 3388 992 3444; x_wconf 90' lang='lat' dir='ltr'><strong>omnibus</strong></span> <span class='ocrx_word' id='word_1_523' title='bbox 1015 3389 1198 3446; x_wconf 88' lang='lat' dir='ltr'><strong>carnis</strong></span> <span class='ocrx_word' id='word_1_524' title='bbox 1217 3389 1469 3447; x_wconf 86' lang='lat' dir='ltr'><strong>sensibus</strong></span> <span class='ocrx_word' id='word_1_525' title='bbox 1494 3405 1742 3457; x_wconf 88' lang='lat' dir='ltr'><strong>evocare,</strong></span> 
     </span>
    </p>
   </div>
   <div class='ocr_carea' id='block_1_66' title="bbox 142 3480 1741 3556">
    <p class='ocr_par' dir='ltr' id='par_1_66' title="bbox 142 3480 1741 3556">
     <span class='ocr_line' id='line_1_66' title="bbox 142 3480 1741 3556; baseline 0.003 -20"><span class='ocrx_word' id='word_1_526' title='bbox 142 3490 215 3536; x_wconf 91' lang='lat' dir='ltr'><strong>ut</strong></span> <span class='ocrx_word' id='word_1_527' title='bbox 242 3490 399 3551; x_wconf 89' lang='lat' dir='ltr'><strong>aptas</strong></span> <span class='ocrx_word' id='word_1_528' title='bbox 423 3481 492 3537; x_wconf 89' lang='lat' dir='ltr'><strong>ad</strong></span> <span class='ocrx_word' id='word_1_529' title='bbox 522 3480 815 3537; x_wconf 88' lang='lat' dir='ltr'><strong>videndum</strong></span> <span class='ocrx_word' id='word_1_530' title='bbox 859 3480 1029 3536; x_wconf 90' lang='lat' dir='ltr'><strong>Deum</strong></span> <span class='ocrx_word' id='word_1_531' title='bbox 1059 3481 1241 3538; x_wconf 88' lang='lat' dir='ltr'><strong>faciat.</strong></span> <span class='ocrx_word' id='word_1_532' title='bbox 1287 3482 1355 3541; x_wconf 87' lang='lat' dir='ltr'><strong>Et</strong></span> <span class='ocrx_word' id='word_1_533' title='bbox 1398 3494 1578 3542; x_wconf 88' lang='lat' dir='ltr'><strong>tamen</strong></span> <span class='ocrx_word' id='word_1_534' title='bbox 1609 3486 1741 3556; x_wconf 90' lang='lat' dir='ltr'><strong>quid</strong></span> 
     </span>
    </p>
   </div>
   <div class='ocr_carea' id='block_1_67' title="bbox 140 3572 1746 3646">
    <p class='ocr_par' dir='ltr' id='par_1_67' title="bbox 140 3572 1746 3646">
     <span class='ocr_line' id='line_1_67' title="bbox 140 3572 1746 3646; baseline 0.003 -20"><span class='ocrx_word' id='word_1_535' title='bbox 140 3573 269 3642; x_wconf 79' lang='lat' dir='ltr'><strong>agit</strong></span> <span class='ocrx_word' id='word_1_536' title='bbox 304 3572 430 3627; x_wconf 88' lang='lat' dir='ltr'><strong>talis</strong></span> <span class='ocrx_word' id='word_1_537' title='bbox 472 3572 816 3627; x_wconf 85' lang='lat' dir='ltr'><strong>extrinsecus</strong></span> <span class='ocrx_word' id='word_1_538' title='bbox 854 3572 1125 3642; x_wconf 89' lang='lat' dir='ltr'><strong>plantator</strong></span> <span class='ocrx_word' id='word_1_539' title='bbox 1154 3582 1209 3629; x_wconf 87' lang='lat' dir='ltr'><strong>et</strong></span> <span class='ocrx_word' id='word_1_540' title='bbox 1251 3574 1476 3646; x_wconf 83' lang='lat' dir='ltr'><strong>rigator,</strong></span> <span class='ocrx_word' id='word_1_541' title='bbox 1518 3577 1623 3633; x_wconf 90' lang='lat' dir='ltr'><strong>nisi</strong></span> <span class='ocrx_word' id='word_1_542' title='bbox 1659 3578 1746 3632; x_wconf 85' lang='lat' dir='ltr'><strong>in-</strong></span> 
     </span>
    </p>
   </div>
   <div class='ocr_carea' id='block_1_68' title="bbox 141 3664 1745 3735">
    <p class='ocr_par' dir='ltr' id='par_1_68' title="bbox 141 3664 1745 3735">
     <span class='ocr_line' id='line_1_68' title="bbox 141 3664 1745 3735; baseline 0.004 -16"><span class='ocrx_word' id='word_1_543' title='bbox 141 3664 430 3725; x_wconf 74' lang='lat' dir='ltr'><strong>trinsecus</strong></span> <span class='ocrx_word' id='word_1_544' title='bbox 452 3673 727 3734; x_wconf 85' lang='lat' dir='ltr'><strong>operetur,</strong></span> <span class='ocrx_word' id='word_1_545' title='bbox 751 3665 845 3734; x_wconf 91' lang='lat' dir='ltr'><strong>qui</strong></span> <span class='ocrx_word' id='word_1_546' title='bbox 869 3664 963 3719; x_wconf 90' lang='lat' dir='ltr'><strong>dat</strong></span> <span class='ocrx_word' id='word_1_547' title='bbox 991 3665 1384 3721; x_wconf 84' lang='lat' dir='ltr'><strong>incrementum</strong></span> <span class='ocrx_word' id='word_1_548' title='bbox 1407 3667 1551 3724; x_wconf 86' lang='lat' dir='ltr'><strong>Deus</strong></span> <span class='ocrx_word' id='word_1_549' title='bbox 1568 3669 1591 3722; x_wconf 88' lang='lat'><strong>?</strong></span> <span class='ocrx_word' id='word_1_550' title='bbox 1610 3668 1745 3735; x_wconf 83' lang='lat' dir='ltr'><strong>Quis</strong></span> 
     </span>
    </p>
   </div>
   <div class='ocr_carea' id='block_1_69' title="bbox 136 3754 1746 3827">
    <p class='ocr_par' dir='ltr' id='par_1_69' title="bbox 136 3754 1746 3827">
     <span class='ocr_line' id='line_1_69' title="bbox 136 3754 1746 3827; baseline 0.002 -16"><span class='ocrx_word' id='word_1_551' title='bbox 136 3756 303 3811; x_wconf 86' lang='lat' dir='ltr'><strong>enim</strong></span> <span class='ocrx_word' id='word_1_552' title='bbox 333 3756 451 3812; x_wconf 91' lang='lat' dir='ltr'><strong>sine</strong></span> <span class='ocrx_word' id='word_1_553' title='bbox 478 3755 755 3826; x_wconf 90' lang='lat' dir='ltr'><strong>adjutorio</strong></span> <span class='ocrx_word' id='word_1_554' title='bbox 784 3755 1012 3825; x_wconf 89' lang='lat' dir='ltr'><strong>spiritus</strong></span> <span class='ocrx_word' id='word_1_555' title='bbox 1036 3754 1130 3811; x_wconf 87' lang='lat' dir='ltr'><strong>Dei</strong></span> <span class='ocrx_word' id='word_1_556' title='bbox 1157 3757 1399 3827; x_wconf 84' lang='lat' dir='ltr'><strong>cogitare</strong></span> <span class='ocrx_word' id='word_1_557' title='bbox 1425 3759 1601 3813; x_wconf 75' lang='lat' dir='ltr'><strong>valeat</strong></span> <span class='ocrx_word' id='word_1_558' title='bbox 1622 3775 1746 3814; x_wconf 87' lang='lat' dir='ltr'><strong>esse</strong></span> 
     </span>
    </p>
   </div>
   <div class='ocr_carea' id='block_1_70' title="bbox 136 3832 1741 3919">
    <p class='ocr_par' dir='ltr' id='par_1_70' title="bbox 136 3832 1741 3919">
     <span class='ocr_line' id='line_1_70' title="bbox 136 3832 1741 3919; baseline 0.002 -19"><span class='ocrx_word' id='word_1_559' title='bbox 136 3845 365 3917; x_wconf 86' lang='lat' dir='ltr'><strong>aliquid</strong></span> <span class='ocrx_word' id='word_1_560' title='bbox 390 3863 406 3914; x_wconf 90' lang='lat'><strong>;</strong></span> <span class='ocrx_word' id='word_1_561' title='bbox 458 3832 741 3917; x_wconf 74' lang='lat' dir='ltr'><strong>magisque</strong></span> <span class='ocrx_word' id='word_1_562' title='bbox 772 3860 894 3902; x_wconf 87' lang='lat' dir='ltr'><strong>esse</strong></span> <span class='ocrx_word' id='word_1_563' title='bbox 919 3861 1087 3916; x_wconf 90' lang='lat' dir='ltr'><strong>quam</strong></span> <span class='ocrx_word' id='word_1_564' title='bbox 1114 3847 1298 3902; x_wconf 88' lang='lat' dir='ltr'><strong>omnia</strong></span> <span class='ocrx_word' id='word_1_565' title='bbox 1328 3863 1453 3918; x_wconf 77' lang='lat' dir='ltr'><strong>qua:</strong></span> <span class='ocrx_word' id='word_1_566' title='bbox 1492 3865 1589 3919; x_wconf 87' lang='lat' dir='ltr'><strong>per</strong></span> <span class='ocrx_word' id='word_1_567' title='bbox 1617 3864 1741 3906; x_wconf 89' lang='lat' dir='ltr'><strong>cor-</strong></span> 
     </span>
    </p>
   </div>
   <div class='ocr_carea' id='block_1_71' title="bbox 140 3935 1744 4011">
    <p class='ocr_par' dir='ltr' id='par_1_71' title="bbox 140 3935 1744 4011">
     <span class='ocr_line' id='line_1_71' title="bbox 140 3935 1744 4011; baseline 0.004 -21"><span class='ocrx_word' id='word_1_568' title='bbox 140 3952 261 4007; x_wconf 86' lang='lat' dir='ltr'><strong>pus</strong></span> <span class='ocrx_word' id='word_1_569' title='bbox 289 3937 621 4002; x_wconf 88' lang='lat' dir='ltr'><strong>sentiuntur,</strong></span> <span class='ocrx_word' id='word_1_570' title='bbox 643 3935 792 4005; x_wconf 86' lang='lat' dir='ltr'><strong>quod</strong></span> <span class='ocrx_word' id='word_1_571' title='bbox 823 3950 923 3991; x_wconf 90' lang='lat' dir='ltr'><strong>nec</strong></span> <span class='ocrx_word' id='word_1_572' title='bbox 953 3935 1008 3990; x_wconf 91' lang='lat' dir='ltr'><strong>in</strong></span> <span class='ocrx_word' id='word_1_573' title='bbox 1034 3935 1156 3992; x_wconf 93' lang='lat' dir='ltr'><strong>loco</strong></span> <span class='ocrx_word' id='word_1_574' title='bbox 1178 3937 1446 4006; x_wconf 88' lang='lat' dir='ltr'><strong>videatur,</strong></span> <span class='ocrx_word' id='word_1_575' title='bbox 1470 3954 1569 3995; x_wconf 89' lang='lat' dir='ltr'><strong>nec</strong></span> <span class='ocrx_word' id='word_1_576' title='bbox 1594 3955 1744 4011; x_wconf 58' lang='lat' dir='ltr'><strong>quae»</strong></span> 
     </span>
    </p>
   </div>
   <div class='ocr_carea' id='block_1_72' title="bbox 138 4023 1745 4093">
    <p class='ocr_par' dir='ltr' id='par_1_72' title="bbox 138 4023 1745 4093">
     <span class='ocr_line' id='line_1_72' title="bbox 138 4023 1745 4093; baseline 0.002 -13"><span class='ocrx_word' id='word_1_577' title='bbox 138 4025 388 4080; x_wconf 83' lang='lat' dir='ltr'><strong>rendum</strong></span> <span class='ocrx_word' id='word_1_578' title='bbox 414 4024 486 4079; x_wconf 87' lang='lat' dir='ltr'><strong>sit</strong></span> <span class='ocrx_word' id='word_1_579' title='bbox 510 4024 707 4090; x_wconf 83' lang='lat' dir='ltr'><strong>oculis,</strong></span> <span class='ocrx_word' id='word_1_580' title='bbox 733 4038 832 4079; x_wconf 89' lang='lat' dir='ltr'><strong>nec</strong></span> <span class='ocrx_word' id='word_1_581' title='bbox 857 4023 1113 4080; x_wconf 86' lang='lat' dir='ltr'><strong>audiatur</strong></span> <span class='ocrx_word' id='word_1_582' title='bbox 1143 4024 1336 4093; x_wconf 81' lang='lat' dir='ltr'><strong>aﬂ‘atu,</strong></span> <span class='ocrx_word' id='word_1_583' title='bbox 1362 4042 1463 4083; x_wconf 93' lang='lat' dir='ltr'><strong>nec</strong></span> <span class='ocrx_word' id='word_1_584' title='bbox 1490 4036 1635 4083; x_wconf 80' lang='lat' dir='ltr'><strong>tactu</strong></span> <span class='ocrx_word' id='word_1_585' title='bbox 1664 4039 1745 4084; x_wconf 85' lang='lat' dir='ltr'><strong>te-</strong></span> 
     </span>
    </p>
   </div>
   <div class='ocr_carea' id='block_1_73' title="bbox 136 4115 1739 4189">
    <p class='ocr_par' dir='ltr' id='par_1_73' title="bbox 136 4115 1739 4189">
     <span class='ocr_line' id='line_1_73' title="bbox 136 4115 1739 4189; baseline 0.003 -19"><span class='ocrx_word' id='word_1_586' title='bbox 136 4125 372 4181; x_wconf 87' lang='lat' dir='ltr'><strong>neatur,</strong></span> <span class='ocrx_word' id='word_1_587' title='bbox 405 4131 507 4172; x_wconf 90' lang='lat' dir='ltr'><strong>nec</strong></span> <span class='ocrx_word' id='word_1_588' title='bbox 554 4115 825 4171; x_wconf 90' lang='lat' dir='ltr'><strong>sentiatur</strong></span> <span class='ocrx_word' id='word_1_589' title='bbox 871 4116 1108 4184; x_wconf 89' lang='lat' dir='ltr'><strong>incessu,</strong></span> <span class='ocrx_word' id='word_1_590' title='bbox 1144 4125 1199 4172; x_wconf 90' lang='lat' dir='ltr'><strong>et</strong></span> <span class='ocrx_word' id='word_1_591' title='bbox 1246 4118 1495 4173; x_wconf 84' lang='lat' dir='ltr'><strong>videatur</strong></span> <span class='ocrx_word' id='word_1_592' title='bbox 1536 4131 1739 4189; x_wconf 74' lang='lat' dir='ltr'><strong>tamen,</strong></span> 
     </span>
    </p>
   </div>
   <div class='ocr_carea' id='block_1_74' title="bbox 135 4205 1743 4277">
    <p class='ocr_par' dir='ltr' id='par_1_74' title="bbox 135 4205 1743 4277">
     <span class='ocr_line' id='line_1_74' title="bbox 135 4205 1743 4277; baseline 0.003 -15"><span class='ocrx_word' id='word_1_593' title='bbox 135 4207 248 4262; x_wconf 82' lang='lat' dir='ltr'><strong>sed</strong></span> <span class='ocrx_word' id='word_1_594' title='bbox 284 4208 486 4263; x_wconf 91' lang='lat' dir='ltr'><strong>mundo</strong></span> <span class='ocrx_word' id='word_1_595' title='bbox 514 4208 717 4263; x_wconf 82' lang='lat' dir='ltr'><strong>corde?</strong></span> <span class='ocrx_word' id='word_1_596' title='bbox 747 4205 933 4277; x_wconf 88' lang='lat' dir='ltr'><strong>Neque</strong></span> <span class='ocrx_word' id='word_1_597' title='bbox 966 4208 1110 4262; x_wconf 91' lang='lat' dir='ltr'><strong>enim</strong></span> <span class='ocrx_word' id='word_1_598' title='bbox 1138 4207 1206 4263; x_wconf 89' lang='lat' dir='ltr'><strong>de</strong></span> <span class='ocrx_word' id='word_1_599' title='bbox 1249 4208 1355 4264; x_wconf 83' lang='lat' dir='ltr'><strong>hac</strong></span> <span class='ocrx_word' id='word_1_600' title='bbox 1385 4212 1495 4265; x_wconf 89' lang='lat' dir='ltr'><strong>vita</strong></span> <span class='ocrx_word' id='word_1_601' title='bbox 1540 4212 1629 4267; x_wconf 86' lang='lat' dir='ltr'><strong>ille</strong></span> <span class='ocrx_word' id='word_1_602' title='bbox 1661 4213 1743 4267; x_wconf 90' lang='lat' dir='ltr'><strong>lo-</strong></span> 
     </span>
    </p>
   </div>
   <div class='ocr_carea' id='block_1_75' title="bbox 135 4298 1741 4370">
    <p class='ocr_par' dir='ltr' id='par_1_75' title="bbox 135 4298 1741 4370">
     <span class='ocr_line' id='line_1_75' title="bbox 135 4298 1741 4370; baseline 0.004 -18"><span class='ocrx_word' id='word_1_603' title='bbox 135 4299 445 4369; x_wconf 88' lang='lat' dir='ltr'><strong>quebatur,</strong></span> <span class='ocrx_word' id='word_1_604' title='bbox 482 4313 606 4353; x_wconf 89' lang='lat' dir='ltr'><strong>cum</strong></span> <span class='ocrx_word' id='word_1_605' title='bbox 639 4298 744 4353; x_wconf 85' lang='lat' dir='ltr'><strong>hoc</strong></span> <span class='ocrx_word' id='word_1_606' title='bbox 772 4298 978 4353; x_wconf 88' lang='lat' dir='ltr'><strong>diceret</strong></span> <span class='ocrx_word' id='word_1_607' title='bbox 1010 4316 1023 4352; x_wconf 89' lang='lat'><strong>:</strong></span> <span class='ocrx_word' id='word_1_608' title='bbox 1060 4298 1505 4370; x_wconf 88' lang='lat' dir='ltr'><strong>quandoquidem</strong></span> <span class='ocrx_word' id='word_1_609' title='bbox 1535 4302 1604 4357; x_wconf 89' lang='lat' dir='ltr'><strong>ab</strong></span> <span class='ocrx_word' id='word_1_610' title='bbox 1637 4303 1741 4359; x_wconf 89' lang='lat' dir='ltr'><strong>hoc</strong></span> 
     </span>
    </p>
   </div>
   <div class='ocr_carea' id='block_1_76' title="bbox 1849 3203 3441 3283">
    <p class='ocr_par' dir='ltr' id='par_1_76' title="bbox 1849 3203 3441 3283">
     <span class='ocr_line' id='line_1_76' title="bbox 1849 3203 3441 3283; baseline 0.001 -22"><span class='ocrx_word' id='word_1_611' title='bbox 1849 3208 2207 3283; x_wconf 48' lang='lat' dir='ltr'><strong>quaestionem</strong></span> <span class='ocrx_word' id='word_1_612' title='bbox 2238 3206 2410 3273; x_wconf 88' lang='lat' dir='ltr'><strong>illam,</strong></span> <span class='ocrx_word' id='word_1_613' title='bbox 2452 3204 2731 3276; x_wconf 89' lang='lat' dir='ltr'><strong>quomodo</strong></span> <span class='ocrx_word' id='word_1_614' title='bbox 2758 3205 3008 3260; x_wconf 88' lang='lat' dir='ltr'><strong>videatur</strong></span> <span class='ocrx_word' id='word_1_615' title='bbox 3050 3203 3197 3261; x_wconf 88' lang='lat' dir='ltr'><strong>Deus</strong></span> <span class='ocrx_word' id='word_1_616' title='bbox 3229 3221 3264 3261; x_wconf 91' lang='lat' dir='ltr'><strong>a</strong></span> <span class='ocrx_word' id='word_1_617' title='bbox 3311 3206 3441 3264; x_wconf 81' lang='lat' dir='ltr'><strong>ﬁliis</strong></span> 
     </span>
    </p>
   </div>
   <div class='ocr_carea' id='block_1_77' title="bbox 1849 3299 2970 3361">
    <p class='ocr_par' dir='ltr' id='par_1_77' title="bbox 1849 3299 2970 3361">
     <span class='ocr_line' id='line_1_77' title="bbox 1849 3299 2970 3361; baseline -0.009 0"><span class='ocrx_word' id='word_1_618' title='bbox 1849 3304 1966 3361; x_wconf 90' lang='lat' dir='ltr'><strong>suis</strong></span> <span class='ocrx_word' id='word_1_619' title='bbox 1992 3302 2048 3357; x_wconf 90' lang='lat' dir='ltr'><strong>in</strong></span> <span class='ocrx_word' id='word_1_620' title='bbox 2081 3300 2266 3357; x_wconf 87' lang='lat' dir='ltr'><strong>futuro</strong></span> <span class='ocrx_word' id='word_1_621' title='bbox 2287 3299 2490 3355; x_wconf 62' lang='lat' dir='ltr'><strong>saeculo</strong></span> <span class='ocrx_word' id='word_1_622' title='bbox 2523 3309 2618 3353; x_wconf 88' lang='lat' dir='ltr'><strong>:et</strong></span> <span class='ocrx_word' id='word_1_623' title='bbox 2646 3313 2837 3353; x_wconf 87' lang='lat' dir='ltr'><strong>verum</strong></span> <span class='ocrx_word' id='word_1_624' title='bbox 2867 3304 2970 3352; x_wconf 88' lang='lat' dir='ltr'><strong>est.</strong></span> 
     </span>
    </p>
   </div>
   <div class='ocr_carea' id='block_1_78' title="bbox 2538 3404 2760 3445">
    <p class='ocr_par' dir='ltr' id='par_1_78' title="bbox 2538 3404 2760 3445">
     <span class='ocr_line' id='line_1_78' title="bbox 2538 3404 2760 3445; baseline 0 0"><span class='ocrx_word' id='word_1_625' title='bbox 2538 3404 2760 3445; x_wconf 71' lang='lat' dir='ltr'><strong>DIVISIO.</strong></span> 
     </span>
    </p>
   </div>
   <div class='ocr_carea' id='block_1_79' title="bbox 1916 3479 3433 3553">
    <p class='ocr_par' dir='ltr' id='par_1_79' title="bbox 1916 3479 3433 3553">
     <span class='ocr_line' id='line_1_79' title="bbox 1916 3479 3433 3553; baseline -0.004 -10"><span class='ocrx_word' id='word_1_626' title='bbox 1916 3488 2117 3544; x_wconf 86' lang='lat' dir='ltr'><strong>Beatus</strong></span> <span class='ocrx_word' id='word_1_627' title='bbox 2155 3483 2482 3540; x_wconf 81' lang='lat' dir='ltr'><strong>Ambrosius</strong></span> <span class='ocrx_word' id='word_1_628' title='bbox 2508 3480 2854 3553; x_wconf 81' lang='lat' dir='ltr'><strong>apertissime</strong></span> <span class='ocrx_word' id='word_1_629' title='bbox 2887 3479 3175 3536; x_wconf 78' lang='lat' dir='ltr'><strong>confirmat</strong></span> <span class='ocrx_word' id='word_1_630' title='bbox 3199 3481 3347 3551; x_wconf 83' lang='lat' dir='ltr'><strong>quod</strong></span> <span class='ocrx_word' id='word_1_631' title='bbox 3377 3483 3433 3538; x_wconf 89' lang='lat' dir='ltr'><strong>in</strong></span> 
     </span>
    </p>
   </div>
   <div class='ocr_carea' id='block_1_80' title="bbox 1850 3570 3439 3643">
    <p class='ocr_par' dir='ltr' id='par_1_80' title="bbox 1850 3570 3439 3643">
     <span class='ocr_line' id='line_1_80' title="bbox 1850 3570 3439 3643; baseline -0.004 -10"><span class='ocrx_word' id='word_1_632' title='bbox 1850 3577 2251 3635; x_wconf 88' lang='lat' dir='ltr'><strong>resurrectione</strong></span> <span class='ocrx_word' id='word_1_633' title='bbox 2275 3574 2344 3629; x_wconf 90' lang='lat' dir='ltr'><strong>ab</strong></span> <span class='ocrx_word' id='word_1_634' title='bbox 2368 3573 2455 3629; x_wconf 88' lang='lat' dir='ltr'><strong>his</strong></span> <span class='ocrx_word' id='word_1_635' title='bbox 2478 3572 2641 3629; x_wconf 90' lang='lat' dir='ltr'><strong>etiam</strong></span> <span class='ocrx_word' id='word_1_636' title='bbox 2668 3571 2764 3642; x_wconf 89' lang='lat' dir='ltr'><strong>qui</strong></span> <span class='ocrx_word' id='word_1_637' title='bbox 2806 3570 3015 3643; x_wconf 81' lang='lat' dir='ltr'><strong>indigni</strong></span> <span class='ocrx_word' id='word_1_638' title='bbox 3041 3580 3204 3627; x_wconf 88' lang='lat' dir='ltr'><strong>erunt</strong></span> <span class='ocrx_word' id='word_1_639' title='bbox 3236 3571 3330 3628; x_wconf 92' lang='lat' dir='ltr'><strong>Dei</strong></span> <span class='ocrx_word' id='word_1_640' title='bbox 3353 3573 3439 3627; x_wconf 78' lang='lat' dir='ltr'><strong>vi-</strong></span> 
     </span>
    </p>
   </div>
   <div class='ocr_carea' id='block_1_81' title="bbox 1847 3662 3435 3734">
    <p class='ocr_par' dir='ltr' id='par_1_81' title="bbox 1847 3662 3435 3734">
     <span class='ocr_line' id='line_1_81' title="bbox 1847 3662 3435 3734; baseline -0.004 -10"><span class='ocrx_word' id='word_1_641' title='bbox 1847 3670 2001 3727; x_wconf 89' lang='lat' dir='ltr'><strong>sione</strong></span> <span class='ocrx_word' id='word_1_642' title='bbox 2030 3682 2140 3723; x_wconf 91' lang='lat' dir='ltr'><strong>non</strong></span> <span class='ocrx_word' id='word_1_643' title='bbox 2169 3666 2419 3722; x_wconf 89' lang='lat' dir='ltr'><strong>videatur</strong></span> <span class='ocrx_word' id='word_1_644' title='bbox 2447 3662 2827 3733; x_wconf 75' lang='lat' dir='ltr'><strong>corporalibus</strong></span> <span class='ocrx_word' id='word_1_645' title='bbox 2867 3663 3065 3728; x_wconf 87' lang='lat' dir='ltr'><strong>oculis,</strong></span> <span class='ocrx_word' id='word_1_646' title='bbox 3102 3677 3205 3718; x_wconf 88' lang='lat' dir='ltr'><strong>nec</strong></span> <span class='ocrx_word' id='word_1_647' title='bbox 3247 3662 3435 3734; x_wconf 85' lang='lat' dir='ltr'><strong>aliquo</strong></span> 
     </span>
    </p>
   </div>
   <div class='ocr_carea' id='block_1_82' title="bbox 1847 3755 3441 3828">
    <p class='ocr_par' dir='ltr' id='par_1_82' title="bbox 1847 3755 3441 3828">
     <span class='ocr_line' id='line_1_82' title="bbox 1847 3755 3441 3828; baseline -0.003 -11"><span class='ocrx_word' id='word_1_648' title='bbox 1847 3775 2011 3817; x_wconf 89' lang='lat' dir='ltr'><strong>sensu</strong></span> <span class='ocrx_word' id='word_1_649' title='bbox 2039 3759 2289 3828; x_wconf 84' lang='lat' dir='ltr'><strong>corporis</strong></span> <span class='ocrx_word' id='word_1_650' title='bbox 2320 3756 2609 3822; x_wconf 86' lang='lat' dir='ltr'><strong>sentiatur,</strong></span> <span class='ocrx_word' id='word_1_651' title='bbox 2642 3755 2735 3810; x_wconf 88' lang='lat' dir='ltr'><strong>sed</strong></span> <span class='ocrx_word' id='word_1_652' title='bbox 2759 3756 2964 3811; x_wconf 92' lang='lat' dir='ltr'><strong>mundo</strong></span> <span class='ocrx_word' id='word_1_653' title='bbox 2985 3756 3169 3814; x_wconf 89' lang='lat' dir='ltr'><strong>corde.</strong></span> <span class='ocrx_word' id='word_1_654' title='bbox 3201 3757 3441 3812; x_wconf 83' lang='lat' dir='ltr'><strong>Sanctus</strong></span> 
     </span>
    </p>
   </div>
   <div class='ocr_carea' id='block_1_83' title="bbox 1844 3846 3437 3923">
    <p class='ocr_par' dir='ltr' id='par_1_83' title="bbox 1844 3846 3437 3923">
     <span class='ocr_line' id='line_1_83' title="bbox 1844 3846 3437 3923; baseline -0.003 -16"><span class='ocrx_word' id='word_1_655' title='bbox 1844 3866 2065 3923; x_wconf 89' lang='lat' dir='ltr'><strong>quoque</strong></span> <span class='ocrx_word' id='word_1_656' title='bbox 2102 3848 2441 3919; x_wconf 68' lang='lat' dir='ltr'><strong>Augustinus</strong></span> <span class='ocrx_word' id='word_1_657' title='bbox 2470 3846 2525 3900; x_wconf 92' lang='lat' dir='ltr'><strong>in</strong></span> <span class='ocrx_word' id='word_1_658' title='bbox 2565 3846 2950 3915; x_wconf 79' lang='lat' dir='ltr'><strong>explanatione</strong></span> <span class='ocrx_word' id='word_1_659' title='bbox 2980 3846 3253 3900; x_wconf 87' lang='lat' dir='ltr'><strong>dictorum</strong></span> <span class='ocrx_word' id='word_1_660' title='bbox 3288 3847 3437 3917; x_wconf 82' lang='lat' dir='ltr'><strong>ejus-</strong></span> 
     </span>
    </p>
   </div>
   <div class='ocr_carea' id='block_1_84' title="bbox 1844 3935 3438 4006">
    <p class='ocr_par' dir='ltr' id='par_1_84' title="bbox 1844 3935 3438 4006">
     <span class='ocr_line' id='line_1_84' title="bbox 1844 3935 3438 4006; baseline -0.005 -8"><span class='ocrx_word' id='word_1_661' title='bbox 1844 3943 1967 3999; x_wconf 87' lang='lat' dir='ltr'><strong>dem</strong></span> <span class='ocrx_word' id='word_1_662' title='bbox 2014 3940 2102 3995; x_wconf 92' lang='lat' dir='ltr'><strong>sui</strong></span> <span class='ocrx_word' id='word_1_663' title='bbox 2159 3937 2342 3994; x_wconf 88' lang='lat' dir='ltr'><strong>dilecti</strong></span> <span class='ocrx_word' id='word_1_664' title='bbox 2398 3935 2681 3991; x_wconf 79' lang='lat' dir='ltr'><strong>Ambrosii</strong></span> <span class='ocrx_word' id='word_1_665' title='bbox 2737 3935 2935 3990; x_wconf 89' lang='lat' dir='ltr'><strong>asserit</strong></span> <span class='ocrx_word' id='word_1_666' title='bbox 2977 3950 3087 3989; x_wconf 91' lang='lat' dir='ltr'><strong>non</strong></span> <span class='ocrx_word' id='word_1_667' title='bbox 3131 3935 3200 3989; x_wconf 86' lang='lat' dir='ltr'><strong>ad</strong></span> <span class='ocrx_word' id='word_1_668' title='bbox 3241 3950 3438 4006; x_wconf 88' lang='lat' dir='ltr'><strong>corpo-</strong></span> 
     </span>
    </p>
   </div>
   <div class='ocr_carea' id='block_1_85' title="bbox 1843 4024 3437 4096">
    <p class='ocr_par' dir='ltr' id='par_1_85' title="bbox 1843 4024 3437 4096">
     <span class='ocr_line' id='line_1_85' title="bbox 1843 4024 3437 4096; baseline -0.003 -10"><span class='ocrx_word' id='word_1_669' title='bbox 1843 4031 2042 4087; x_wconf 87' lang='lat' dir='ltr'><strong>ralium</strong></span> <span class='ocrx_word' id='word_1_670' title='bbox 2074 4029 2382 4094; x_wconf 88' lang='lat' dir='ltr'><strong>oculorum,</strong></span> <span class='ocrx_word' id='word_1_671' title='bbox 2417 4026 2514 4082; x_wconf 90' lang='lat' dir='ltr'><strong>sed</strong></span> <span class='ocrx_word' id='word_1_672' title='bbox 2564 4025 2831 4081; x_wconf 87' lang='lat' dir='ltr'><strong>mentium</strong></span> <span class='ocrx_word' id='word_1_673' title='bbox 2862 4024 3132 4081; x_wconf 90' lang='lat' dir='ltr'><strong>visionem</strong></span> <span class='ocrx_word' id='word_1_674' title='bbox 3162 4026 3437 4096; x_wconf 82' lang='lat' dir='ltr'><strong>pertinere</strong></span> 
     </span>
    </p>
   </div>
   <div class='ocr_carea' id='block_1_86' title="bbox 1842 4114 3435 4189">
    <p class='ocr_par' dir='ltr' id='par_1_86' title="bbox 1842 4114 3435 4189">
     <span class='ocr_line' id='line_1_86' title="bbox 1842 4114 3435 4189; baseline -0.006 -9"><span class='ocrx_word' id='word_1_675' title='bbox 1842 4139 1963 4180; x_wconf 87' lang='lat' dir='ltr'><strong>eam</strong></span> <span class='ocrx_word' id='word_1_676' title='bbox 2007 4119 2400 4185; x_wconf 89' lang='lat' dir='ltr'><strong>narrationem,</strong></span> <span class='ocrx_word' id='word_1_677' title='bbox 2429 4132 2536 4189; x_wconf 90' lang='lat' dir='ltr'><strong>qua</strong></span> <span class='ocrx_word' id='word_1_678' title='bbox 2572 4116 2668 4172; x_wconf 88' lang='lat' dir='ltr'><strong>Dei</strong></span> <span class='ocrx_word' id='word_1_679' title='bbox 2702 4114 2945 4172; x_wconf 83' lang='lat' dir='ltr'><strong>Verbum</strong></span> <span class='ocrx_word' id='word_1_680' title='bbox 2972 4116 3250 4172; x_wconf 87' lang='lat' dir='ltr'><strong>mentibus</strong></span> <span class='ocrx_word' id='word_1_681' title='bbox 3288 4117 3435 4173; x_wconf 82' lang='lat' dir='ltr'><strong>indi-</strong></span> 
     </span>
    </p>
   </div>
   <div class='ocr_carea' id='block_1_87' title="bbox 1845 4208 3435 4284">
    <p class='ocr_par' dir='ltr' id='par_1_87' title="bbox 1845 4208 3435 4284">
     <span class='ocr_line' id='line_1_87' title="bbox 1845 4208 3435 4284; baseline -0.002 -15"><span class='ocrx_word' id='word_1_682' title='bbox 1845 4224 1933 4270; x_wconf 84' lang='lat' dir='ltr'><strong>cat</strong></span> <span class='ocrx_word' id='word_1_683' title='bbox 1957 4214 2196 4284; x_wconf 89' lang='lat' dir='ltr'><strong>seipsum</strong></span> <span class='ocrx_word' id='word_1_684' title='bbox 2219 4220 2275 4268; x_wconf 88' lang='lat' dir='ltr'><strong>et</strong></span> <span class='ocrx_word' id='word_1_685' title='bbox 2297 4210 2514 4266; x_wconf 88' lang='lat' dir='ltr'><strong>Patrem</strong></span> <span class='ocrx_word' id='word_1_686' title='bbox 2537 4224 2722 4265; x_wconf 91' lang='lat' dir='ltr'><strong>suum.</strong></span> <span class='ocrx_word' id='word_1_687' title='bbox 2750 4208 2909 4275; x_wconf 82' lang='lat' dir='ltr'><strong>Quod</strong></span> <span class='ocrx_word' id='word_1_688' title='bbox 2941 4223 3073 4264; x_wconf 89' lang='lat' dir='ltr'><strong>vero</strong></span> <span class='ocrx_word' id='word_1_689' title='bbox 3102 4216 3281 4278; x_wconf 88' lang='lat' dir='ltr'><strong>potest</strong></span> <span class='ocrx_word' id='word_1_690' title='bbox 3308 4225 3435 4267; x_wconf 83' lang='lat' dir='ltr'><strong>esse</strong></span> 
     </span>
    </p>
   </div>
   <div class='ocr_carea' id='block_1_88' title="bbox 1843 4299 3435 4372">
    <p class='ocr_par' dir='ltr' id='par_1_88' title="bbox 1843 4299 3435 4372">
     <span class='ocr_line' id='line_1_88' title="bbox 1843 4299 3435 4372; baseline -0.003 -10"><span class='ocrx_word' id='word_1_691' title='bbox 1843 4306 2048 4362; x_wconf 88' lang='lat' dir='ltr'><strong>clarius</strong></span> <span class='ocrx_word' id='word_1_692' title='bbox 2074 4320 2139 4361; x_wconf 87' lang='lat' dir='ltr'><strong>ea</strong></span> <span class='ocrx_word' id='word_1_693' title='bbox 2178 4302 2447 4361; x_wconf 76' lang='lat' dir='ltr'><strong>sententia</strong></span> <span class='ocrx_word' id='word_1_694' title='bbox 2483 4317 2649 4372; x_wconf 87' lang='lat' dir='ltr'><strong>quam</strong></span> <span class='ocrx_word' id='word_1_695' title='bbox 2674 4301 2868 4358; x_wconf 87' lang='lat' dir='ltr'><strong>beatus</strong></span> <span class='ocrx_word' id='word_1_696' title='bbox 2888 4299 3233 4372; x_wconf 80' lang='lat' dir='ltr'><strong>Augustinus</strong></span> <span class='ocrx_word' id='word_1_697' title='bbox 3268 4303 3435 4371; x_wconf 84' lang='lat' dir='ltr'><strong>paulo</strong></span> 
     </span>
    </p>
   </div>
   <div class='ocr_carea' id='block_1_89' title="bbox 135 4385 3435 4470">
    <p class='ocr_par' dir='ltr' id='par_1_89' title="bbox 135 4385 3435 4470">
     <span class='ocr_line' id='line_1_89' title="bbox 135 4385 3435 4470; baseline 0.002 -28"><span class='ocrx_word' id='word_1_698' title='bbox 135 4386 360 4444; x_wconf 73' lang='lat' dir='ltr'><strong>sa‘culo</strong></span> <span class='ocrx_word' id='word_1_699' title='bbox 386 4385 440 4441; x_wconf 89' lang='lat' dir='ltr'><strong>in</strong></span> <span class='ocrx_word' id='word_1_700' title='bbox 469 4401 581 4457; x_wconf 87' lang='lat' dir='ltr'><strong>quo</strong></span> <span class='ocrx_word' id='word_1_701' title='bbox 604 4385 750 4443; x_wconf 90' lang='lat' dir='ltr'><strong>Deus</strong></span> <span class='ocrx_word' id='word_1_702' title='bbox 796 4387 1069 4457; x_wconf 89' lang='lat' dir='ltr'><strong>apparuit,</strong></span> <span class='ocrx_word' id='word_1_703' title='bbox 1102 4403 1212 4442; x_wconf 89' lang='lat' dir='ltr'><strong>non</strong></span> <span class='ocrx_word' id='word_1_704' title='bbox 1242 4389 1408 4445; x_wconf 88' lang='lat' dir='ltr'><strong>sicuti</strong></span> <span class='ocrx_word' id='word_1_705' title='bbox 1432 4399 1535 4457; x_wconf 91' lang='lat' dir='ltr'><strong>est,</strong></span> <span class='ocrx_word' id='word_1_706' title='bbox 1565 4391 1660 4447; x_wconf 92' lang='lat' dir='ltr'><strong>scd</strong></span> <span class='ocrx_word' id='word_1_707' title='bbox 1685 4393 1738 4447; x_wconf 92' lang='lat' dir='ltr'><strong>in</strong></span> <span class='ocrx_word' id='word_1_708' title='bbox 1843 4406 1969 4455; x_wconf 75' lang='lat' dir='ltr'><strong>ante</strong></span> <span class='ocrx_word' id='word_1_709' title='bbox 1997 4385 2179 4470; x_wconf 71' lang='lat' dir='ltr'><strong>posuit</strong></span> <span class='ocrx_word' id='word_1_710' title='bbox 2205 4396 2434 4453; x_wconf 68' lang='lat' dir='ltr'><strong>:«Deum</strong></span> <span class='ocrx_word' id='word_1_711' title='bbox 2461 4409 2623 4451; x_wconf 88' lang='lat' dir='ltr'><strong>nemo</strong></span> <span class='ocrx_word' id='word_1_712' title='bbox 2644 4394 2783 4451; x_wconf 85' lang='lat' dir='ltr'><strong>vidit</strong></span> <span class='ocrx_word' id='word_1_713' title='bbox 2800 4409 3041 4464; x_wconf 83' lang='lat' dir='ltr'><strong>unquam</strong></span> <span class='ocrx_word' id='word_1_714' title='bbox 3066 4391 3355 4464; x_wconf 67' lang='lat' dir='ltr'><strong>(Joan.t),s</strong></span> <span class='ocrx_word' id='word_1_715' title='bbox 3376 4395 3435 4450; x_wconf 85' lang='lat' dir='ltr'><strong>in</strong></span> 
     </span>
    </p>
   </div>
   <div class='ocr_carea' id='block_1_90' title="bbox 136 4478 3436 4562">
    <p class='ocr_par' dir='ltr' id='par_1_90' title="bbox 136 4478 3436 4562">
     <span class='ocr_line' id='line_1_90' title="bbox 136 4478 3436 4562; baseline 0.002 -26"><span class='ocrx_word' id='word_1_716' title='bbox 136 4480 337 4550; x_wconf 83' lang='lat' dir='ltr'><strong>specie</strong></span> <span class='ocrx_word' id='word_1_717' title='bbox 358 4494 464 4549; x_wconf 91' lang='lat' dir='ltr'><strong>qua</strong></span> <span class='ocrx_word' id='word_1_718' title='bbox 484 4478 674 4545; x_wconf 84' lang='lat' dir='ltr'><strong>voluit,</strong></span> <span class='ocrx_word' id='word_1_719' title='bbox 699 4478 901 4549; x_wconf 89' lang='lat' dir='ltr'><strong>quibus</strong></span> <span class='ocrx_word' id='word_1_720' title='bbox 918 4480 1109 4547; x_wconf 83' lang='lat' dir='ltr'><strong>voluit,</strong></span> <span class='ocrx_word' id='word_1_721' title='bbox 1129 4480 1264 4535; x_wconf 91' lang='lat' dir='ltr'><strong>satis</strong></span> <span class='ocrx_word' id='word_1_722' title='bbox 1287 4480 1544 4537; x_wconf 80' lang='lat' dir='ltr'><strong>discrevit</strong></span> <span class='ocrx_word' id='word_1_723' title='bbox 1568 4483 1735 4538; x_wconf 85' lang='lat' dir='ltr'><strong>futuri</strong></span> <span class='ocrx_word' id='word_1_724' title='bbox 1770 4507 1814 4562; x_wconf 78' lang='grc' dir='ltr'>ι)</span> <span class='ocrx_word' id='word_1_725' title='bbox 1843 4490 1949 4546; x_wconf 75' lang='lat' dir='ltr'><strong>hac</strong></span> <span class='ocrx_word' id='word_1_726' title='bbox 1975 4492 2086 4545; x_wconf 75' lang='lat' dir='ltr'><strong>vita</strong></span> <span class='ocrx_word' id='word_1_727' title='bbox 2114 4490 2258 4546; x_wconf 69' lang='lat' dir='ltr'><strong>sicut</strong></span> <span class='ocrx_word' id='word_1_728' title='bbox 2284 4490 2401 4560; x_wconf 83' lang='lat' dir='ltr'><strong>ipse</strong></span> <span class='ocrx_word' id='word_1_729' title='bbox 2428 4496 2535 4555; x_wconf 88' lang='lat' dir='ltr'><strong>est,</strong></span> <span class='ocrx_word' id='word_1_730' title='bbox 2563 4501 2666 4543; x_wconf 90' lang='lat' dir='ltr'><strong>nec</strong></span> <span class='ocrx_word' id='word_1_731' title='bbox 2694 4486 2751 4542; x_wconf 94' lang='lat' dir='ltr'><strong>in</strong></span> <span class='ocrx_word' id='word_1_732' title='bbox 2780 4485 3105 4557; x_wconf 82' lang='lat' dir='ltr'><strong>angelorum</strong></span> <span class='ocrx_word' id='word_1_733' title='bbox 3132 4486 3266 4554; x_wconf 82' lang='lat' dir='ltr'><strong>vita,</strong></span> <span class='ocrx_word' id='word_1_734' title='bbox 3290 4490 3436 4543; x_wconf 75' lang='lat' dir='ltr'><strong>sicut</strong></span> 
     </span>
    </p>
   </div>
   <div class='ocr_carea' id='block_1_91' title="bbox 134 4575 1739 4646">
    <p class='ocr_par' dir='ltr' id='par_1_91' title="bbox 134 4575 1739 4646">
     <span class='ocr_line' id='line_1_91' title="bbox 134 4575 1739 4646; baseline -0.002 -11"><span class='ocrx_word' id='word_1_735' title='bbox 134 4576 341 4635; x_wconf 67' lang='lat' dir='ltr'><strong>saeculi</strong></span> <span class='ocrx_word' id='word_1_736' title='bbox 384 4577 546 4630; x_wconf 84' lang='lat' dir='ltr'><strong>vitam</strong></span> <span class='ocrx_word' id='word_1_737' title='bbox 579 4575 911 4631; x_wconf 89' lang='lat' dir='ltr'><strong>discretione</strong></span> <span class='ocrx_word' id='word_1_738' title='bbox 948 4575 1321 4646; x_wconf 88' lang='lat' dir='ltr'><strong>apertissima,</strong></span> <span class='ocrx_word' id='word_1_739' title='bbox 1374 4577 1466 4632; x_wconf 92' lang='lat' dir='ltr'><strong>ubi</strong></span> <span class='ocrx_word' id='word_1_740' title='bbox 1506 4578 1584 4633; x_wconf 88' lang='lat' dir='ltr'><strong>ait</strong></span> <span class='ocrx_word' id='word_1_741' title='bbox 1628 4595 1642 4632; x_wconf 83' lang='lat'><strong>:</strong></span> <span class='ocrx_word' id='word_1_742' title='bbox 1683 4585 1739 4633; x_wconf 89' lang='lat' dir='ltr'><strong>ct</strong></span> 
     </span>
    </p>
   </div>
   <div class='ocr_carea' id='block_1_92' title="bbox 132 4666 1737 4742">
    <p class='ocr_par' dir='ltr' id='par_1_92' title="bbox 132 4666 1737 4742">
     <span class='ocr_line' id='line_1_92' title="bbox 132 4666 1737 4742; baseline 0.003 -20"><span class='ocrx_word' id='word_1_743' title='bbox 132 4667 283 4740; x_wconf 87' lang='lat' dir='ltr'><strong>quid</strong></span> <span class='ocrx_word' id='word_1_744' title='bbox 328 4669 569 4737; x_wconf 87' lang='lat' dir='ltr'><strong>mirum,</strong></span> <span class='ocrx_word' id='word_1_745' title='bbox 610 4667 655 4723; x_wconf 92' lang='lat' dir='ltr'><strong>si</strong></span> <span class='ocrx_word' id='word_1_746' title='bbox 702 4667 758 4721; x_wconf 87' lang='lat' dir='ltr'><strong>in</strong></span> <span class='ocrx_word' id='word_1_747' title='bbox 800 4666 1055 4737; x_wconf 65' lang='lat' dir='ltr'><strong>praesenti</strong></span> <span class='ocrx_word' id='word_1_748' title='bbox 1103 4668 1303 4724; x_wconf 72' lang='lat' dir='ltr'><strong>szeculo</strong></span> <span class='ocrx_word' id='word_1_749' title='bbox 1352 4669 1459 4725; x_wconf 88' lang='lat' dir='ltr'><strong>nisi</strong></span> <span class='ocrx_word' id='word_1_750' title='bbox 1515 4671 1737 4742; x_wconf 77' lang='lat' dir='ltr'><strong>quando</strong></span> 
     </span>
    </p>
   </div>
   <div class='ocr_carea' id='block_1_93' title="bbox 132 4757 1738 4830">
    <p class='ocr_par' dir='ltr' id='par_1_93' title="bbox 132 4757 1738 4830">
     <span class='ocr_line' id='line_1_93' title="bbox 132 4757 1738 4830; baseline 0.006 -20"><span class='ocrx_word' id='word_1_751' title='bbox 132 4760 268 4815; x_wconf 80' lang='lat' dir='ltr'><strong>vult</strong></span> <span class='ocrx_word' id='word_1_752' title='bbox 292 4758 434 4815; x_wconf 89' lang='lat' dir='ltr'><strong>Deus</strong></span> <span class='ocrx_word' id='word_1_753' title='bbox 455 4775 563 4814; x_wconf 91' lang='lat' dir='ltr'><strong>non</strong></span> <span class='ocrx_word' id='word_1_754' title='bbox 593 4759 842 4815; x_wconf 86' lang='lat' dir='ltr'><strong>videtur?</strong></span> <span class='ocrx_word' id='word_1_755' title='bbox 874 4757 933 4813; x_wconf 86' lang='lat' dir='ltr'><strong>In</strong></span> <span class='ocrx_word' id='word_1_756' title='bbox 958 4759 1076 4830; x_wconf 92' lang='lat' dir='ltr'><strong>ipsa</strong></span> <span class='ocrx_word' id='word_1_757' title='bbox 1102 4775 1322 4830; x_wconf 91' lang='lat' dir='ltr'><strong>quoque</strong></span> <span class='ocrx_word' id='word_1_758' title='bbox 1339 4763 1738 4820; x_wconf 88' lang='lat' dir='ltr'><strong>resurrectione</strong></span> 
     </span>
    </p>
   </div>
   <div class='ocr_carea' id='block_1_94' title="bbox 134 4848 1739 4924">
    <p class='ocr_par' dir='ltr' id='par_1_94' title="bbox 134 4848 1739 4924">
     <span class='ocr_line' id='line_1_94' title="bbox 134 4848 1739 4924; baseline 0.001 -16"><span class='ocrx_word' id='word_1_759' title='bbox 134 4866 262 4908; x_wconf 86' lang='lat' dir='ltr'><strong>non</strong></span> <span class='ocrx_word' id='word_1_760' title='bbox 313 4850 472 4906; x_wconf 88' lang='lat' dir='ltr'><strong>facile</strong></span> <span class='ocrx_word' id='word_1_761' title='bbox 515 4859 598 4906; x_wconf 88' lang='lat' dir='ltr'><strong>est</strong></span> <span class='ocrx_word' id='word_1_762' title='bbox 648 4848 820 4905; x_wconf 90' lang='lat' dir='ltr'><strong>Deum</strong></span> <span class='ocrx_word' id='word_1_763' title='bbox 874 4850 1082 4919; x_wconf 89' lang='lat' dir='ltr'><strong>videre,</strong></span> <span class='ocrx_word' id='word_1_764' title='bbox 1129 4851 1236 4907; x_wconf 90' lang='lat' dir='ltr'><strong>nisi</strong></span> <span class='ocrx_word' id='word_1_765' title='bbox 1274 4853 1361 4907; x_wconf 89' lang='lat' dir='ltr'><strong>bis</strong></span> <span class='ocrx_word' id='word_1_766' title='bbox 1402 4854 1496 4924; x_wconf 93' lang='lat' dir='ltr'><strong>qui</strong></span> <span class='ocrx_word' id='word_1_767' title='bbox 1532 4855 1739 4910; x_wconf 91' lang='lat' dir='ltr'><strong>mundo</strong></span> 
     </span>
    </p>
   </div>
   <div class='ocr_carea' id='block_1_95' title="bbox 133 4938 1737 5019">
    <p class='ocr_par' dir='ltr' id='par_1_95' title="bbox 133 4938 1737 5019">
     <span class='ocr_line' id='line_1_95' title="bbox 133 4938 1737 5019; baseline 0.003 -20"><span class='ocrx_word' id='word_1_768' title='bbox 133 4951 283 5019; x_wconf 76' lang='lat' dir='ltr'><strong>sunt</strong></span> <span class='ocrx_word' id='word_1_769' title='bbox 307 4942 489 4999; x_wconf 83' lang='lat' dir='ltr'><strong>corde.</strong></span> <span class='ocrx_word' id='word_1_770' title='bbox 513 4938 579 4997; x_wconf 87' lang='lat' dir='ltr'><strong>Et</strong></span> <span class='ocrx_word' id='word_1_771' title='bbox 608 4942 749 5008; x_wconf 91' lang='lat' dir='ltr'><strong>ideo,</strong></span> <span class='ocrx_word' id='word_1_772' title='bbox 786 4961 807 4996; x_wconf 87' lang='grc'><strong>‹</strong></span> <span class='ocrx_word' id='word_1_773' title='bbox 834 4941 981 4997; x_wconf 87' lang='lat' dir='ltr'><strong>beati</strong></span> <span class='ocrx_word' id='word_1_774' title='bbox 1007 4943 1213 4998; x_wconf 88' lang='lat' dir='ltr'><strong>mundo</strong></span> <span class='ocrx_word' id='word_1_775' title='bbox 1237 4944 1422 5011; x_wconf 87' lang='lat' dir='ltr'><strong>corde,</strong></span> <span class='ocrx_word' id='word_1_776' title='bbox 1452 4946 1554 5016; x_wconf 89' lang='lat' dir='ltr'><strong>ipsi</strong></span> <span class='ocrx_word' id='word_1_777' title='bbox 1589 4948 1737 5004; x_wconf 90' lang='lat' dir='ltr'><strong>enim</strong></span> 
     </span>
    </p>
   </div>
   <div class='ocr_carea' id='block_1_96' title="bbox 133 5032 1736 5106">
    <p class='ocr_par' dir='ltr' id='par_1_96' title="bbox 133 5032 1736 5106">
     <span class='ocr_line' id='line_1_96' title="bbox 133 5032 1736 5106; baseline 0.003 -16"><span class='ocrx_word' id='word_1_778' title='bbox 133 5036 322 5093; x_wconf 89' lang='lat' dir='ltr'><strong>Deum</strong></span> <span class='ocrx_word' id='word_1_779' title='bbox 347 5034 608 5091; x_wconf 90' lang='lat' dir='ltr'><strong>videbunt</strong></span> <span class='ocrx_word' id='word_1_780' title='bbox 634 5033 853 5106; x_wconf 82' lang='lat' dir='ltr'><strong>(Matth.</strong></span> <span class='ocrx_word' id='word_1_781' title='bbox 874 5033 949 5106; x_wconf 88' lang='lat' dir='ltr'><strong>v).</strong></span> <span class='ocrx_word' id='word_1_782' title='bbox 972 5053 992 5087; x_wconf 76' lang='grc' dir='ltr'><strong>ι</strong></span> <span class='ocrx_word' id='word_1_783' title='bbox 1026 5032 1165 5091; x_wconf 86' lang='lat' dir='ltr'><strong>llinc</strong></span> <span class='ocrx_word' id='word_1_784' title='bbox 1186 5034 1303 5105; x_wconf 88' lang='lat' dir='ltr'><strong>jam</strong></span> <span class='ocrx_word' id='word_1_785' title='bbox 1331 5037 1398 5092; x_wconf 92' lang='lat' dir='ltr'><strong>de</strong></span> <span class='ocrx_word' id='word_1_786' title='bbox 1420 5037 1513 5093; x_wconf 91' lang='lat' dir='ltr'><strong>illo</strong></span> <span class='ocrx_word' id='word_1_787' title='bbox 1535 5041 1736 5096; x_wconf 66' lang='lat' dir='ltr'><strong>saeculo</strong></span> 
     </span>
    </p>
   </div>
   <div class='ocr_carea' id='block_1_97' title="bbox 132 5125 1736 5196">
    <p class='ocr_par' dir='ltr' id='par_1_97' title="bbox 132 5125 1736 5196">
     <span class='ocr_line' id='line_1_97' title="bbox 132 5125 1736 5196; baseline 0.001 -11"><span class='ocrx_word' id='word_1_788' title='bbox 132 5128 332 5185; x_wconf 90' lang='lat' dir='ltr'><strong>dicere</strong></span> <span class='ocrx_word' id='word_1_789' title='bbox 356 5143 590 5186; x_wconf 78' lang='lat' dir='ltr'><strong>exorsus</strong></span> <span class='ocrx_word' id='word_1_790' title='bbox 623 5136 727 5196; x_wconf 91' lang='lat' dir='ltr'><strong>est,</strong></span> <span class='ocrx_word' id='word_1_791' title='bbox 752 5127 845 5183; x_wconf 92' lang='lat' dir='ltr'><strong>ubi</strong></span> <span class='ocrx_word' id='word_1_792' title='bbox 897 5125 1068 5183; x_wconf 91' lang='lat' dir='ltr'><strong>Deum</strong></span> <span class='ocrx_word' id='word_1_793' title='bbox 1099 5126 1362 5183; x_wconf 88' lang='lat' dir='ltr'><strong>videbunt</strong></span> <span class='ocrx_word' id='word_1_794' title='bbox 1405 5144 1514 5185; x_wconf 90' lang='lat' dir='ltr'><strong>non</strong></span> <span class='ocrx_word' id='word_1_795' title='bbox 1545 5144 1736 5187; x_wconf 89' lang='lat' dir='ltr'><strong>omnes</strong></span> 
     </span>
    </p>
   </div>
   <div class='ocr_carea' id='block_1_98' title="bbox 133 5219 1733 5293">
    <p class='ocr_par' dir='ltr' id='par_1_98' title="bbox 133 5219 1733 5293">
     <span class='ocr_line' id='line_1_98' title="bbox 133 5219 1733 5293; baseline 0.002 -17"><span class='ocrx_word' id='word_1_796' title='bbox 133 5220 242 5291; x_wconf 92' lang='lat' dir='ltr'><strong>qui</strong></span> <span class='ocrx_word' id='word_1_797' title='bbox 271 5232 580 5293; x_wconf 87' lang='lat' dir='ltr'><strong>resnrgent,</strong></span> <span class='ocrx_word' id='word_1_798' title='bbox 608 5223 704 5278; x_wconf 88' lang='lat' dir='ltr'><strong>sed</strong></span> <span class='ocrx_word' id='word_1_799' title='bbox 724 5221 820 5293; x_wconf 90' lang='lat' dir='ltr'><strong>qui</strong></span> <span class='ocrx_word' id='word_1_800' title='bbox 848 5226 1134 5291; x_wconf 85' lang='lat' dir='ltr'><strong>resur’gent</strong></span> <span class='ocrx_word' id='word_1_801' title='bbox 1161 5219 1230 5275; x_wconf 91' lang='lat' dir='ltr'><strong>ad</strong></span> <span class='ocrx_word' id='word_1_802' title='bbox 1256 5221 1424 5276; x_wconf 88' lang='lat' dir='ltr'><strong>vitam</strong></span> <span class='ocrx_word' id='word_1_803' title='bbox 1451 5230 1733 5279; x_wconf 71' lang='lat' dir='ltr'><strong>aeternam.</strong></span> 
     </span>
    </p>
   </div>
   <div class='ocr_carea' id='block_1_99' title="bbox 134 5311 1736 5384">
    <p class='ocr_par' dir='ltr' id='par_1_99' title="bbox 134 5311 1736 5384">
     <span class='ocr_line' id='line_1_99' title="bbox 134 5311 1736 5384; baseline 0.001 -16"><span class='ocrx_word' id='word_1_804' title='bbox 134 5312 223 5368; x_wconf 88' lang='lat' dir='ltr'><strong>De</strong></span> <span class='ocrx_word' id='word_1_805' title='bbox 253 5311 497 5384; x_wconf 86' lang='lat' dir='ltr'><strong>qualibet</strong></span> <span class='ocrx_word' id='word_1_806' title='bbox 524 5313 664 5370; x_wconf 82' lang='lat' dir='ltr'><strong>dixit</strong></span> <span class='ocrx_word' id='word_1_807' title='bbox 707 5313 825 5384; x_wconf 91' lang='lat' dir='ltr'><strong>ipse</strong></span> <span class='ocrx_word' id='word_1_808' title='bbox 871 5311 1159 5379; x_wconf 87' lang='lat' dir='ltr'><strong>Dominus,</strong></span> <span class='ocrx_word' id='word_1_809' title='bbox 1200 5326 1325 5367; x_wconf 90' lang='lat' dir='ltr'><strong>cum</strong></span> <span class='ocrx_word' id='word_1_810' title='bbox 1352 5328 1595 5384; x_wconf 65' lang='lat' dir='ltr'><strong>praesens</strong></span> <span class='ocrx_word' id='word_1_811' title='bbox 1624 5330 1736 5371; x_wconf 86' lang='lat' dir='ltr'><strong>non</strong></span> 
     </span>
    </p>
   </div>
   <div class='ocr_carea' id='block_1_100' title="bbox 133 5402 1732 5476">
    <p class='ocr_par' dir='ltr' id='par_1_100' title="bbox 133 5402 1732 5476">
     <span class='ocr_line' id='line_1_100' title="bbox 133 5402 1732 5476; baseline 0.002 -17"><span class='ocrx_word' id='word_1_812' title='bbox 133 5403 429 5461; x_wconf 86' lang='lat' dir='ltr'><strong>videretur</strong></span> <span class='ocrx_word' id='word_1_813' title='bbox 458 5421 475 5460; x_wconf 87' lang='lat'><strong>:</strong></span> <span class='ocrx_word' id='word_1_814' title='bbox 505 5422 525 5457; x_wconf 74' lang='grc' dir='ltr'><strong>ι</strong></span> <span class='ocrx_word' id='word_1_815' title='bbox 558 5402 664 5472; x_wconf 89' lang='lat' dir='ltr'><strong>Qui</strong></span> <span class='ocrx_word' id='word_1_816' title='bbox 686 5404 862 5476; x_wconf 85' lang='lat' dir='ltr'><strong>diligit</strong></span> <span class='ocrx_word' id='word_1_817' title='bbox 891 5418 999 5472; x_wconf 91' lang='lat' dir='ltr'><strong>me,</strong></span> <span class='ocrx_word' id='word_1_818' title='bbox 1030 5403 1287 5458; x_wconf 87' lang='lat' dir='ltr'><strong>mandata</strong></span> <span class='ocrx_word' id='word_1_819' title='bbox 1316 5419 1437 5460; x_wconf 89' lang='lat' dir='ltr'><strong>mea</strong></span> <span class='ocrx_word' id='word_1_820' title='bbox 1471 5407 1732 5473; x_wconf 89' lang='lat' dir='ltr'><strong>custodit,</strong></span> 
     </span>
    </p>
   </div>
   <div class='ocr_carea' id='block_1_101' title="bbox 134 5490 1737 5566">
    <p class='ocr_par' dir='ltr' id='par_1_101' title="bbox 134 5490 1737 5566">
     <span class='ocr_line' id='line_1_101' title="bbox 134 5490 1737 5566; baseline -0.001 -16"><span class='ocrx_word' id='word_1_821' title='bbox 134 5500 198 5550; x_wconf 87' lang='lat' dir='ltr'><strong>et</strong></span> <span class='ocrx_word' id='word_1_822' title='bbox 223 5493 321 5563; x_wconf 83' lang='lat' dir='ltr'><strong>qui</strong></span> <span class='ocrx_word' id='word_1_823' title='bbox 350 5493 529 5566; x_wconf 90' lang='lat' dir='ltr'><strong>diligit</strong></span> <span class='ocrx_word' id='word_1_824' title='bbox 565 5508 673 5562; x_wconf 90' lang='lat' dir='ltr'><strong>me,</strong></span> <span class='ocrx_word' id='word_1_825' title='bbox 697 5493 954 5566; x_wconf 87' lang='lat' dir='ltr'><strong>diligetur</strong></span> <span class='ocrx_word' id='word_1_826' title='bbox 981 5507 1015 5549; x_wconf 88' lang='lat' dir='ltr'><strong>a</strong></span> <span class='ocrx_word' id='word_1_827' title='bbox 1049 5490 1209 5548; x_wconf 88' lang='lat' dir='ltr'><strong>Patre</strong></span> <span class='ocrx_word' id='word_1_828' title='bbox 1234 5507 1376 5562; x_wconf 89' lang='lat' dir='ltr'><strong>meo,</strong></span> <span class='ocrx_word' id='word_1_829' title='bbox 1402 5502 1459 5549; x_wconf 90' lang='lat' dir='ltr'><strong>et</strong></span> <span class='ocrx_word' id='word_1_830' title='bbox 1482 5508 1585 5566; x_wconf 91' lang='lat' dir='ltr'><strong>ego</strong></span> <span class='ocrx_word' id='word_1_831' title='bbox 1610 5495 1737 5551; x_wconf 80' lang='lat' dir='ltr'><strong>dili-</strong></span> 
     </span>
    </p>
   </div>
   <div class='ocr_carea' id='block_1_102' title="bbox 133 5580 1737 5654">
    <p class='ocr_par' dir='ltr' id='par_1_102' title="bbox 133 5580 1737 5654">
     <span class='ocr_line' id='line_1_102' title="bbox 133 5580 1737 5654; baseline 0.001 -17"><span class='ocrx_word' id='word_1_832' title='bbox 133 5598 274 5654; x_wconf 89' lang='lat' dir='ltr'><strong>gam</strong></span> <span class='ocrx_word' id='word_1_833' title='bbox 303 5598 455 5650; x_wconf 86' lang='lat' dir='ltr'><strong>eum,</strong></span> <span class='ocrx_word' id='word_1_834' title='bbox 480 5592 536 5641; x_wconf 91' lang='lat' dir='ltr'><strong>et</strong></span> <span class='ocrx_word' id='word_1_835' title='bbox 561 5583 847 5641; x_wconf 87' lang='lat' dir='ltr'><strong>ostendam</strong></span> <span class='ocrx_word' id='word_1_836' title='bbox 870 5583 919 5640; x_wconf 92' lang='lat' dir='ltr'><strong>ei</strong></span> <span class='ocrx_word' id='word_1_837' title='bbox 946 5582 1215 5654; x_wconf 90' lang='lat' dir='ltr'><strong>meipsum</strong></span> <span class='ocrx_word' id='word_1_838' title='bbox 1245 5580 1427 5653; x_wconf 80' lang='lat' dir='ltr'><strong>(Joan.</strong></span> <span class='ocrx_word' id='word_1_839' title='bbox 1451 5584 1586 5654; x_wconf 80' lang='lat' dir='ltr'><strong>xiv).</strong></span> <span class='ocrx_word' id='word_1_840' title='bbox 1618 5602 1636 5637; x_wconf 77' lang='grc' dir='ltr'><strong>ι</strong></span> <span class='ocrx_word' id='word_1_841' title='bbox 1668 5583 1737 5639; x_wconf 85' lang='lat' dir='ltr'><strong>Et</strong></span> 
     </span>
    </p>
   </div>
   <div class='ocr_carea' id='block_1_103' title="bbox 131 5672 1731 5746">
    <p class='ocr_par' dir='ltr' id='par_1_103' title="bbox 131 5672 1731 5746">
     <span class='ocr_line' id='line_1_103' title="bbox 131 5672 1731 5746; baseline 0.002 -17"><span class='ocrx_word' id='word_1_842' title='bbox 131 5689 272 5746; x_wconf 71' lang='lat' dir='ltr'><strong>quae</strong></span> <span class='ocrx_word' id='word_1_843' title='bbox 320 5683 406 5730; x_wconf 89' lang='lat' dir='ltr'><strong>est</strong></span> <span class='ocrx_word' id='word_1_844' title='bbox 449 5675 558 5731; x_wconf 87' lang='lat' dir='ltr'><strong>vita</strong></span> <span class='ocrx_word' id='word_1_845' title='bbox 591 5684 814 5742; x_wconf 70' lang='lat' dir='ltr'><strong>aeterna,</strong></span> <span class='ocrx_word' id='word_1_846' title='bbox 867 5674 973 5731; x_wconf 91' lang='lat' dir='ltr'><strong>nisi</strong></span> <span class='ocrx_word' id='word_1_847' title='bbox 1023 5673 1169 5746; x_wconf 90' lang='lat' dir='ltr'><strong>quod</strong></span> <span class='ocrx_word' id='word_1_848' title='bbox 1226 5672 1345 5745; x_wconf 89' lang='lat' dir='ltr'><strong>ipsa</strong></span> <span class='ocrx_word' id='word_1_849' title='bbox 1392 5673 1523 5730; x_wconf 88' lang='lat' dir='ltr'><strong>alibi</strong></span> <span class='ocrx_word' id='word_1_850' title='bbox 1558 5673 1731 5732; x_wconf 86' lang='lat' dir='ltr'><strong>dicit:</strong></span> 
     </span>
    </p>
   </div>
   <div class='ocr_carea' id='block_1_104' title="bbox 138 5764 1734 5842">
    <p class='ocr_par' dir='ltr' id='par_1_104' title="bbox 138 5764 1734 5842">
     <span class='ocr_line' id='line_1_104' title="bbox 138 5764 1734 5842; baseline 0.005 -23"><span class='ocrx_word' id='word_1_851' title='bbox 138 5786 161 5819; x_wconf 82' lang='grc' dir='ltr'><strong>ι</strong></span> <span class='ocrx_word' id='word_1_852' title='bbox 202 5764 331 5821; x_wconf 71' lang='lat' dir='ltr'><strong>llaec</strong></span> <span class='ocrx_word' id='word_1_853' title='bbox 354 5775 439 5822; x_wconf 89' lang='lat' dir='ltr'><strong>est</strong></span> <span class='ocrx_word' id='word_1_854' title='bbox 458 5767 565 5822; x_wconf 87' lang='lat' dir='ltr'><strong>vita</strong></span> <span class='ocrx_word' id='word_1_855' title='bbox 590 5776 813 5833; x_wconf 84' lang='lat' dir='ltr'><strong>aeterna,</strong></span> <span class='ocrx_word' id='word_1_856' title='bbox 841 5776 902 5823; x_wconf 90' lang='lat' dir='ltr'><strong>ut</strong></span> <span class='ocrx_word' id='word_1_857' title='bbox 921 5774 1255 5842; x_wconf 85' lang='lat' dir='ltr'><strong>cognoscant</strong></span> <span class='ocrx_word' id='word_1_858' title='bbox 1276 5776 1328 5824; x_wconf 90' lang='lat' dir='ltr'><strong>te</strong></span> <span class='ocrx_word' id='word_1_859' title='bbox 1347 5783 1517 5824; x_wconf 90' lang='lat' dir='ltr'><strong>unum</strong></span> <span class='ocrx_word' id='word_1_860' title='bbox 1542 5784 1734 5827; x_wconf 88' lang='lat' dir='ltr'><strong>verum</strong></span> 
     </span>
    </p>
   </div>
   <div class='ocr_carea' id='block_1_105' title="bbox 393 5861 939 5924">
    <p class='ocr_par' dir='ltr' id='par_1_105' title="bbox 393 5861 939 5924">
     <span class='ocr_line' id='line_1_105' title="bbox 393 5861 939 5924; baseline 0.002 -4"><span class='ocrx_word' id='word_1_861' title='bbox 393 5862 665 5922; x_wconf 72' lang='lat' dir='ltr'><strong>PaTuOL.</strong></span> <span class='ocrx_word' id='word_1_862' title='bbox 699 5861 939 5924; x_wconf 81' lang='lat' dir='ltr'><strong>CLVII.</strong></span> 
     </span>
    </p>
   </div>
   <div class='ocr_carea' id='block_1_106' title="bbox 1839 4577 3435 4652">
    <p class='ocr_par' dir='ltr' id='par_1_106' title="bbox 1839 4577 3435 4652">
     <span class='ocr_line' id='line_1_106' title="bbox 1839 4577 3435 4652; baseline -0.003 -16"><span class='ocrx_word' id='word_1_863' title='bbox 1839 4582 2075 4638; x_wconf 76' lang='lat' dir='ltr'><strong>visibilis</strong></span> <span class='ocrx_word' id='word_1_864' title='bbox 2102 4580 2208 4637; x_wconf 87' lang='lat' dir='ltr'><strong>ista</strong></span> <span class='ocrx_word' id='word_1_865' title='bbox 2246 4596 2371 4651; x_wconf 78' lang='lat' dir='ltr'><strong>qua:</strong></span> <span class='ocrx_word' id='word_1_866' title='bbox 2402 4579 2673 4652; x_wconf 88' lang='lat' dir='ltr'><strong>corporali</strong></span> <span class='ocrx_word' id='word_1_867' title='bbox 2724 4577 2934 4635; x_wconf 89' lang='lat' dir='ltr'><strong>visione</strong></span> <span class='ocrx_word' id='word_1_868' title='bbox 2963 4587 3284 4641; x_wconf 82' lang='lat' dir='ltr'><strong>cernuntur.</strong></span> <span class='ocrx_word' id='word_1_869' title='bbox 3318 4579 3435 4632; x_wconf 84' lang='lat' dir='ltr'><strong>Au-</strong></span> 
     </span>
    </p>
   </div>
   <div class='ocr_carea' id='block_1_107' title="bbox 1837 4668 3435 4742">
    <p class='ocr_par' dir='ltr' id='par_1_107' title="bbox 1837 4668 3435 4742">
     <span class='ocr_line' id='line_1_107' title="bbox 1837 4668 3435 4742; baseline -0.003 -14"><span class='ocrx_word' id='word_1_870' title='bbox 1837 4672 2056 4728; x_wconf 86' lang='lat' dir='ltr'><strong>diamus</strong></span> <span class='ocrx_word' id='word_1_871' title='bbox 2103 4672 2283 4728; x_wconf 84' lang='lat' dir='ltr'><strong>adhuc</strong></span> <span class='ocrx_word' id='word_1_872' title='bbox 2315 4671 2686 4742; x_wconf 86' lang='lat' dir='ltr'><strong>Augustinum</strong></span> <span class='ocrx_word' id='word_1_873' title='bbox 2715 4669 3101 4739; x_wconf 78' lang='lat' dir='ltr'><strong>explanantem</strong></span> <span class='ocrx_word' id='word_1_874' title='bbox 3133 4668 3301 4724; x_wconf 83' lang='lat' dir='ltr'><strong>verba</strong></span> <span class='ocrx_word' id='word_1_875' title='bbox 3342 4668 3435 4724; x_wconf 87' lang='lat' dir='ltr'><strong>sui</strong></span> 
     </span>
    </p>
   </div>
   <div class='ocr_carea' id='block_1_108' title="bbox 1837 4759 3430 4832">
    <p class='ocr_par' dir='ltr' id='par_1_108' title="bbox 1837 4759 3430 4832">
     <span class='ocr_line' id='line_1_108' title="bbox 1837 4759 3430 4832; baseline -0.002 -15"><span class='ocrx_word' id='word_1_876' title='bbox 1837 4762 2114 4820; x_wconf 77' lang='lat' dir='ltr'><strong>Ambrosii</strong></span> <span class='ocrx_word' id='word_1_877' title='bbox 2157 4780 2172 4818; x_wconf 89' lang='lat'><strong>:</strong></span> <span class='ocrx_word' id='word_1_878' title='bbox 2223 4761 2431 4827; x_wconf 87' lang='lat' dir='ltr'><strong>Potest,</strong></span> <span class='ocrx_word' id='word_1_879' title='bbox 2486 4760 2684 4832; x_wconf 87' lang='lat' dir='ltr'><strong>inquit,</strong></span> <span class='ocrx_word' id='word_1_880' title='bbox 2722 4774 2943 4817; x_wconf 87' lang='lat' dir='ltr'><strong>movere</strong></span> <span class='ocrx_word' id='word_1_881' title='bbox 2995 4759 3276 4830; x_wconf 89' lang='lat' dir='ltr'><strong>quomodo</strong></span> <span class='ocrx_word' id='word_1_882' title='bbox 3314 4761 3430 4830; x_wconf 84' lang='lat' dir='ltr'><strong>ipsa</strong></span> 
     </span>
    </p>
   </div>
   <div class='ocr_carea' id='block_1_109' title="bbox 1838 4849 3428 4922">
    <p class='ocr_par' dir='ltr' id='par_1_109' title="bbox 1838 4849 3428 4922">
     <span class='ocr_line' id='line_1_109' title="bbox 1838 4849 3428 4922; baseline -0.002 -12"><span class='ocrx_word' id='word_1_883' title='bbox 1838 4855 1935 4912; x_wconf 89' lang='lat' dir='ltr'><strong>Dei</strong></span> <span class='ocrx_word' id='word_1_884' title='bbox 1963 4853 2271 4911; x_wconf 86' lang='lat' dir='ltr'><strong>substantia</strong></span> <span class='ocrx_word' id='word_1_885' title='bbox 2301 4852 2473 4909; x_wconf 89' lang='lat' dir='ltr'><strong>videri</strong></span> <span class='ocrx_word' id='word_1_886' title='bbox 2516 4850 2756 4922; x_wconf 90' lang='lat' dir='ltr'><strong>potuerit</strong></span> <span class='ocrx_word' id='word_1_887' title='bbox 2794 4865 2825 4906; x_wconf 84' lang='lat' dir='ltr'><strong>a</strong></span> <span class='ocrx_word' id='word_1_888' title='bbox 2857 4850 3188 4920; x_wconf 83' lang='lat' dir='ltr'><strong>quibusdam</strong></span> <span class='ocrx_word' id='word_1_889' title='bbox 3229 4850 3286 4906; x_wconf 88' lang='lat' dir='ltr'><strong>in</strong></span> <span class='ocrx_word' id='word_1_890' title='bbox 3322 4849 3428 4907; x_wconf 85' lang='lat' dir='ltr'><strong>hac</strong></span> 
     </span>
    </p>
   </div>
   <div class='ocr_carea' id='block_1_110' title="bbox 1836 4939 3427 5018">
    <p class='ocr_par' dir='ltr' id='par_1_110' title="bbox 1836 4939 3427 5018">
     <span class='ocr_line' id='line_1_110' title="bbox 1836 4939 3427 5018; baseline -0.004 -15"><span class='ocrx_word' id='word_1_891' title='bbox 1836 4947 1948 5003; x_wconf 87' lang='lat' dir='ltr'><strong>vita</strong></span> <span class='ocrx_word' id='word_1_892' title='bbox 1968 4946 2181 5018; x_wconf 86' lang='lat' dir='ltr'><strong>positis,</strong></span> <span class='ocrx_word' id='word_1_893' title='bbox 2199 4953 2419 5016; x_wconf 89' lang='lat' dir='ltr'><strong>propter</strong></span> <span class='ocrx_word' id='word_1_894' title='bbox 2435 4943 2567 4999; x_wconf 91' lang='lat' dir='ltr'><strong>illud</strong></span> <span class='ocrx_word' id='word_1_895' title='bbox 2582 4939 2810 5001; x_wconf 56' lang='lat' dir='ltr'><strong>&quot;Nemo</strong></span> <span class='ocrx_word' id='word_1_896' title='bbox 2827 4950 3008 5013; x_wconf 85' lang='lat' dir='ltr'><strong>potest</strong></span> <span class='ocrx_word' id='word_1_897' title='bbox 3027 4941 3211 4997; x_wconf 88' lang='lat' dir='ltr'><strong>videre</strong></span> <span class='ocrx_word' id='word_1_898' title='bbox 3233 4939 3427 4997; x_wconf 86' lang='lat' dir='ltr'><strong>faciem</strong></span> 
     </span>
    </p>
   </div>
   <div class='ocr_carea' id='block_1_111' title="bbox 1838 5032 3429 5105">
    <p class='ocr_par' dir='ltr' id='par_1_111' title="bbox 1838 5032 3429 5105">
     <span class='ocr_line' id='line_1_111' title="bbox 1838 5032 3429 5105; baseline -0.004 -10"><span class='ocrx_word' id='word_1_899' title='bbox 1838 5053 2038 5105; x_wconf 90' lang='lat' dir='ltr'><strong>meam,</strong></span> <span class='ocrx_word' id='word_1_900' title='bbox 2067 5045 2123 5093; x_wconf 88' lang='lat' dir='ltr'><strong>et</strong></span> <span class='ocrx_word' id='word_1_901' title='bbox 2156 5036 2339 5093; x_wconf 87' lang='lat' dir='ltr'><strong>vivere</strong></span> <span class='ocrx_word' id='word_1_902' title='bbox 2367 5033 2568 5100; x_wconf 76' lang='lat' dir='ltr'><strong>(Exod.</strong></span> <span class='ocrx_word' id='word_1_903' title='bbox 2600 5034 2828 5104; x_wconf 64' lang='lat' dir='ltr'><strong>xxyn);</strong></span> <span class='ocrx_word' id='word_1_904' title='bbox 2852 5052 2872 5085; x_wconf 75' lang='grc' dir='ltr'><strong>ι</strong></span> <span class='ocrx_word' id='word_1_905' title='bbox 2898 5033 3007 5090; x_wconf 89' lang='lat' dir='ltr'><strong>nisi</strong></span> <span class='ocrx_word' id='word_1_906' title='bbox 3034 5032 3163 5105; x_wconf 88' lang='lat' dir='ltr'><strong>quia</strong></span> <span class='ocrx_word' id='word_1_907' title='bbox 3185 5032 3429 5090; x_wconf 82' lang='lat' dir='ltr'><strong>humana</strong></span> 
     </span>
    </p>
   </div>
   <div class='ocr_carea' id='block_1_112' title="bbox 1837 5123 3426 5201">
    <p class='ocr_par' dir='ltr' id='par_1_112' title="bbox 1837 5123 3426 5201">
     <span class='ocr_line' id='line_1_112' title="bbox 1837 5123 3426 5201; baseline -0.004 -16"><span class='ocrx_word' id='word_1_908' title='bbox 1837 5145 1995 5186; x_wconf 73' lang='lat' dir='ltr'><strong>mens</strong></span> <span class='ocrx_word' id='word_1_909' title='bbox 2022 5137 2202 5201; x_wconf 84' lang='lat' dir='ltr'><strong>potest</strong></span> <span class='ocrx_word' id='word_1_910' title='bbox 2223 5127 2485 5185; x_wconf 87' lang='lat' dir='ltr'><strong>divinitus</strong></span> <span class='ocrx_word' id='word_1_911' title='bbox 2510 5125 2629 5197; x_wconf 89' lang='lat' dir='ltr'><strong>rapi</strong></span> <span class='ocrx_word' id='word_1_912' title='bbox 2658 5140 2727 5181; x_wconf 89' lang='lat' dir='ltr'><strong>ex</strong></span> <span class='ocrx_word' id='word_1_913' title='bbox 2753 5125 2857 5182; x_wconf 85' lang='lat' dir='ltr'><strong>hac</strong></span> <span class='ocrx_word' id='word_1_914' title='bbox 2878 5126 2991 5182; x_wconf 88' lang='lat' dir='ltr'><strong>vita</strong></span> <span class='ocrx_word' id='word_1_915' title='bbox 3024 5126 3093 5181; x_wconf 90' lang='lat' dir='ltr'><strong>ad</strong></span> <span class='ocrx_word' id='word_1_916' title='bbox 3119 5123 3426 5195; x_wconf 81' lang='lat' dir='ltr'><strong>angelicam</strong></span> 
     </span>
    </p>
   </div>
   <div class='ocr_carea' id='block_1_113' title="bbox 1834 5219 3424 5281">
    <p class='ocr_par' dir='ltr' id='par_1_113' title="bbox 1834 5219 3424 5281">
     <span class='ocr_line' id='line_1_113' title="bbox 1834 5219 3424 5281; baseline -0.004 -1"><span class='ocrx_word' id='word_1_917' title='bbox 1834 5224 2003 5281; x_wconf 87' lang='lat' dir='ltr'><strong>vitam</strong></span> <span class='ocrx_word' id='word_1_918' title='bbox 2045 5231 2172 5281; x_wconf 86' lang='lat' dir='ltr'><strong>ante</strong></span> <span class='ocrx_word' id='word_1_919' title='bbox 2214 5232 2445 5279; x_wconf 88' lang='lat' dir='ltr'><strong>mortem</strong></span> <span class='ocrx_word' id='word_1_920' title='bbox 2498 5223 2683 5279; x_wconf 89' lang='lat' dir='ltr'><strong>carnis</strong></span> <span class='ocrx_word' id='word_1_921' title='bbox 2722 5237 3093 5280; x_wconf 86' lang='lat' dir='ltr'><strong>communem.</strong></span> <span class='ocrx_word' id='word_1_922' title='bbox 3140 5220 3234 5277; x_wconf 88' lang='lat' dir='ltr'><strong>Sic</strong></span> <span class='ocrx_word' id='word_1_923' title='bbox 3274 5219 3424 5275; x_wconf 89' lang='lat' dir='ltr'><strong>enim</strong></span> 
     </span>
    </p>
   </div>
   <div class='ocr_carea' id='block_1_114' title="bbox 1836 5310 3423 5385">
    <p class='ocr_par' dir='ltr' id='par_1_114' title="bbox 1836 5310 3423 5385">
     <span class='ocr_line' id='line_1_114' title="bbox 1836 5310 3423 5385; baseline -0.004 -15"><span class='ocrx_word' id='word_1_924' title='bbox 1836 5323 2028 5385; x_wconf 89' lang='lat' dir='ltr'><strong>raptus</strong></span> <span class='ocrx_word' id='word_1_925' title='bbox 2054 5312 2262 5384; x_wconf 88' lang='lat' dir='ltr'><strong>estqui</strong></span> <span class='ocrx_word' id='word_1_926' title='bbox 2301 5311 2510 5369; x_wconf 86' lang='lat' dir='ltr'><strong>audivit</strong></span> <span class='ocrx_word' id='word_1_927' title='bbox 2530 5311 2625 5368; x_wconf 88' lang='lat' dir='ltr'><strong>illa</strong></span> <span class='ocrx_word' id='word_1_928' title='bbox 2658 5310 2951 5368; x_wconf 75' lang='lat' dir='ltr'><strong>ineffabilia</strong></span> <span class='ocrx_word' id='word_1_929' title='bbox 2974 5311 3138 5366; x_wconf 84' lang='lat' dir='ltr'><strong>verba</strong></span> <span class='ocrx_word' id='word_1_930' title='bbox 3163 5323 3287 5379; x_wconf 67' lang='lat' dir='ltr'><strong>quae</strong></span> <span class='ocrx_word' id='word_1_931' title='bbox 3311 5323 3423 5364; x_wconf 87' lang='lat' dir='ltr'><strong>non</strong></span> 
     </span>
    </p>
   </div>
   <div class='ocr_carea' id='block_1_115' title="bbox 1834 5397 3426 5475">
    <p class='ocr_par' dir='ltr' id='par_1_115' title="bbox 1834 5397 3426 5475">
     <span class='ocr_line' id='line_1_115' title="bbox 1834 5397 3426 5475; baseline -0.004 -15"><span class='ocrx_word' id='word_1_932' title='bbox 1834 5405 1966 5462; x_wconf 89' lang='lat' dir='ltr'><strong>licet</strong></span> <span class='ocrx_word' id='word_1_933' title='bbox 1999 5404 2212 5462; x_wconf 84' lang='lat' dir='ltr'><strong>homini</strong></span> <span class='ocrx_word' id='word_1_934' title='bbox 2234 5404 2385 5475; x_wconf 86' lang='lat' dir='ltr'><strong>loqui</strong></span> <span class='ocrx_word' id='word_1_935' title='bbox 2414 5402 2504 5475; x_wconf 85' lang='grc' dir='ltr'>(ιι</span> <span class='ocrx_word' id='word_1_936' title='bbox 2530 5402 2656 5462; x_wconf 87' lang='lat' dir='ltr'><strong>Cor.</strong></span> <span class='ocrx_word' id='word_1_937' title='bbox 2682 5403 2825 5474; x_wconf 86' lang='lat' dir='ltr'><strong>xm),</strong></span> <span class='ocrx_word' id='word_1_938' title='bbox 2857 5402 2950 5458; x_wconf 90' lang='lat' dir='ltr'><strong>ubi</strong></span> <span class='ocrx_word' id='word_1_939' title='bbox 2975 5414 3151 5472; x_wconf 88' lang='lat' dir='ltr'><strong>usque</strong></span> <span class='ocrx_word' id='word_1_940' title='bbox 3182 5399 3320 5455; x_wconf 87' lang='lat' dir='ltr'><strong>adeo</strong></span> <span class='ocrx_word' id='word_1_941' title='bbox 3342 5397 3426 5454; x_wconf 87' lang='lat' dir='ltr'><strong>fa-</strong></span> 
     </span>
    </p>
   </div>
   <div class='ocr_carea' id='block_1_116' title="bbox 1837 5487 3424 5567">
    <p class='ocr_par' dir='ltr' id='par_1_116' title="bbox 1837 5487 3424 5567">
     <span class='ocr_line' id='line_1_116' title="bbox 1837 5487 3424 5567; baseline -0.008 -12"><span class='ocrx_word' id='word_1_942' title='bbox 1837 5506 1924 5555; x_wconf 89' lang='lat' dir='ltr'><strong>cta</strong></span> <span class='ocrx_word' id='word_1_943' title='bbox 1968 5503 2056 5554; x_wconf 89' lang='lat' dir='ltr'><strong>est</strong></span> <span class='ocrx_word' id='word_1_944' title='bbox 2098 5496 2169 5553; x_wconf 89' lang='lat' dir='ltr'><strong>ab</strong></span> <span class='ocrx_word' id='word_1_945' title='bbox 2219 5496 2385 5567; x_wconf 80' lang='lat' dir='ltr'><strong>hujus</strong></span> <span class='ocrx_word' id='word_1_946' title='bbox 2432 5494 2559 5552; x_wconf 64' lang='lat' dir='ltr'><strong>vitae</strong></span> <span class='ocrx_word' id='word_1_947' title='bbox 2603 5508 2773 5551; x_wconf 89' lang='lat' dir='ltr'><strong>sensu</strong></span> <span class='ocrx_word' id='word_1_948' title='bbox 2815 5491 3064 5564; x_wconf 67' lang='lat' dir='ltr'><strong>quadam</strong></span> <span class='ocrx_word' id='word_1_949' title='bbox 3100 5487 3424 5546; x_wconf 80' lang='lat' dir='ltr'><strong>intentionis</strong></span> 
     </span>
    </p>
   </div>
   <div class='ocr_carea' id='block_1_117' title="bbox 1835 5582 3421 5657">
    <p class='ocr_par' dir='ltr' id='par_1_117' title="bbox 1835 5582 3421 5657">
     <span class='ocr_line' id='line_1_117' title="bbox 1835 5582 3421 5657; baseline -0.006 -12"><span class='ocrx_word' id='word_1_950' title='bbox 1835 5588 2072 5654; x_wconf 86' lang='lat' dir='ltr'><strong>aversio.</strong></span> <span class='ocrx_word' id='word_1_951' title='bbox 2112 5596 2175 5644; x_wconf 90' lang='lat' dir='ltr'><strong>ut</strong></span> <span class='ocrx_word' id='word_1_952' title='bbox 2216 5588 2330 5645; x_wconf 89' lang='lat' dir='ltr'><strong>sive</strong></span> <span class='ocrx_word' id='word_1_953' title='bbox 2365 5594 2518 5644; x_wconf 84' lang='lat' dir='ltr'><strong>extra</strong></span> <span class='ocrx_word' id='word_1_954' title='bbox 2546 5600 2749 5657; x_wconf 82' lang='lat' dir='ltr'><strong>corpus</strong></span> <span class='ocrx_word' id='word_1_955' title='bbox 2790 5583 2977 5650; x_wconf 83' lang='lat' dir='ltr'><strong>fuerit,</strong></span> <span class='ocrx_word' id='word_1_956' title='bbox 3011 5582 3065 5640; x_wconf 88' lang='lat' dir='ltr'><strong>id</strong></span> <span class='ocrx_word' id='word_1_957' title='bbox 3103 5587 3190 5639; x_wconf 87' lang='lat' dir='ltr'><strong>est</strong></span> <span class='ocrx_word' id='word_1_958' title='bbox 3213 5590 3421 5644; x_wconf 77' lang='lat' dir='ltr'><strong>utrum,</strong></span> 
     </span>
    </p>
   </div>
   <div class='ocr_carea' id='block_1_118' title="bbox 1836 5669 3423 5741">
    <p class='ocr_par' dir='ltr' id='par_1_118' title="bbox 1836 5669 3423 5741">
     <span class='ocr_line' id='line_1_118' title="bbox 1836 5669 3423 5741; baseline -0.004 -6"><span class='ocrx_word' id='word_1_959' title='bbox 1836 5678 1981 5735; x_wconf 84' lang='lat' dir='ltr'><strong>sicut</strong></span> <span class='ocrx_word' id='word_1_960' title='bbox 2006 5678 2146 5735; x_wconf 89' lang='lat' dir='ltr'><strong>solet</strong></span> <span class='ocrx_word' id='word_1_961' title='bbox 2174 5676 2229 5733; x_wconf 91' lang='lat' dir='ltr'><strong>in</strong></span> <span class='ocrx_word' id='word_1_962' title='bbox 2245 5673 2639 5733; x_wconf 87' lang='lat' dir='ltr'><strong>vehementiori</strong></span> <span class='ocrx_word' id='word_1_963' title='bbox 2664 5674 2893 5741; x_wconf 84' lang='lat' dir='ltr'><strong>exstasi,</strong></span> <span class='ocrx_word' id='word_1_964' title='bbox 2917 5688 3076 5730; x_wconf 83' lang='lat' dir='ltr'><strong>meus</strong></span> <span class='ocrx_word' id='word_1_965' title='bbox 3098 5672 3169 5728; x_wconf 82' lang='lat' dir='ltr'><strong>ab</strong></span> <span class='ocrx_word' id='word_1_966' title='bbox 3189 5671 3293 5727; x_wconf 81' lang='lat' dir='ltr'><strong>hac</strong></span> <span class='ocrx_word' id='word_1_967' title='bbox 3312 5669 3423 5729; x_wconf 77' lang='lat' dir='ltr'><strong>vita</strong></span> 
     </span>
    </p>
   </div>
   <div class='ocr_carea' id='block_1_119' title="bbox 1838 5762 3423 5835">
    <p class='ocr_par' dir='ltr' id='par_1_119' title="bbox 1838 5762 3423 5835">
     <span class='ocr_line' id='line_1_119' title="bbox 1838 5762 3423 5835; baseline -0.003 -11"><span class='ocrx_word' id='word_1_968' title='bbox 1838 5769 1893 5827; x_wconf 89' lang='lat' dir='ltr'><strong>in</strong></span> <span class='ocrx_word' id='word_1_969' title='bbox 1933 5769 2083 5827; x_wconf 84' lang='lat' dir='ltr'><strong>illam</strong></span> <span class='ocrx_word' id='word_1_970' title='bbox 2106 5769 2275 5827; x_wconf 87' lang='lat' dir='ltr'><strong>vitam</strong></span> <span class='ocrx_word' id='word_1_971' title='bbox 2308 5766 2440 5825; x_wconf 80' lang='lat' dir='ltr'><strong>furit</strong></span> <span class='ocrx_word' id='word_1_972' title='bbox 2464 5766 2720 5835; x_wconf 88' lang='lat' dir='ltr'><strong>alienata,</strong></span> <span class='ocrx_word' id='word_1_973' title='bbox 2753 5773 3008 5823; x_wconf 87' lang='lat' dir='ltr'><strong>manente</strong></span> <span class='ocrx_word' id='word_1_974' title='bbox 3033 5763 3281 5834; x_wconf 78' lang='lat' dir='ltr'><strong>corporis</strong></span> <span class='ocrx_word' id='word_1_975' title='bbox 3300 5762 3423 5819; x_wconf 83' lang='lat' dir='ltr'><strong>vin-</strong></span> 
     </span>
    </p>
   </div>
   <div class='ocr_carea' id='block_1_120' title="bbox 3063 5856 3144 5922">
    <p class='ocr_par' dir='ltr' id='par_1_120' title="bbox 3063 5856 3144 5922">
     <span class='ocr_line' id='line_1_120' title="bbox 3063 5856 3144 5922; baseline 0.062 -5"><span class='ocrx_word' id='word_1_976' title='bbox 3063 5856 3144 5922; x_wconf 74' lang='lat'><strong><em>36</em></strong></span> 
     </span>
    </p>
   </div>
   <div class='ocr_carea' id='block_1_121' title="bbox 3438 5878 3473 5891">
    <p class='ocr_par' dir='ltr' id='par_1_121' title="bbox 3438 5878 3473 5891">
     <span class='ocr_line' id='line_1_121' title="bbox 3438 5878 3473 5891; baseline 0 0"><span class='ocrx_word' id='word_1_977' title='bbox 3438 5878 3473 5891; x_wconf 56' lang='grc' dir='ltr'><strong>θ’</strong></span> 
     </span>
    </p>
   </div>
  </div>
