3948 6450
524 365 659 420 1151

1658 354 1989 412 WERNEBI
2027 354 2320 412 ABBATIS
2362 355 2419 412 S.
2461 357 2682 414 BLASII

3653 362 3775 417 H33

518 479 666 549 culo,
707 494 778 535 an
821 477 1046 534 omnino
1090 473 1326 530 resoluta
1371 469 1552 537 fuerit,
1595 471 1828 540 qualiter
1859 471 1910 524 in
1943 467 2098 538 plena
2133 473 2175 529 Α
2203 469 2348 538 quod
2399 469 2667 538 requiras.
2726 466 2848 523 llaec
2903 476 3030 523 sunt
3081 468 3244 523 verba
3297 467 3638 538 Augustini:
3683 471 3777 537 Qui

517 582 696 629 morte
723 573 1006 643 contingit,
1040 570 1248 626 nescire
1275 584 1332 623 se
1354 568 1576 622 diceret.
1601 564 1676 620 Ita
1715 566 1774 620 fit
1802 576 1860 620 ut
1884 577 1936 622 et
1967 566 2096 620 illud

516 681 706 720 verum
749 665 819 718 sit
849 662 994 732 quod
1035 662 1241 716 dictum
1277 667 1361 713 est
1395 675 1407 709 :
1452 677 1470 708 ‹
1503 656 1673 711 Nemo
1706 666 1882 726 potest
1915 656 2098 712 videre

515 755 710 812 faciem
764 769 939 808 meam
990 761 1044 806 et
1078 753 1256 806 vivere
1284 749 1482 820 (Exod.
1524 748 1745 815 χχχιιι).
1777 769 1794 799 ι
1829 747 1966 814 Quia
1997 763 2092 802 ne-

512 863 667 904 cesse
691 854 776 902 est
803 845 1048 899 abstrahi
1079 844 1148 898 ab
1178 843 1279 897 hac
1322 842 1429 895 vita
1477 850 1736 906 mentem,
1775 841 1994 909 quando
2041 839 2096 894 in

513 940 662 994 illius
683 935 1110 992 ineﬂ‘ahilitatem
1139 934 1368 989 visionis
1402 933 1722 988 assumitur.
1756 931 1958 985 Deinde
1985 931 2098 985 Au-

511 1029 767 1100 gustinus
837 1025 1117 1096 subjungit
1176 1025 1419 1078 dicens:
1477 1021 1634 1089 Quod
1707 1021 1839 1075 mihi
1899 1036 2098 1089 propo-

510 1133 721 1184 sueras,
758 1120 953 1174 'utrum
1002 1115 1334 1186 explicatum
1387 1114 1490 1180 sit,
1536 1113 1824 1184 diligenter
1877 1110 2095 1166 attende

506 1203 799 1262 recolendo
841 1217 962 1274 qua“:
992 1203 1137 1261 dicta
1183 1214 1330 1260 sunt.
1376 1204 1434 1258 Si
1477 1205 1620 1258 enim
1665 1202 1864 1272 qumris
1908 1209 2093 1256 utrum

508 1302 686 1368 possit
726 1298 868 1354 Deus
906 1299 1096 1366 videri,
1130 1299 1433 1369 respondeo
1477 1317 1489 1352 :
1538 1298 1742 1351 Potest.
1800 1295 1858 1348 Si
1891 1296 2093 1366 quieris

506 1388 653 1442 unde
674 1387 868 1454 sciam,
894 1388 1197 1457 respondeo
1223 1406 1235 1441 :
1260 1387 1398 1454 Quia
1430 1387 1483 1440 in
1508 1385 1792 1439 verissima
1821 1385 2092 1453 scriptura

505 1477 706 1548 legitur
739 1497 752 1531 :
799 1496 817 1528 ‹
848 1476 1000 1532 Beati
1033 1476 1237 1531 mundo
1268 1477 1455 1542 corde,
1485 1475 1744 1546 quoniam
1780 1474 1881 1543 ipsi
1921 1473 2090 1527 Deum

504 1569 769 1623 videbunt
800 1568 1018 1638 (Matth.
1048 1567 1124 1636 v).
1158 1587 1174 1620 ι
1215 1566 1270 1621 Si
1297 1567 1498 1636 quazris
1526 1566 1668 1620 unde
1709 1581 1833 1619 eum
1885 1565 2091 1619 videbi-

505 1675 650 1727 mus,
699 1659 1001 1729 respondeo
1037 1677 1050 1712 :
1085 1659 1240 1714 Unde
1263 1658 1440 1728 angeli
1471 1656 1676 1722 vident,
1708 1657 1910 1725 quibus
1957 1664 2088 1711 tunc

501 1751 708 1804 erimus
734 1751 990 1819 :eqnales.
1031 1748 1183 1804 Sicut
1221 1749 1365 1803 enim
1398 1747 1650 1802 videntur
1682 1749 1783 1801 ista
1811 1764 1933 1817 qua)
1959 1747 2090 1802 visi-

501 1843 630 1897 bilia
663 1843 1036 1905 nominantur,
1072 1839 1241 1894 Deum
1283 1853 1444 1894 nemo
1472 1839 1604 1893 vidit
1651 1854 1890 1908 unquam
1921 1857 1932 1892 :
1977 1838 2087 1894 Nec

496 1933 670 1987 videri
699 1941 894 2002 potest,
919 1918 1180 2001 quoniam
1209 1939 1293 1986 est
1323 1939 1517 1984 natura
1555 1930 1865 1997 invisibilis,
1893 1931 1973 1986 sic
2002 1941 2085 1987 est

498 2023 958 2093 incorruptibilis;
985 2037 1106 2092 qua;
1137 2022 1435 2077 contextim
1466 2021 1650 2091 posuit
1683 2021 1977 2091 Apostolus
2001 2022 2085 2076 di-

496 2129 629 2170 cens
663 2133 675 2168 :
712 2134 729 2166 ι
773 2113 904 2184 Regi
933 2119 1114 2168 aut‘ér‘ri
1165 2113 1486 2167 szeculorum
1514 2113 1796 2180 invisibili,
1829 2113 2083 2169 incorru-

493 2205 678 2274 ptibili
710 2204 762 2274 (I
792 2204 929 2259 Tim.
959 2205 1017 2272 t),
1051 2223 1069 2256 ι
1101 2203 1230 2273 quia
1260 2204 1402 2258 sicut
1445 2219 1587 2258 nunc
1629 2204 2078 2274 incorruptibilis,

497 2309 599 2348 nec
633 2303 820 2364 postea
849 2294 1223 2364 corruptibilis
1260 2312 1272 2347 ε
1311 2294 1384 2347 ita
1417 2309 1526 2347 non
1561 2295 1738 2348 solum
1782 2309 1948 2361 nunc,
1987 2296 2080 2350 sed

492 2385 660 2438 etiam
689 2399 902 2453 semper
932 2392 1016 2439 est
1042 2383 1352 2438 invisibilis.
1393 2380 1504 2438 Nec
1535 2383 1588 2437 in
1620 2384 1740 2438 loco
1763 2384 1906 2438 enim
1938 2384 2085 2439 vide—

495 2484 608 2542 tur,
634 2476 728 2530 sed
754 2475 958 2530 mundo
979 2476 1178 2542 corde;
1206 2490 1305 2530 nec
1336 2475 1714 2544 corporalibus
1741 2477 1916 2531 oculis
1941 2492 2084 2545 quae-

488 2569 655 2634 ritur,
686 2583 786 2624 nec
818 2568 1288 2623 circumscribitur
1333 2567 1478 2634 visu,
1518 2583 1617 2622 nec
1659 2575 1805 2622 tactu
1845 2577 2078 2635 tenetur,

493 2677 594 2715 nec
627 2659 791 2714 aflatu
823 2659 1061 2722 auditur,
1093 2674 1193 2714 nec
1221 2659 1453 2713 sentitur
1483 2659 1720 2714 incessu.
1756 2657 2082 2730 Unigenitus

495 2762 676 2807 autem
702 2750 894 2814 Filius,
929 2750 1123 2820 quiest
1144 2751 1197 2803 in
1225 2750 1349 2804 sinu
1373 2749 1570 2816 Putris,
1589 2750 1806 2805 deitatis
1830 2759 2080 2806 naturam

491 2851 656 2913 atque
683 2843 1047 2897 substantiam
1088 2844 1408 2898 insonanter
1430 2851 1636 2910 narrat,
1663 2851 1717 2897 et
1751 2843 1874 2898 ideo
1903 2844 2080 2914 dignis

493 2935 818 3005 idoneisque
851 2944 1003 2990 tanto
1044 2945 1338 3005 conspectu
1375 2934 1551 2989 oculis
1587 2937 1750 2989 etiam
1791 2935 2082 2990 invisibili-

490 3034 574 3079 ter
599 3034 889 3080 monstrat.
922 3024 1028 3094 lpsi
1067 3025 1213 3079 enim
1247 3033 1374 3079 sunt
1417 3025 1559 3079 oeuli
1593 3025 1660 3079 de
1699 3025 1898 3094 quibus
1936 3024 2084 3094 Apov

2204 558 2474 630 intelligit,
2499 559 2801 615 certissime
2835 559 2982 613 videt
3012 575 3297 628 nunquam
3333 575 3430 629 per
3459 560 3648 615 oculos
3671 577 3778 616 cor—

2201 652 2351 720 poris
2388 667 2445 706 se
2476 651 2644 706 Deum
2672 653 2938 706 visurum.
2982 651 3054 706 Ut
3081 663 3273 708 extera
3324 653 3599 718 omittam,
3648 654 3776 711 Deus

2199 753 2251 796 et
2287 759 2432 798 nunc
2455 751 2508 797 et
2534 759 2748 813 semper
2769 753 2852 798 est
2872 744 3184 806 invisibilis,
3212 744 3357 798 sicut
3388 761 3537 798 nunc
3566 755 3618 799 ct
3646 763 3776 801 sem-

2199 852 2293 906 per
2317 835 2748 905 incorruptibilis
2778 854 2790 889 :
2818 835 2938 889 ideo
2968 845 3150 890 autem
3184 847 3268 890 est
3316 837 3633 903 invisibilis,
3659 840 3772 908 quia

2201 944 2310 981 non
2350 936 2526 996 potest
2555 928 2723 981 videri
2754 929 3035 996 corporeis
3067 929 3264 992 oculis,
3299 930 3508 998 quibus
3536 932 3773 986 videntur

2198 1017 2302 1072 ista
2339 1019 2596 1084 visibilia,
2640 1028 2692 1072 et
2734 1019 2804 1072 ob
2842 1019 2946 1072 hoc
2979 1018 3123 1073 dicta
3171 1021 3429 1074 visibilia.
3465 1018 3772 1092 Unigenitus

2196 1109 2360 1163 etiam
2391 1118 2579 1164 narrat
2610 1120 2662 1164 et
2706 1117 2977 1164 monstrat
3013 1111 3365 1165 invisibiliter
3396 1113 3574 1167 oculis
3607 1116 3771 1170 cordis

2199 1199 2291 1253 Dei
2316 1199 2675 1255 substantiam
2693 1209 2746 1254 et
2763 1201 3249 1270 incorruptibiliter
3262 1218 3562 1272 possumus
3575 1204 3679 1258 Deo
3689 1207 3773 1274 qui

2197 1291 2423 1360 spiritus
2453 1301 2558 1358 est,
2599 1293 2897 1358 adhazrere,
2937 1295 2983 1348 si
3014 1310 3310 1364 possumus
3340 1311 3468 1349 eum
3500 1297 3771 1351 invisibili-

2196 1393 2277 1440 ter
2323 1386 2523 1441 videre.
2561 1387 2996 1457 (Cassrononus)
3035 1388 3092 1442 1ιι
3137 1391 3546 1444 resurrectione
3591 1391 3770 1448 divina:

2196 1477 2477 1546 sapientia:
2511 1479 2788 1547 agnitione
2819 1479 3174 1545 replebimur,
3209 1497 3308 1535 nec
3352 1497 3539 1535 rerum
3579 1484 3768 1538 intelle-

2193 1575 2314 1621 ctus
2352 1566 2739 1620 vcracissimus
2760 1567 3067 1636 disciplinis
3091 1569 3344 1624 onerosis
3375 1571 3656 1638 imbuitur,
3683 1574 3766 1628 sed

2193 1659 2245 1711 in
2287 1657 2566 1711 elaborato
2610 1660 2808 1714 mentis
2845 1659 3054 1713 lumine
3101 1660 3436 1714 declaratur.
3485 1660 3562 1714 ibi
3615 1663 3766 1719 beatis

2195 1746 2315 1800 talis
2339 1747 2596 1816 splendor
2628 1749 2828 1803 mentis
2863 1758 2963 1814 est,
2996 1759 3049 1804 ct
3078 1751 3266 1805 lumen
3302 1751 3685 1822 intelligentiae,
3715 1763 3766 1809 ut

2190 1836 2368 1906 ipsum
2399 1838 2542 1891 sicut
2571 1837 2625 1890 in
2647 1837 2932 1906 majestate
2955 1827 3054 1892 sua
3085 1847 3190 1904 est,
3217 1849 3537 1894 mereantur
3562 1844 3767 1912 conspi-

2186 1941 2309 1980 cere
2347 1925 2681 1982 Creatorem.
2717 1928 2990 1994 Quocirca
3032 1929 3186 1984 libris
3219 1946 3634 1986 commonemur
3683 1950 3766 1988 ve-

2186 2018 2292 2087 ris,
2325 2019 2469 2088 quod
2503 2035 2630 2089 pars
2655 2020 2742 2074 illa
2771 2020 3066 2074 emundata
3088 2029 3256 2090 atque
3289 2023 3577 2077 meliorata
3597 2024 3767 2098 divino

2186 2127 2414 2165 munere
2439 2111 2705 2166 veraciter
2733 2113 3047 2181 speculetur
3089 2124 3397 2179 auctorem,
3427 2115 3528 2184 qui
3555 2115 3670 2184 ejus
3692 2117 3769 2170 ni-

2186 2200 2485 2255 hilominus
2516 2210 2697 2270 portat
2725 2202 3038 2272 imaginem.
3073 2202 3203 2258 inde
3235 2204 3478 2274 denique
3505 2205 3672 2259 Deum
3696 2207 3765 2260 vi.

2185 2289 2456 2354 debimus,
2487 2290 2629 2345 unde
2656 2290 2954 2358 credimus,
2989 2300 3043 2346 et
3073 2307 3137 2346 ex
3161 2308 3224 2346 ea
3250 2302 3405 2362 parte
3445 2293 3580 2348 illud
3633 2310 3765 2348 sum-

2185 2395 2335 2434 mum
2368 2380 2630 2434 eximium
2681 2382 2958 2453 singulare
3005 2384 3512 2452 contemplahimur
3565 2402 3580 2438 :
3630 2383 3766 2440 Unde

2186 2473 2372 2542 utique
2403 2473 2656 2528 meliores
2678 2490 2890 2528 sumus.
2919 2473 3314 2546 (llu-znoxvsws)
3344 2495 3356 2530 :
3394 2497 3414 2527 ι
3453 2475 3764 2548 Quicunque

2187 2561 2450 2632 Spiritum
2500 2572 2750 2617 sanctum
2795 2564 3240 2634 repromissionis
3281 2567 3584 2633 acceperit,
3619 2566 3764 2620 simul

2181 2664 2552 2724 consequetur
2580 2662 2634 2709 et
2677 2655 3043 2711 arrhabonem
3075 2657 3585 2727 hmreditatis,quze
3617 2659 3766 2713 haere-

2183 2745 2326 2801 ditas
2369 2749 2476 2801 vita
2522 2757 2724 2802 aeterna
2777 2757 2881 2803 est.
2929 2748 3219 2814 Quomodo
3270 2758 3460 2803 autem
3524 2751 3762 2818 arrhabc,

2183 2839 2276 2908 qui
2306 2839 2462 2893 nobis
2495 2839 2908 2904 tribuitur,'non
2940 2849 3021 2894 est
3049 2851 3203 2894 extra
3237 2857 3361 2904 nos,
3389 2842 3486 2896 scd
3509 2841 3666 2907 intra,
3695 2843 3766 2897 si:

2181 2940 2236 2984 et
2270 2930 2558 2986 haereditas
2588 2932 2726 3002 ipsa,
2768 2933 2872 2987 hoc
2911 2941 2993 2987 est
3034 2949 3261 3001 regnum
3323 2931 3419 2986 Dei
3459 2934 3602 3002 quod
3636 2937 3764 2988 intra

2182 3038 2284 3078 nos
2313 3033 2418 3090 est,
2465 3024 2517 3078 in
2564 3026 2723 3080 nobis
2753 3035 3004 3080 versatur
3053 3026 3416 3079 intrinsecus.
3449 3025 3582 3090 Qua:
3629 3028 3764 3080 enim

459 3107 666 3171 'stolus
692 3115 824 3171 dicit
854 3115 1191 3170 illuminatos
1227 3116 1418 3171 oculos
1441 3115 1624 3170 cordis
1657 3114 1830 3168 nostri
1860 3112 2076 3182 (Ep/aes.
2107 3147 2148 3202 ο
2184 3123 2362 3184 potest
2393 3131 2515 3171 esse
2556 3116 2732 3185 major
2774 3115 3065 3170 hiereditas
3106 3131 3275 3183 quam
3317 3116 3670 3184 contemplari
3717 3125 3768 3171 et

491 3209 554 3279 ι),
579 3217 632 3262 et
653 3208 718 3262 dc
745 3207 946 3277 quibus
981 3207 1214 3261 dicitur:
1242 3225 1259 3256 ι
1284 3205 1532 3261 lllumina
1575 3206 1764 3261 oculos
1798 3219 1972 3270 meos,
2011 3219 2080 3258 ne

489 3316 734 3370 unquam
773 3300 1116 3354 obdormiam
1151 3299 1204 3352 in
1235 3309 1410 3354 morte
1433 3297 1608 3366 (Psal.
1637 3298 1788 3366 xu)»
1812 3296 2079 3351 Dominus

489 3392 636 3446 enim
675 3391 903 3462 spiritus
935 3399 1038 3447 est.
1085 3389 1238 3461 unde
1286 3409 1298 3444 :
1333 3408 1351 3442 ‹
1391 3389 1495 3456 Qui
1547 3389 1786 3444 adhaeret
1827 3387 2078 3454 Domino,

489 3499 633 3537 unus
667 3483 892 3552 spiritus
923 3491 1005 3538 est
1045 3480 1097 3553 (1
1128 3481 1253 3536 Cor.
1295 3481 1371 3548 v).
1411 3499 1427 3530 ι

559 3572 795 3628 Proinde
817 3575 909 3644 qui
942 3581 1120 3643 potest
1147 3572 1320 3627 Deum
1348 3569 1694 3625 invisibiliter
1725 3569 1926 3635 videre,
1959 3569 2076 3640 ipse

487 3671 669 3733 potest
719 3651 843 3716 Deo.
881 3661 1368 3731 incorruptibilitcr
1420 3659 1717 3714 adhaerere.
1773 3659 1910 3713 Puto
1959 3660 2071 3728 jam

490 3772 598 3810 non
635 3769 756 3809 esse
809 3754 861 3808 in
905 3752 1207 3823 qmestiorie
1243 3768 1406 3824 quam
1453 3751 1785 3824 proposuisti
1839 3752 2074 3820 amplius

2183 3207 2367 3261 videre
2394 3221 2555 3262 sensu
2587 3207 3046 3278 pulchritudinem
3077 3205 3393 3275 Sapientiae,
3419 3217 3472 3261 et
3499 3205 3683 3274 Verbi,
3720 3217 3769 3262 et

2183 3297 2447 3365 veritatis,
2479 3308 2532 3353 et
2581 3299 2827 3366 luminis,
2870 3309 2923 3354 et
2963 3298 3138 3368 ipsius
3170 3295 3268 3351 Dei
3306 3297 3635 3351 ineffabilem
3675 3313 3768 3352 na—

2183 3396 2360 3442 turam
2393 3389 2762 3456 considerare,
2797 3389 3158 3458 omniumque
3205 3404 3324 3457 quae
3353 3390 3419 3442 ad
3463 3389 3750 3444 similitudi

2183 3495 2305 3533 nem
2339 3477 2433 3534 Dei
2465 3480 2681 3535 condita
2723 3491 2853 3537 sunt
2890 3483 3202 3540 substantia
3236 3487 3510 3542 contueri.
3534 3485 3642 3550 iste
3679 3503 3767 3540 au-

2181 3579 2288 3624 tem
2348 3571 2586 3641 Spiritus
2629 3583 2854 3630 sanctus
2879 3575 2972 3645 qui
3026 3585 3112 3632 est
3161 3578 3408 3632 arrhabo
3455 3577 3763 3633 haareditatis

2183 3673 2406 3729 nostrae,
2441 3665 2562 3718 ideo
2606 3681 2753 3721 nunc
2793 3667 3001 3723 sanctis
3041 3668 3210 3724 datur
3241 3680 3304 3725 ut
3356 3670 3680 3725 redimantur
3713 3676 3762 3723 et

2183 3755 2506 3824 copulentur
2529 3755 2659 3812 Deo.

1250 4032 1850 4124 DOMINICA
1935 4032 2389 4124 DECIMA
2486 4031 3006 4139 QUARTA.

1796 4223 2169 4287 Secundum
2212 4227 2476 4288 Lucam.

570 4409 588 4442 ε
620 4387 756 4443 Cum
792 4389 894 4444 iret
916 4388 1076 4445 Jcsus
1101 4389 1155 4442 in
1188 4385 1525 4442 Hierusalem
1556 4387 1822 4442 transibat
1845 4404 1938 4458 per
1961 4405 2075 4446 me-
2107 4402 2151 4457 ι)
2179 4390 2311 4444 dotii
2338 4390 2485 4461 quod
2514 4406 2658 4446 nunc
2687 4401 2769 4446 est
2800 4392 2853 4445 in
2879 4389 3144 4448 Ecclesia.
3179 4391 3249 4448 Et
3275 4394 3535 4465 quisquis
3557 4395 3632 4450 vel
3659 4394 3758 4449 ita.

489 4481 634 4538 diam
667 4479 971 4535 Samariam
1014 4487 1070 4533 et
1103 4477 1399 4531 Galilaeam.
1433 4475 1499 4530 Et
1527 4492 1650 4530 cum
1704 4475 2077 4546 ingrederetur

485 4571 760 4642 quoddam
789 4569 1096 4634 castellum,
1147 4575 1506 4622 occurrerunt
1537 4567 1588 4621 ei
1631 4568 1818 4622 decem
1870 4569 1971 4622 viri
1998 4570 2078 4624 le-

486 4663 656 4734 prosi.
682 4661 787 4728 Qui
841 4669 1109 4716 steterunt
1139 4675 1169 4713 a
1223 4659 1401 4730 longe,
1436 4671 1490 4714 et
1538 4659 1852 4716 levaverunt
1889 4676 2077 4716 vocem

487 4753 732 4808 dicentes
765 4748 931 4805 :Jesu
953 4790 968 4814 ,
1015 4757 1316 4820 praeceptor
1343 4790 1358 4817 ,
1393 4749 1653 4804 miserere
1719 4750 1891 4805 nostri
1923 4750 2075 4820 (Luc.

485 4843 647 4912 xvu).
679 4861 697 4893 ›
731 4840 959 4912 Leprosi
991 4850 1118 4897 sunt
1156 4841 1251 4912 qui
1284 4841 1567 4896 scientiam
1613 4856 1756 4896 verte
1801 4841 1924 4898 fidei
1968 4858 2078 4898 non

490 4932 773 4998 habentes,
809 4932 988 4987 varias
1013 4932 1216 4986 erroris
1242 4931 1521 4987 doctrinas
1552 4931 1891 5002 profitentur.
1911 4930 2082 4987 Veras

486 5023 642 5078 falsis
689 5023 1018 5091 permiscent
1068 5023 1398 5090 inordinate,
1437 5023 1594 5094 quasi
1641 5023 1888 5078 diversos
1919 5023 2080 5091 lepra:

489 5113 702 5168 colores
729 5113 1098 5168 ostendentes.
1129 5112 1194 5168 Hi
1233 5115 1440 5172 vitandi
1471 5124 1597 5169 sunt
1632 5114 1701 5168 ab
1741 5113 2002 5178 Ecclesia,
2028 5121 2081 5168 et

487 5205 649 5273 longe
675 5203 871 5257 remoti
901 5219 1125 5260 necesse
1163 5206 1364 5261 habent
1409 5215 1471 5260 ut
1518 5221 1716 5276 magno
1759 5206 1944 5260 labore
1971 5206 2080 5258 ela-

489 5300 678 5354 inent,
708 5307 997 5363 quousque
1043 5308 1138 5362 per
1190 5295 1555 5365 cognitionem
1597 5295 1942 5364 praeceptoris
1995 5311 2081 5351 re-

489 5383 650 5436 deant
680 5382 748 5436 ad
780 5381 1015 5437 formam
1051 5384 1263 5438 salutis.

567 5489 586 5521 ς
633 5471 784 5538 Quos
819 5484 876 5527 ut
907 5474 1044 5528 vidit
1067 5475 1204 5528 dixit
1230 5494 1241 5527 :
1269 5473 1362 5539 lie,
1398 5474 1668 5528 ostendite
1695 5491 1793 5532 vos
1828 5479 2081 5535 sacerdo-

493 5561 659 5618 tibus.
689 5561 753 5616 Et
780 5561 985 5617 factum
1012 5575 1115 5630 est,
1141 5564 1270 5617 dum
1299 5565 1458 5631 irent,
1490 5565 1735 5620 mundati
1766 5578 1949 5622 sunt.»
1980 5569 2081 5624 So-

494 5650 576 5704 los
601 5653 844 5720 leprosos
872 5653 1145 5707 invenitur
1168 5653 1430 5708 Dominus
1463 5655 1682 5708 misisse
1721 5657 1784 5708 ad
1829 5660 2083 5723 sacerdo-

495 5747 599 5809 tes,
628 5741 756 5809 quia
783 5742 1150 5800 sacerdotium
1173 5741 1484 5800 Judaeorum
1519 5745 1695 5813 figura
1739 5755 1852 5798 erat
1897 5764 2080 5802 sacer-

2184 4483 2349 4538 retica
2379 4485 2644 4552 pravitate
2667 4485 2746 4539 vel
2781 4485 2964 4555 gentili
3013 4487 3410 4555 superstitione
3432 4487 3514 4543 vel
3554 4485 3761 4541 Iudaica

2182 4574 2424 4643 perfidia,
2457 4575 2542 4628 vel
2571 4575 2732 4630 etiam
2782 4574 3023 4630 fraterno
3065 4578 3364 4634 schismate
3393 4595 3490 4649 per
3531 4579 3619 4634 Dei
3651 4594 3764 4648 gra-

2183 4665 2312 4718 tiam
2361 4665 2657 4721 mundatus
2699 4667 2958 4733 caruerit,
2992 4683 3214 4725 necesse
3262 4681 3348 4726 est
3395 4681 3455 4725 ut
3487 4672 3564 4726 'ad
3590 4669 3764 4724 Eccle-

2183 4757 2319 4810 siam
2369 4757 2570 4822 veniat,
2603 4757 2952 4826 coloremque
2999 4757 3123 4813 fidei
3158 4775 3349 4815 verum
3382 4762 3504 4817 aliis
3535 4761 3761 4818 similem

2182 4846 2450 4901 ostendat.
2489 4845 2642 4902 Unde
2665 4846 2870 4904 Paulus
2893 4849 2960 4904 ad
2991 4849 3260 4905 Ananiam
3294 4853 3497 4909 missus
3523 4865 3602 4910 est
3624 4855 3760 4925 (Act.

2183 4939 2282 5008 ix),
2315 4949 2374 4992 ut
2422 4949 2824 4994 sacramentum
2876 4941 3000 4997 fidei
3053 4941 3377 5012 perciperet,
3406 4953 3460 4998 et
3515 4961 3676 5000 verus
3715 4947 3761 4999 ei

2182 5027 2333 5080 color
2375 5028 2786 5097 approbaretur,
2812 5047 2921 5086 non
2953 5032 3098 5101 quod
3147 5031 3412 5089 Dominus
3453 5035 3634 5088 omnia
3673 5051 3768 5104 per

2183 5133 2242 5171 se
2272 5126 2528 5186 nequeat,
2562 5119 2657 5174 sed
2705 5129 2766 5176 ut
2806 5121 2921 5190 ipsa
2965 5120 3200 5176 societas
3243 5122 3483 5177 fidelium
3537 5124 3770 5180 invicem

2183 5209 2642 5266 communicando
2685 5227 2848 5265 unam
2900 5212 3135 5280 speciem
3169 5214 3283 5266 veri
3325 5214 3526 5270 coloris
3569 5215 3628 5269 in
3671 5216 3771 5271 fide

2183 5299 2487 5356 confirmet.
2517 5302 2802 5356 Cornelius
2849 5301 3013 5356 etiam
3067 5303 3326 5372 precibus
3373 5307 3492 5376 ejus
3567 5309 3775 5363 auditis

2177 5391 2370 5462 jussus
2391 5404 2473 5448 est
2497 5393 2708 5446 mittere
2723 5391 2791 5446 ad
2807 5390 3025 5448 Petrum
3043 5403 3266 5466 propter
3283 5397 3547 5452 unitatem
3570 5400 3775 5454 contir-

2183 5481 2436 5535 mandam
2471 5482 2612 5550 (Act.
2641 5481 2717 5548 ι).

2260 5589 2278 5619 ι
2327 5567 2480 5623 Unus
2500 5579 2682 5624 autem
2712 5586 2776 5627 ex
2810 5573 2916 5628 illis
2963 5584 3020 5629 ut
3042 5575 3178 5630 vidit
3205 5576 3335 5646 quia
3352 5579 3659 5638 mundatus
3676 5592 3773 5646 est,

2183 5675 2464 5728 regressus
2495 5670 2577 5715 est
2604 5678 2728 5717 eum
2776 5680 2972 5735 magna
3019 5682 3152 5721 voce
3182 5671 3547 5738 magnificans
3575 5671 3772 5727 Deum.

2185 5749 2248 5804 Et
2278 5753 2469 5808 cecidit
2501 5754 2554 5808 in
2595 5752 2788 5810 faciem
2829 5766 2952 5812 ante
2973 5758 3135 5826 pedes
3163 5760 3308 5828 ejus,
3347 5763 3554 5832 gratias
3582 5778 3772 5837 agens.
