3948 6452
126 386 267 443 "33

1048 374 1766 451 DEFLORATIONES_SS.
1809 374 2119 432 PATRIJM.
2162 404 2233 416 —-
2269 374 2399 432 LIB.
2437 375 2503 431 II.

3261 379 3402 434 HM

126 506 192 561 Et
215 502 304 558 hic
333 511 452 556 erat
482 499 884 555 Samaritanus.
928 516 945 549 ι
995 493 1149 550 Unus
1200 497 1293 567 qui
1323 512 1605 568 regressus
1635 504 1719 552 est
1747 501 1793 557 Α
1821 493 2110 549 medebant
2152 492 2299 563 quod
2351 491 2631 548 residuum
2663 490 2797 558 fuit;
2841 505 3005 558 nona,
3040 492 3305 549 triduana
3330 507 3406 550 tc-

128 593 330 667 gratias
365 605 534 662 agens
576 590 851 661 signiﬁcat
876 587 1238 643 humilitatem
1281 588 1508 642 unitatis
1534 585 1718 641 Eccle-

129 687 242 742 sia.
282 682 664 739 Samaritanus
697 681 1084 750 interpretatur
1113 688 1306 734 custos.
1344 678 1464 745 Quo
1497 679 1719 734 nomine

128 778 217 832 ille
260 774 622 845 signiﬁcatur,
648 773 746 842 qui
785 787 949 827 omne
1002 771 1171 826 robur
1201 786 1363 825 suum
1408 769 1520 825 Deo
1564 770 1720 824 attri-

128 869 268 931 buit,
288 868 447 938 juxta
494 864 846 920 Psalmistam
884 881 897 917 :
938 883 956 915 ι
985 862 1386 918 Fortitudinem
1427 877 1603 917 meam
1651 861 1721 917 ad

128 971 182 1016 te
221 957 553 1024 custodiam,
578 956 710 1027 quia
775 964 835 1010 tu
900 970 960 1009 es
1034 953 1176 1009 Deus
1226 962 1513 1024 susceptor
1564 969 1720 1009 meus

132 1052 310 1125 (Psal.
342 1049 518 1119 tvm).
562 1068 580 1100 ι
607 1048 667 1102 In
698 1047 894 1104 faciem
925 1046 1070 1101 cadit
1098 1045 1194 1116 qui
1238 1046 1306 1101 de
1347 1046 1507 1101 malis
1532 1061 1723 1117 perpe—

130 1149 290 1205 tratis
335 1145 629 1202 erubescit.
684 1144 760 1199 De
811 1142 1254 1214 persecutoribus
1300 1156 1433 1197 vero
1506 1140 1723 1196 Domini

132 1239 398 1309 scriptum
448 1245 532 1292 est
589 1236 715 1306 quia
766 1253 786 1287 ι
838 1235 1094 1290 abierunt
1139 1240 1440 1287 retrorsum
1478 1242 1532 1288 et
1583 1232 1723 1288 ceci-

133 1333 333 1387 derunt
366 1328 550 1400 (Joan.
608 1331 788 1398 xvm).
835 1347 853 1379 ι
912 1325 1017 1393 Qui
1070 1334 1197 1380 ante
1243 1340 1303 1380 se
1351 1325 1517 1391 cadit,
1575 1324 1726 1380 videt

134 1440 248 1495 quo
274 1422 464 1488 cadat;
498 1420 593 1491 qui
628 1428 811 1474 autem
851 1426 998 1474 retro
1024 1418 1166 1474 cadit
1195 1433 1305 1472 non
1341 1417 1503 1472 videt.
1550 1416 1726 1487 Iniqui

135 1531 270 1587 ergo
294 1524 442 1570 retro
476 1514 698 1577 cadunt,
717 1513 849 1583 quia
894 1529 990 1568 cor
1036 1521 1163 1567 ante
1195 1511 1410 1566 ruinam
1433 1511 1723 1579 exaltatur,

136 1616 197 1661 ut
227 1622 339 1661 non
370 1605 590 1661 videant
608 1606 741 1675 quid
784 1620 880 1660 eos
910 1614 1191 1674 sequatur.
1222 1602 1362 1658 Justi
1389 1612 1568 1658 autem
1602 1611 1728 1658 ante

136 1716 199 1755 se
228 1698 451 1763 cadunt,
475 1697 604 1767 quia
648 1696 961 1766 compuncti
1009 1695 1387 1751 humiliantur.
1420 1714 1439 1746 ι
1476 1694 1726 1765 Respon-

133 1790 276 1846 dens
314 1800 499 1844 autem
552 1787 713 1843 Jesus
748 1788 884 1843 dixit
918 1806 931 1841 :
969 1806 988 1839 ι
1026 1786 1218 1843 Nonne
1245 1787 1431 1842 decem
1481 1787 1727 1842 mundati

134 1890 289 1947 sunt,
325 1888 382 1936 et
411 1896 607 1936 novem
634 1880 722 1934 ubi
744 1880 911 1935 sunt?
933 1878 1048 1935 Non
1076 1889 1158 1935 est
1181 1880 1434 1935 inventus
1464 1880 1555 1949 qui
1588 1878 1731 1934 redi-

134 1981 223 2027 ret
248 1981 305 2027 et
333 1973 490 2028 daret
518 1973 740 2042 gloriam
778 1971 907 2036 Deo,
932 1972 1039 2027 nisi
1082 1971 1170 2027 hic
1219 1971 1540 2042 alienigena.
1566 1969 1631 2026 Et
1657 1971 1733 2026 ait

134 2063 215 2117 illi
249 2082 263 2116 :
303 2063 502 2133 Surge,
536 2063 669 2117 vade
703 2063 831 2132 quia
862 2062 995 2117 ﬁdes
1032 2070 1123 2116 tua
1169 2070 1221 2116 te
1271 2062 1482 2118 salvum
1523 2060 1668 2116 fecit.
1706 2076 1725 2112 ι

137 2152 202 2207 Si
259 2154 396 2209 ﬁdes
438 2154 582 2208 hunc
632 2153 1146 2224 salvavit,perﬁdia
1216 2168 1411 2207 navem
1476 2152 1728 2223 perdidit.

138 2242 327 2300 Unum
355 2244 402 2299 si
454 2244 687 2299 addatur
713 2244 781 2298 ad
825 2258 1017 2300 novem
1043 2243 1290 2315 quadam
1323 2243 1525 2313 effigies
1556 2243 1734 2298 unita-

137 2337 216 2392 tis
246 2337 522 2406 impletur,
545 2352 658 2407 quo
686 2336 745 2391 lit
785 2344 932 2391 tanta
962 2336 1288 2406 complexio,
1320 2343 1379 2389 ut
1428 2336 1571 2390 ultra
1622 2349 1733 2391 non

139 2427 526 2496 progrediatur
556 2442 821 2482 numerus
845 2426 950 2481 nisi
986 2426 1054 2481 ad
1087 2442 1258 2481 unum
1295 2426 1498 2482 redeat.
1529 2424 1733 2481 Novem

139 2520 331 2589 itaque
366 2518 612 2588 indigent
661 2533 771 2573 uno
813 2519 881 2573 ad
929 2519 1221 2590 quamdam
1253 2520 1538 2587 unitatem,
1563 2533 1734 2573 unum

140 2624 281 2664 vero
310 2624 419 2664 non
464 2610 669 2680 indiget
697 2611 777 2666 eis
825 2611 891 2665 ad
923 2610 1184 2666 unitatem
1230 2611 1336 2666 sui.
1371 2610 1735 2678 Quamobrem

142 2717 298 2757 unus
319 2703 412 2773 qui
449 2703 655 2774 gratias
686 2703 797 2774 egit
834 2702 1103 2773 significat
1131 2703 1254 2759 illos
1297 2705 1390 2774 qui
1437 2704 1492 2758 in
1528 2705 1737 2759 unitate

144 2802 282 2848 sunt
310 2792 599 2861 Ecclesia;
629 2810 823 2849 novem
845 2810 977 2850 vero
1000 2796 1122 2851 illos
1157 2796 1249 2865 qui
1272 2804 1425 2851 extra
1454 2805 1601 2851 sunt.
1636 2794 1739 2848 Do.

144 2884 337 2939 minus
368 2884 563 2954 quarit
592 2884 683 2939 ubi
720 2886 851 2951 sint,
873 2885 1002 2957 quia
1054 2885 1194 2940 scire
1241 2884 1335 2940 Dei
1384 2886 1578 2956 eligere
1617 2894 1733 2954 est;

145 2975 552 3042 nescire'vero,
574 2977 897 3046 reprobare.
930 2975 1161 3045 Quando
1210 2978 1459 3032 mundati
1492 2986 1618 3032 sunt
1646 2994 1738 3034 eo.

145 3076 459 3139 gnoverunt
514 3066 705 3134 Deum,
729 3069 825 3124 sed
868 3069 1124 3124 abierunt
1161 3077 1484 3125 retrorsum.
1512 3069 1587 3125 De
1617 3070 1739 3125 tali-

1821 584 2034 651 nebra;
2064 582 2309 648 decima,
2362 596 2512 637 mors
2592 580 3083 652 primogenitorum
3132 584 3399 640 omnium.

1821 674 1918 730 His
1949 684 2010 729 ut
2043 675 2154 743 jam
2185 672 2427 728 diximus
2453 672 2729 727 contraria
2760 681 2889 727 sunt
2917 674 3106 729 decem
3136 686 3406 746 praeepta

1822 767 1975 837 legis.
2005 766 2249 821 Primum
2287 766 2433 820 enim
2468 774 2797 836 praeceptum
2821 775 2906 821 est
2933 785 2946 821 :
2985 786 3005 820 ι
3034 765 3153 823 Non
3178 768 3405 825 habebis

1823 855 1955 911 deos
1984 856 2210 910 alienos.
2247 853 2361 925 Ego
2412 853 2559 908 enim
2606 869 2729 910 sum
2788 853 3054 912 Dominus
3104 856 3247 913 Deus
3279 868 3406 913 tuus

1823 946 2022 1019 (Exod.
2048 945 2161 1016 xx).
2202 965 2221 998 ι
2253 945 2523 1016 Compara
2559 947 2800 1015 primum
2838 959 3167 1019 praeeptum
3217 952 3409 1021 prima

1823 1044 2015 1115 plaga,
2052 1045 2260 1100 scilicet
2287 1060 2456 1098 unum
2490 1043 2661 1098 Deum
2707 1059 2773 1099 ex
2801 1059 2911 1115 quo
2937 1052 3067 1099 sunt
3092 1044 3276 1105 omnia
3326 1045 3411 1099 in-

1825 1139 2006 1209 tellige
2059 1138 2114 1191 in
2164 1137 2575 1193 similitudinem
2626 1152 2782 1208 aqua
2827 1153 2859 1192 a
2908 1153 3017 1208 qua
3080 1147 3413 1210 generantur

1826 1228 2030 1283 omnia.
2065 1227 2222 1297 Aqua
2259 1227 2424 1297 igitur
2448 1242 2605 1282 versa
2658 1228 2714 1281 in
2764 1229 3082 1298 sanguinem
3141 1229 3415 1297 signiﬁcat

1831 1319 2021 1385 Deum,
2052 1333 2215 1388 quem
2248 1327 2379 1372 tunc
2403 1318 2651 1372 homines
2682 1325 2961 1373 verterunt
2982 1321 3036 1373 in
3068 1334 3413 1390 sanguinem,

1828 1425 1953 1465 cum
1996 1424 2121 1463 cum
2170 1419 2454 1476 coeperunt
2515 1407 2734 1461 credere
2801 1409 3232 1478 eorruptibilem.
3263 1408 3417 1463 Unde

1829 1501 2126 1571 Apostolus
2151 1499 2309 1556 dicit:
2336 1519 2354 1549 ι
2377 1497 2443 1552 Et
2468 1507 2815 1553 mutaverunt
2840 1500 3068 1568 gloriam
3092 1502 3420 1570 incorrupti—

1830 1594 1954 1649 hilis
1978 1592 2074 1647 Dei
2097 1592 2153 1646 in
2184 1590 2599 1646 similitudinem
2627 1590 2882 1663 imaginis
2907 1592 3279 1661 corruptibilis
3318 1594 3421 1647 ho-

1831 1686 1997 1740 minis
2033 1685 2208 1755 (Rom.
2244 1685 2306 1755 ι).
2334 1703 2352 1736 ›
2386 1682 2572 1753 Imago
2602 1684 2746 1739 enim
2768 1686 3140 1756 corruptibilis
3166 1698 3251 1742 est
3278 1687 3425 1742 sicut

1831 1779 2073 1850 sanguis.
2101 1776 2411 1833 Secundum
2438 1785 2618 1831 autem
2641 1785 2970 1849 praeceptum
2992 1788 3075 1834 est
3099 1799 3111 1834 :
3145 1798 3163 1831 ι
3192 1778 3309 1835 Νοιι
3332 1796 3425 1835 as-

1833 1886 2017 1927 sumes
2033 1884 2230 1925 nomen
2252 1867 2345 1923 Dei
2365 1868 2417 1922 in
2437 1882 2670 1923 vacuum
2691 1868 2887 1939 (Exod.
2905 1869 3020 1942 xx).
3035 1890 3054 1923 ι
3078 1869 3175 1926 llic
3190 1872 3425 1928 assumit

1832 1977 2032 2016 nomen
2069 1960 2164 2016 Dei
2193 1961 2248 2015 in
2278 1976 2511 2017 vacuum
2530 1960 2624 2031 qui
2658 1960 2712 2014 in
2742 1961 2963 2017 nomine
2989 1961 3086 2016 Dei
3116 1961 3286 2032 jnrat,
3311 1979 3424 2019 non

1832 2053 2005 2110 credit
2034 2068 2092 2109 se
2111 2053 2467 2123 puniendum.
2502 2050 2641 2108 Huic
2672 2060 2943 2123 praecepto
2969 2055 3260 2110 contraria
3294 2064 3427 2110 sunt

1834 2162 1981 2201 rana
2021 2145 2537 2215 strepenteszquod
2591 2145 2862 2216 signiﬁcat
2902 2143 3124 2201 fallaces
3174 2146 3427 2202 homines

1835 2234 2048 2289 veritati
2075 2244 2460 2305 repugnantes,
2484 2241 2538 2287 et
2564 2233 2910 2289 mendacium
2960 2249 3057 2304 per
3099 2250 3295 2290 nomen
3329 2235 3429 2290 Dei

1834 2335 2118 2397 ponentes.
2153 2325 2396 2381 Tertium
2449 2334 2780 2396 praceptum
2837 2335 2958 2382 est:
2999 2346 3019 2378 ι
3052 2325 3325 2383 Memento
3368 2336 3430 2382 ut

1836 2419 1989 2474 Diem
2027 2417 2251 2473 Sahhati
2284 2417 2622 2485 sanctiﬁces;
2647 2418 2785 2472 nihil
2828 2418 3011 2489 operis
3049 2418 3219 2475 facies
3257 2421 3313 2475 in
3362 2409 3434 2475 eo

1838 2512 2040 2583 (ibid.).
2078 2531 2096 2563 ι
2127 2510 2186 2566 In
2231 2512 2390 2566 tertio
2446 2510 2555 2566 isto
2602 2524 2871 2583 praecepto
2917 2512 3230 2569 insinuatur
3250 2514 3430 2585 quod-

1836 2604 1962 2658 dam
1996 2603 2298 2658 vacationis
2318 2602 2610 2672 judicium.
2639 2603 2772 2670 Qua
2800 2604 3014 2659 vacatio
3043 2612 3129 2660 est
3164 2607 3435 2676 tranquil-

1836 2694 1963 2750 litas
2005 2694 2204 2749 mentis
2243 2693 2327 2749 vel
2370 2694 2730 2749 sanctiﬁcatio
2778 2692 3175 2766 Sabbati,qula
3226 2697 3301 2752 ibi
3349 2713 3437 2751 re-

1837 2785 2071 2856 quiescit
2096 2785 2321 2855 spiritus
2346 2784 2465 2852 Dei,
2494 2785 2636 2841 sicut
2670 2786 2786 2855 ipse
2812 2785 2978 2841 dicit:
3017 2806 3036 2839 (
3072 2786 3246 2858 Super
3271 2805 3437 2859 quem

1837 2878 2143 2950 requiescet
2193 2878 2419 2948 spiritus
2467 2894 2624 2935 meus
2649 2919 2664 2944 ,
2691 2879 2797 2934 nisi
2846 2895 3010 2950 super
3055 2880 3352 2947 humilem,
3383 2891 3440 2937 et

1840 2970 2084 3040 quietum
2138 2978 2192 3025 et
2249 2978 2570 3025 trementem
2629 2986 2911 3027 sermones
2954 2972 3143 3027 meos?
3195 2991 3215 3025 ι
3286 2971 3435 3044 (Isa.

1840 3062 2012 3133 1.1m.)
2061 3061 2200 3118 Huic
2228 3063 2388 3118 tertio
2431 3071 2719 3132 pracepto,
2750 3062 2957 3120 scilicet
2983 3064 3305 3133 vacationis,
3337 3081 3440 3137 op-

149 3161 257 3215 bus
287 3160 423 3214 dicit
443 3160 739 3229 Apostolus
766 3178 780 3213 :
811 3178 830 3212 ‹
858 3158 961 3226 Qui
981 3176 1104 3215 cum
1127 3161 1511 3231 cognovissent
1542 3159 1733 3226 Deum,
1764 3178 1806 3235 ρ
1840 3166 2118 3229 ponuntur
2138 3158 2415 3224 sciniphes
2443 3166 2498 3213 et
2520 3172 2740 3223 musca,
2766 3172 2888 3228 qua
2920 3166 3050 3213 sunt
3095 3159 3329 3229 ingentis
3358 3161 3445 3214 in-

147 3267 263 3307 non
303 3261 364 3305 ut
400 3251 568 3306 Deum
616 3251 1100 3322 magnificaverunt
1147 3261 1241 3306 aut
1274 3252 1477 3322 gratias
1517 3260 1745 3322 egerunt

150 3343 336 3409 (Hom.
369 3344 468 3413 Ix).
505 3362 524 3394 ι
556 3342 847 3398 Sciendum
876 3344 1006 3415 quia
1032 3360 1175 3400 unus
1205 3336 1407 3398 dicitur
1431 3343 1605 3413 prima
1629 3343 1749 3397 uni-

149 3445 260 3501 tas,
293 3434 482 3490 decem
526 3452 658 3491 vero
707 3436 967 3491 secunda.
1015 3434 1085 3493 Et
1138 3436 1225 3491 illa
1282 3437 1562 3492 confertur
1614 3435 1746 3504 Deo,

150 3528 282 3599 quia
316 3528 370 3582 in
396 3543 455 3582 se
485 3528 840 3598 multiplicata
862 3569 877 3595 ,
909 3544 1008 3584 nec
1042 3538 1273 3600 augetur
1317 3545 1417 3585 nec
1445 3529 1746 3595 minuitur;

154 3619 600 3686 hac,Ecclesia,
635 3620 763 3689 quia
814 3621 869 3675 in
933 3636 994 3676 se
1043 3619 1399 3689 multiplicata
1451 3620 1648 3674 crescit
1696 3619 1752 3673 in

151 3710 557 3766 centenarium.
583 3710 793 3764 Dicitur
819 3725 949 3766 vero
980 3709 1034 3764 in
1074 3709 1320 3775 denario,
1348 3709 1442 3778 qui
1468 3717 1552 3763 est
1571 3708 1755 3763 unitas

151 3799 483 3866 centenarii,
513 3800 748 3853 varietas
788 3814 888 3869 per
920 3800 1003 3855 sui
1055 3798 1562 3868 multiplicationem
1593 3812 1752 3867 gene-

154 3901 341 3958 ratur;
366 3892 504 3946 bene
548 3893 805 3946 dicuntur
857 3892 1030 3948 fuisse
1069 3893 1254 3947 decem
1305 3892 1501 3961 leprosi
1531 3933 1545 3958 ,
1579 3890 1671 3961 qui
1726 3905 1755 3943 a

153 3984 264 4039 fide
288 3986 458 4039 unius
493 3982 585 4039 Dei
610 3983 824 4038 fuerant
850 3984 1071 4039 diversi.
1104 3983 1171 4037 Et
1216 3984 1358 4039 sicut
1395 3998 1586 4038 omnes
1629 3981 1762 4037 ﬁde--

156 4075 240 4131 les
283 4090 384 4145 per
413 4074 698 4129 denarium
726 4074 931 4143 signari
960 4083 1191 4143 possunt
1226 4075 1295 4129 ob
1331 4073 1635 4129 custodiam
1666 4074 1761 4127 de-

158 4181 281 4221 cem
343 4164 747 4232 mandatorum,
778 4164 858 4218 sic
913 4178 1104 4219 omnes
1133 4163 1378 4218 inﬁdeles
1423 4164 1611 4219 eodem
1662 4179 1764 4217 nu-

158 4271 324 4310 mero
352 4255 576 4326 intelligi
599 4264 831 4325 possunt
850 4256 1162 4310 econtrario
1190 4256 1260 4310 ob
1284 4256 1667 4326 nchigcutiam
1681 4271 1769 4311 eo-

158 4347 421 4400 rumdem
447 4346 849 4400 mandatorum.
886 4343 1038 4401 Unus
1066 4346 1159 4416 qui
1190 4346 1347 4400 rediit
1376 4346 1443 4399 ad
1474 4344 1766 4399 Dominum

158 4448 401 4505 curatus
450 4437 651 4491 dicitur
688 4436 1013 4506 alienigena,
1042 4436 1130 4491 vel
1168 4437 1296 4506 quia
1347 4436 1501 4505 prius
1556 4436 1768 4490 alienus

1848 3249 2203 3321 quietudinis.
2228 3248 2495 3315 Quartum
2520 3256 2850 3319 praceplum
2878 3266 2893 3303 :
2924 3267 2944 3300 ι
2978 3246 3196 3304 Honora
3228 3259 3445 3321 patrem

1851 3351 2005 3396 tuum
2045 3348 2360 3415 et’matrem
2396 3338 2594 3410 (Exod.
2632 3338 2747 3407 xx).
2780 3357 2800 3391 ι
2845 3336 2986 3394 Huic
3025 3340 3302 3395 contraria
3361 3349 3450 3396 est

1851 3441 2045 3502 quarta
2073 3431 2455 3502 Egyptiorum
2502 3430 2691 3502 plaga,
2724 3429 2933 3485 scilicet
2973 3429 3184 3485 canina
3217 3446 3444 3487 musca.

1852 3528 2126 3584 Caninum
2153 3536 2239 3583 est
2283 3528 2430 3582 enim
2474 3534 2754 3597 parentem
2789 3542 2896 3581 non
2928 3536 3243 3597 agnoscere,
3268 3536 3321 3582 et
3344 3543 3452 3584 ca-

1854 3622 2073 3678 citatem
2105 3620 2328 3687 mentis,
2361 3634 2467 3689 qua
2495 3634 2658 3674 canes
2692 3626 3013 3685 nascuntur,
3038 3628 3227 3674 contra
3254 3635 3455 3689 paren-

1857 3724 1938 3769 tes
1954 3713 2230 3769 cxhiberc.
2257 3709 2520 3777 Quintum
2548 3720 2879 3780 praeceptum
2907 3718 2989 3765 est
3025 3708 3178 3766 :Non
3205 3711 3452 3767 moecha-

1857 3805 2005 3860 beris
2038 3802 2237 3873 (ibid.).
2283 3822 2300 3853 ι
2336 3800 2475 3856 Huic
2552 3810 2823 3870 pracepto
2906 3803 3203 3872 opponitur
3260 3804 3457 3873 quinta

1860 3897 2057 3966 plaga,
2108 3894 2317 3949 scilicet
2375 3906 2527 3946 mors
2575 3892 2629 3945 in
2681 3906 2881 3961 pecora
2949 3892 3353 3964 Egyptiorum.
3389 3893 3459 3948 Et

1862 3987 2011 4042 coire
2025 3993 2079 4039 ct
2098 3997 2362 4055 generare
2377 3989 2461 4036 est
2477 3981 2769 4051 pecudum,
2789 3983 3005 4038 ratione
3020 3984 3327 4054 intelligere
3353 3985 3461 4039 hu-

1864 4057 2087 4132 manum
2120 4072 2375 4129 cst.ldeo
2421 4071 2599 4136 ratio,
2646 4087 2768 4141 qua
2815 4072 3069 4142 praesidet
3113 4074 3458 4131 imminentes

1865 4178 2048 4225 motus
2082 4166 2371 4221 inferiores
2400 4164 2584 4220 carnis
2614 4173 2875 4235 tanquam
2910 4166 3276 4235 dominantes,
3300 4167 3461 4222 debet

1868 4276 1976 4315 non
2031 4257 2388 4313 immoderate
2413 4264 2467 4310 et
2497 4254 2682 4309 illicite
2709 4255 2916 4326 passim
2960 4272 3205 4327 vageque
3251 4258 3456 4313 laxare.

1868 4352 2102 4422 Ideoque
2131 4348 2267 4420 ipsis
2290 4347 2585 4418 pecoribus
2608 4356 2805 4402 natura
2824 4348 3009 4403 datum
3034 4358 3118 4403 cst
3140 4349 3463 4404 instituente

1871 4444 2129 4499 Creatore
2173 4449 2234 4494 ut
2265 4456 2373 4494 non
2413 4447 2736 4494 moveantur
2765 4437 2832 4493 ad
2866 4437 3098 4495 feminas
3136 4439 3245 4495 nisi
3296 4443 3465 4498 certis

161 4530 271 4585 [υἷι
322 4530 394 4584 ab
440 4527 703 4595 50016533.
732 4528 816 4582 νει
864 4529 994 4599 (ιιιία
1041 4528 1381 4584 scamna“!
1421 4543 1451 4581 ³
1488 4528 1763 4582 sociorum
1798 4539 1841 4593 D
1871 4533 2229 4604 temporibus.
2273 4530 2461 4601 Neque
2516 4529 2661 4584 enim
2704 4532 2916 4586 ratione
2962 4546 3022 4585 se
3094 4532 3313 4587 cohibet
3354 4531 3465 4586 alio

157 4637 404 4679 suorum
459 4621 703 4691 perﬁdia.
752 4620 968 4675 Aliter:
1012 4618 1208 4675 Decem
1259 4619 1460 4688 leprosi
1539 4616 1772 4674 Domina

158 4714 464 4771 castellum
491 4715 801 4768 introeunte
822 4712 1069 4767 mundati
1093 4720 1223 4766 sunt
1248 4728 1261 4764 :
1291 4711 1554 4767 Dominus
1575 4712 1774 4782 quippe

157 4806 407 4861 intravit
452 4805 910 4871 castellum,dum
972 4805 1343 4859 incarnandus
1387 4805 1667 4859 descendit
1719 4805 1773 4858 in

159 4896 424 4968 Virginis
466 4906 705 4962 uterum,
750 4894 987 4966 Spiritus
1014 4896 1185 4950 sancti
1229 4895 1542 4951 saccellum.
1580 4894 1772 4951 Decem

157 4991 275 5045 viri
318 4989 524 5058 Ieprosi
574 4998 731 5043 erant
775 5002 968 5043 omnes
1004 4988 1252 5041 homines
1284 5003 1319 5039 x
1371 4985 1775 5057 Praeeptorum

157 5083 624 5152 transgressione
649 5082 735 5136 vel
775 5097 809 5134 x
847 5080 1129 5151 plagarum
1170 5077 1389 5149 {Egypti
1418 5079 1777 5148 percussione

158 5173 455 5229 maculosi
486 5172 685 5243 (Exod.
735 5173 857 5243 vn).
912 5172 1208 5227 Sciendum
1264 5179 1348 5226 est
1398 5181 1578 5227 autem
1630 5171 1777 5241 quod

158 5266 258 5320 ha
311 5265 506 5320 decent
548 5265 720 5335 plaga
758 5263 1047 5319 contraria
1092 5271 1220 5318 sunt
1258 5263 1445 5318 decem
1496 5263 1780 5334 praceptis

159 5355 340 5427 legis.
369 5353 555 5409 Prima
578 5356 733 5426 plaga
769 5363 851 5411 est
882 5371 1024 5426 aqua
1052 5371 1209 5413 versa
1225 5356 1280 5410 in
1304 5355 1661 5425 sanguinem;
1694 5372 1781 5413 se-

157 5446 394 5512 cunda,
429 5461 612 5513 rana;
662 5448 853 5514 tertia,
888 5447 1192 5517 sciniphes;
1225 5456 1441 5518 quarta,
1480 5462 1643 5503 omne
1689 5463 1781 5519 ge-

155 5556 283 5595 nus
346 5524 932 5609 muscarum;quinta,
961 5555 1112 5595 mors
1161 5540 1215 5594 in
1254 5554 1446 5611 pecora
1499 5539 1783 5611 Egyptia-

158 5641 304 5686 rum
326 5630 808 5700 ;,.sexta;pustula
831 5641 885 5685 et
916 5632 1108 5687 vesica
1136 5640 1414 5703 turgentes
1453 5632 1507 5685 in
1539 5631 1781 5687 homini-

157 5723 283 5781 huc
345 5730 404 5776 et
457 5720 757 5791 iumentis;
812 5723 1065 5791 septima,
1102 5723 1311 5794 grando
1371 5738 1534 5792 super
1591 5738 1782 5779 omnes

157 5813 407 5883 fruetus
453 5821 653 5885 prater
685 5813 989 5883 serotinos;
1022 5823 1233 5883 octava,
1262 5814 1507 5885 locusta,
1539 5832 1660 5887 qua
1691 5831 1784 5872 co-

1876 4639 2115 4698 tempore
2141 4640 2329 4696 pecus,
2353 4623 2447 4678 sed
2492 4622 2611 4693 ipso
2648 4632 2803 4677 motu
2850 4620 3135 4694 frangente
3181 4624 3466 4692 torpescit,

1878 4719 2052 4774 Homo
2082 4727 2264 4773 autem
2296 4717 2417 4773 ideo
2445 4733 2660 4787 semper
2690 4718 2895 4773 moveri
2926 4724 3125 4787 potest,
3149 4715 3278 4785 quia
3305 4722 3357 4768 et
3380 4729 3473 4767 rc-

1876 4812 2091 4868 frenare
2111 4820 2293 4867 motus
2316 4818 2513 4881 potest.
2544 4810 2767 4865 Sextum
2792 4820 3119 4879 praceptum
3142 4820 3225 4862 est
3252 4826 3264 4862 :
3299 4826 3319 4858 ι
3348 4804 3472 4861 Non

1876 4903 2092 4959 occides
2126 4901 2328 4971 (ibid.).
2366 4919 2383 4951 ι
2417 4898 2556 4953 Huic
2603 4908 2754 4954 sexta
2812 4900 2969 4969 plaga
3036 4896 3313 4953 contraria
3362 4905 3470 4962 est,

1880 4994 2090 5050 scilicet
2116 4993 2349 5062 pustula
2394 5000 2449 5046 et
2478 4991 2673 5045 vesica
2722 4988 2777 5044 in
2824 4989 2974 5045 omni
2997 5005 3179 5045 carne.
3206 4988 3364 5055 Quod
3397 4989 3477 5044 si-

1879 5086 2101 5157 gniﬁcat
2134 5084 2279 5139 sicut
2302 5098 2432 5139 caro
2466 5082 2783 5139 accenditur
2811 5082 2880 5138 ad
2923 5082 3109 5137 odium
3154 5080 3393 5152 proximi
3417 5089 3476 5138 et

1881 5176 1949 5231 ad
1978 5174 2313 5230 fundendum
2353 5173 2697 5246 sanguinem,
2726 5174 2806 5229 sic
2848 5174 3060 5229 ardebit
3103 5174 3228 5245 igne
3283 5173 3475 5227 aterni

1877 5267 2091 5339 judicii.
2125 5265 2429 5337 Septimum
2479 5276 2809 5336 praceptum
2849 5274 2970 5322 est:
3006 5285 3025 5318 ι
3058 5264 3177 5320 Non
3202 5264 3474 5319 furaberis

1884 5355 2084 5427 (ibid).
2117 5375 2136 5409 ι
2168 5354 2307 5412 Huic
2336 5365 2604 5426 praecepto
2634 5357 3015 5423 contrariaest
3037 5357 3267 5427 septima
3293 5355 3472 5429 plaga,

1884 5449 2094 5505 scilicet
2115 5448 2320 5519 grando
2349 5448 2403 5502 in
2437 5447 2724 5504 fructibus.
2764 5448 2920 5514 Quod
2960 5448 3268 5519 signiﬁcat:
3298 5444 3474 5513 Quid-

1883 5539 2015 5610 quid
2052 5539 2304 5609 proximo
2342 5536 2530 5593 furtim
2558 5536 2856 5604 subtrahis,
2889 5538 3128 5594 calestis
3161 5536 3329 5605 judex
3356 5537 3478 5589 vin—

1884 5630 2108 5688 dieabit.
2140 5627 2404 5685 Octavum
2448 5639 2777 5701 praceptum
2806 5637 2890 5683 est
2927 5646 2940 5681 :
2969 5647 2989 5680 ι
3022 5625 3142 5688 Non
3183 5627 3333 5682 dices
3376 5624 3481 5681 fal-

1885 5738 2007 5779 sum
2038 5721 2408 5778 testimonium
2429 5720 2629 5791 (ibid.).
2668 5740 2686 5772 ι
2717 5720 2854 5775 Huic
2876 5718 3151 5774 contraria
3175 5727 3259 5773 est
3287 5725 3480 5773 octava

1868 5817 2065 5895 plaga,
2084 5814 2327 5884 locusta,
2349 5813 2552 5870 animal
2578 5812 2736 5869 dente
2766 5809 3010 5868 noxium.
3029 5808 3186 5880 Quod
3212 5807 3483 5883 signiﬁcat

3192 5987 3221 5999 οὐ
