3976 6356
508 326 649 383 9135

1651 286 1979 373 wsnnent
2012 314 2308 373 ABBATlS
2344 316 2404 373 s.
2446 314 2668 373 BLASll

3650 306 3701 373 ’1
3710 319 3807 375 III

508 438 658 513 quod
712 435 875 493 fallax
918 433 1220 492 mordendo
1266 440 1321 487 et
1360 428 1672 487 mentiendo
1718 431 1924 486 nitatur
1950 428 2098 485 infe-
2125 437 2173 491 A
2199 430 2535 498 existimant,
2559 430 2644 487 vel
2664 429 2808 486 sicut
2837 429 2914 486 illi
2940 429 3034 502 qui
3058 429 3251 488 dicunt
3279 431 3337 488 in
3380 430 3495 488 fide
3527 435 3815 489 manenti-

508 541 657 589 stare
684 529 1016 601 proximum.
1041 523 1198 580 Unde
1230 521 1524 594 Apostolus
1551 522 1665 577 ait:
1696 541 1715 575 ι
1750 520 1806 577 Si
1834 521 2098 579 mordetis

508 631 566 679 et
590 620 877 678 comeditis
904 617 1161 683 invicem,
1189 615 1367 672 videte
1395 631 1464 673 ne
1501 615 1571 671 ab
1612 615 1845 672 invicem
1895 630 2098 672 consu-

507 713 737 770 mamini
768 710 914 783 (Gal.
946 710 1023 780 v).
1060 728 1080 761 ι
1112 707 1330 764 Nonum
1374 716 1705 779 praeceptum
1748 716 1877 764 est:
1918 727 1936 760 ι
1977 706 2097 763 Non

504 804 864 876 concupisces
892 819 1008 859 rem
1031 801 1267 874 proximi
1310 802 1391 856 tui
1414 800 1613 871 (Exod.
1639 800 1754 870 xx).
1788 820 1808 852 ι
1839 798 1977 856 Huic
2000 815 2099 870 op—

505 895 683 967 posita
734 903 821 950 cst
868 901 1063 949 octava
1115 892 1274 964 plaga
1299 932 1316 956 ,
1368 890 1580 947 scilicet
1623 889 1807 945 densae
1838 889 2094 945 tenebrae.

504 984 661 1054 Quod
691 983 963 1054 signiﬁcat
982 982 1037 1039 in
1074 981 1315 1038 tenebris
1335 996 1458 1037 esse
1506 988 1562 1036 ct
1588 979 1657 1035 ad
1685 987 1918 1036 aeternas
1942 988 2096 1035 tene-

500 1076 631 1133 bras
656 1072 881 1131 tendere
903 1072 998 1144 qui
1033 1072 1183 1144 quod
1207 1071 1314 1128 sibi
1338 1087 1449 1128 non
1476 1071 1615 1149 vult,
1639 1071 1744 1127 hoc
1780 1071 1874 1126 alii
1920 1070 2098 1126 medi»

502 1176 653 1224 tatur
675 1165 898 1223 inferre.
926 1163 1208 1223 Decimum
1236 1172 1564 1235 praeceptum
1586 1173 1671 1220 est
1702 1183 1715 1219 :
1759 1183 1778 1215 ι
1806 1162 1925 1220 Non
1953 1161 2101 1219 desi-

502 1259 725 1317 derabis
754 1273 985 1315 uxorem
1034 1256 1271 1328 proximi
1324 1256 1401 1312 tui
1449 1257 1651 1328 (ibid.).
1694 1254 1814 1311 Non
1852 1271 2095 1320 servum,

503 1368 615 1409 non
638 1350 913 1407 ancillam.
946 1369 965 1402 ι
1002 1349 1141 1405 iluic
1168 1357 1441 1420 praecepto
1478 1348 1754 1404 contraria
1776 1357 1859 1404 est
1886 1348 2098 1404 decima

501 1445 682 1517 plaga,
707 1444 918 1501 scilicet
961 1458 1112 1498 mors
1148 1441 1658 1512 primogenitorum.
1689 1439 1845 1507 Quod
1888 1439 2101 1511 signiti-

502 1546 595 1592 cat
624 1534 773 1607 quod
803 1534 897 1606 qui
921 1534 1112 1590 volunt
1139 1532 1482 1589 haereditarie
1508 1531 1685 1587 aliena
1720 1531 2019 1602 possidere,
2042 1539 2099 1587 ct

503 1626 815 1682 desiderant
856 1634 1086 1680 mortem
1137 1630 1575 1678 momentaneam
1607 1621 1862 1687 aliorum,
1915 1621 2099 1675 incur-

504 1721 634 1767 runt
657 1722 942 1768 artetnani.
974 1708 1071 1766 llis
1102 1710 1289 1765 decem
1323 1708 1497 1780 plagis
1528 1723 1627 1777 pro
1663 1707 2096 1780 transgressione

502 1805 689 1861 decem
723 1812 1118 1874 praeceptorum
1154 1801 1287 1873 legis
1311 1779 1469 1856 erant
1510 1799 1762 1855 homines
1807 1799 2094 1865 maculosi,
2126 1779 2170 1834 Β

503 1906 560 1952 ct
594 1897 753 1968 quasi
784 1913 851 1951 ex
900 1895 1260 1967 percussione
1309 1907 1501 1947 carum
1546 1891 1769 1961 leprosi.
1802 1890 1907 1958 Qui
1937 1907 1969 1945 a
1998 1890 2098 1946 do-

509 1989 660 2044 mino
688 1988 759 2044 ad
784 1986 1095 2044 sacerdotes
1117 1985 1479 2051 destinantur,
1502 1983 1596 2039 sed
1638 1983 1692 2037 in
1723 1982 1916 2038 itinere
1942 1998 2098 2038 mun-

504 2072 725 2145 dantur,
738 2078 867 2149 quia
880 2077 1007 2133 dum
1024 2085 1338 2147 peccatores
1349 2075 1542 2130 delicta
1562 2089 1660 2129 sua
1672 2072 1914 2129 conﬁteri
1935 2073 2002 2128 ad
2014 2088 2097 2129 sa-

501 2166 750 2223 cerdotes
761 2173 1010 2233 currunt,
1025 2164 1276 2236 protinus
1294 2164 1507 2219 veniam
1523 2163 1590 2219 de
1604 2162 1914 2219 commissis
1929 2163 2097 2219 habe-

498 2262 655 2319 bunt.
684 2261 838 2319 Unus
857 2263 952 2333 qui
999 2278 1098 2334 pro
1121 2261 1353 2317 sanitate
1375 2270 1555 2332 grates
1577 2260 1851 2317 retulitest
1873 2260 2097 2317 catholi-

496 2370 599 2410 cus
615 2354 850 2425 populus
862 2353 1070 2425 quipro
1081 2352 1254 2409 salute
1277 2368 1375 2408 sua
1395 2352 1600 2423 jngiter
1623 2350 1735 2407 Deo
1744 2351 1950 2422 gratias
1961 2351 2091 2423 agit.

956 2444 1034 2498 De
1055 2460 1147 2498 sex
1169 2443 1437 2513 speciebus
1460 2444 1641 2514 leprw.

574 2556 595 2589 ι
632 2533 807 2590 llomo
832 2535 886 2591 in
912 2535 1073 2607 cujus
1100 2552 1265 2592 carne
1292 2543 1348 2590 et
1377 2545 1503 2591 cute
1529 2544 1685 2590 ortus
1724 2533 1890 2591 fuerit
1914 2536 2096 2592 diver—

497 2644 597 2685 sus
621 2626 774 2683 color
810 2625 931 2682 sine
970 2627 1214 2697 pustula,
1239 2627 1319 2682 vel
1360 2628 1517 2698 quasi
1562 2628 1749 2684 lucens
1789 2629 2093 2699 quidpiam,

499 2718 556 2775 id
581 2727 667 2775 est
690 2716 847 2789 plaga
871 2718 1056 2789 leprze,
1105 2718 1407 2775 adducetur
1436 2719 1502 2774 ad
1540 2718 1723 2774 Aaron
1756 2720 2094 2776 sacerdotem

495 2807 584 2865 vel
606 2808 1076 2881 unumquemlibet
1118 2808 1354 2863 ﬁliorum
1384 2808 1525 2880 ejus.
1558 2807 1802 2880 Quisque
1853 2826 1979 2866 cum
2011 2810 2095 2865 vi~

495 2900 639 2956 derit
658 2900 865 2971 lepram
889 2899 944 2954 in
972 2906 1122 2967 cute,
1139 2907 1195 2955 et
1222 2898 1362 2970 pilos
1389 2899 1445 2955 in
1468 2899 1594 2955 albo
1642 2908 1882 2956 mutatos
1911 2901 2095 2959 colore

494 2992 649 3065 hpra
676 3000 782 3059 est,
807 3001 862 3049 et
902 2990 970 3047 ad
1022 2991 1312 3047 arbitrium
1363 2991 1485 3062 ejus
1533 2991 2090 3063 separabitur(Levit.

495 3085 645 3184 ιιιι)ἶ
680 3104 699 3138 ι
730 3083 904 3184 Lepra
932 3084 1134 3184 quippe
1162 3082 1411 3184 doctrina
1436 3082 1573 3184 falsa
1606 3093 1709 3184 est.
1743 3083 2092 3184 Droindele-
2120 3125 2163 3184 α

496 3175 648 3247 prosi
695 3191 806 3231 non
851 3174 1089 3231 absurde
1119 3173 1495 3245 intelliguntur
1524 3175 1760 3231 hmretici
1791 3175 1886 3246 qui
1912 3176 2094 3230 unita-

493 3277 607 3323 tem
641 3282 784 3323 ναι-ω
823 3265 948 3322 ﬁdei
977 3281 1085 3321 non
1120 3265 1382 3322 habentes
1404 3266 1585 3322 varias
1609 3265 1887 3322 doctrinas
1920 3266 2083 3336 proﬁ-

496 3367 683 3413 tentur
710 3373 948 3430 veraque
979 3355 1132 3413 falsis
1162 3356 1466 3414 admiscent
1495 3374 1509 3411 :
1539 3359 1682 3412 sicut
1715 3364 1775 3424 ,et
1813 3356 1962 3426 lepra
2001 3371 2094 3412 ve-

495 3449 574 3507 ris
626 3450 888 3522 falsisque
924 3449 1059 3507 locis
1104 3450 1347 3506 humana
1384 3463 1617 3518 corpora
1644 3447 1905 3503 variando
1935 3463 2090 3503 com-

493 3544 753 3602 maculat.
783 3544 959 3616 Hujus
987 3545 1196 3600 scilicet
1247 3544 1411 3614 lepra:
1458 3542 1768 3597 invenimus
1812 3541 2090 3615 legislato-

494 3650 610 3691 rem
638 3649 732 3690 sex
756 3634 967 3704 species
996 3634 1050 3689 in
1078 3633 1301 3689 homine
1319 3631 1569 3703 posuisse
1594 3649 1609 3686 :
1632 3631 1863 3702 primam
1894 3634 2094 3704 capitis

492 3716 550 3780 ct
572 3724 776 3792 barbae,
808 3723 1106 3780 secundam
1133 3722 1333 3780 calvitii
1362 3731 1417 3778 et
1444 3722 1843 3791 recalvationis,
1871 3724 2087 3780 tertiam

493 3814 679 3872 carnis
700 3823 756 3871 et
776 3814 940 3882 cutis,
963 3823 1217 3886 quartam
1255 3815 1399 3872 cutis
1431 3823 1488 3870 et
1516 3815 1765 3886 corporis
1791 3824 1846 3871 et
1872 3817 2089 3872 cicatri-

492 3907 574 3964 cis
606 3907 743 3963 albte
788 3922 916 3964 cum
942 3906 1174 3972 rubore;
1208 3907 1457 3978 quintam
1512 3906 1713 3964 ulceris
1758 3918 1813 3963 et
1868 3909 2089 3965 cicatri~

491 4000 613 4068 eis;
691 4007 904 4056 sextam
961 3999 1198 4057 ustionis
1263 3999 1430 4071 (ibid.
1451 3998 1493 4071 ).
1547 3998 1606 4054 In
1657 4000 1833 4070 capite
1880 4000 2086 4071 lepram

489 4102 712 4165 portant
738 4092 833 4164 qui
866 4092 923 4147 in
949 4092 1234 4147 divinitate
1262 4089 1444 4147 Patris
1472 4091 1558 4147 vel
1605 4091 1664 4147 in
1720 4092 1841 4163 ipso
1886 4092 2083 4162 capite,

489 4186 639 4257 quod
691 4194 777 4240 est
822 4183 1099 4251 Christus,
1123 4190 1374 4255 peccant.
1406 4181 1584 4254 Caput
1627 4181 1776 4237 enim
1805 4182 1906 4237 viri
1933 4181 2086 4237 Chri-

489 4280 631 4333 stus.
663 4274 816 4331 Hanc
849 4275 1059 4347 lepram
1113 4275 1425 4331 habuerunt
1469 4271 1666 4341 Judaei,
1691 4272 2080 4342 Valentiniani,

488 4367 826 4424 Marcianitze
849 4376 904 4423 et
931 4365 1207 4422 Fotiniani
1236 4384 1250 4422 :
1279 4365 1373 4437 qui
1407 4380 1601 4422 omnes
1646 4365 1700 4420 in
1745 4367 1964 4422 calvitio
1992 4367 2082 4425 le-

2196 522 2323 591 bus,
2345 523 2600 595 quamvis
2643 523 2935 579 carnaliter
2960 523 3167 591 vivant,
3204 539 3317 580 non
3341 539 3513 595 posse
3542 524 3811 595 imputari

2197 625 2441 687 peccata.
2464 615 2523 671 In
2568 616 2825 674 cicatrice
2870 616 3047 672 sanati
3075 616 3279 673 ulceris
3332 617 3551 686 lepram
3604 628 3811 688 ponat,

2197 705 2295 776 qui
2325 716 2449 776 post
2466 706 2839 778 cognitionem
2880 715 2935 762 et
2970 707 3300 763 medicinam
3348 706 3451 762 Dei
3480 717 3539 763 et
3573 708 3809 765 manifeo

2199 798 2489 855 stationem
2525 798 2651 855 ﬁdei
2680 814 2846 871 quam
2872 814 2904 855 a
2930 797 3152 854 Christo
3197 800 3467 870 suscepit,
3498 816 3712 857 rursus
3760 805 3811 859 in

2198 889 2318 960 ipsa
2349 890 2604 948 cicatrice
2631 891 2843 948 accedit
2880 892 2948 947 ad
2994 892 3219 962 aliquod
3244 891 3459 947 erroris
3482 894 3703 963 prioris
3734 895 3811 950 in-

2197 983 2426 1051 dicium,
2472 984 2655 1040 autad
2679 983 2963 1055 perﬁdiam
2992 984 3192 1041 veteris
3214 983 3523 1054 dogmatis.
3554 983 3623 1039 In
3654 1002 3813 1044 eam

2197 1075 2319 1129 viva
2345 1082 2559 1146 gestant
2584 1074 2813 1145 lepram,
2837 1075 2932 1145 qui
2963 1074 3032 1130 de
3070 1075 3257 1130 anima
3296 1091 3426 1146 quae
3449 1076 3571 1132 vita
3600 1088 3693 1133 est
3716 1080 3811 1134 ali-

2199 1166 2344 1236 quod
2369 1165 2565 1221 falsum
2589 1166 2925 1233 existimant,
2958 1166 3102 1222 sicut
3122 1167 3199 1221 illi
3220 1165 3316 1236 qui
3340 1165 3545 1222 dicunt
3571 1169 3813 1226 animam

2198 1254 2267 1310 de
2288 1255 2472 1311 carnis
2498 1255 2804 1312 substantia
2834 1266 3214 1328 propagatam,
3242 1268 3300 1314 et
3347 1260 3504 1315 sicut
3544 1259 3655 1330 qui
3700 1260 3811 1315 ani-

2199 1361 2345 1401 mam
2374 1347 2541 1402 simul
2581 1362 2706 1401 cum
2737 1362 2969 1416 corpore
3012 1348 3155 1403 mori
3202 1356 3423 1418 putant.
3456 1348 3521 1404 ιιι
3560 1350 3813 1406 cicatrice

2199 1437 2438 1493 ustionis
2466 1437 2673 1508 lepram
2710 1436 2915 1493 habent
2955 1436 3264 1505 Manichaei,
3296 1440 3394 1510 qui
3440 1440 3609 1495 inani
3654 1441 3813 1496 alisti-

2198 1527 2399 1584 nentia:
2432 1528 2678 1584 cruciatu
2708 1544 2940 1599 corpora
2970 1543 3071 1585 sua
3111 1540 3379 1597 exurunt,
3398 1539 3464 1586 et
3492 1547 3602 1601 per
3634 1531 3813 1587 inﬁde-

2198 1620 2405 1674 litatem
2449 1634 2558 1674 non
2592 1619 2916 1674 munditiam
2939 1661 2954 1684 ,
2983 1620 3079 1675 sed
3127 1621 3337 1691 lepram
3392 1622 3532 1677 inde
3562 1623 3811 1694 gignunt.

2200 1711 2277 1766 De
2305 1713 2505 1768 talibus
2530 1712 2679 1767 enim
2717 1713 2847 1767 dicit
2870 1712 3163 1782 Apostolus
3197 1733 3211 1768 :
3244 1734 3265 1766 ι
3304 1712 3650 1781 Discedent,
3682 1734 3702 1766 ι
3736 1717 3815 1770 in-

2199 1804 2338 1874 quit,
2372 1823 2390 1854 ι
2421 1803 2643 1874 quidam
2673 1819 2705 1858 a
2744 1802 2873 1869 ﬁde,
2901 1803 3242 1861 attendentes
3270 1805 3585 1875 spiritibus
3614 1808 3812 1861 errori

2198 1902 2255 1950 et
2282 1894 2546 1949 doctrinis
2594 1893 3014 1963 daemoniorum,
3054 1893 3110 1949 in
3165 1894 3461 1966 hypocrisi
3529 1896 3810 1965 loquentes

2199 1987 2544 2042 mendacium
2574 2027 2590 2053 ,
2620 1996 2676 2041 et
2726 1986 3085 2042 cauteriatam
3134 2002 3292 2043 suam
3356 1986 3647 2043 habentes
3692 2003 3808 2043 col-

2198 2078 2507 2142 scientiam,
2545 2077 2895 2148 prohibentes
2925 2076 3163 2145 nubere,
3197 2088 3253 2133 et
3284 2078 3589 2135 abstinere
3625 2095 3660 2134 a
3688 2079 3813 2134 cibis

2197 2184 2339 2240 quos
2364 2170 2508 2225 Deus
2540 2167 2748 2224 creavit
2773 2166 2827 2237 (Ι
2862 2166 3000 2223 Tim.
3036 2168 3133 2236 tv).
3165 2185 3184 2219 ι

2270 2258 2376 2315 Sed
2401 2259 2581 2315 adhuc
2609 2258 2796 2329 adjicit
2825 2259 3038 2315 colores
3068 2258 3377 2328 lepramm,
3416 2259 3481 2315 id
3523 2270 3615 2315 est
3650 2260 3803 2330 pallio

2196 2353 2347 2419 dam,
2378 2353 2688 2418 rubentem,
2723 2350 3188 2419 albam,lividam,
3222 2351 3476 2420 nigram,
3512 2352 3812 2408 ﬂor-escen-

2197 2454 2307 2501 tem
2343 2444 2533 2517 (Leuit.
2568 2444 2714 2513 xui).
2747 2441 2935 2513 Itaque
2970 2442 3100 2498 dum
3130 2443 3392 2513 pallidam
3430 2442 3663 2514 lepram
3692 2445 3811 2500 dicit

2197 2536 2526 2592 imbecillem
2573 2544 2629 2590 et
2666 2534 2915 2606 fragilem
2966 2535 3128 2591 ﬁdem
3176 2535 3351 2590 animi
3390 2535 3665 2601 denotat,
3698 2552 3809 2607 quae

2196 2627 2414 2698 prodito
2440 2625 2625 2682 colore
2668 2625 2944 2697 nigritatis
2981 2625 3187 2681 erroris
3219 2624 3563 2683 inﬁrmitate
3590 2629 3809 2699 langue-

2197 2718 2320 2774 scit.
2353 2716 2494 2772 Cum
2531 2724 2714 2771 autem
2761 2716 3123 2772 rubicundam
3168 2716 3381 2788 lepram
3414 2719 3681 2774 ostendit
3715 2720 3807 2774 ho-

2196 2806 2402 2863 micidii
2431 2820 2627 2862 cruore
2666 2803 2898 2862 infectos
2943 2805 3167 2862 denotat
3208 2815 3263 2862 et
3314 2807 3466 2875 urit;
3518 2825 3653 2865 cum
3686 2826 3807 2865 vero

2195 2900 2399 2966 albam,
2431 2899 2554 2955 illos
2581 2898 2675 2970 qui
2706 2913 2766 2954 se
2794 2897 3033 2954 mundos
3060 2899 3360 2970 appellant,
3398 2901 3528 2957 sive
3562 2902 3689 2958 illos
3714 2904 3803 2973 qui

2194 2992 2263 3048 de
2291 2990 2433 3047 falso
2459 2990 2657 3046 merito
2685 2991 3009 3062 gloriantur.
3039 2990 3178 3047 Cum
3203 2992 3389 3048 albam
3434 2995 3534 3050 vel
3582 2995 3803 3051 lividam

2197 3086 2404 3156 lepram
2429 3090 2844 3151 commemorat,
2869 3082 3086 3138 invidiae
3106 3084 3193 3139 vel
3214 3084 3410 3141 livoris
3428 3096 3605 3142 notas
3624 3087 3805 3158 expri-

2196 3178 2317 3233 mit.
2346 3176 2485 3232 Cum
2516 3192 2648 3233 vero
2674 3176 2888 3248 nigram
2938 3175 3206 3244 insinuat,
3235 3176 3659 3235 sacriﬁciorum
3694 3180 3805 3235 fur-

2195 3285 2268 3326 no
2296 3279 2351 3327 et
2372 3269 2537 3326 busto
2554 3268 2881 3325 idololatriae
2909 3268 3248 3340 denigratam
3280 3271 3800 3328 cunscientiamde-

2194 3369 2460 3429 testatur;
2493 3375 2619 3417 cum
2652 3359 3054 3427 ﬂereseentem,
3083 3368 3201 3416 toto
3229 3375 3492 3432 corpore,
3520 3372 3581 3418 et
3601 3378 3798 3434 coope-

2194 3452 2423 3508 rientem
2450 3451 2761 3523 pelliculam
2805 3450 3056 3522 corporis
3093 3467 3124 3506 a
3153 3452 3333 3522 capite
3382 3468 3571 3524 usque
3606 3456 3677 3511 ad
3706 3470 3799 3525 pe.

2193 3542 2293 3598 des
2317 3542 2471 3610 dicit,
2499 3542 2742 3598 avaritiae
2768 3541 2976 3598 crimen
3015 3543 3279 3612 ostendit,
3308 3546 3443 3614 quia
3488 3563 3625 3602 cum
3656 3546 3799 3603 ﬁeri.

2192 3631 2324 3688 dum
2354 3641 2407 3688 et
2427 3632 2733 3703 jucundum
2765 3632 3042 3688 hominem
3075 3643 3274 3705 putant
3316 3635 3546 3693 felicem
3576 3654 3705 3694 esse
3742 3640 3795 3694 in

2191 3724 2299 3781 hoc
2350 3724 2637 3796 mundo-ct
2661 3723 2882 3780 divitem
2926 3725 3117 3793 videri,
3163 3734 3298 3782 tunc
3341 3731 3521 3798 pest‘s
3552 3731 3799 3785 avaritia

2191 3832 2357 3872 omne
2402 3832 2574 3889 genus
2610 3816 2894 3871 hominum
2922 3817 3081 3887 quasi
3114 3826 3291 3874 totum
3337 3835 3557 3891 corpus
3600 3824 3798 3879 crebro

2188 3908 2393 3964 erroris
2422 3905 2566 3962 illius
2592 3906 2848 3977 contagio
2882 3909 3266 3964 commaculat.
3305 3909 3447 3966 Cum
3481 3923 3679 3969 autem
3717 3914 3797 3970 le-

2188 4013 2343 4069 pram
2378 3997 2545 4053 habet
2571 4012 2696 4053 cum
2726 3998 2930 4055 rubore
2963 4007 3018 4054 et
3043 3999 3250 4069 pallore
3273 4003 3631 4073 permistam,
3670 4021 3797 4062 eum

2188 4091 2466 4147 hominem
2497 4090 2722 4146 denotat
2765 4093 2882 4161 qui,
2912 4106 3039 4146 cum
3078 4092 3154 4147 sit
3183 4093 3483 4150 imbecillis
3516 4098 3715 4153 animo
3740 4106 3795 4154 ct

2187 4181 2444 4250 mendax,
2493 4179 2655 4237 facile
2702 4181 2758 4237 in
2810 4180 3053 4238 furorem
3098 4187 3434 4256 prorumpit,
3455 4196 3516 4242 et
3572 4189 3795 4246 levitate

2186 4288 2315 4328 mox
2353 4271 2510 4328 facile
2540 4272 2765 4342 petulat.
2794 4271 2979 4328 Patior
3008 4275 3365 4331 mentientem
3408 4277 3669 4349 linguam
3720 4282 3795 4336 si-

2186 4364 2428 4435 gniﬁcat,
2469 4363 2639 4418 rubor
2680 4379 2810 4418 vero
2858 4364 3221 4422 iracundiam.
3262 4366 3361 4423 Est
3399 4378 3593 4425 autem
3644 4372 3791 4443 lepra

487 4475 641 4530 pram
675 4468 892 4532 gerunt,
920 4459 1049 4529 quia
1082 4473 1331 4514 errorem
1373 4472 1537 4513 suum
1585 4469 1772 4529 aperta
1814 4460 2083 4529 pravitate
2116 4476 2162 4531 ι)
2188 4454 2419 4525 ρθευειιὶ,
2447 4469 2571 4523 quae
2595 4453 2994 4510 sacrificiorum
3021 4456 3398 4514 oblationibus
3426 4463 3793 4531 emundatar,

485 4540 805 4611 defendunt.
822 4552 878 4607 ιιι
900 4552 1067 4607 barba
1092 4551 1299 4622 lepram
1327 4561 1542 4622 gerunt,
1560 4551 1657 4622 qui
1675 4550 1742 4605 de
1759 4551 2020 4623 apostolis
2033 4562 2088 4608 et

489 4647 694 4704 sanctis
722 4645 931 4702 Christi
974 4644 1180 4717 aliquid
1209 4658 1462 4714 perverse
1504 4646 1768 4710 sentiunt,
1798 4653 1962 4716 atque
1989 4661 2086 4702 eos

486 4754 714 4810 pravum
740 4738 1020 4810 quodlibet
1046 4735 1370 4808 praedicasse
1391 4737 1729 4807 conﬁngunt.
1756 4735 1910 4795 Sicut
1937 4738 2084 4795 enim

485 4829 658 4886 barba
684 4838 1075 4887 ornamentum
1100 4836 1186 4884 est
1216 4827 1355 4896 ﬁeri,
1388 4827 1460 4884 ita
1493 4827 1703 4885 scilicet
1746 4828 1994 4899 Apostoli
2030 4836 2085 4886 et

484 4920 742 4977 doctores
771 4929 1159 4978 ornamentum
1185 4928 1446 4991 praestant
1489 4920 1545 4975 in
1595 4934 1824 4990 corpore
1851 4920 2080 4982 Christi.

485 5011 729 5079 Corpore
756 5012 962 5083 lepram
985 5013 1187 5069 habent
1205 5013 1300 5083 qui
1324 5011 1580 5070 Ecclesiae
1602 5013 1917 5080 detrahunt,
1940 5014 2085 5071 sicut

483 5100 747 5157 Exariani
778 5104 875 5173 qui
902 5111 1103 5174 negant
1132 5104 1316 5160 carnis
1342 5103 1824 5173 resurrectionem,
1850 5114 1905 5161 et
1939 5106 2084 5163 sicut

481 5188 795 5257 Novatiani,
818 5191 914 5263 qui
943 5192 1163 5261 nuptias
1192 5192 1473 5262 damnant,
1496 5201 1553 5249 et
1586 5195 1939 5264 peccantibus
1958 5212 2081 5268 pte-

483 5282 787 5341 nitentibus
842 5283 1136 5354 denegant,
1167 5293 1222 5338 et
1276 5284 1423 5339 sicut
1463 5298 1531 5339 ex
1579 5285 1749 5343 calice
1793 5289 1890 5359 qui
1939 5288 2083 5345 inter

483 5374 622 5432 alios
646 5390 864 5432 errores
888 5388 1116 5446 regnum
1139 5372 1405 5430 caelorum
1434 5375 1697 5446 parvulos
1736 5376 1939 5434 habere
1966 5394 2079 5436 non

482 5467 732 5535 credunt;
760 5477 816 5524 et
844 5466 1035 5523 Ariani
1085 5465 1185 5538 qui
1214 5473 1396 5522 vetant
1444 5448 1545 5537 pro
1585 5467 1858 5527 defunctis
1895 5469 2079 5527 oﬂ'erri

482 5559 839 5639 sacriﬁcium.
869 5559 930 5617 In
957 5574 1123 5618 carne
1151 5567 1207 5615 et
1240 5567 1366 5616 cute
1408 5558 1615 5635 lepram
1646 5560 1804 5633 gerit,
1828 5563 1922 5634 qui
1958 5577 2079 5618 car-

484 5649 628 5705 nalia
657 5652 749 5721 vel,
784 5651 1054 5709 exteriora
1086 5650 1318 5709 suadere
1353 5660 1606 5721 conatur,
1627 5660 1688 5709 ut
1712 5652 2075 5734 Cerintliianj,

483 5741 579 5815 qui
626 5743 1082 5802 resurrectionem
1136 5742 1379 5811 futuram
1432 5744 1494 5800 in
1541 5744 1725 5801 carnis
1800 5744 2076 5816 voluptate

2188 4547 2243 4604 id
2270 4555 2355 4603 est
2376 4547 2540 4604 corde
2566 4548 2804 4602 contrito
2831 4556 2887 4602 et
2912 4547 3221 4604 humiliato.
3240 4550 3339 4607 Est
3360 4562 3419 4607 et
3436 4552 3789 4621 idololatria,

2187 4653 2310 4709 qua:
2337 4654 2477 4710 aqua
2506 4638 2746 4694 abluitur
2783 4639 3063 4711 baptismi.
3092 4640 3193 4698 Est
3220 4642 3620 4703 htereticorum
3670 4649 3787 4719 qui,

2186 4746 2262 4785 vn
2302 4730 2515 4785 dierum
2560 4732 2883 4802 purgatione
2912 4744 3065 4789 extra
3109 4744 3293 4791 castra
3336 4752 3463 4794 esse
3490 4738 3786 4808 iubentur,

2186 4837 2247 4884 ut
2275 4844 2372 4899 per
2399 4827 2736 4899 septiformis
2762 4830 3002 4900 Spiritus
3029 4832 3368 4903 agnitionem
3392 4835 3786 4905 purifieentnr.

2184 4919 2282 4976 Est
2304 4929 2357 4976 et
2379 4935 2501 4991 quae
2522 4920 2662 4977 visui
2691 4922 3040 4978 sacerdotum
3069 4923 3301 4979 offertur
3321 4940 3421 4995 per
3440 4926 3783 4982 doctrinam.

2185 5010 2352 5068 Ulcus
2378 5021 2559 5069 autem
2590 5013 2754 5083 leprae
2787 5014 2935 5084 quod
2965 5013 3196 5072 omnino
3226 5016 3485 5073 mundari
3529 5034 3644 5074 non
3684 5035 3789 5090 po-

2185 5109 2310 5170 test,
2340 5118 2530 5158 eorum
2570 5114 2655 5159 est
2685 5104 2779 5174 qui
2829 5105 2884 5159 in
2915 5105 3181 5176 Spiritum
3222 5117 3479 5165 sanctum
3519 5122 3785 5180 peccant,

2183 5208 2285 5251 nec
2310 5194 2501 5253 dicunt
2538 5195 2867 5266 poenitentes
2910 5211 3074 5266 posse
3109 5201 3375 5272 consequi
3410 5202 3657 5258 veniam.
3706 5202 3785 5259 De

2182 5285 2270 5343 his
2297 5294 2479 5342 autem
2506 5287 2585 5342 ait
2606 5284 2819 5343 Veritas
2844 5305 2861 5341 :
2894 5307 2918 5340 ι
2946 5287 3053 5357 Qui
3083 5293 3391 5359 peccaverit
3416 5293 3473 5348 in
3500 5291 3785 5365 Spiritum

2180 5388 2454 5449 sanctum,
2488 5399 2506 5432 ο
2549 5396 2657 5435 non
2693 5380 3003 5450 remittetur
3030 5383 3087 5439 ei
3111 5399 3290 5455 neque
3330 5386 3384 5440 in
3417 5386 3522 5442 hoc
3568 5386 3782 5444 seculo

2179 5487 2357 5545 neque
2406 5473 2465 5527 in
2518 5471 2722 5530 futuro.
2782 5473 2939 5542 Quod
2989 5490 3119 5533 vero
3157 5478 3385 5547 jubetur
3428 5478 3672 5550 leprosis
3720 5490 3782 5536 It

2179 5574 2374 5620 exeant
2396 5564 2463 5621 de
2490 5565 2687 5621 castris
2712 5576 2767 5622 et
2800 5566 3027 5625 sedeant
3070 5568 3229 5638 foris,
3256 5572 3432 5627 donec
3467 5572 3781 5628 mandetur

2178 5655 2327 5728 lepra
2352 5656 2904 5730 corum,intelligitur
2932 5659 3222 5718 hmretieos
3248 5661 3448 5718 debere
3473 5664 3677 5734 projiei
3702 5664 3780 5719 ab

2180 5747 2451 5818 Ecclesia,
2477 5750 2652 5809 donec
2678 5765 2710 5804 a
2739 5751 2962 5823 proprio
2993 5769 3180 5811 errore
3208 5755 3569 5827 mundcntur,
3604 5766 3662 5813 et
3688 5756 3775 5813 ἐς

3938 0 3950 335 1
