3976 6356
113 444 290 500 H37
1081 435 1657 493 DEFLORATIONES
1698 434 1798 490 SS.
1840 430 2152 490 PATRUM.
2190 462 2260 473 -
2296 431 2426 489 LIB.
2471 432 2533 488 η.
3285 430 3424 488 H58

113 565 520 614 revertantur.
562 555 852 627 Ejusmodi
896 569 1028 612 vero
1062 554 1346 613 dissolutis
1391 555 1613 619 tunicis,
1650 568 1744 609 ca-
1771 555 1819 614 Α
1844 550 2007 623 vigila
2051 565 2217 621 supra
2260 551 2505 607 actiones
2532 557 2661 606 tuas
2691 567 2706 605 :
2733 548 3053 620 pastoribus
3071 547 3455 620 vigilantibus.

114 651 252 721 pite
296 648 669 719 discooperto,
699 657 753 703 et
783 663 879 703 ore
925 647 1190 703 obvoluto
1226 648 1416 704 sedere
1453 646 1736 716 juheutur,

114 742 564 797 mundationcm
616 742 780 812 lepra:
815 751 1236 812 exspectantes:
1276 741 1558 798 dissolutis
1591 740 1738 796 tuni-

115 834 240 899 cis,
276 832 335 887 id
367 842 451 888 est
480 833 739 889 omnibus
780 834 1004 889 secretis
1034 832 1358 897 manifestis.
1405 833 1583 903 capite
1626 832 1742 888 dis-

117 933 439 994 cooperto,
494 932 613 978 uta
645 924 858 980 cunctis
903 925 1022 995 ejus
1065 925 1291 980 nudatio
1318 914 1600 993 videatur;
1643 939 1740 980 ore

111 1014 362 1081 clauso,
396 1029 465 1069 ne
508 1015 739 1071 ulterius
786 1015 951 1086 impia
994 1016 1185 1071 doceat
1210 1017 1295 1071 vel
1324 1016 1598 1087 loquatur.
1631 1014 1739 1072 Sed

116 1103 330 1158 adhuc
361 1104 561 1173 adjecit
610 1102 893 1175 Scriptura
923 1106 1129 1176 lepram
1180 1121 1304 1163 esse
1346 1107 1400 1161 in
1431 1107 1600 1173 vasis,
1640 1122 1740 1179 pa-

118 1194 384 1250 rietibus
407 1196 627 1264 domus,
660 1198 715 1253 in
743 1199 1090 1267 vestimento,
1119 1201 1259 1255 intra
1289 1201 1607 1257 maceriam.
1634 1200 1738 1260 Le-

117 1302 239 1359 pra
286 1286 345 1341 in
384 1287 685 1357 parietibus
723 1290 922 1346 domus
967 1289 1346 1347 haereticorum
1390 1293 1739 1365 congregatio

121 1379 464 1443 denotatur,
496 1395 619 1450 quae
654 1395 752 1450 per
791 1381 1131 1437 sacerdotem
1162 1382 1385 1454 purgari
1422 1383 1601 1440 debet.
1634 1383 1740 1441 Le-

122 1472 238 1544 pra
279 1471 338 1526 in
365 1472 608 1527 vasculis
647 1472 947 1543 unicuique
987 1473 1196 1528 homini
1235 1474 1441 1546 proprii
1490 1477 1737 1548 corporis

124 1562 430 1618 delictum.
476 1561 649 1634 Lepra
682 1564 737 1618 in
771 1564 1028 1621 domibus
1056 1567 1139 1621 vel
1165 1566 1219 1620 in
1250 1567 1597 1636 vestimento,
1614 1584 1738 1640 quae

126 1665 301 1712 extra
347 1670 549 1726 corpus
580 1656 920 1723 nutriuntur,
965 1658 1053 1712 vel
1095 1674 1219 1728 qua:
1264 1658 1318 1713 in
1351 1659 1472 1729 ipso
1507 1675 1737 1731 corpore

130 1757 556 1820 perpetrantur,
596 1757 778 1803 tamen
818 1762 872 1805 et
901 1749 1143 1806 hominis
1184 1750 1367 1806 anima
1397 1753 1733 1824 intelligitur,

131 1847 193 1893 et
226 1847 414 1893 turma
448 1838 757 1895 mollissimi
787 1840 1037 1900 corporis
1068 1856 1283 1897 sensus.
1319 1841 1476 1910 Quod
1503 1859 1629 1900 vero
1652 1844 1735 1900 le-

129 1930 300 1999 prosi
350 1930 406 1984 in
457 1930 574 1999 lege
612 1931 679 1986 ad
726 1931 1065 1988 sacerdotem
1103 1933 1416 2002 mittuntur,
1457 1934 1737 2006 judicatur

130 2035 247 2090 pro
299 2022 656 2077 mundatione
702 2022 1086 2079 brereticorum
1137 2041 1320 2081 annua
1365 2028 1633 2084 sacrificia
1680 2030 1734 2084 in

132 2111 392 2167 Ecclesia
440 2114 638 2170 debere
683 2113 886 2181 offerri,
923 2123 978 2170 et
1015 2116 1095 2173 sic
1134 2118 1477 2177 reconciliari
1526 2120 1737 2177 unitate

132 2201 425 2259 Ecclesiae.

135 2299 434 2357 Horalitas
466 2303 531 2359 de
573 2301 827 2378 Naaman
871 2303 1030 2378 Syro,
1061 2314 1110 2361 et
1140 2307 1227 2362 die
1263 2308 1484 2378 septimo
1524 2306 1739 2363 (uratur
1776 2336 1783 2341 -

762 2376 819 2429 in
855 2374 1111 2432 Iordane.

212 2481 460 2542 Naaman
483 2488 740 2561 princeps
763 2488 972 2545 militia:
995 2490 1138 2563 regis
1162 2490 1336 2565 Syriae
1356 2502 1475 2550 erat
1502 2494 1588 2549 vir
1617 2509 1735 2549 ma-

132 2592 287 2648 gnus
313 2586 366 2634 et
385 2577 557 2646 dives,
592 2579 687 2635 sed
713 2579 986 2650 leprosos,
1012 2588 1067 2636 et
1091 2582 1326 2639 habebat
1356 2583 1410 2639 in
1439 2584 1604 2643 domo
1633 2601 1734 2642 sua

133 2668 380 2738 puellam
397 2671 691 2741 quamdam
714 2671 967 2727 ancillam
983 2687 1051 2729 ex
1074 2682 1217 2731 terra
1234 2674 1450 2733 lsraelis
1472 2676 1526 2749 (I
1543 2677 1582 2732 V
1602 2678 1730 2750 Reg.

132 2760 222 2830 v).
246 2759 370 2816 Haec
384 2770 468 2817 est
482 2763 653 2820 series
681 2762 926 2822 historia:
937 2782 1103 2838 quam
1117 2768 1475 2826 retexuimus.
1497 2768 1733 2827 Historia

134 2860 229 2908 est
256 2852 574 2910 doctrinalis
605 2870 755 2924 arca,
788 2859 844 2914 in
876 2875 986 2931 qua
1009 2862 1142 2917 boni
1172 2859 1515 2918 discursores
1546 2861 1732 2933 flagel-

135 2943 213 2998 lis
244 2943 534 3015 diligentia:
562 2956 616 3001 et
642 2949 944 3027 ventilabro
975 2952 1350 3024 inquisitionis
1377 2969 1544 3026 grana
1575 2968 1606 3008 a
1635 2968 1734 3024 pa-

134 3030 246 3088 leis
278 3044 550 3104 separant.
586 3035 737 3094 Sicut
771 3040 902 3097 latet
940 3042 1048 3099 mel
1090 3044 1194 3100 sub
1223 3060 1371 3111 cera,
1401 3052 1458 3100 et
1503 3044 1732 3101 nucleus

136 3122 252 3176 sub
281 3131 414 3180 testa
444 3145 456 3180 :
491 3127 573 3182 sic
599 3129 703 3184 sub
733 3132 938 3188 cortice
969 3132 1214 3190 historiae
1242 3135 1477 3192 dulcedo
1504 3136 1731 3191 morali-

1844 658 2009 714 supra
2042 657 2262 715 gregem
2312 657 2476 700 suum
2501 641 2749 714 angelica
2777 640 2919 698 facta
2944 649 3030 698 est
3050 640 3192 699 visio
3212 649 3269 698 et
3287 642 3453 700 allo--

1842 734 2010 792 cudo.

1915 825 2066 882 Scito
2089 825 2326 895 teipsum
2347 866 2363 893 ,
2409 825 2559 882 unde
2583 826 2787 882 dicitur
2812 843 2826 881 :
2871 843 2893 878 ι
2922 824 3135 893 Redite,
3166 824 3429 896 praevari-

1840 927 2079 979 catores.
2103 918 2173 973 ad
2215 933 2313 974 cor
2349 916 2487 987 (Isa.
2519 917 2689 989 vat).
2721 936 2741 971 ι
2788 917 2924 974 Dina
2967 934 3091 989 qua:
3108 929 3427 989 evagatnra

1840 1012 2088 1084 principe
2110 1022 2267 1068 terra:
2287 1013 2679 1083 corrumpitur.
2711 1011 2831 1067 Non
2857 1012 3005 1069 vadit
3029 1012 3084 1067 in
3113 1009 3421 1067 Samariam

1841 1105 1937 1175 qui
1959 1120 2224 1160 excussus
2249 1116 2280 1159 a
2308 1103 2565 1176 propriis,
2611 1105 2790 1160 aliena
2820 1105 3041 1176 negotia
3068 1112 3245 1159 curat.
3278 1103 3426 1160 Con-

1842 1196 1968 1252 silio
2002 1197 2197 1267 puellae
2224 1197 2356 1251 abiit
2381 1196 2449 1252 ad
2478 1195 2745 1262 Eliseum,
2772 1204 2828 1251 et
2853 1197 3092 1265 pulsavit
3121 1196 3190 1251 ad
3216 1195 3423 1253 ostium

1840 1285 2039 1342 domus
2065 1287 2188 1357 ejus
2212 1284 2321 1356 (IV
2368 1284 2495 1357 Reg.
2542 1286 2616 1357 v).
2657 1285 2870 1341 Eliseus
2906 1285 3054 1340 salus
3090 1285 3306 1340 Domini
3340 1284 3428 1339 in-

1841 1387 2187 1449 terpretatur.
2222 1378 2323 1433 Hic
2347 1388 2432 1434 est
2456 1376 2619 1434 Jesus
2657 1377 2911 1435 Salvator
2938 1378 3153 1445 mundi,
3181 1378 3277 1449 qui
3315 1377 3426 1433 sals

1841 1485 1969 1525 vum
1999 1468 2129 1525 fecit
2156 1470 2420 1540 populum
2451 1484 2613 1525 suum
2636 1485 2669 1524 a
2696 1471 2936 1540 peccatis
2980 1486 3170 1526 eorum
3200 1469 3422 1542 (Matth.

1839 1563 1904 1633 ι).
1936 1559 2012 1617 De
2039 1576 2151 1632 quo
2181 1560 2488 1632 Propheta:
2512 1579 2531 1613 ς
2555 1559 2716 1616 Salus
2738 1570 2853 1630 tua,
2881 1559 3047 1629 Deus,
3076 1561 3319 1632 suscepit
3338 1575 3427 1616 me

1840 1651 2014 1723 (Psal.
2046 1651 2258 1722 vatn).
2293 1670 2313 1704 ι
2348 1651 2416 1707 Et
2442 1654 2561 1723 ipse
2601 1653 2669 1708 de
2696 1669 2795 1709 se:
2832 1672 2851 1705 ι
2885 1651 3048 1709 Salus
3091 1653 3278 1723 populi
3322 1666 3428 1724 ego

1840 1759 1962 1800 sum
1991 1742 2166 1815 (Psal.
2200 1744 2412 1806 xxxw).
2445 1762 2464 1795 ι
2500 1741 2708 1800 Domus
2734 1745 2855 1814 ejus
2879 1753 3009 1801 sunt
3036 1752 3239 1800 sanctae
3274 1741 3426 1799 Scri-

1839 1844 2037 1907 pturze,
2067 1836 2149 1890 vel
2175 1833 2419 1891 Ecclesia
2445 1835 2530 1891 vel
2552 1835 2820 1907 religiosae
2846 1850 3115 1905 personae,
3143 1834 3197 1889 in
3221 1833 3425 1903 quibus

1839 1927 2048 1983 habitat
2096 1941 2192 1996 per
2241 1926 2495 1998 gratiam.
2541 1923 2756 1981 Ostium
2800 1932 2886 1979 est
2928 1923 3279 1994 poenitentia,
3325 1937 3426 1992 per

1838 2034 2004 2090 quam
2035 2017 2307 2074 intramus
2343 2018 2412 2074 ad
2437 2033 2586 2086 eum,
2616 2026 2672 2073 et
2709 2016 2825 2087 ipse
2848 2015 2916 2071 ad
2963 2030 3086 2071 nos.
3112 2012 3266 2069 Unde
3288 2012 3426 2068 dici-

1840 2118 1966 2165 tur:
2001 2128 2019 2160 ι
2048 2107 2243 2164 Adhuc
2271 2117 2325 2163 te
2350 2108 2629 2178 loquente,
2650 2107 2853 2174 dicam,
2885 2119 3013 2162 ecce
3057 2104 3253 2163 adsum
3283 2103 3421 2177 (Isa.

1837 2201 1973 2271 an);
2003 2221 2024 2255 ι
2053 2210 2109 2256 et
2135 2200 2304 2256 illud:
2339 2219 2358 2253 ι
2387 2198 2744 2256 Revertimini
2784 2199 2852 2255 ad
2882 2213 2992 2267 me,
3019 2206 3076 2254 et
3108 2212 3209 2270 ego
3240 2212 3443 2254 rever»

1836 2302 1925 2349 tar
1964 2294 2034 2349 ad
2068 2307 2168 2348 vos
2198 2291 2451 2362 (Zacltar.
2494 2293 2558 2364 ι).
2589 2310 2611 2347 ι
2659 2291 2853 2349 Aversi
2881 2306 3075 2349 sumus
3103 2290 3174 2347 ab
3212 2290 3330 2357 illo,
3368 2298 3426 2346 et

1837 2384 1927 2440 ille
1953 2398 2180 2441 aversus
2206 2390 2291 2439 est
2313 2398 2345 2437 a
2372 2382 2552 2452 nobis,
2579 2390 2923 2438 revertamur
2950 2381 3018 2438 ad
3042 2382 3220 2447 illum,
3248 2390 3304 2438 et
3328 2381 3419 2436 ille

1835 2484 2139 2532 revertetur
2164 2476 2234 2532 ad
2269 2491 2368 2533 uos
2394 2494 2409 2531 :
2442 2473 2659 2532 Eliseus
2687 2474 2884 2531 sedens
2922 2474 2980 2529 in
3006 2474 3269 2530 cathedra
3295 2489 3422 2540 sua,

1835 2568 1988 2625 misit
2027 2568 2094 2625 ad
2136 2583 2262 2625 eum
2308 2582 2543 2626 puerum
2580 2582 2742 2625 suum
2771 2567 2828 2622 in
2855 2565 2973 2622 haec
3012 2566 3176 2623 verba
3210 2585 3223 2620 :
3254 2565 3419 2632 Vade,

1834 2661 2103 2718 descende
2132 2662 2185 2717 in
2212 2660 2531 2729 Jordanem,
2558 2669 2613 2717 et
2641 2660 2823 2716 lavare
2852 2658 3075 2729 septies,
3104 2668 3160 2714 et
3185 2660 3423 2715 munda-

1838 2752 1985 2808 heris
2016 2750 2129 2821 (IV
2156 2750 2285 2823 Reg.
2318 2751 2398 2820 v).
2432 2750 2648 2808 Eliseus
2678 2757 2870 2805 noster
2913 2747 3160 2806 sublatus
3197 2764 3229 2804 a
3261 2747 3424 2805 nobis

1833 2840 2210 2913 corporaliter,
2236 2840 2389 2897 sedet
2413 2839 2484 2896 ad
2508 2839 2755 2898 dextram
2778 2836 2981 2904 Patris,
3016 2836 3073 2891 in
3100 2836 3188 2893 his
3214 2836 3424 2893 scilicet

1833 2949 1956 3006 quae
1972 2943 2103 2991 sunt
2129 2933 2365 3005 potiora,
2384 2946 2485 2988 nec
2498 2937 2723 3003 apparet
2739 2929 2904 2987 modo
2929 2927 3309 2999 corporaliter,
3324 2928 3422 2983 sed

1836 3026 2005 3082 mittit
2053 3040 2283 3096 puerum
2332 3038 2520 3079 suum.
2551 3019 2694 3077 Puer
2725 3020 2829 3076 iste
2859 3017 3165 3075 intellectus
3212 3027 3299 3074 est
3336 3016 3422 3073 vel

1831 3119 1974 3175 ratio
2001 3135 2159 3189 pura,
2208 3117 2277 3174 ad
2329 3118 2624 3190 imaginem
2657 3114 2754 3172 Dei
2797 3113 2962 3170 facta.
3012 3111 3112 3169 Hic
3156 3122 3243 3170 est
3283 3128 3422 3184 puer

138 3212 292 3268 tatis.
338 3212 580 3271 Naaman
616 3218 1007 3291 interpretatur
1043 3224 1220 3292 decor,
1251 3225 1335 3280 vel
1384 3226 1629 3294 decorus,
1677 3238 1731 3283 et

1840 3211 1935 3282 qui
1977 3212 2044 3268 de
2073 3220 2254 3282 strage
2297 3210 2535 3265 ﬁliorum
2569 3218 2625 3266 et
2661 3208 2895 3264 ﬁliarum
2927 3208 3081 3265 solus
3119 3206 3312 3275 evasit,
3356 3215 3419 3262 ut

136 3303 411 3375 signiﬁcat
432 3307 629 3365 divites
658 3309 825 3381 hujus
850 3314 1062 3378 mundi,
1090 3316 1183 3387 qui
1229 3316 1481 3373 videntur
1514 3316 1568 3372 in
1594 3332 1728 3373 ocu—

150 3392 224 3449 lis
250 3395 360 3451 suis
375 3406 624 3466 potentes
649 3409 703 3455 et
725 3402 994 3471 prmelari.
1013 3403 1081 3459 Hi
1108 3407 1320 3476 praediti
1339 3408 1496 3479 copia
1517 3422 1725 3474 rerum,

140 3485 367 3557 gloriosi
397 3489 567 3546 titulis
596 3502 908 3561 parentum,
955 3495 1220 3553 sublimes
1261 3499 1587 3554 celsitudine
1624 3516 1727 3555 no-

142 3588 347 3644 torum,
375 3579 640 3637 habentes
676 3583 962 3640 scientiam
1006 3586 1294 3643 litteralcm
1337 3598 1392 3644 et
1429 3588 1725 3658 forensem,

142 3669 342 3739 leprosi
374 3678 555 3725 tamen
586 3680 716 3727 sunt
741 3675 1005 3731 varietate
1038 3678 1355 3734 criminum.
1386 3678 1727 3751 Multiplicati

148 3762 325 3817 fructu
362 3760 645 3832 frumenti,
697 3764 811 3821 vini
849 3776 903 3823 et
932 3768 1036 3824 olei
1068 3777 1218 3837 sunt,
1251 3773 1397 3842 quod
1433 3781 1516 3828 est
1554 3784 1727 3828 mate-

142 3853 228 3907 ria
259 3863 310 3909 ct
337 3857 718 3926 opportunitas
756 3859 1040 3930 peccandi,
1066 3862 1353 3931 proniores
1383 3872 1511 3919 sunt
1547 3864 1615 3918 ad
1648 3866 1729 3919 vi-

145 3943 245 4009 tia,
273 3953 324 4000 et
349 3947 652 4015 paratiores
683 3947 752 4002 ad
781 3948 1012 4017 scelera,
1041 3950 1109 4005 ad
1133 3950 1391 4021 iujuriam
1419 3951 1724 4020 liberiores,

148 4034 291 4091 sicut
333 4036 572 4093 dicitur:
629 4057 648 4091 ί
680 4036 891 4095 Prodiit
936 4042 1097 4113 quasi
1145 4058 1211 4097 ex
1253 4044 1414 4114 adipe
1464 4043 1727 4115 iniquitas

146 4141 333 4181 eorum
367 4127 542 4198 (Psal.
573 4131 771 4201 uxtt).
810 4149 829 4183 ι
858 4131 995 4189 Cum
1034 4139 1224 4189 tamen
1250 4135 1465 4191 venerit
1512 4145 1725 4207 tempus

149 4216 477 4287 miserendi,
519 4230 573 4277 et
611 4229 828 4292 tempus
885 4223 1216 4281 visitationis
1270 4241 1464 4282 eorum
1526 4226 1728 4283 habent

151 4309 433 4364 cons'lium
473 4312 682 4381 puellae.
713 4311 902 4369 Puella
952 4309 1056 4372 ista
1086 4324 1172 4372 est
1209 4315 1390 4372 divina
1433 4317 1606 4389 gratia
1642 4316 1726 4373 vel

152 4400 405 4470 sapientia
436 4419 559 4474 quae
592 4403 748 4476 virgo
773 4414 859 4463 est
894 4416 1119 4479 propter
1153 4408 1543 4480 integritatem,
1584 4409 1727 4466 sicut

154 4492 243 4548 illa
266 4492 462 4567 Abisag
487 4512 595 4567 qua
639 4512 799 4555 senes
846 4497 1116 4566 calefacit,
1155 4500 1388 4571 juvenes
1434 4516 1546 4556 non
1592 4501 1721 4557 urit.

1839 3302 2179 3359 renuntiaret
2202 3298 2325 3357 Job.
2353 3298 2452 3356 Vel
2479 3314 2617 3371 puer
2649 3298 2753 3354 iste
2789 3306 2874 3354 est
2910 3295 3146 3369 Spiritus
3171 3306 3417 3361 sanctus,

1831 3394 1960 3467 quia
1980 3408 2180 3466 pueros
2207 3392 2338 3449 facit
2359 3390 2565 3447 malitia
2591 3390 2872 3461 parvulos,
2893 3397 2949 3445 et
2975 3403 3176 3459 pueros
3204 3387 3419 3458 simpli-

1831 3486 2014 3542 citate.
2048 3482 2147 3540 γει
2194 3497 2329 3554 puer
2376 3481 2431 3536 in
2479 3495 2634 3536 sacra
2672 3478 2954 3550 Scriptura
3004 3477 3076 3534 ob
3121 3476 3417 3548 puritatem

1831 3575 2125 3643 sermonis,
2160 3582 2214 3630 et
2247 3572 2319 3628 ob
2343 3570 2562 3642 eloquia
2611 3580 2784 3627 casta.
2817 3567 2919 3625 llic
2949 3570 3135 3641 itaque
3162 3584 3302 3640 puer
3327 3569 3417 3624 di-

1832 3666 1948 3721 cit:
1992 3684 2010 3717 ι
2043 3663 2319 3719 Descende
2352 3661 2419 3716 de
2454 3660 2631 3731 Syria,
2665 3660 2720 3716 id
2759 3667 2844 3716 est
2868 3659 2936 3716 de
2964 3658 3218 3715 elatione.
3260 3657 3420 3730 Syria

1830 3757 2030 3827 quippe
2059 3754 2303 3809 sublimis
2335 3754 2747 3823 interpretatur,
2784 3751 2840 3806 in
2885 3748 3205 3817 Iordanem,
3236 3749 3290 3804 id
3334 3757 3419 3804 est

1830 3847 1900 3903 ad
1930 3844 2370 3901 conformitatem
2400 3841 2608 3898 Christi
2634 3857 2759 3912 qua:
2798 3850 2884 3897 est
2919 3840 3222 3896 humilitas.
3262 3858 3281 3892 ι
3317 3837 3441 3919 Ti-.

1832 3938 1979 3994 tulus
2009 3951 2247 4007 namque
2293 3935 2497 3990 diaboli
2543 3933 2798 4004 superbia
2839 3942 2944 4001 cst,
2976 3935 3167 3991 titulus
3209 3932 3418 3989 Christi

1830 4028 2133 4086 humilitas.
2163 4026 2339 4097 Hujus
2363 4026 2513 4081 enim
2539 4024 2840 4095 disciplina:
2863 4025 3145 4094 proposuit
3168 4040 3227 4080 se
3254 4024 3418 4080 scho-

1830 4123 1999 4178 larem
2050 4118 2440 4192 magistrorum
2488 4116 2718 4173 dicens:
2750 4112 2872 4170 Non
2919 4115 2988 4170 ad
3027 4115 3251 4172 oracula
3288 4130 3417 4186 pro-

1828 4217 2138 4288 phetarum,
2168 4227 2278 4268 non
2314 4210 2384 4267 ad
2426 4209 2718 4282 aenigmata
2745 4222 2845 4264 vos
2879 4206 3059 4275 mitto,
3086 4207 3182 4262 sed
3208 4225 3231 4261 ο
3265 4223 3297 4262 a
3327 4222 3416 4263 me

1829 4310 1950 4381 ipso
1968 4306 2160 4364 discite
2179 4305 2309 4377 quia
2324 4304 2475 4359 mitis
2499 4316 2623 4359 sum
2663 4308 2721 4356 et
2748 4299 2974 4357 humilis
2996 4299 3161 4355 corde
3190 4297 3410 4371 (Matth.

1829 4404 1930 4474 XI).
1964 4420 1984 4454 ι
2018 4400 2201 4471 ipsum
2230 4412 2318 4453 me
2363 4408 2613 4467 propono
2640 4392 2799 4449 vobis
2824 4391 3133 4462 speculum.
3180 4390 3415 4448 Humili-

1829 4502 1916 4550 tas
1941 4502 2121 4548 autem
2154 4488 2393 4546 exterior
2428 4499 2623 4557 parum
2653 4483 2815 4549 valet,
2854 4482 2963 4538 nisi
2992 4481 3135 4540 adsit
3161 4480 3410 4548 interior,

154 4582 281 4650 Quae
298 4585 457 4641 etiam
480 4587 656 4658 puella
681 4590 876 4646 ancilla
901 4600 1004 4658 est,
1031 4591 1160 4663 quia
1183 4591 1440 4648 omnibus
1461 4590 1722 4649 officiosa.
1757 4593 1802 4649 D
1829 4602 1959 4646 vera
1994 4585 2202 4643 scilicet
2223 4577 2554 4637 obedientia.
2586 4573 2715 4632 Haec
2742 4574 2849 4631 tria
2874 4573 3042 4646 exigit
3067 4588 3101 4629 a
3128 4583 3200 4641 te,
3225 4581 3286 4629 ut
3303 4572 3413 4629 huo

156 4672 302 4731 Unde
327 4677 559 4734 dicitur:
589 4699 608 4732 ι
628 4679 905 4752 Sapientia
922 4682 1168 4739 clamitat
1187 4682 1240 4738 in
1266 4682 1480 4754 plateis.
1512 4682 1726 4755 Usque-

158 4782 283 4840 quo,
310 4772 538 4841 parvuli,
570 4772 792 4845 diligitis
816 4774 1102 4830 infantiam
1133 4774 1314 4848 (Prov.
1352 4780 1414 4848 ι).
1446 4796 1464 4829 ι
1501 4776 1568 4833 Et
1596 4779 1727 4835 sub-

159 4858 313 4915 inde:
347 4880 366 4912 ι
390 4859 605 4918 Donum
649 4864 855 4919 bonum
880 4863 1120 4920 tribuam
1158 4866 1316 4922 vobis
1351 4865 1532 4937 (Prov.
1573 4866 1667 4938 tv).
1700 4886 1719 4920 ι

155 4951 224 5008 Et
274 4968 488 5010 rursum
537 4974 550 5011 :
607 4975 626 5008 ι
659 4955 833 5012 Bibite
891 4956 1078 5012 vinum
1128 4958 1275 5028 quod
1323 4956 1518 5014 miscui
1570 4959 1728 5015 vobis

158 5042 329 5116 (Prov.
357 5046 456 5118 ix).
491 5067 509 5100 ι
544 5045 668 5105 Rrec
692 5056 875 5105 tamen
917 5049 1002 5105 vel
1031 5049 1229 5105 ancilla
1271 5050 1456 5106 sedula
1481 5058 1535 5106 et
1572 5050 1722 5121 puel-

157 5138 230 5201 la,
254 5153 370 5193 cum
396 5140 452 5195 in
480 5156 539 5197 se
562 5156 673 5196 non
701 5141 902 5198 habeat
929 5142 1202 5199 maculam
1232 5150 1330 5198 aut
1351 5156 1575 5213 rugam,
1608 5155 1726 5197 scr—

156 5229 233 5285 vit
260 5236 430 5286 tamen
461 5231 663 5303 leprosi
695 5233 959 5306 principis
995 5234 1238 5306 coniugi,
1267 5235 1395 5289 dum
1426 5232 1724 5288 scelerato-

158 5338 272 5380 rum
304 5332 585 5393 potentum
622 5326 860 5381 naturali
891 5327 1124 5383 interius
1176 5325 1378 5382 rationi
1408 5324 1602 5382 salutis
1628 5324 1727 5380 de-

158 5414 404 5472 siderium
437 5432 502 5473 ac
537 5417 904 5489 cognitionem
950 5419 1403 5487 subministratis,
1438 5418 1726 5475 decolora-

158 5515 242 5562 tos
264 5509 498 5577 peccatis
526 5509 818 5580 praeclaros
844 5509 1022 5567 reddit
1045 5519 1101 5566 et
1146 5508 1405 5582 fulgidos.
1435 5508 1562 5565 Haec
1591 5525 1725 5582 ergo

159 5600 247 5655 dat
265 5602 549 5658 consilium
570 5600 837 5670 Naaman,
859 5601 1048 5659 dicens
1072 5620 1087 5658 :
1124 5621 1143 5655 ‹
1167 5600 1311 5658 Vade
1334 5601 1391 5658 in
1417 5600 1723 5658 Samariam

162 5692 224 5748 ad
250 5691 478 5749 Eliseum
504 5696 846 5767 prophetam,
879 5702 935 5750 et
973 5695 1190 5752 sanabit
1213 5703 1265 5751 te
1302 5709 1334 5750 a
1369 5693 1518 5765 lepra
1556 5708 1722 5767 quam

164 5785 319 5842 habes
348 5784 461 5857 (IV
486 5787 614 5859 Reg.
653 5788 730 5858 v).
765 5807 784 5840 ι
826 5784 1077 5843 Samaria
1114 5787 1505 5858 interpretatur
1547 5792 1724 5840 custo-

164 5878 268 5934 dia.
296 5875 441 5936 Vade
486 5879 542 5935 in
592 5876 921 5947 Samariam,
955 5878 1070 5936 redi
1101 5877 1169 5935 ad
1202 5887 1352 5936 tuam
1389 5876 1721 5946 custodiam,

1826 4684 2031 4742 militas
2058 4678 2245 4737 sedeat
2270 4676 2325 4731 in
2365 4671 2550 4739 corde,
2598 4669 2858 4742 patientia
2905 4676 3154 4725 servetur
3186 4667 3244 4723 in
3290 4681 3408 4737 ore,

1824 4771 2231 4849 perseverantia
2259 4776 2508 4825 teneatur
2550 4765 2609 4821 in
2642 4779 2827 4836 opere.
2857 4763 3034 4819 Verba
3062 4763 3228 4819 etiam
3274 4778 3410 4820 con.

1827 4875 2048 4934 sonant,
2068 4884 2087 4916 ι
2103 4862 2373 4921 descende
2392 4861 2451 4915 in
2469 4859 2785 4915 Jordanem.
2808 4875 2826 4909 υ
2843 4855 3102 4912 Iordanis
3130 4856 3411 4912 descensus

1825 4962 2231 5029 interpretatur.
2262 4953 2329 5010 Et
2356 4954 2474 5009 haec
2504 4962 2590 5009 est
2616 4950 2865 5022 quaedam
2894 4964 3063 5006 causa
3098 4966 3273 5021 quare
3298 4950 3411 5007 Do-

1825 5051 2010 5106 minus
2038 5048 2189 5103 hunc
2232 5044 2461 5100 ﬂuvium
2503 5041 2811 5113 specialiter
2844 5042 3091 5111 eligeret,
3141 5050 3203 5097 ut
3242 5043 3301 5097 in
3343 5058 3411 5099 eo

1826 5141 2217 5212 baptizaretur.
2254 5154 2273 5188 α
2304 5135 2515 5192 Lavare
2546 5134 2767 5206 septies,
2800 5150 2820 5188 ι
2854 5133 2907 5189 id
2941 5143 3027 5189 est
3055 5133 3312 5205 perfecto.
3343 5133 3412 5189 Et

1826 5233 2143 5304 indignatus
2168 5227 2436 5296 Naaman,
2468 5226 2790 5298 respondit:
2824 5244 2845 5278 ε
2873 5224 3130 5299 Nunquid
3154 5241 3265 5283 non
3291 5240 3412 5280 me-

1825 5324 1992 5381 liores
2017 5330 2148 5380 sunt
2170 5320 2361 5376 Ahana
2389 5329 2446 5377 et
2470 5316 2715 5391 Parphar
2750 5317 2901 5374 fluvii
2930 5317 3181 5375 Damasci
3224 5316 3408 5373 omni-

1824 5416 1930 5474 bus
1951 5414 2110 5488 aquis
2120 5413 2308 5483 lsrael,
2326 5413 2547 5470 utlaver
2562 5412 2620 5468 in
2641 5411 2725 5468 eis
2748 5419 2805 5468 et
2827 5411 3122 5466 munder?»
3145 5408 3256 5482 (IV
3273 5407 3403 5479 Reg.

1825 5508 1906 5580 v.)
1956 5506 2259 5565 Damascus
2299 5506 2689 5578 interpretatur
2731 5503 2909 5559 bibens
2948 5502 3276 5572 sanguinem.
3306 5498 3409 5557 llic

1824 5608 1911 5658 est
1944 5598 2186 5656 mundus
2211 5599 2306 5669 qui
2334 5606 2520 5654 nostra
2562 5605 2765 5654 aeterna
2808 5599 2986 5650 morte
3014 5591 3408 5648 delectabiliter

1825 5706 1924 5764 per
1951 5698 2241 5747 cruentum
2271 5689 2478 5761 peccati
2508 5688 2765 5760 poculum
2795 5684 3118 5741 inebriatur.
3159 5681 3413 5754 Parphar

1829 5782 1975 5854 talpa
2006 5781 2226 5850 dicitur,
2270 5780 2405 5838 illud
2450 5781 2694 5837 deforme
2730 5788 2785 5835 et
2819 5794 3023 5835 caecum
3062 5777 3264 5834 animal
3306 5792 3409 5850 pro

1825 5874 2103 5934 domicilio
2153 5875 2390 5932 latebras
2434 5880 2613 5931 terras
2637 5880 2692 5929 et
2736 5884 3001 5928 cavernas
3053 5869 3423 5939 inhabitans”
