3976 6356
548 411 695 467 1159

1698 407 2024 464 WERNERI
2065 407 2358 463 ABBATIS
2399 408 2456 462 S.
2495 407 2721 465 BLASIl

3713 409 3850 464 ιιξο

545 526 846 596 hortosque
874 532 928 580 et
959 536 1076 582 sata
1105 525 1426 583 suffodiens.
1487 525 1769 597 Significat
1807 537 1988 581 autem
2033 524 2143 579 avi-
2171 529 2219 585 Α
2247 521 2390 579 Deus
2421 540 2578 581 meus
2607 523 2815 580 dederit
2843 523 2976 578 mihi
3023 538 3220 593 panem
3263 525 3332 579 ad
3362 524 3654 580 edendum
3685 534 3744 578 et
3767 540 3848 580 ve-

547 615 772 671 ditatem
797 625 1163 684 terrenorum,
1195 617 1290 688 qui
1319 617 1511 673 oculos
1543 631 1674 671 suos
1706 625 2014 672 statuerunt
2040 615 2135 670 de-

545 706 753 762 clinare
785 707 839 760 in
881 716 1103 763 terram.
1153 708 1278 764 ΙΙωο
1309 711 1400 764 ‘est
1443 718 1495 764 et
1523 709 1720 764 mulier
1744 722 2164 778 curva,.quam.

547 795 816 853 Dominus
836 799 1028 854 erexit.
1054 799 1251 864 ,Abana
1279 799 1444 854 latere
1471 800 1676 870 lapides
1710 801 1824 870 ejus
1868 801 2134 870 interpre-

546 895 715 942 tatur.

617 1015 720 1072 Per
741 1019 887 1088 quod
920 1023 1175 1092 praecipui
1208 1025 1413 1096 quique
1443 1026 1730 1096 signantur
1762 1027 2018 1084 Ecclesiae
2051 1027 2158 1082 vcl‘

549 1107 713 1175 hujus
743 1113 948 1166 saeculi.
986 1112 1262 1181 Ecclesize,
1294 1120 1595 1173 secundum
1624 1120 1756 1175 illud
1785 1140 1797 1174 :
1837 1139 1855 1172 ι
1891 1120 2134 1190 Dispersi

549 1209 679 1254 sunt
707 1201 914 1271 lapides
942 1208 1241 1260 sanctuarii
1272 1208 1325 1262 in
1352 1211 1528 1279 capita
1555 1212 1802 1266 omnium
1835 1213 2134 1281 platearum

551 1287 768 1358 (Thren.
815 1292 920 1360 1v);
955 1311 972 1345 ›
1007 1296 1212 1362 saeculi,
1237 1297 1393 1366 juxta
1427 1299 1559 1354 illud
1585 1301 1828 1370 ejusdem
1862 1302 2139 1371 propheta:

551 1392 740 1434 contra
774 1380 1101 1453 Babylonem
1130 1405 1142 1440 :
1177 1405 1194 1437 ‹
1226 1386 1421 1444 Tollite
1441 1389 1508 1445 de
1533 1391 1620 1444 via
1651 1392 1860 1461 lapides
1891 1391 2024 1462 (Jer.
2059 1395 2135 1462 ι),

551 1472 680 1540 quia
725 1475 975 1530 videlicet
1018 1477 1255 1534 honores
1283 1481 1528 1536 ambiunt
1559 1484 1652 1553 qui
1676 1484 1998 1540 humilitatis
2026 1485 2138 1539 for-

551 1578 699 1616 mam
737 1565 1004 1622 abnuunt.
1050 1567 1166 1624 Hoc
1193 1574 1523 1640 respondent
1553 1575 1796 1644 quotidie
1832 1576 2140 1635 dicentibus

553 1655 714 1709 nobis
741 1666 796 1710 ut
827 1658 1059 1714 visibilia
1086 1671 1471 1718 contemnant:
1497 1664 1687 1722 Nonne
1704 1669 1899 1724 melius
1917 1670 2144 1724 estdivi-

553 1745 660 1800 tias
686 1747 907 1816 habere,
926 1751 1134 1819 epu'lari
1159 1752 1305 1808 laute
1326 1764 1380 1810 et
1395 1756 1643 1824 delicate,
1663 1759 1901 1814 molliter
1917 1760 2139 1828 cubare,

553 1837 622 1892 ad
666 1839 878 1894 libitum
916 1842 1288 1939 deambulare,
1331 1856 1385 1902 et
1434 1849 1498 1902 in
1519 1849 1822 1908 honoribus
1858 1853 2138 1918 ublectari,
2172 1885 2215 1939 Β

553 1945 718 1998 quam
748 1932 1052 2002 expendere
1089 1935 1206 1990 dies
1233 1947 1452 1994 nostros
1488 1940 1542 1994 in
1579 1942 1994 1998 afﬂictionibus?
2024 1943 2137 2000 Hoc

553 2032 638 2076 est
665 2023 848 2080 dicere
876 2045 888 2080 :
926 2046 944 2078 ι
973 2026 1229 2099 Nunquid
1261 2049 1368 2086 non
1411 2035 1664 2090 meliores
1691 2045 1820 2091 sunt
1846 2037 2036 2092 Abana
2086 2048 2140 2093 et

553 2112 802 2185 Farphar
838 2119 1097 2174 omnibus
1147 2123 1306 2190 aquis
1360 2122 1660 2180 Israelish
1727 2127 2139 2198 Constipatores

553 2203 810 2258 dixerunt
834 2206 882 2260 ei
908 2216 960 2261 et
987 2208 1237 2266 laterales
1265 2230 1278 2266 :
1315 2231 1334 2264 ι
1363 2211 1497 2269 Etsi
1530 2231 1646 2270 rem
1681 2195 1940 2287 gran'dem
1968 2219 2140 2274 dixis-

554 2303 637 2348 set
689 2297 780 2350 tibi
838 2299 1122 2369 propheta,
1159 2311 1304 2359 certe
1353 2305 1620 2362 debueras
1664 2307 1877 2377 facere;
1933 2321 2140 2380 quanto

555 2387 730 2457 magis
796 2391 925 2459 quia
990 2392 1128 2448 dixit
1193 2395 1325 2451 tibi:
1395 2397 1601 2454 Lavarc
1667 2408 1721 2454 et
1787 2403 2140 2458 mundaberis

555 2477 664 2546 (IV
695 2479 824 2550 Reg.
871 2483 944 2552 ν).
984 2504 1002 2536 ι
1056 2484 1334 2544 Laterales
1375 2491 1549 2545 nostri
1597 2493 1775 2563 angeli
1824 2504 1972 2562 sunt,
2027 2495 2139 2550 dati

554 2571 713 2626 nobis
731 2573 798 2627 ad
814 2577 1140 2645 custodiam,
1167 2589 1220 2634 et
1248 2581 1350 2634 viri
1380 2582 1618 2654 religiosi
1649 2586 1744 2654 qui
1770 2585 1960 2640 dicunt
1985 2606 1997 2640 :
2027 2587 2142 2644 Etsi

555 2663 698 2717 ultra
731 2664 1042 2722 facultatem
1075 2680 1221 2726 esset
1274 2675 1421 2742 quod
1467 2676 1802 2745 praecipitur,
1839 2677 2016 2734 facere
2043 2681 2141 2735 de-

553 2755 776 2824 bueras,
804 2767 858 2812 et
903 2771 1216 2831 proponunt
1252 2780 1469 2820 crucem
1517 2765 1682 2836 Petri,
1729 2784 1914 2826 ensem
1963 2771 2140 2841 Pauli,

556 2847 850 2916 equuleum
880 2850 1170 2920 Vincentii,
1203 2859 1463 2914 craticula
1500 2859 1800 2917 Laurentii.
1831 2863 1950 2934 Ipse
1978 2868 2140 2921 etiam

555 2941 799 2997 camelus
828 2954 1014 3000 noster
1059 2962 1156 3017 per
1201 2948 1450 3006 foramen
1502 2969 1654 3018 acus,
1695 2955 1746 3010 id
1779 2965 1862 3010 est
1887 2956 2142 3014 Christus

557 3033 865 3100 angustiam
910 3037 1184 3106 passionis
1226 3043 1512 3110 transivit;
1543 3061 1666 3114 qua:
1707 3047 1752 3102 si
1809 3049 2140 3115 intueamur,

555 3120 720 3174 etiam
753 3123 796 3176 si
822 3127 1045 3194 grandis
1089 3145 1174 3184 res
1214 3132 1373 3188 nobis
1405 3133 1724 3204 imperetur,
1743 3153 1999 3194 recusare
2031 3156 2140 3194 non

555 3210 838 3282 debemus,
867 3217 995 3286 quia
1026 3235 1133 3274 non
1177 3231 1306 3278 sunt
1342 3227 1622 3297 condigna:
1655 3231 1941 3298 passiones
1979 3232 2144 3302 hujus
2172 3237 2214 3292 C

555 3306 820 3374 temporis
869 3309 938 3363 ad
984 3309 1225 3368 futuram
1272 3316 1501 3386 gloriam
1556 3319 1730 3388 (Rom.
1792 3315 1931 3390 viti).
1987 3323 2051 3380 Et
2097 3325 2144 3380 si

557 3411 673 3450 rem
695 3401 978 3470 grandem,
998 3403 1052 3458 in
1071 3406 1244 3475 prima
1263 3409 1540 3464 creatione
1558 3409 1702 3468 Deus
1717 3412 1962 3484 mezdedit
1987 3419 2141 3487 mihi,

556 3489 613 3542 in
644 3494 1056 3562 regeneratione
1083 3513 1169 3554 me
1201 3501 1336 3554 mihi
1367 3501 1624 3570 reddidit,
1653 3520 1710 3560 se
1733 3507 1899 3562 etiam
1922 3523 2022 3577 pro
2057 3525 2145 3566 me

557 3578 724 3633 dedit.
755 3581 897 3647 Quid
947 3588 1128 3657 magni
1177 3588 1374 3644 faciam
1420 3605 1520 3660 pro
1551 3594 1643 3647 tali
1669 3595 1818 3662 dato,
1847 3613 1949 3667 pro
1993 3607 2144 3656 tanto

556 3669 754 3738 pretio,
787 3687 886 3741 pro
919 3690 1008 3730 me
1037 3681 1300 3749 erogato?
1335 3701 1353 3733 ι
1382 3682 1520 3750 Quid
1550 3687 1851 3742 retribuam
1886 3688 2139 3760 Domino,

556 3775 658 3829 pro
684 3763 941 3820 omnibus
970 3781 1092 3836 qua:
1119 3770 1368 3827 retribuit
1404 3775 1610 3829 mihi?»
1642 3776 1815 3832 (Psal.
1841 3781 1995 3848 cxv.)
2024 3780 2140 3836 Mo-

557 3853 690 3920 riar,
716 3855 851 3912 dixit
881 3856 1171 3930 Propheta,
1207 3863 1308 3919 hoc
1335 3876 1418 3921 est
1439 3869 1606 3938 enim,
1631 3870 1854 3926 calicem
1887 3873 2144 3928 salutaris

557 3949 822 4020 accipiam
857 3953 1057 4026 (ibid.).

630 4089 832 4146 Eorum
856 4095 1102 4150 consiliis
1139 4098 1442 4169 descendit,
1469 4112 1523 4158 et
1567 4104 1698 4159 lavit
1749 4121 1807 4161 se
1859 4107 2058 4176 septies
2087 4107 2142 4161 in

555 4180 792 4237 Jordane
849 4183 960 4253 (IV
987 4187 1112 4258 Reg.
1147 4191 1222 4259 v).
1283 4191 1499 4262 Septem
1543 4204 1672 4250 sunt
1713 4197 2012 4252 lavationes
2060 4199 2144 4252 vel

558 4275 959 4344 purgationes:
1013 4279 1240 4338 Lavatio
1287 4295 1442 4340 extra
1495 4303 1719 4358 corpus,
1753 4291 1952 4346 lavatio
2001 4292 2145 4347 circa

559 4379 779 4434 corpus,
804 4367 1008 4423 lavatio
1040 4371 1365 4442 incorpore,
1399 4376 1597 4445 duplex
1627 4380 1680 4432 in
1719 4381 1923 4451 lingua,
1948 4381 2144 4450 duplex

557 4457 612 4510 in
639 4467 841 4514 mente.
899 4460 1126 4516 Lavatio
1173 4473 1327 4519 extra
1371 4482 1574 4538 corpus
1624 4480 1709 4526 est
1746 4473 2149 4527 abrenuntiatio

556 4549 871 4607 divitiarum
921 4562 976 4609 et
1002 4557 1439 4626 possessionum,
1473 4577 1596 4630 quae
1653 4571 1805 4618 extra
1863 4564 2138 4632 dicuntur,
2173 4589 2217 4644 Ι)

557 4644 688 4712 quia
717 4660 818 4700 nec
847 4648 1062 4716 corpori
1105 4648 1404 4718 adhaerent,
1440 4669 1541 4709 nec
1571 4655 1638 4708 de
1681 4655 1802 4725 ejus
1836 4657 2141 4712 substantia

555 4743 704 4789 sunt.
748 4734 997 4794 Secunda
1043 4739 1245 4796 lavatio
1293 4743 1437 4799 circa
1487 4760 1708 4816 corpus,
1758 4755 1841 4802 est
1899 4756 2140 4802 contem~

554 4834 684 4894 ptus
720 4830 976 4897 pretiosa:
1017 4833 1206 4898 vestis,
1246 4835 1374 4904 quia
1429 4837 1474 4892 si
1517 4853 1626 4893 non
1671 4847 1816 4893 esset
1856 4848 2142 4908 peccatum

558 4920 638 4972 uti
677 4925 913 4990 pretiosa
969 4936 1139 4993 veste,
1201 4943 1311 4983 non
1341 4930 1548 4986 diceret
1590 4931 1884 5001 Apostolus
1917 4949 1930 4984 :
1967 4949 1985 4982 ι
2022 4931 2142 4987 Non

559 5008 615 5062 in
643 5021 790 5066 veste
814 5017 1051 5082 pretiosa
1096 5018 1150 5088 (1
1201 5018 1337 5074 Tim.
1373 5027 1457 5091 ιι).
1493 5040 1512 5072 ι
1564 5021 1696 5076 Item
1723 5040 1736 5076 :
1768 5022 1813 5078 si
1843 5038 1952 5077 non
1997 5032 2144 5079 esset

559 5100 833 5157 laudabile
855 5106 932 5159 uti
961 5119 1111 5165 veste
1136 5111 1252 5177 vili,
1277 5129 1385 5168 non
1415 5123 1493 5169 tot
1540 5114 1866 5171 haberemus
1892 5117 2141 5171 testimo-

560 5191 675 5255 nia,
699 5200 779 5246 tot
809 5201 1308 5259 commendationes
1329 5205 1534 5260 Christi
1571 5207 1638 5261 de
1661 5205 1872 5262 Joanne
1920 5214 1974 5262 et
2003 5206 2141 5274 Elia,

560 5281 656 5350 qui
685 5282 886 5342 vilibus
907 5289 990 5343 usi
1013 5300 1161 5346 sunt.
1179 5290 1349 5349 Jacob
1371 5310 1588 5367 quoque
1613 5297 1722 5354 ait:
1754 5316 1772 5350 ι
1804 5297 1862 5354 Si
1879 5297 2145 5354 Dominus

2240 616 2561 670 stimentum
2611 631 2722 686 quo
2756 616 2971 687 operiar
3015 614 3167 683 (Gen.
3211 618 3432 685 xxvm).
3472 635 3490 666 ι
3541 613 3671 670 Non
3719 617 3850 670 dixit

2238 723 2349 777 quo
2379 709 2715 778 superbiam,
2749 708 2842 762 sed
2895 708 2961 762 ad
2999 706 3287 778 tegendam
3338 708 3684 761 nuditatem.
3720 706 3850 761 Ter-

2239 798 2311 852 tia
2349 800 2551 853 lavatio
2586 799 2639 852 in
2695 814 2924 868 corpore
2948 808 3030 852 est
3059 798 3411 852 mortificatio
3440 799 3848 860 membrorum,

2238 890 2528 960 castigatio
2581 889 2850 959 corporis.
2917 887 3072 942 Unde
3118 887 3324 942 Paulus
3376 888 3502 942 ait:
3556 907 3576 938 ς
3633 887 3848 958 Castigo

2237 996 2437 1052 corpus
2469 997 2672 1045 meum,
2706 991 2758 1036 et
2786 983 2841 1035 in
2883 981 3200 1036 servitutem
3237 981 3426 1048 redigo
3460 980 3516 1050 (1
3545 981 3681 1035 Cor.
3709 987 3840 1050 ixi.»

2238 1073 2364 1128 Haec
2394 1074 2643 1128 videlicet
2669 1088 2800 1128 caro
2842 1082 2926 1128 est
2955 1072 3100 1142 Agar
3127 1115 3141 1138 ,
3177 1073 3585 1126 contradicens
3619 1073 3846 1127 domine

2239 1181 2372 1221 suae.
2422 1165 2497 1220 De
2527 1182 2635 1236 qua
2687 1166 3057 1221 Ambrosius:
3103 1163 3236 1220 Iure
3280 1165 3518 1234 pertulit
3566 1166 3844 1234 injurias,

2239 1271 2362 1327 quae
2393 1257 2645 1312 induerat
2669 1256 3042 1312 insolentiam.
3093 1255 3236 1311 Caro
3263 1266 3462 1312 nostra
3506 1266 3602 1312 est
3651 1260 3842 1312 animal

2241 1347 2556 1413 lasciviens,
2596 1349 2754 1402 asina
2812 1349 3049 1418 petulca,
3109 1347 3205 1402 sed
3253 1348 3595 1419 castiganda
3637 1357 3746 1410 est,
3793 1361 3844 1402 ut

2241 1440 2476 1494 dominae
2517 1438 2753 1494 obediat.
2811 1438 2940 1493 Dua‘
2989 1437 3286 1492 lavationes
3342 1437 3398 1491 in
3465 1437 3672 1508 lingua
3731 1448 3842 1491 sunt

2242 1547 2434 1588 cavere
2457 1532 2685 1586 verbum
2727 1531 3008 1601 jactantiae
3052 1530 3104 1584 in
3162 1530 3476 1600 prosperis,
3531 1530 3588 1584 si
3639 1531 3842 1599 quando

2242 1625 2655 1696 prosperitatem
2681 1623 2773 1677 dat
2803 1622 2946 1678 Deus
2981 1623 3035 1675 in
3058 1622 3376 1676 carnalibus
3419 1622 3515 1674 vel
3545 1621 3840 1690 spirituali-

2243 1718 2370 1784 bus,
2415 1725 2464 1770 et
2505 1731 2698 1770 cavere
2742 1715 2968 1768 verbum
3030 1712 3305 1782 patientia:
3331 1714 3384 1766 in
3444 1713 3730 1767 adversis.
3755 1712 3842 1778 Qui

2239 1808 2386 1879 juste
2413 1808 2637 1877 punitur
2664 1815 2718 1861 et
2766 1805 3057 1874 impatiens
3095 1813 3199 1869 est,
3246 1806 3442 1859 socius
3493 1812 3588 1858 est
3632 1805 3846 1857 latronis

2245 1917 2275 1955 a
2309 1900 2533 1955 sinistra
2592 1898 2810 1953 Domini
2871 1896 3200 1966 pendentis;
3235 1896 3331 1965 qui
3386 1896 3614 1965 injuste
3642 1895 3848 1963 punitur

2241 2001 2295 2048 et
2324 1992 2590 2060 patienter
2621 1989 2744 2054 fert,
2773 2003 3002 2043 consors
3036 1986 3240 2041 Christi
3299 1997 3425 2050 est;
3459 1986 3568 2056 qui
3616 1994 3672 2040 et
3717 1986 3849 2054 iuste

2241 2082 2464 2152 punitur
2488 2089 2541 2136 et
2584 2081 2797 2150 patiens
2821 2086 2923 2145 est,
2956 2077 3154 2132 similis
3198 2084 3280 2131 est
3331 2076 3549 2130 latroni
3585 2092 3621 2130 a
3661 2075 3850 2128 dextris

2241 2173 2337 2243 qui
2387 2171 2564 2225 dixit:
2626 2190 2642 2222 ι
2696 2167 2808 2224 Nos
2843 2168 3063 2238 quidem
3119 2167 3282 2236 digna
3339 2165 3515 2221 factis
3566 2166 3850 2234 recipimus

2245 2264 2398 2335 (Luc.
2434 2263 2656 2333 XXIII).D
2691 2261 2821 2315 Duae
2873 2260 3175 2314 lavationes
3225 2258 3280 2311 in
3327 2267 3526 2312 mente
3578 2269 3715 2312 sunt
3740 2273 3851 2328 pro-

2243 2357 2374 2428 pria:
2404 2355 2701 2411 voluntatis
2765 2352 3062 2415 abdicatio,
3095 2361 3148 2406 et
3184 2351 3560 2420 propriorum
3617 2351 3852 2406 consilio-

2242 2466 2364 2503 rum
2415 2464 2523 2502 non
2578 2453 3014 2517 prtesumptuosa
3063 2444 3333 2499 defensio.
3388 2443 3736 2498 Abdicanda
3783 2451 3850 2497 est

2243 2541 2519 2604 voluntas,
2553 2540 2720 2609 utqui
2751 2540 2916 2595 habet
2960 2537 3200 2592 exterius
3236 2535 3536 2590 silentium
3569 2545 3632 2589 et
3659 2537 3716 2588 in
3739 2551 3847 2604 pro-

2245 2632 2423 2702 speris
2458 2640 2512 2686 et
2559 2631 2614 2684 in
2665 2631 2933 2697 adversis,
2997 2643 3108 2682 non
3161 2627 3400 2680 retineat
3461 2626 3709 2680 interius
3737 2641 3847 2694 pro-

2245 2723 2420 2794 priam
2473 2722 2832 2786 voluntatem,
2865 2735 2935 2774 ne
2967 2719 3036 2774 sit
3062 2715 3370 2772 conformis
3399 2716 3662 2771 diabolo.
3715 2715 3847 2769 Sicut

2245 2816 2390 2871 enim
2419 2815 2561 2870 Deus
2591 2829 2649 2870 se
2670 2812 2839 2869 voluit
2873 2825 3042 2865 unum
3065 2824 3184 2865 esse
3207 2808 3558 2878 principium
3593 2808 3846 2867 omnium,

2251 2909 2326 2962 ita
2373 2917 2427 2962 et
2457 2923 2611 2962 suam
2665 2907 3006 2960 voluntatem
3063 2902 3305 2956 retinens
3357 2915 3475 2954 non
3529 2901 3847 2954 submittat-5

2245 3016 2366 3056 eam
2397 2999 2526 3064 Deo,
2554 2997 2838 3054 constituit
2881 2995 3039 3066 quasi
3082 2995 3316 3048 alterum
3364 2992 3720 3062 principium
3762 3006 3846 3043 vo-

2247 3094 2542 3148 luntatum.
2575 3091 2692 3146 Non
2726 3099 2809 3147 est
2832 3087 3273 3161 praesumendum
3304 3085 3377 3139 de
3418 3085 3694 3138 consilio.
3726 3083 3846 3148 Qui-

2247 3187 2372 3241 dam
2400 3185 2548 3241 enim
2593 3184 2802 3238 addunt
2849 3181 3228 3236 auctoritatem
3287 3175 3610 3245 Scriptura:
3659 3173 3727 3227 ad
3761 3173 3846 3226 ob-

2249 3277 2509 3332 struenda
2555 3291 2652 3330 ora
2708 3275 2944 3328 aliorum
2996 3280 3050 3326 et
3104 3267 3466 3324 astruendam
3523 3273 3845 3320 sententiam

2249 3387 2432 3427 suam.
2489 3367 2584 3424 lla:
2635 3377 2842 3439 septem
2876 3364 3176 3420 lavationes
3219 3361 3274 3415 in
3319 3359 3559 3413 Christo
3613 3357 3845 3411 fuerunt.

2246 3462 2474 3517 Lavatio
2503 3468 2656 3516 extra
2687 3474 2908 3529 corpus,
2952 3456 3082 3526 quia
3133 3468 3258 3508 cum
3313 3451 3476 3505 dives
3515 3458 3692 3512 esset,
3727 3465 3848 3519 pau-

2246 3569 2342 3624 per
2367 3567 2465 3622 pro
2494 3551 2652 3605 nobis
2678 3549 2855 3604 factus
2875 3555 2959 3603 est
2991 3565 3006 3615 ;
3043 3544 3244 3600 lavatio
3266 3543 3416 3598 circa
3461 3557 3702 3612 corpus,
3731 3541 3848 3611 quia

2245 3651 2408 3698 natus
2435 3653 2540 3707 est,
2565 3642 2618 3695 in
2649 3639 2877 3711 praesepi
2900 3648 2982 3693 est
3005 3636 3240 3705 positus,
3265 3633 3478 3703 pannis
3508 3633 3732 3687 obsitus
3757 3650 3772 3694 ;
3799 3630 3848 3681 in

2246 3749 2495 3805 corpore,
2529 3734 2658 3803 quia
2692 3730 3040 3802 jejunavitet
3077 3727 3130 3780 in
3163 3726 3417 3779 oratione
3463 3722 3846 3792 pernoctavit;

2247 3828 2299 3881 in
2354 3827 2599 3896 linguam
2638 3839 2748 3878 non
2815 3820 3042 3877 oﬁendit
3095 3833 3192 3888 per
3221 3830 3518 3886 prospera,
3549 3815 3690 3883 quia
3734 3828 3848 3867 cum

2245 3918 2441 3973 vellent
2461 3931 2586 3970 eum
2611 3929 2790 3986 regem
2819 3911 3021 3978 facere,
3055 3908 3189 3979 fugit
3222 3924 3238 3973 ;
3271 3919 3382 3959 non
3413 3905 3660 3960 offendit
3685 3907 3742 3959 in
3767 3905 3852 3957 ad-

2245 4009 2441 4074 versis,
2475 4007 2602 4077 quia
2629 4007 2772 4061 sicut
2811 4005 2932 4059 ovis
2965 4015 3151 4058 coram
3179 3999 3440 4054 tondente
3465 4013 3532 4050 se
3555 3996 3851 4051 obmutuit.

2246 4101 2600 4156 Lavationem
2630 4098 2683 4151 in
2714 4097 2877 4152 corde
2900 4093 3110 4158 habuit,
3159 4091 3288 4161 quia
3328 4105 3440 4142 non
3499 4090 3662 4142 venit
3687 4089 3852 4142 facere

2247 4194 2582 4248 voluntatem
2620 4204 2798 4255 suam,
2821 4187 2915 4243 sed
2944 4184 3142 4249 Patris,
3167 4193 3222 4239 et
3259 4182 3518 4237 divinum
3555 4181 3848 4234 consilium

2248 4285 2544 4356 praeposuit
2593 4281 2826 4338 consilio
2879 4278 3025 4332 Petri
3083 4274 3362 4331 dicentis:
3409 4291 3429 4324 ι
3486 4273 3658 4327 Absit
3708 4289 3741 4325 a
3785 4281 3847 4332 te,

2251 4377 2500 4442 Domine,
2544 4390 2652 4429 non
2703 4373 2808 4428 erit
2849 4371 2947 4426 tibi
2994 4371 3100 4424 hoc
3144 4366 3368 4438 (Matth.
3412 4367 3560 4434 XVI).
3587 4383 3609 4414 ι
3657 4363 3845 4417 lterum

2250 4486 2372 4525 cum
2401 4469 2641 4524 dicerent
2663 4464 2864 4534 Joseph
2915 4470 2968 4517 et
3010 4470 3185 4515 mater
3209 4473 3309 4514 sua
3335 4476 3350 4512 :
3382 4476 3401 4508 ι
3443 4456 3580 4522 Fili,
3606 4457 3748 4525 quid
3774 4454 3846 4506 fe-

2249 4561 2373 4616 cisti
2405 4559 2563 4613 nobis
2611 4557 2732 4611 sic?
2759 4553 3085 4624 respondit:
3119 4549 3258 4618 Quia
3284 4549 3338 4603 in
3373 4547 3459 4602 his
3488 4563 3621 4617 quae
3673 4545 3840 4599 Patris

2251 4654 2358 4709 mei
2385 4661 2513 4707 sunt
2539 4659 2756 4722 oportet
2796 4663 2884 4704 me
2923 4661 3046 4702 esse
3069 4644 3222 4716 (Luc.
3258 4642 3342 4712 ιι),
3379 4663 3397 4694 ι
3432 4651 3491 4696 et
3545 4649 3738 4695 tamen
3765 4654 3843 4692 se-

2249 4746 2519 4817 quebatur
2571 4758 2687 4810 eos,
2741 4751 2795 4798 et
2848 4747 2968 4795 erat
3015 4737 3267 4793 subditus
3304 4735 3416 4789 illis
3462 4733 3679 4803 (ibid).
3725 4751 3743 4782 ι
3785 4729 3844 4782 Et

2249 4837 2389 4893 facta
2419 4844 2502 4892 est
2529 4850 2660 4890 caro
2710 4833 2851 4904 ejus,
2889 4831 3033 4886 sicut
3079 4843 3211 4884 caro
3247 4826 3404 4896 pueri
3429 4823 3480 4896 (ι
3502 4823 3547 4876 γ
3567 4823 3706 4894 Reg.
3727 4831 3838 4893 γρ.»

2246 4931 2299 4984 id
2322 4939 2406 4985 est
2445 4929 2511 4983 ad
2566 4925 2984 4982 similitudinem
3017 4920 3245 4976 Christi.
3297 4918 3403 4974 Iste
3450 4928 3538 4972 est
3588 4933 3753 4987 puer,
3781 4915 3844 4968 de

2250 5038 2360 5094 quo
2409 5021 2649 5076 dicitur:
2699 5038 2716 5068 ι
2749 5017 2892 5071 Puer
2930 5024 3092 5070 natus
3146 5022 3230 5068 est
3291 5012 3451 5065 nobis
3511 5008 3786 5077 (15mm).
3823 5026 3840 5056 ι

2253 5115 2423 5170 Adam
2447 5112 2682 5184 perdidit
2707 5109 3101 5172 conditionem,
3137 5105 3534 5168 innocentiam,
3561 5103 3846 5154 immorta-

2251 5209 2481 5262 litatem.
2513 5203 2640 5258 llam
2675 5203 2776 5258 tria
2823 5201 3010 5256 retulit
3038 5198 3197 5253 nobis
3243 5197 3345 5251 iste
3401 5211 3560 5264 puer.
3605 5192 3718 5247 Ista
3765 5202 3847 5246 est

2253 5306 2457 5368 septem
2481 5295 2689 5351 ablutio
2711 5291 2958 5347 Naaman
2982 5293 3038 5346 in
3052 5288 3309 5346 Iordane.

1343 5536 1940 5634 DOMINICA
2015 5539 2459 5633 DECIMA
2555 5535 3057 5646 QUINTA.

1801 5696 2166 5759 Secundum
2199 5693 2590 5759 Matthteum.

641 5849 663 5885 ε
687 5830 860 5888 Nemo
880 5839 1059 5903 potest
1087 5834 1303 5893 duobus
1332 5838 1570 5928 dominis
1603 5840 1826 5898 servire.
1861 5841 1968 5897 Aut
1999 5842 2144 5898 enim

2253 5857 2424 5897 unum
2469 5841 2594 5898 odio
2639 5836 2857 5895 habebit
2899 5845 2951 5890 et
2995 5832 3222 5890 alterum
3265 5828 3487 5900 diliget:
3533 5836 3625 5882 aut
3671 5837 3846 5881 unum

3787 5987 3844 6012 ,δ
