3976 6356
1594 317 1925 377 WEllNERl
1963 316 2259 373 ABBAI'iS
2299 318 2359 375 S.
2402 316 2628 374 BLASll
3136 352 3141 357 -
3644 312 3813 367 “ll

468 330 641 386 1143·

472 441 609 498 liciti
634 439 762 498 sibi.
805 436 887 493 Tu
909 450 1041 493 vero
1069 436 1148 492 sis
1193 433 1464 491 sollicitus
1513 432 1583 488 de
1610 441 1662 489 te
1696 433 1753 488 in
1811 446 2055 505 praesen—
2084 432 2133 489 Δ
2158 433 2335 489 aliena
2363 447 2423 489 se
2472 446 2696 487 manum
2724 444 2835 486 non
2876 429 3114 497 mittere,
3144 431 3195 486 si
3232 442 3334 486 sua
3364 426 3807 491 redderentur;

470 536 698 590 tiarum.
753 530 1034 587 Sollicitus
1086 528 1142 583 in
1183 525 1515 597 supradictis
1562 523 1834 595 signiﬁcat
1875 522 2064 579 anxie-
2164 524 2415 581 diabolus
2443 524 2582 580 dixit
2610 538 2669 579 se
2691 523 2868 579 aliena
2896 533 3149 593 paratum
3174 520 3430 587 reddere,
3455 518 3511 574 si
3534 533 3651 574 sua
3676 534 3803 573 non

471 635 640 681 tatem
668 622 800 689 ;hic
824 635 957 677 vero
980 618 1405 690 providentiam,
1444 629 1611 687 quam
1637 614 1880 670 futurum
1922 622 2063 669 tem-

471 733 577 789 pus
602 714 792 772 atteret
813 728 1023 779 secum,
1048 720 1109 767 ut
1146 726 1271 767 cum
1301 724 1529 765 necesse
1558 708 1666 765 erit
1713 722 1933 762 sumere
1973 705 2066 760 ali-

471 810 602 882 quid
652 807 968 878 temporale,
997 806 1162 872 adsit,
1194 805 1324 876 quia
1374 803 1529 859 novit
1576 801 1721 858 Deus
1749 800 1883 871 quid
1922 797 2066 853 indi-

472 914 683 971 gemus.
725 896 929 953 Curam
967 904 1149 951 autem
1194 893 1548 964 praesentium
1592 891 1858 946 malitiam
1882 897 2062 955 vocat,

470 990 602 1062 quia
626 989 860 1059 poenalis
883 996 969 1043 est
994 994 1047 1043 et
1075 985 1309 1057 pertinet
1350 984 1421 1041 ad
1469 983 1857 1039 mortalitatem
1880 982 2064 1052 'quam

470 1080 755 1153 peccando
777 1078 1084 1136 meruimus
1118 1091 1282 1147 ;quae
1306 1075 1364 1131 in
1411 1090 1471 1131 se
1515 1075 1650 1131 satis
1681 1087 1919 1129 onerosa
1958 1080 2063 1139 est,

475 1174 712 1229 necdum
763 1174 929 1228 etiam
986 1171 1300 1228 futurorum
1353 1185 1542 1226 curam
1608 1169 2061 1239 superaddamns.

474 1263 593 1320 lloe
616 1264 739 1320 loco
764 1264 1113 1320 vehementer
1135 1263 1435 1319 cavendum
1479 1270 1582 1327 est,
1607 1277 1676 1316 ne
1699 1276 1827 1315 cum
1867 1259 2068 1314 videri-

475 1371 603 1411 mus
632 1356 872 1426 aliquem
903 1370 1123 1412 servum
1159 1354 1255 1409 Dei
1295 1354 1605 1424 providere,
1641 1367 1711 1407 ne
1744 1352 1848 1407 ista
1873 1365 2060 1406 ncces-

475 1451 621 1510 saria
649 1450 831 1505 desint
858 1449 941 1503 vel
973 1448 1099 1513 sibi,
1158 1448 1242 1502 vel
1298 1447 1402 1502 sibi
1431 1444 1767 1509 commissis,
1818 1442 1959 1499 forte
1975 1442 2066 1512 ju-

473 1544 724 1597 dicemus
746 1557 873 1597 eum
904 1549 1095 1595 contra
1122 1548 1389 1609 praecepta
1419 1536 1637 1593 Domini
1670 1536 1870 1592 facere.
1927 1532 2064 1588 Nam

474 1639 530 1686 et
568 1632 687 1702 ipse
714 1631 983 1686 Dominus
1029 1629 1245 1685 loculos
1282 1628 1487 1683 habere
1513 1628 1775 1698 dignatus
1826 1633 1911 1682 est
1938 1639 2062 1680 cum

474 1723 708 1793 pecunia
741 1742 756 1777 :
789 1737 858 1777 ne
916 1722 1044 1792 quis
1096 1722 1151 1775 in
1204 1721 1312 1776 hoc
1363 1719 1683 1776 scandalum
1742 1726 2061 1789 pateretur:

474 1815 680 1871 l‘aulus
706 1815 873 1870 etiam
902 1813 1116 1869 videtur
1137 1812 1409 1884 cogitasse
1440 1812 1508 1867 de
1541 1812 1808 1878 crastino,
1834 1826 1959 1867 cum
1983 1811 2065 1865 (lio

475 1907 601 1963 cit:
654 1927 674 1958 ι
712 1905 789 1962 De
843 1905 1095 1962 collectis
1149 1912 1335 1960 autem
1386 1905 1532 1961 sicut
1598 1904 1849 1958 ordinavi
1904 1902 2067 1958 facile

477 1996 534 2067 (Ι
557 1996 681 2052 Cor.
713 1998 890 2068 XVI).)
926 1997 1010 2051 Ad
1066 1996 1209 2051 hanc
1254 2010 1388 2066 ergo
1435 1993 1680 2065 regulam
1740 2002 1915 2049 totum
1965 1993 2069 2048 hoc

475 2096 809 2159 praeceptum
870 2086 1157 2156 redigitur,
1189 2093 1249 2139 ut
1297 2086 1463 2141 etiam
1520 2085 1575 2139 in
1606 2084 1838 2140 istorum
1878 2082 2068 2153 provi—

477 2181 634 2235 sione
676 2193 904 2249 regnum
958 2176 1056 2233 Dei
1111 2168 1436 2247 cogitemus,
1475 2175 1529 2230 in
1563 2175 1774 2231 malitia
1807 2189 1939 2230 vero
1981 2188 2071 2229 re-

477 2270 572 2342 gni
620 2267 719 2325 Dei
780 2283 893 2324 non
959 2268 1065 2325 ista
1119 2269 1445 2340 cogitemus.
1511 2267 1702 2337 Itaque
1754 2281 1865 2322 non
1914 2265 2071 2320 labor

477 2374 534 2420 et
584 2362 929 2435 providentia
975 2362 1330 2428 damnantur,
1362 2363 1458 2418 sed
1491 2371 1727 2418 mentem
1764 2360 2071 2433 praefocans

477 2470 634 2511 cura.

550 2546 783 2603 Collatia
814 2544 912 2602 Dei
935 2563 1054 2602 cum
1080 2546 1294 2601 diabolo
1319 2547 1385 2601 de
1396 2546 1522 2616 jure
1547 2545 1646 2601 Dei
1672 2555 1722 2601 et
1744 2546 1994 2601 hominis.

557 2636 728 2705 Deus,
767 2651 867 2707 per
914 2636 1195 2693 hominem
1249 2636 1517 2692 mundum
1574 2637 1980 2708 redempturus,
2012 2637 2069 2692 in

480 2729 750 2784 mundum
777 2727 951 2797 venit,
978 2736 1035 2783 et
1056 2727 1152 2783 toti
1184 2728 1394 2783 mundo
1445 2728 1727 2784 diabolum
1777 2728 2072 2784 dominan-

477 2831 589 2876 tum
622 2821 844 2877 invenit.
873 2819 1019 2877 Deus
1040 2836 1136 2892 per
1160 2820 1441 2876 hominem
1461 2820 1727 2876 mundum
1752 2821 1996 2876 visitans
2014 2820 2073 2877 in

484 2914 709 2983 propria
762 2912 931 2981 venit,
979 2920 1035 2968 et
1078 2912 1248 2967 homo
1293 2926 1392 2982 per
1442 2910 1612 2969 Deum
1645 2913 1912 2968 mundum
1960 2927 2073 2968 non

492 3020 714 3072 amans,
780 3004 876 3059 ubi
935 3005 1229 3061 reclinaret
1281 3012 1448 3075 caput
1502 3019 1609 3060 non
1662 3004 1871 3060 habuit.
1928 3002 2073 3061 Deus

2163 617 2530 673 auferrentur.
2572 614 2719 672 Deus
2753 615 2890 671 dixit
2932 630 2992 670 se
3032 614 3247 669 nullum
3300 627 3335 668 a
3378 610 3801 666 misericordia

2161 725 2325 782 posse
2371 708 2659 780 repellere;
2705 707 2957 763 diabolus
2991 706 3145 774 dixit,
3185 705 3233 761 si
3269 718 3472 758 omnes
3494 702 3795 772 perderet,

2162 818 2273 858 non
2319 817 2380 858 se
2427 816 2588 872 posse
2629 800 3009 871 aequanimiter
3036 800 3289 855 tolerare.
3324 795 3497 851 Deus
3531 794 3691 848 dixit
3734 810 3795 849 se

2165 894 2395 951 suadere
2431 901 2494 949 ut
2521 893 2576 947 in
2606 902 2720 950 toto
2751 892 2820 947 ab
2866 891 3047 946 alieno
3066 890 3193 961 jure
3220 886 3551 951 secederet;
3574 885 3792 940 diabo-

2164 988 2253 1043 lus
2272 986 2412 1041 dixit
2435 1001 2494 1042 se
2527 985 2807 1056 postulare
2841 992 2900 1039 ut
2938 983 3128 1039 saltem
3178 995 3281 1052 pro
3310 978 3637 1035 reverentia
3674 977 3793 1044 pri-

2165 1080 2325 1135 stinm
2364 1077 2757 1133 dominationis
2796 1075 3035 1145 aliquam
3066 1074 3120 1128 in
3150 1081 3306 1143 parte
3354 1070 3621 1140 requiem
3678 1069 3791 1124 sibi

2164 1187 2276 1227 non
2301 1177 2542 1242 negaret.
2578 1170 2721 1225 Deus
2756 1169 2895 1223 dixit
2922 1182 2981 1223 se
3029 1181 3154 1222 cum
3200 1163 3360 1236 prius
3387 1162 3620 1232 potiora
3666 1161 3787 1215 eie-

2166 1266 2352 1336 gisset,
2383 1272 2507 1334 post
2551 1262 2628 1317 illi
2681 1259 2978 1330 abjectiora
3032 1271 3467 1320 concessurum;
3518 1252 3789 1309 diabolus

2165 1357 2303 1413 dixit
2340 1356 2465 1426 jure
2492 1369 2572 1419 se,
2606 1354 2739 1408 dum
2777 1351 3099 1407 electionem
3152 1349 3359 1404 habere
3411 1361 3531 1401 non
3569 1354 3781 1415 posset,

2166 1448 2357 1504 saltem
2382 1446 2729 1517 partitionem
2766 1444 3063 1500 facturum.
3097 1441 3243 1497 Deus
3262 1439 3413 1494 dixit
3439 1454 3506 1494 se
3552 1437 3781 1508 privile

2166 1542 2257 1613 gio
2289 1539 2679 1595 dominationis
2730 1537 3020 1606 utriusque
3069 1540 3405 1605 potestatem
3448 1531 3776 1595 vindicare;

2165 1631 2419 1688 diabolus
2461 1631 2600 1686 dixit
2653 1644 2732 1696 se,
2770 1629 2898 1699 quia
2944 1628 3060 1697 jam
3104 1625 3349 1696 amplius
3394 1639 3513 1678 non
3564 1630 3776 1693 posset,

2167 1719 2305 1774 nihil
2331 1734 2398 1773 ex
2424 1718 2570 1789 jure,
2610 1718 2707 1774 sed
2754 1733 2820 1773 ex
2880 1716 3247 1788 permissione
3276 1714 3599 1785 postulare.
3630 1713 3777 1768 Deus

2167 1810 2307 1867 dixit
2340 1826 2401 1867 se
2433 1818 2643 1866 tantum
2674 1809 3072 1880 permissurum
3101 1809 3249 1880 quod
3285 1808 3464 1864 etiam
3510 1808 3664 1862 avari
3692 1806 3781 1860 τέο

2168 1916 2312 1955 mem
2345 1901 2545 1956 satiare
2573 1907 2787 1971 posset;
2820 1899 3075 1955 diabolus
3099 1900 3240 1955 dixit
3290 1915 3352 1956 se
3393 1914 3515 1954 non
3570 1908 3779 1954 tantum

2170 2003 2522 2065 accepturum
2551 1995 2684 2065 quin
2714 1994 2951 2064 amplius
2977 1993 3182 2063 cupiat,
3211 1993 3259 2051 si
3292 1994 3415 2049 ﬁeri
3442 1995 3653 2064 possit.
3688 1993 3781 2051 ὥ

2168 2087 2517 2159 dictisjussit
2560 2087 2706 2144 Deus
2747 2088 2897 2142 tendi
2925 2084 3199 2142 funiculos
3220 2085 3277 2139 in
3308 2085 3707 2155 partitionem,
3730 2096 3785 2139 et

2170 2180 2379 2235 invenit
2403 2180 2632 2236 virentia
2658 2188 2713 2235 et
2746 2178 2957 2250 irrigua
2997 2178 3053 2232 in
3087 2177 3329 2234 vallibus
3354 2177 3535 2244 imis;
3570 2177 3783 2234 minora

2170 2271 2368 2342 spatio,
2401 2271 2612 2342 majora
2662 2271 2861 2341 pretio,
2906 2278 2963 2326 et
3006 2270 3113 2325 hoc
3162 2269 3433 2340 praecepit
3475 2271 3683 2341 seponi
3718 2271 3783 2325 ad

2169 2369 2377 2432 partem
2408 2362 2667 2428 alteram;
2693 2361 2908 2417 deserta
2933 2369 3116 2416 autem
3164 2368 3222 2415 et
3246 2360 3407 2416 arida
3455 2360 3518 2415 in
3552 2362 3785 2430 rupibus

2169 2462 2226 2509 et
2247 2455 2528 2511 montibus
2547 2454 2707 2522 altis;
2754 2455 2865 2510 lata
2904 2462 2961 2510 et
3000 2453 3248 2523 aspectui
3295 2455 3559 2524 patentia
3590 2469 3783 2525 magna

2172 2548 2384 2617 spatio;
2408 2547 2539 2603 vilia
2573 2548 2770 2618 pretio,
2802 2554 2856 2602 et
2891 2546 2997 2602 hoc
3012 2545 3179 2616 jussit
3205 2544 3275 2601 ad
3299 2545 3545 2602 alteram
3576 2556 3780 2615 partu

2170 2639 2431 2696 discerni.
2456 2638 2613 2695 Tunc
2642 2637 2925 2694 mandavit
2966 2637 3245 2693 diabolum
3277 2636 3508 2692 adesse.
3541 2635 3618 2692 Et
3650 2638 3781 2693 assi-

2173 2734 2338 2793 stenti
2367 2734 2448 2791 sic
2470 2734 2585 2789 ait:
2611 2731 2691 2788 Ne
2712 2730 2853 2788 forte
2881 2728 3308 2787 autviolentiam
3336 2728 3783 2798 judicanth

2174 2828 2459 2884 avaritiam
2487 2825 2673 2881 dantis
2690 2823 2907 2881 causari
2915 2823 3128 2894 valeas,
3146 2820 3423 2891 quidquid
3436 2821 3645 2877 oculus
3658 2829 3783 2875 tuus

2171 2921 2344 2987 videt,
2370 2918 2467 2975 tibi
2492 2917 2656 2974 dabo.
2688 2915 2845 2971 Tunc
2878 2913 3131 2970 diabolus
3174 2912 3271 2983 qui
3319 2926 3500 2968 omne
3543 2912 3781 2968 sublime

2176 3012 2507 3078 considerat,
2525 3018 2580 3064 et
2610 3007 2838 3063 humilia
2864 3020 2979 3060 non
2991 2999 3388 3068 valet'intueri,
3426 3002 3632 3058 levans
3652 3017 3781 3057 oco-

420 3164 427 3169 ,
480 3097 649 3153 homo
680 3097 733 3151 in
760 3097 867 3153 hoc
896 3098 1105 3153 mundo
1156 3097 1442 3153 elementis
1471 3096 1778 3167 imperavit,
1820 3105 1877 3152 et
1906 3097 2075 3152 homo
2098 3120 2141 3178 ρ
2175 3107 2260 3162 los
2283 3102 2495 3175 aspexi;
2524 3108 2739 3156 montes
2763 3098 2996 3154 altos‘e;
3022 3109 3156 3152 saxa
3181 3092 3569 3165 prominentia
3598 3092 3657 3146 in
3676 3107 3783 3147 τε.-

485 3186 633 3243 Deus
660 3186 731 3242 de
759 3187 864 3242 hoc
890 3187 1100 3242 mundo
1147 3202 1375 3257 regnum
1420 3200 1481 3241 se
1520 3200 1633 3240 non
1675 3184 1879 3240 habere
1910 3184 2069 3241 dixit.

480 3273 625 3346 Ergo
653 3275 721 3331 ad
752 3275 955 3346 aliquid
980 3283 1153 3331 totum
1186 3274 1280 3331 Dei
1307 3283 1455 3341 erat',
1485 3283 1539 3330 et
1559 3273 1627 3329 ad
1657 3274 1865 3346 aliquid
1892 3282 2072 3330 totum

481 3366 708 3424 diaboli.
746 3365 946 3423 Totum
975 3364 1071 3422 Dei
1098 3366 1245 3437 quod
1269 3365 1385 3436 ipse
1408 3363 1641 3432 fecerat;
1673 3372 1846 3420 totum
1870 3364 2075 3421 diaboli

482 3461 631 3533 quod
668 3462 785 3532 ipse
830 3459 1162 3532 possidebat.
1193 3457 1340 3514 Deus
1386 3458 1442 3512 in
1491 3456 1763 3527 principio
1805 3457 2073 3513 mundum

483 3562 790 3617 creaverat,
819 3560 872 3606 et
891 3551 1146 3606 diabolus
1170 3565 1202 3604 a
1237 3549 1509 3619 principio
1534 3548 1800 3604 mundum
1828 3550 2077 3619 posside-

486 3645 600 3700 bat.
637 3643 782 3714 Ergo
802 3652 1078 3699 certamen
1106 3641 1311 3697 factum
1340 3650 1423 3697 est
1448 3640 1579 3709 Deo,
1606 3649 1661 3697 et
1685 3650 1960 3698 certamen
1990 3641 2076 3699 fa-

491 3746 642 3791 ctum
667 3742 754 3790 est
775 3733 1014 3789 diabolo.
1058 3731 1205 3789 Deus
1226 3733 1364 3789 dixit
1392 3749 1451 3789 se
1481 3734 1626 3805 quod
1655 3750 1817 3790 suum
1839 3744 1960 3791 erat
1982 3736 2079 3791 de-

486 3827 621 3884 bere
650 3826 921 3897 recipere;
950 3825 1205 3882 diabolus
1231 3826 1368 3882 dixit
1396 3842 1455 3883 se
1493 3827 1547 3882 in
1596 3842 1699 3884 suo
1729 3843 1838 3884 non
1878 3829 2078 3886 debere

483 3920 818 3978 calumniam
850 3920 1140 3976 sustinere.
1165 3919 1310 3976 Deus
1329 3921 1466 3977 dixit
1493 3936 1550 3978 se
1567 3931 1688 3992 post
1710 3931 1820 3978 tam
1856 3924 2074 3996 longam

483 4013 805 4086 patientiam
835 4012 998 4084 digne
1041 4011 1417 4068 satisfactione
1444 4015 1824 4070 honorandum
1847 4034 1861 4083 ;
1888 4016 2079 4071 diabo-

484 4105 575 4161 lus
602 4105 741 4160 dixit
768 4121 828 4162 se
856 4114 981 4176 post
1016 4113 1128 4159 tam
1160 4105 1377 4177 longam
1402 4106 1784 4177 negligentiam
1815 4124 1914 4163 sua
1943 4123 2076 4179 pos-

486 4200 734 4257 sessione
779 4211 888 4255 non
946 4199 1295 4270 privandum.
1348 4199 1495 4256 Deus
1551 4200 1688 4256 dixit
1735 4202 1911 4257 aliena
1949 4217 2076 4259 eum

484 4289 863 4348 fraudulenter
894 4292 1207 4360 abstulisse,
1236 4291 1502 4347 violenter
1522 4294 1797 4362 tenuisse;
1825 4294 2077 4351 diabolus

484 4382 626 4438 dixit
649 4398 775 4438 eum
802 4397 903 4439 nec
930 4397 1058 4438 cum
1105 4382 1331 4438 abstulit
1376 4386 1794 4455 contradixisse,
1820 4403 1921 4444 nec
1947 4403 2073 4444 cum

2176 3198 2360 3269 pibus,
2418 3210 2484 3251 ac
2537 3193 2751 3249 deserta
2804 3189 3075 3261 patentia,
3119 3195 3176 3242 et
3223 3185 3389 3256 quasi
3442 3192 3633 3240 totum
3682 3184 3781 3238 sibi

2178 3288 2413 3345 cessisse
2443 3285 2710 3359 glorians,
2745 3281 2993 3353 despexit
3019 3279 3166 3351 quod
3190 3277 3339 3334 Deus
3371 3278 3646 3348 elcgerat.
3683 3276 3779 3332 Cui

2177 3381 2322 3439 Deus
2378 3381 2671 3449 increpans
2697 3392 2763 3433 ac
2803 3376 3102 3432 caecitatem
3151 3373 3280 3429 elati
3336 3372 3612 3429 deriqlens
3662 3372 3776 3427 ait:

2182 3492 2202 3526 ι
2231 3472 2417 3529 Fuues
2430 3472 2747 3527 ceciderunt
2766 3468 2903 3524 mihi
2925 3468 2983 3523 in
3012 3464 3491 3537 prmclaris(Psal.
3517 3465 3643 3534 xv).
3662 3486 3681 3518 ι
3700 3463 3776 3520 Tu

2175 3565 2368 3620 laudas
2393 3562 2539 3634 quod
2565 3562 2743 3627 vides,
2766 3569 2822 3616 et
2847 3574 2951 3632 ego
2977 3559 3145 3614 laudo
3171 3558 3321 3629 quod
3347 3557 3545 3614 video.
3590 3557 3673 3611 Tu
3720 3558 3775 3611 in

2178 3656 2290 3710 imo
2313 3671 2392 3723 es,
2415 3664 2470 3711 et
2497 3662 2785 3727 propterea
2810 3652 2986 3708 oculis
3016 3651 3126 3708 tuis
3163 3651 3267 3706 nisi
3291 3651 3403 3706 alta
3424 3661 3486 3715 et
3505 3651 3776 3706 exstantia

2184 3765 2293 3804 non
2327 3758 2514 3818 patent
2542 3764 2558 3801 :
2591 3762 2692 3817 ego
2713 3746 2951 3815 desuper
2972 3743 3315 3814 contemplor
3341 3757 3520 3813 quam
3546 3744 3800 3799 habeant

2178 3839 2552 3896 amoenitatem
2603 3837 2856 3905 humilia,
2910 3835 3116 3892 etenim
3147 3833 3445 3891 haereditas
3480 3850 3614 3890 mea
3644 3851 3777 3905 pra-

2179 3932 2327 3987 clara
2357 3941 2442 3987 est
2469 3929 2628 3985 mihi.

2191 4047 2270 4102 De
2299 4045 2501 4101 duobus
2531 4045 2783 4111 dominis,
2813 4051 2862 4097 et
2889 4042 3097 4096 duabus
3121 4040 3450 4106 civitatibus,
3478 4050 3537 4095 et
3556 4042 3773 4095 diversis

2792 4114 2916 4169 aliis
2951 4115 3125 4168 rebus.

2250 4211 2381 4267 Dum
2429 4219 2557 4266 sunt
2607 4209 2880 4274 civitates,
2908 4206 3247 4263 Hierusalem
3296 4212 3353 4260 et
3400 4204 3677 4278 Babylon,
3720 4214 3775 4261 et

2178 4307 2288 4363 duo
2305 4304 2521 4377 populi;
2550 4312 2823 4359 amatores
2843 4302 2964 4369 Dei,
2989 4302 3140 4357 cives
3162 4298 3539 4367 Hierusalem,
3555 4309 3771 4355 etanta-

2177 4408 2326 4455 tores
2359 4396 2567 4463 mundi,
2586 4395 2734 4452 cives
2760 4393 3081 4466 Babylonis;
3103 4401 3158 4448 et
3179 4392 3288 4447 duo
3309 4406 3495 4461 reges,
3521 4390 3771 4446 Christus

484 4474 665 4529 tenuit
690 4475 987 4545 aliquando
1006 4475 1288 4545 repetisse.
1312 4475 1459 4533 Deus
1486 4478 1624 4533 dixit
1648 4488 1899 4549 potenter
1920 4495 1980 4536 se
2008 4480 2077 4536 ad
2108 4488 2152 4543 D
2182 4502 2277 4542 rex
2303 4484 2645 4541 Hierusalem
2671 4492 2727 4539 et
2746 4482 2999 4539 diabolus
3023 4497 3122 4538 rex
3148 4480 3464 4552 Babylonis.
3492 4479 3647 4537 Inter
3678 4481 3770 4535 has

489 4582 592 4623 sua
625 4567 959 4638 recipienda,
990 4567 1036 4622 si
1058 4567 1241 4635 vellet,
1278 4568 1489 4624 viribus
1518 4571 1628 4637 uti;
1657 4571 1908 4627 diabolus
1941 4571 2080 4627 dixit

487 4676 615 4716 eum
642 4668 833 4717 contra
855 4659 1124 4731 justitiam
1147 4674 1258 4715 non
1282 4658 1482 4717 debere
1502 4662 1712 4718 viribus
1735 4662 1906 4717 abuti.
1932 4662 2078 4719 Deus

489 4755 631 4810 dixit
650 4754 860 4825 justum
893 4768 1005 4809 non
1028 4767 1151 4810 esse
1189 4752 1236 4808 si
1270 4754 1416 4824 quod
1444 4747 1546 4825 ‘pie
1580 4763 1862 4810 creaverat
1900 4756 2079 4825 perire

489 4845 861 4915 permitteret;
886 4844 1157 4901 diabolus
1195 4843 1333 4899 dixit
1382 4843 1647 4915 injustum
1689 4850 1813 4901 esse
1846 4846 1891 4903 si
1928 4846 2076 4918 quod

488 4946 687 5007 sponte
730 4938 994 5008 perierat,
1052 4947 1402 4996 restauraret.
1457 4938 1603 4996 Deus
1647 4939 1786 4995 dixit
1834 4954 1894 4997 se
1938 4941 2080 4996 velle

490 5027 742 5083 misereri
786 5042 885 5098 per
911 5028 1295 5098 benignitatem
1323 5030 1634 5100 propriam;
1660 5030 1908 5088 diabolus
1941 5032 2080 5088 dixit

492 5135 555 5175 se
602 5131 766 5173 nosse
828 5118 1089 5173 damnum
1155 5120 1265 5189 pati
1313 5135 1411 5190 per
1457 5131 1776 5191 potestatem
1819 5124 2074 5181 alienam.

490 5211 639 5267 Deus
685 5208 823 5266 dixit
870 5210 1079 5283 justum
1130 5226 1251 5268 esse
1286 5222 1349 5269 ut
1388 5213 1456 5269 de
1497 5225 1721 5284 peccato
1757 5218 2080 5287 pmnitentes

491 5303 563 5358 ad
631 5302 863 5360 salutem
914 5303 1316 5374 reciperentur;
1384 5305 1636 5364 diabolus
1681 5309 1819 5365 dixit
1865 5311 2077 5382 justum

490 5410 604 5450 non
656 5410 781 5453 esse
839 5403 902 5452 ut
952 5394 1009 5451 in
1054 5405 1279 5467 peccato
1334 5398 1688 5469 persistentes
1736 5403 1803 5457 ad
1848 5404 2079 5460 salutem

495 5497 842 5559 cogerentur.
868 5488 1014 5547 Deus
1046 5490 1186 5547 dixit
1226 5507 1284 5549 se
1326 5492 1543 5551 venisse
1585 5503 1648 5551 ut
1684 5497 1929 5553 volentes
1967 5513 2078 5553 non

493 5589 732 5651 cogeret,
762 5582 858 5639 sed
874 5590 934 5639 ut
956 5582 1202 5641 volentes
1221 5583 1533 5657 adjuvaret;
1565 5586 1814 5644 diabolus
1831 5588 1969 5643 dixit
1995 5589 2081 5643 in-

492 5672 654 5727 terim
677 5689 778 5745 pro
802 5683 1049 5749 tempore
1073 5678 1456 5749 aequanimiter
1477 5695 1535 5736 se
1567 5696 1860 5752 passurum
1891 5683 2081 5739 volen-

490 5770 575 5819 tes
622 5766 888 5841 amittere,
913 5768 959 5826 si
1006 5770 1255 5829 nolentes
1303 5768 1578 5830 retineret.
1644 5772 1789 5831 Deus
1841 5774 1977 5831 dixit
2023 5776 2079 5835 in

2178 4581 2317 4637 duas
2350 4578 2596 4633 civitates
2622 4584 2677 4631 et
2702 4576 2844 4631 duos
2877 4574 3131 4645 populos,
3178 4582 3235 4628 et
3255 4573 3401 4628 duos
3450 4587 3637 4645 reges,
3660 4572 3767 4627 δει-

2178 4674 2293 4728 lum
2335 4678 2421 4726 est
2448 4669 2671 4740 jugiter,
2717 4675 2772 4723 et
2802 4665 3098 4733 discordia,
3152 4674 3207 4720 et
3240 4679 3449 4735 pugna,
3492 4674 3555 4720 et
3596 4663 3766 4735 signat

2181 4771 2412 4831 uterque
2423 4759 2626 4815 milites
2647 4773 2780 4813 suos
2800 4776 2813 4812 :
2836 4756 3092 4812 Christus
3113 4771 3266 4823 suos,
3282 4754 3610 4811 etdiabolus
3620 4771 3763 4821 suos,

2179 4863 2243 4911 ut
2272 4862 2571 4926 agnoscant
2596 4851 2802 4924 quique
2849 4862 3029 4921 regem
3066 4863 3254 4917 suum,
3293 4856 3348 4903 et
3395 4859 3764 4920 agnoscantur

2180 4946 2251 5001 ab
2293 4958 2361 5000 eo
2388 4952 2443 4999 et
2486 4951 2788 5015 sequantur
2813 4958 2961 4998 cum.
3008 4940 3352 4997 Hierusalem
3392 4939 3547 4995 enim
3578 4940 3763 4997 civitas

2181 5045 2266 5093 est
2311 5037 2365 5091 in
2413 5035 2575 5101 cmlo,
2628 5033 2867 5106 Babylon
2901 5032 3160 5089 deorsum
3191 5032 3249 5086 in
3295 5039 3481 5099 terra;
3512 5031 3762 5087 similiter

2181 5130 2432 5186 Christus
2491 5144 2713 5185 sursum
2768 5135 2871 5195 est,
2924 5126 3178 5183 diabolus
3224 5125 3510 5181 deorsum.
3572 5123 3760 5180 llilites

2180 5220 2383 5278 Christi
2414 5230 2720 5292 sequuntur
2751 5235 2935 5292 regem
2987 5234 3176 5285 suum,
3219 5227 3277 5274 et
3323 5218 3531 5274 milites
3560 5217 3755 5273 diaboli

2182 5324 2487 5386 sequuntur
2527 5327 2709 5384 regem
2744 5326 2927 5367 suum.
2977 5310 3236 5369 Christus
3281 5310 3458 5366 tribus
3497 5309 3757 5379 exemplis

2180 5407 2325 5462 viam
2355 5405 2514 5461 nobis
2559 5404 2821 5471 ostendit,
2865 5419 3031 5476 quam
3062 5419 3192 5461 cum
3240 5402 3399 5474 sequi
3440 5401 3755 5469 debeamus,

2180 5500 2432 5557 similiter
2453 5497 2705 5554 diabolus
2751 5497 2853 5554 tria
2891 5496 3198 5569 proposuit,
3228 5496 3432 5567 quibus
3471 5504 3600 5566 post
3636 5508 3753 5549 eum

2179 5591 2592 5663 praecipitentur
2645 5589 2742 5661 qui
2789 5605 2916 5646 eum
2964 5597 3290 5660 sequuntur.
3338 5586 3446 5643 lter
3496 5586 3647 5643 enim
3692 5586 3753 5642 ad

2175 5679 2482 5756 Christum,
2505 5683 2641 5755 quia
2662 5698 2884 5740 sursum
2914 5691 3021 5750 est,
3064 5682 3414 5739 arduumest
3440 5688 3497 5736 et
3547 5687 3750 5735 aretu-

2180 5785 2283 5847 est,
2318 5785 2371 5833 et
2415 5776 2639 5850 longum
2670 5776 2723 5832 in
2768 5775 3036 5844 sublime;
3067 5775 3173 5833 iter
3204 5775 3274 5833 ad
3302 5773 3607 5843 diabolum,
3632 5771 3751 5843 quia
