3976 6356
194 321 380 378 1145
1170 322 1747 382 DEFLORATIONES
1784 324 1886 382 SS.
1930 326 2243 384 PATllUM.
2285 358 2365 369 ---
2390 328 2526 385 LIB.
2569 330 2634 388 ll.
3390 336 3527 395 11.56

196 436 503 493 deorsum
533 446 636 504 est,
684 438 854 495 latum
883 446 988 505 est,
1027 438 1300 510 breveque
1333 440 1387 496 in
1422 437 1756 512 profundum
1784 450 1839 497 et
1867 446 1914 503 A
1942 440 2410 513 addidit(Geu.t);
2438 454 2496 499 ut
2520 445 2989 516 ostenderetquod
3012 447 3262 504 similiter
3288 447 3342 503 in
3355 450 3525 505 ratio-

198 528 291 583 ad
363 530 730 600 prmcipitium
788 529 968 587 facile.
1039 530 1164 587 Ideo
1222 531 1477 589 Christus
1524 533 1835 602 exemplum
1941 535 2052 588 nali
2091 542 2286 589 natura
2312 535 2459 606 quod
2488 536 2724 606 primum
2754 553 2877 593 esse
2912 540 3150 609 primum
3168 538 3370 595 factum
3388 551 3526 608 erat,

199 620 582 690 paupertatis
605 619 921 690 reliquit,ut
941 622 1221 677 cxonerati
1246 622 1462 678 sarcina
1494 631 1835 681 terrenarum
1937 636 2125 697 postea
2149 635 2330 682 autem
2360 628 2648 698 pulchrum
2680 644 2801 685 esse
2848 639 2903 686 et
2946 629 3249 687 formosum
3276 647 3426 700 esse;
3474 642 3529 691 et

202 710 614 776 rerum,leves
637 712 1002 768 ascendamus
1030 728 1125 782 per
1152 713 1385 768 arduum
1404 714 1710 783 exemplum
1729 715 1835 768 hu-
1939 719 2137 774 melius
2164 719 2472 775 addendum
2502 730 2640 786 erat,
2680 730 2742 776 ut
2768 736 2878 776 non
2922 723 3089 777 nimis
3111 723 3439 792 gloriaretur
3464 724 3525 779 in

210 800 529 883 militatis,
547 809 608 855 ut
637 801 839 857 modici
871 802 992 856 sine
1015 801 1335 857 difﬁcultate
1364 811 1712 858 transeamus
1741 818 1838 873 per
1938 824 2004 865 eo
2027 811 2171 880 quod
2191 811 2391 865 bonum
2417 826 2654 880 prnnum
2671 822 2977 884 acceperat,
2998 814 3091 869 sed
3105 815 3173 869 ad
3190 814 3324 870 illud
3342 814 3525 885 potius

212 900 461 947 arctum
497 894 809 964 exemplum
847 894 1144 964 patientiae,
1182 909 1251 949 ne
1286 894 1606 949 deficiamus
1631 895 1685 948 in
1718 895 1838 949 lon-
1938 900 2376 973 festinaretquod
2399 913 2587 973 postea
2602 905 2796 961 melius
2819 915 3109 976 acceptura
3123 915 3262 961 erat.
3284 905 3389 961 Sed
3414 907 3526 977 pri-

211 998 394 1054 gum.
426 982 746 1056 Exemplum
780 985 1113 1055 paupertatis
1135 985 1282 1040 dedit
1305 1000 1428 1039 cum
1452 984 1590 1039 dixit
1615 1005 1628 1040 :
1660 1005 1678 1036 ε
1706 984 1837 1040 Vul-
1939 994 2250 1066 mogenitus
2286 994 2522 1065 primum
2551 997 2742 1052 dilexit
2772 1006 2831 1052 ut
2858 997 3109 1066 perderet
3137 997 3524 1065 novissimum,

212 1088 333 1142 pes
392 1073 578 1130 foveas
627 1076 852 1140 habent,
891 1083 945 1133 et
979 1075 1230 1132 volucres
1276 1076 1400 1131 coeli
1455 1076 1634 1142 nidos,
1664 1075 1835 1132 Filius
1938 1094 1993 1141 ει
2020 1086 2141 1141 ideo
2170 1088 2493 1156 reprobams
2514 1097 2597 1143 εει
2621 1100 2673 1144 ει
2696 1088 2862 1143 mea“
2892 1089 3032 1144 εωιο
3075 1097 3129 1143 οι
3151 1088 3205 1143 in
3236 1088 3525 1145 ten-3,334

218 1175 428 1221 autem
462 1167 699 1224 hominis
748 1184 858 1224 non
891 1169 1054 1223 habet
1092 1168 1183 1223 ubi
1216 1176 1379 1238 caput
1409 1184 1570 1223 suum
1612 1169 1838 1225 reclinet
1939 1178 2029 1233 ille
2057 1180 2124 1233 de
2152 1179 2290 1234 οωιο
2318 1179 2527 1249 εῙερωε
2573 1181 2627 1234 in
2677 1191 2876 1236 terram
2926 1181 3205 1238 hominem
3254 1198 3353 1253 per
3386 1182 3526 1236 invi.

221 1257 402 1325 (Luc.
436 1260 536 1329 ix).
562 1278 581 1311 ›
615 1258 938 1331 Exemplum
970 1261 1296 1316 humilitatis
1318 1260 1488 1323 dedit.
1511 1276 1635 1316 cum
1660 1261 1832 1316 dixit:

228 1368 251 1401 ι
284 1348 500 1405 Discite
552 1365 584 1405 a
634 1366 725 1406 me
773 1351 903 1422 quia
952 1351 1101 1406 mitis
1132 1366 1255 1406 sum
1300 1360 1351 1406 et
1402 1350 1625 1407 humilis
1673 1352 1836 1407 corde

224 1442 468 1513 (Matth.
516 1446 659 1513 ιη.»
706 1443 1030 1515 Exemplum
1078 1443 1358 1515 patientia:
1399 1443 1546 1498 dedit
1591 1444 1832 1514 quando,

225 1551 367 1590 cum
396 1545 792 1605 percuteretur,
819 1554 928 1594 non
960 1537 1314 1608 repercussit,
1341 1553 1466 1593 cum
1500 1537 1627 1609 joco
1663 1538 1837 1594 caule-

224 1636 417 1694 retnr,
448 1628 745 1696 sustinuit;
775 1630 1085 1699 exemplum
1114 1629 1472 1699 paupertatis,
1503 1632 1631 1699 quia
1654 1629 1708 1684 in
1734 1630 1837 1684 hoc

160 1757 175 1765 α
229 1720 455 1775 mundo
483 1720 704 1775 divitias
732 1720 934 1776 habere
980 1721 1184 1787 noluit;
1215 1720 1527 1790 exemplum
1558 1720 1836 1775 humilita-

1938 1271 2084 1326 diam
2126 1272 2524 1341 supplantavit;
2557 1272 2661 1327 iste
2711 1272 2764 1326 in
2799 1281 2949 1329 terra
2987 1275 3256 1344 reprobus
3296 1273 3524 1330 effectus

1937 1359 2162 1416 fratrem
2188 1378 2349 1417 suum
2384 1363 2612 1418 zelando
2653 1364 2871 1430 occidit,
2901 1366 3030 1434 quia
3057 1366 3205 1421 enim
3234 1367 3347 1421 vita
3376 1366 3524 1423 illius

1938 1453 2119 1526 gravis
2142 1454 2192 1509 ei
2216 1453 2319 1509 fuit
2343 1472 2356 1509 :
2384 1454 2506 1509 ideo
2533 1455 2601 1510 ad
2629 1464 2858 1510 mortem
2887 1456 3035 1513 illius
3063 1456 3361 1513 festinavit.
3383 1456 3526 1512 Cru-

1937 1545 2187 1599 ciahatur
2213 1545 2360 1599 enim
2393 1560 2628 1615 nequam
2666 1547 3003 1603 conscientia
3048 1547 3293 1617 quotidie
3331 1555 3525 1603 contra

1938 1650 1999 1691 se
2030 1635 2403 1692 testimonium
2433 1653 2664 1694 cernens
2688 1639 2856 1694 vitam
2875 1639 3031 1710 justi,
3062 1649 3117 1695 ct
3149 1642 3309 1711 quasi
3339 1641 3523 1712 gravis

1940 1728 1989 1783 ei
2019 1727 2087 1782 ad
2114 1728 2402 1783 videndum
2432 1728 2555 1795 fuit,
2590 1744 2656 1785 ex
2694 1730 2855 1800 cujus
2902 1731 3221 1800 poenitentia
3262 1747 3361 1787 sua
3384 1746 3520 1788 con-

229 1811 335 1876 ῑίδς
361 1811 493 1882 fl“ia
519 1812 748 1882 gloriam
782 1811 1008 1882 εΡτθνίιι
1036 1811 1347 1880 “(impium
1392 1810 1682 1880 ρθιίοηῑίω,
1706 1809 1834 1880 quia
1866 1805 1910 1860 Β
1937 1817 2302 1874 damnabatur
2356 1820 2585 1874 malitia.
2643 1818 2854 1876 Idcirco
2901 1820 3118 1877 auferre
3168 1821 3443 1878 festinavit
3490 1839 3523 1878 e

229 1903 389 1957 mala
421 1903 700 1958 sustinuit.
730 1899 869 1957 Cum
894 1901 1214 1957 laudaretur
1237 1916 1343 1956 non
1372 1901 1684 1968 lmtahatur;
1709 1915 1833 1956 cum

229 1994 685 2061 malediceretur,
740 2008 850 2049 non
904 1993 1258 2059 tristabatur;
1309 2009 1435 2049 cum
1472 2002 1831 2064 premeretur,

232 2100 352 2139 non
391 2083 765 2156 frangebatur.
808 2084 900 2139 Ait
930 2084 1154 2155 quidam
1183 2082 1260 2137 illi
1291 2101 1305 2138 :
1345 2101 1363 2134 ‹
1386 2083 1643 2153 Magister
1668 2084 1831 2140 bone.

234 2175 309 2231 Et
340 2176 638 2246 respondit.
693 2176 836 2244 Quid
868 2191 956 2232 me
1002 2176 1140 2232 dicis
1168 2177 1373 2251 bonum
1397 2176 1420 2230 ?
1448 2195 1466 2228 ι
1521 2175 1715 2246 (Marc.
1750 2175 1832 2247 χ.)

235 2265 383 2323 Ecce
410 2265 710 2323 humilitas.
742 2266 810 2322 Et
845 2268 939 2323 alii
988 2268 1282 2323 dixerunt:
1314 2286 1332 2319 ι
1360 2266 1699 2324 Dmmonium
1736 2268 1836 2322 ha-

236 2357 360 2414 bes.
393 2356 462 2413 Et
500 2358 638 2415 dixit
661 2377 674 2415 :
701 2358 816 2431 Ego
844 2360 1174 2415 dcemoninm
1218 2374 1326 2414 non
1375 2360 1570 2426 habeo,
1603 2360 1697 2415 sed
1732 2360 1834 2414 ho-

238 2451 477 2507 noriﬁco
501 2448 715 2507 Patrem
746 2466 929 2505 meum
957 2449 1141 2522 (Joan.
1174 2451 1351 2521 VIII).|
1380 2449 1521 2505 Ecce
1546 2450 1829 2521 patientia.

239 2542 312 2597 Et
343 2558 469 2599 cum
514 2543 818 2614 requireret
845 2557 971 2599 eum
1016 2543 1272 2613 populus,
1306 2552 1365 2598 nt
1397 2558 1574 2613 regem
1614 2541 1832 2603 faceret.

242 2633 337 2689 ille
366 2632 694 2688 humilitatis
720 2633 1032 2704 exemplum
1059 2633 1220 2688 nobis
1241 2632 1558 2703 relinquens
1591 2631 1748 2704 fugit,
1779 2642 1836 2689 et

244 2724 478 2795 gloriam
512 2725 719 2796 sprevit
744 2744 757 2781 :
782 2733 839 2780 et
876 2726 1052 2782 multa
1089 2735 1221 2781 sunt
1245 2724 1315 2780 ad
1361 2726 1477 2781 haec
1505 2725 1833 2795 pertinentia

246 2819 516 2887 exempla.

318 2907 503 2964 Prima
551 2924 681 2981 ergo
732 2916 815 2965 est
848 2915 1166 2979 paupertas,
1219 2914 1280 2961 ut
1333 2905 1654 2975 abjiciamus
1686 2904 1835 2975 quod

250 3009 458 3073 gravat,
491 3003 547 3058 in
582 3016 695 3074 quo
736 3010 820 3058 est
866 2998 1127 3072 peccandi
1167 2998 1406 3054 occasio.
1440 2997 1507 3052 Et
1535 2998 1663 3068 quia
1694 3013 1833 3067 pau-

252 3104 431 3167 pertas
454 3094 770 3165 despicitur,
794 3091 1043 3163 sequitur
1062 3089 1367 3156 humilitas,
1390 3104 1500 3159 qua
1527 3088 1643 3159 ipsa
1669 3088 1832 3143 etiam

252 3198 469 3260 propter
524 3186 818 3241 Dominum
866 3184 1050 3240 vilitas
1078 3190 1315 3250 amatur,
1360 3189 1414 3236 et
1444 3180 1574 3252 quia
1611 3196 1831 3239 rursum

253 3281 343 3352 qui
382 3279 503 3335 vilis
531 3286 616 3334 est
663 3278 782 3334 sine
805 3277 1113 3333 reverentia
1139 3275 1375 3341 laeditur,
1410 3273 1721 3329 necessaria
1751 3281 1836 3328 est

253 3378 374 3440 post
418 3368 778 3423 humilitatem
825 3366 1109 3435 patientia,
1178 3379 1305 3420 cum
1379 3362 1562 3418 omnia
1606 3363 1835 3418 adversa

257 3468 471 3529 propter
499 3456 669 3512 Deum
703 3455 916 3510 fortiter
955 3455 1275 3510 tolerentur.
1316 3452 1614 3523 Paupertas
1662 3453 1833 3509 levem

255 3549 384 3605 facit
413 3558 467 3604 et
509 3547 843 3617 expeditum,
886 3545 1172 3601 humilitas
1218 3545 1518 3610 modicum,
1574 3544 1833 3613 patientia

256 3641 445 3699 fortem
469 3648 525 3696 et
549 3640 860 3695 robustum.
890 3638 1129 3693 Econtra
1152 3636 1406 3692 diabolus
1435 3651 1566 3690 suos
1596 3636 1832 3704 primum

256 3733 561 3791 divitiarum
585 3731 823 3802 pondere
853 3732 911 3784 in
933 3745 1120 3785 amore
1141 3738 1195 3785 et
1222 3729 1277 3782 in
1308 3726 1674 3783 sollicitudine
1705 3743 1836 3781 onc-

258 3833 340 3882 rat
370 3833 428 3879 ut
447 3824 706 3880 deorsum
748 3830 943 3889 ruant;
986 3820 1231 3876 secundo
1260 3834 1357 3889 per
1399 3815 1712 3886 superbiam
1751 3816 1837 3870 in—

258 3922 366 3990 flat,
396 3931 455 3976 ut
478 3936 573 3992 per
599 3921 768 3975 latum
802 3919 1086 3984 incedant;
1114 3917 1274 3972 tertio
1312 3932 1407 3987 per
1436 3914 1834 3984 impatientiam

259 4010 452 4083 frangit
483 4020 543 4066 ut
570 4011 681 4067 cito
713 4009 994 4067 deficiant.
1020 4005 1087 4060 lli
1125 4006 1235 4061 duo
1256 4005 1441 4076 populi
1472 4005 1541 4059 ab
1567 4003 1724 4058 initio
1750 4002 1834 4057 sui

259 4105 387 4161 duas
411 4103 660 4159 civitates
685 4102 1091 4157 aedilicaverunt
1122 4117 1134 4153 :
1162 4096 1403 4169 Babylon
1429 4112 1461 4152 a
1484 4095 1619 4151 Cain
1648 4095 1832 4166 coepit,

259 4204 310 4253 et
339 4194 671 4250 Hierusalem
701 4193 771 4248 ab
795 4192 951 4247 Abel.

322 4287 540 4343 Primus
563 4285 711 4341 enim
745 4284 911 4339 homo
947 4283 1088 4338 duos
1116 4282 1305 4353 genuit
1345 4279 1504 4347 fiiios,
1545 4280 1835 4336 divisionis

262 4379 598 4451 principium,
629 4386 684 4433 et
712 4376 999 4433 divisionis
1048 4376 1304 4447 signum;
1351 4374 1482 4445 quia
1528 4373 1619 4427 illa
1652 4388 1831 4428 massa

1937 1908 2119 1962 medio
2149 1908 2349 1978 ipsum,
2379 1925 2447 1963 ne
2472 1925 2595 1965 eum
2630 1910 2839 1965 videret
2861 1911 2927 1965 ad
2953 1910 3331 1967 confusionem
3363 1927 3522 1967 suam

1936 2015 2099 2070 quem
2121 2000 2304 2057 videre
2325 2002 2501 2056 noluit
2525 2002 2593 2056 ad
2625 2002 3017 2057 correctionem
3057 2018 3213 2058 suam
3244 2012 3297 2059 ct
3336 2018 3524 2058 emen-

1937 2091 2237 2157 dationem,
2266 2090 2502 2146 fortasse
2526 2092 2806 2147 aestimans
2840 2101 3030 2162 postea
3052 2109 3161 2148 non
3192 2091 3311 2148 fore
3347 2092 3519 2148 Deum

1936 2183 2205 2239 vindicem
2229 2182 2554 2253 iniquitatis,
2582 2183 2627 2238 si
2653 2198 2761 2238 non
2790 2193 3107 2253 superesset
3150 2184 3318 2239 homo
3336 2184 3521 2254 justus

1936 2274 2091 2329 testis
2121 2274 2387 2329 veritatis.
2415 2271 2508 2327 Sic
2540 2288 2671 2344 ergo
2692 2273 2827 2329 Cain
2854 2273 3174 2329 interfector
3208 2273 3392 2330 fratris
3418 2272 3522 2327 Ba-

1935 2361 2152 2434 bylonis
2179 2362 2531 2418 fundamenta
2563 2362 2764 2432 posuit,
2794 2362 2931 2418 Abel
2979 2372 3164 2419 autem
3195 2362 3521 2419 interfectus

1937 2454 2204 2522 sanguine
2230 2467 2332 2508 suo
2368 2451 2668 2523 primordia
2697 2450 3036 2507 Hierusalem
3065 2452 3119 2506 in
3150 2460 3294 2507 terra
3323 2467 3520 2509 conse-

1935 2544 2130 2598 cravit.
2166 2542 2257 2598 Sic
2282 2542 2477 2600 lsmacl
2499 2541 2897 2612 primogenitns
2920 2540 3189 2611 reprobus
3213 2539 3334 2609 fuit,
3370 2541 3522 2598 Isaac

1935 2648 2066 2690 vero
2094 2633 2328 2701 electus;
2375 2632 2520 2689 Esau
2550 2647 2771 2703 quoque
2813 2631 2883 2686 ab
2911 2631 3246 2688 luereditatis
3277 2641 3424 2690 sorte
3465 2641 3521 2688 et

1936 2725 2084 2781 dono
2113 2725 2513 2781 benedictionis
2547 2723 2893 2795 reprobatur,
2918 2732 2973 2779 et
2994 2722 3166 2779 JaCob
3195 2725 3442 2795 diligitur
3462 2733 3518 2780 et

1935 2818 2194 2890 erigitur;
2251 2827 2305 2873 et
2363 2816 2657 2888 reprobate
2720 2814 2876 2871 Eliab
2921 2815 3309 2887 primogenita,
3353 2815 3519 2873 David

1931 2908 2122 2978 junior
2135 2909 2202 2963 ad
2230 2910 2379 2980 regni
2408 2909 2691 2980 fastigium
2715 2909 3061 2967 sublimatur.
3086 2908 3313 2979 Semper
3335 2917 3520 2965 autem

1936 3001 2138 3057 milites
2161 3003 2361 3057 diaboli
2391 3001 2579 3059 furore
2603 3011 3004 3074 pugnaverunt,
3017 3010 3072 3059 et
3096 3002 3296 3057 milites
3315 2999 3522 3056 Christi

1938 3092 2196 3162 patientia
2225 3094 2426 3162 vicere,
2451 3109 2631 3165 regem
2663 3109 2824 3149 suum
2870 3092 3205 3165 paupertatis
3246 3096 3436 3146 amore
3466 3101 3523 3149 et

1938 3186 2263 3242 humilitatis
2309 3185 2492 3241 studio
2548 3194 2864 3256 sequentes,
2925 3183 3187 3255 patientia
3217 3192 3400 3239 autem
3451 3182 3521 3238 ad

1936 3275 2115 3347 ipsum
2132 3276 2526 3346 pervenientes.

2187 3365 2448 3436 Exempla
2475 3366 2540 3420 de
2570 3366 2735 3421 variis
2769 3365 3042 3437 generibus
3073 3365 3271 3420 avium.

2010 3457 2297 3525 Quomodo
2317 3458 2376 3512 in
2407 3458 2662 3528 prazsenti
2701 3457 2984 3530 evangelio
3014 3457 3221 3513 mentio
3265 3454 3411 3511 facta
3434 3464 3519 3510 est

1937 3552 2121 3606 avium
2148 3560 2203 3606 et
2253 3551 2570 3618 herbarum,
2622 3560 2800 3606 ratum
2835 3552 3095 3607 duximus
3145 3549 3419 3620 aliqua.de
3439 3549 3521 3604 eis

1939 3644 2069 3697 huic
2094 3643 2244 3712 operi
2274 3642 2515 3699 inserere
2547 3643 2615 3698 ad
2656 3643 2948 3699 utilitatem
2999 3644 3343 3701 moralitatis.
3380 3640 3522 3698 Dicit

1937 3734 2083 3790 enim
2116 3735 2309 3790 beatus
2339 3734 2665 3790 Ambrosius
2688 3737 2741 3790 in
2767 3734 3074 3791 Examcron
3098 3736 3165 3791 de
3191 3722 3519 3791 hirundinei

1933 3826 2185 3881 Hiruntlo
2224 3827 2532 3883 minuscula
2563 3842 2795 3896 corpore
2821 3870 2836 3895 ,
2872 3829 2968 3883 sed
3006 3828 3222 3898 egregie
3267 3828 3376 3897 pia,
3425 3843 3521 3883 su-

1938 3917 2122 3973 blimis
2135 3917 2328 3972 affectu
2346 3937 2359 3971 :
2378 3933 2500 3987 quae
2513 3917 2695 3987 indiga
2712 3934 2834 3972 rcru
2842 3934 2892 3971 m
2906 3919 3152 3973 omnium
3164 3919 3520 3987 pretiosiores

1936 4022 2074 4062 auro
2102 4008 2258 4063 nidos
2307 4011 2491 4074 struit,
2517 4007 2647 4077 quia
2675 4007 2950 4076 sapienter
2982 4005 3236 4062 aedificat.
3288 4024 3307 4057 ι
3342 4005 3519 4062 Nidus

1936 4099 2082 4154 enim
2119 4098 2399 4168 sapientia:
2429 4099 2718 4168 pretiosior
2752 4106 2840 4153 est
2880 4112 3034 4153 auro.
3077 4095 3221 4164 Quid
3251 4097 3397 4152 enim
3429 4112 3520 4153 sa-

1936 4190 2175 4262 pientius
2205 4206 2369 4261 quam
2409 4198 2545 4245 utet
2570 4190 2786 4245 volandi
2823 4204 2959 4261 vaga
2998 4187 3250 4244 libertate
3280 4188 3520 4259 potiatur

1935 4293 1992 4341 et
2018 4266 2301 4339 hominum
2331 4282 2624 4339 domiciliis
2659 4280 2925 4352 parvulos
2955 4296 3089 4337 suos
3117 4290 3170 4336 et
3194 4288 3334 4337 tecta
3364 4295 3521 4335 com-

1937 4379 2178 4446 mendet,
2210 4380 2304 4435 ubi
2328 4379 2574 4437 sobolem
2605 4378 2789 4439 nullus
2820 4376 3094 4431 incurset?
3123 4373 3260 4429 Nam
3307 4384 3362 4430 et
3384 4373 3519 4431 illud

262 4482 456 4527 natura:
490 4470 764 4535 humanm,
795 4484 918 4538 quae
944 4468 997 4521 in
1026 4467 1146 4539 ipso
1176 4467 1412 4536 primum
1446 4481 1542 4537 per
1566 4465 1835 4521 εοηάὶιῖο·
1865 4495 1910 4549 D
1938 4481 2025 4528 est
2043 4471 2353 4542 pulchrum,
2388 4480 2447 4526 ut
2474 4486 2505 4526 a
2534 4470 2713 4540 primo
2741 4477 2866 4523 ortu
2895 4467 3077 4538 pullos
3104 4481 3236 4522 suos
3263 4465 3522 4521 humana:

263 4579 375 4620 nem
405 4571 516 4617 tota
543 4561 761 4617 condita
790 4571 909 4616 erat
933 4560 1002 4615 ad
1049 4559 1302 4631 gloriam,
1338 4567 1530 4629 postea
1573 4573 1670 4628 per
1692 4573 1834 4628 pra:-

262 4654 635 4711 varicationem
664 4662 779 4706 tota
808 4660 928 4707 erat
954 4651 1169 4707 addicta
1194 4650 1262 4706 ad
1292 4666 1531 4722 poenam,
1566 4658 1628 4705 ut
1653 4657 1837 4704 osten-

262 4748 469 4804 deretur
493 4745 638 4816 quod
671 4742 1046 4800 misericordia
1071 4754 1125 4797 et
1140 4742 1344 4798 veritas
1364 4743 1479 4813 jam
1507 4752 1635 4797 tunc
1664 4739 1833 4796 dividi

264 4847 538 4910 cmpernnt
558 4838 615 4893 in
642 4850 773 4893 vasa
799 4835 1191 4892 misericordia:
1213 4844 1267 4890 et
1284 4836 1338 4889 in
1363 4851 1490 4891 vasa
1515 4836 1629 4901 ira),
1656 4842 1709 4889 et
1738 4833 1835 4888 ab-

259 4931 424 5003 jectus
474 4941 559 4987 est
588 4928 985 5002 primogenitus
1032 4936 1213 4994 terrae,
1270 4926 1413 4983 sicut
1438 4927 1834 4997 primogenitus

266 5024 375 5080 οωιὶ
404 5032 710 5090 corruerat,
751 5022 799 5077 si
829 5029 1010 5077 tamen
1043 5017 1440 5091 primogenitus
1463 5026 1579 5073 erat
1620 5018 1713 5088 qui
1742 5033 1836 5089 ge-

266 5117 400 5173 nitus
446 5132 557 5171 non
601 5122 740 5170 erat.
792 5113 867 5169 De
912 5113 1033 5185 ipso
1079 5110 1226 5167 enim
1286 5110 1493 5165 dictum
1535 5117 1649 5164 est:
1679 5106 1836 5178 «Ipse

267 5205 580 5278 principium
611 5204 824 5260 viarum
851 5203 949 5259 Dei
978 5201 1099 5276 (Job
1123 5200 1237 5273 ιι).
1259 5220 1278 5254 ›
1310 5199 1377 5255 Et
1398 5199 1684 5269 reprobata
1707 5204 1837 5254 sunt

268 5298 426 5370 prima
462 5310 520 5353 ut
541 5296 864 5353 ostendatur
888 5296 1015 5368 quia
1051 5294 1178 5351 finis
1206 5291 1476 5365 principio
1506 5291 1701 5346 melior
1727 5298 1832 5358 est,

268 5394 379 5464 quia
407 5408 533 5464 quae
555 5393 613 5448 in
627 5392 895 5464 principio
914 5389 1056 5447 facta
1083 5397 1232 5457 sunt,
1261 5404 1293 5444 a
1316 5387 1427 5445 Deo
1442 5388 1584 5443 bona
1613 5387 1833 5458 quidem

266 5485 392 5543 facta
424 5492 574 5551 sunt,
598 5485 695 5541 sed
725 5485 867 5541 bona
897 5482 1242 5554 incipientia;
1275 5497 1398 5552 qua:
1426 5490 1610 5537 autem
1642 5481 1698 5535 in
1726 5482 1835 5537 fine

270 5577 501 5635 facienda
534 5587 712 5646 erant,
757 5577 901 5635 bona
948 5574 1196 5632 facienda
1234 5583 1411 5641 erant,
1438 5584 1492 5630 et
1524 5574 1668 5629 bona
1698 5588 1834 5628 con-

271 5679 546 5727 stnmnata.
569 5668 800 5741 Propter
829 5669 935 5726 hoc
968 5668 1132 5726 etiam
1174 5668 1229 5723 in
1280 5667 1396 5738 ipsa
1429 5680 1612 5721 rerum
1642 5665 1834 5722 condi-

273 5760 401 5831 tione
424 5760 662 5834 primum
692 5759 978 5819 materiam
1008 5757 1152 5827 fecit,
1171 5768 1357 5828 postea
1382 5756 1616 5815 formam
1645 5772 1833 5829 super-

1938 4579 2044 4619 usu
2080 4562 2520 4619 conversationis
2562 4568 2867 4627 assuescat,
2896 4568 2951 4615 et
2980 4567 3199 4630 praestet
3223 4557 3293 4613 ab
3334 4556 3523 4612 inimi-

1936 4671 2127 4712 carum
2148 4656 2331 4711 avium
2359 4653 2578 4711 insidiis
2607 4654 2858 4709 tutiores.
2888 4652 2985 4708 Est
3011 4660 3193 4707 tamen
3225 4650 3358 4705 illud
3380 4664 3523 4721 prte-

1936 4747 2172 4815 clarum,
2201 4762 2310 4817 qua
2331 4745 2506 4816 gratia
2525 4744 2721 4800 domos
2745 4744 2848 4800 sibi
2873 4744 2991 4800 sine
3017 4745 3128 4799 ullo
3142 4744 3394 4815 adiutore
3408 4751 3524 4799 tan-

1936 4854 2104 4909 quam
2128 4839 2262 4893 artis
2280 4838 2454 4908 perita
2473 4845 2786 4907 componat.
2814 4834 2966 4907 Legit
2980 4837 3125 4892 enim
3152 4834 3392 4893 festucas
3402 4850 3519 4903 ore,

1935 4944 2139 5000 easque
2154 4928 2269 4984 luto
2285 4927 2467 4994 illinit,
2483 4935 2542 4981 ut
2562 4926 2940 4998 conglutinare
2954 4927 3148 4996 possit.
3166 4926 3271 4981 Sed
3295 4926 3424 4996 quia
3441 4926 3523 4979 lu-

1936 5030 2051 5076 tum
2080 5021 2308 5093 pedibus
2332 5034 2443 5075 non
2468 5025 2647 5089 poteSt
2663 5016 2897 5083 deferre,
2924 5016 3293 5074 summitatem
3316 5030 3524 5087 penna—

1935 5129 2058 5169 rum
2082 5129 2225 5184 aqua
2246 5111 2503 5176 infundit,
2518 5109 2748 5166 utfacile
2767 5111 2852 5165 his
2864 5110 3043 5181 pulvis
3058 5108 3335 5165 adhaereat
3353 5115 3408 5163 ct
3425 5108 3519 5162 fiat

1935 5206 2123 5271 limus,
2147 5220 2259 5275 quo
2287 5203 2552 5275 paulatim
2586 5201 2852 5270 festucas,
2873 5202 2959 5259 vel
2985 5203 3230 5258 minutos
3266 5198 3522 5256 surculos

1938 5298 2041 5354 sibi
2066 5296 2306 5368 colligat,
2359 5304 2525 5367 atque
2545 5295 2823 5351 adhaerere
2852 5293 3037 5350 faciat.
3068 5292 3148 5347 Eo
3178 5306 3379 5364 genere
3408 5289 3523 5345 nidi

1936 5389 2106 5445 totius
2132 5386 2397 5444 fabricam
2419 5388 2605 5456 struit,
2628 5397 2689 5443 ut
2714 5386 2872 5459 quasi
2898 5385 3195 5457 pavimenti
3223 5384 3364 5448 solo,
3388 5383 3523 5453 pulli

1936 5480 2059 5551 ejus
2085 5480 2228 5535 intra
2263 5481 2408 5537 aedes
2443 5495 2574 5537 suas
2608 5480 2729 5536 sine
2755 5478 3058 5535 offensione
3084 5483 3393 5542 versentur,
3419 5491 3524 5531 nec

1934 5572 2129 5644 pedem
2170 5572 2371 5642 aliquis
2417 5573 2710 5628 interscrat
2754 5586 2849 5641 per
2887 5568 3115 5624 rimulas
3157 5575 3519 5633 texturarum,

1938 5672 2034 5721 aut
2054 5665 2255 5721 teneris
2272 5663 2446 5738 frigus
2467 5665 2689 5735 irrepat.
2716 5659 2822 5717 Sed
2846 5661 2952 5716 hoc
2981 5658 3265 5716 industria:
3283 5657 3520 5714 cilicium

1938 5772 2109 5831 prope
2125 5774 2416 5816 commune
2440 5759 2630 5816 multis
2649 5757 2877 5826 avibus;
2902 5754 3036 5812 illud
3065 5768 3195 5812 vero
3221 5752 3518 5827 singulare,
