3976 6356
462 358 601 417 Ili?

1595 352 1924 412 WERNERI
1962 341 2258 408 ABBATIS
2293 342 2354 398 S.
2392 338 2616 397 BLASII

3616 332 3787 393 Ill!

460 477 517 533 in
551 493 661 549 quo
691 486 776 533 est
802 478 1061 549 praeclara
1092 493 1222 536 cura
1244 477 1464 551 pietatis
1494 486 1547 535 et
1574 478 1861 550 prudentis
1891 478 2048 535 intel-

2155 466 2393 538 degener
2411 472 2467 520 et
2488 469 2639 518 tanto
2659 457 2917 532 indignus
2936 466 3163 530 parente
3182 460 3457 533 rejieitur,
3480 472 3599 515 nec
3617 458 3787 515 asti-

460 567 656 629 lectus.
676 574 731 621 et
750 567 1077 638 cognitionis
1100 568 1336 639 insigne,
1351 577 1466 622 tum
1491 569 1741 640 quaedam
1764 568 2051 624 medicina:

464 658 602 713 artis
630 658 842 727 peritia,
877 659 1023 728 quod
1053 658 1099 715 si
1127 673 1236 729 qua
1273 659 1408 729 pulli
1443 659 1564 729 ejus
1585 658 1790 715 fuerint
1808 660 2051 716 caecitate

463 749 658 805 suffusi
696 749 750 803 in
793 751 982 807 oculos
1021 751 1136 807 sive
1178 751 1516 822 compuncti,
1560 752 1724 806 habet
1774 751 2048 822 quoddam

462 840 717 896 medendi
747 857 919 911 genus
943 856 1055 914 quo
1082 844 1256 914 possit
1279 858 1471 899 eorum
1511 843 1721 899 lumina
1749 843 2051 913 intercepto

460 929 606 985 visui
637 928 956 987 reformare.
1003 931 1174 989 Nemo
1214 934 1380 1004 igitur
1419 934 1487 989 de
1529 934 1713 1004 inopia
1749 942 2048 1003 quaeratur,

463 1020 609 1093 quod
636 1036 838 1077 vacuas
861 1024 1107 1093 pecuniae
1129 1024 1381 1095 proprias
1404 1024 1547 1080 aedes
1578 1023 1883 1094 reliquerit,
1916 1038 2053 1092 pau-

460 1113 646 1183 perior
680 1121 767 1169 est
801 1115 1058 1182 hirundo,
1089 1132 1213 1187 quae
1243 1131 1414 1172 vacua
1441 1116 1568 1171 aeris
1612 1114 1854 1170 abundat
1884 1113 2050 1168 indu-

464 1206 620 1262 stria.
646 1206 905 1264 IEdiﬁcat
942 1225 1043 1266 nec
1076 1210 1362 1280 impendit,
1397 1218 1537 1265 tecta
1569 1210 1786 1278 attollit,
1816 1218 1871 1265 et
1912 1208 2051 1264 nihil

462 1298 645 1355 aufert
670 1301 739 1355 de
759 1301 998 1371 proximi
1031 1302 1354 1373 indigentia,
1384 1317 1486 1358 nec
1512 1311 1831 1373 paupertate
1855 1300 1922 1356 ad
1952 1316 2053 1356 uo-

465 1389 698 1445 cendum
731 1391 823 1444 alii
851 1392 1216 1461 compellitur,
1254 1407 1356 1447 nec
1386 1391 1441 1445 in
1479 1392 1630 1462 gravi
1670 1392 1906 1446 ﬁliorum
1951 1391 2054 1445 im-

464 1481 762 1537 becillitate
787 1483 1057 1552 desperat.
1091 1481 1202 1538 Nos
1226 1498 1356 1539 vero
1387 1491 1441 1538 et
1464 1492 1758 1553 paupertas
1789 1482 1972 1548 allicit,
1998 1489 2053 1537 et

464 1575 760 1645 plerosque
784 1574 1080 1645 indigentia
1101 1575 1246 1646 cogit
1268 1575 1322 1628 in
1346 1574 1633 1646 flagitium,
1663 1575 1803 1631 lucri
1832 1590 2053 1646 quoque

465 1664 651 1721 studio
673 1665 728 1719 in
755 1664 975 1721 fraudes
998 1681 1282 1721 versamus
1314 1666 1615 1737 ingenium,
1650 1676 1813 1738 atque
1841 1667 1896 1722 in
1929 1683 2053 1738 gra-

462 1756 706 1812 vissimis
738 1758 1092 1827 passionibus
1116 1774 1268 1828 spem
1307 1758 1654 1827 deponimus,
1684 1759 1977 1829 improvidi
1999 1767 2053 1815 et

2152 566 2339 622 matur
2375 554 2701 611 educatione
2734 552 2934 624 dignus
2960 553 3053 622 qui
3101 552 3209 607 fuit
3257 552 3528 623 indignus
3559 565 3779 607 susce-

2153 659 2359 729 ριίυηε,
2388 645 2510 710 Non
2551 660 2683 716 ergo
2712 659 2837 701 eum
2866 644 3162 700 acerbitate
3202 654 3443 709 naturae,
3472 643 3579 700 sed
3611 642 3777 698 indi-

2153 747 2224 802 cii
2253 747 2565 817 integritate
2596 735 2942 799 condemnat.
2969 749 3070 797 nec
3107 736 3269 812 quasi
3310 751 3481 798 suum
3506 735 3773 805 abdicat,

2154 838 2248 893 sed
2275 838 2431 909 quasi
2458 838 2696 892 alienum
2723 844 2956 889 recusat.

2675 924 2754 979 De
2781 924 2897 993 {ene
2924 923 2999 978 vel
3023 923 3212 995 fulica.

2225 1016 2358 1072 Avis
2399 1031 2523 1086 qua:
2561 1015 2748 1070 Graece
2786 1014 2989 1069 dicitur
3038 1013 3161 1070 fene
3211 1022 3545 1084 susceptum
3608 1013 3768 1069 illum

2153 1109 2268 1165 sive
2301 1107 2611 1163 abdicatum
2650 1105 2847 1176 aquilae
2886 1105 3095 1175 pullum
3131 1120 3259 1160 cum
3299 1119 3405 1160 sua
3440 1104 3609 1174 prole
3632 1121 3769 1160 oon-

2156 1197 2346 1265 nectit,
2371 1205 2535 1266 atque
2558 1194 2941 1251 intermiscens
2962 1194 3102 1260 suis,
3131 1194 3326 1250 eodem
3352 1210 3473 1265 quo
3497 1196 3771 1265 preprios

2154 1287 2298 1344 fetus
2325 1296 2586 1343 materna:
2629 1285 2941 1341 sedulitatis
2981 1284 3160 1341 ollicio
3189 1292 3242 1340 et
3270 1284 3392 1355 pari
3438 1285 3767 1340 nutrimen-

2152 1387 2335 1433 torum
2361 1378 2873 1435 subministratione
2914 1378 3091 1447 pascit
3128 1385 3184 1432 et
3222 1379 3421 1433 nutrit.
3453 1377 3613 1449 Ergo
3644 1378 3767 1435 fene

2152 1471 2364 1526 alienos
2388 1470 2593 1536 nutrit;
2626 1485 2728 1525 nos
2752 1484 2885 1525 vero
2914 1477 3135 1525 nostros
3195 1469 3395 1525 immiti
3429 1472 3766 1526 crudelitate

2153 1561 2494 1633 projicimus.
2525 1559 2723 1631 Aquila
2746 1575 2879 1615 vero
2907 1561 2952 1614 si
2981 1559 3222 1631 projicit,
3250 1574 3364 1615 non
3392 1562 3567 1631 quasi
3600 1578 3763 1617 suum

2153 1654 2400 1725 projicit;
2461 1653 2556 1708 sed
2604 1652 2763 1722 quasi
2800 1651 3129 1723 degenerem
3177 1668 3291 1707 non
3353 1655 3715 1724 recognoscit
3742 1675 3760 1710 :

2154 1760 2278 1811 nos,
2309 1745 2457 1815 quod
2496 1744 2654 1816 pejus
2706 1752 2811 1811 est,
2854 1756 2997 1815 quos
3040 1753 3262 1803 nostros
3298 1747 3763 1821 recognoscimus

462 1843 670 1901 inertes
712 1846 984 1916 jacemus,
1031 1862 1158 1903 cum
1199 1847 1267 1902 de
1292 1847 1474 1902 divina
1520 1848 1872 1904 miseratione
1919 1857 2049 1903 tunc
2080 1837 2122 1891 Β
2152 1838 2492 1894 abdicamus-

463 1936 791 2004 sperandum
816 1937 1051 2008 amplius
1081 1939 1172 2006 sit,
1198 1954 1323 1994 cum
1354 1940 1606 2009 praesidia
1634 1940 1874 1994 humana
1901 1939 2049 1995 defe-

462 2029 657 2082 cerint.

1083 2118 1159 2175 De
1196 2121 1423 2176 cornice.

535 2208 759 2268 Discant
803 2213 1053 2270 homines
1084 2229 1271 2270 amare
1318 2214 1461 2269 ﬁlios
1500 2228 1566 2268 ex
1610 2228 1713 2269 usu
1753 2224 1807 2267 et
1849 2211 2049 2282 pietate

464 2302 769 2371 cornicum,
815 2320 938 2375 quae
976 2305 1139 2360 etiam
1188 2306 1439 2361 volantes
1472 2304 1613 2360 ﬁlios
1653 2303 1916 2360 comitatu
1963 2319 2048 2359 se-

462 2390 594 2446 dulo
622 2402 1035 2464 prosequuntur
1058 2404 1112 2450 et
1155 2396 1406 2463 sollicite,
1437 2410 1506 2451 ne
1535 2394 1708 2451 teneri
1751 2394 1893 2451 forte
1917 2395 2050 2451 deﬁ-

463 2483 631 2551 ciant,
671 2484 856 2541 cibum
902 2497 1223 2558 suggerunt,
1270 2502 1335 2543 ac
1377 2486 1616 2557 plurimo
1657 2494 1903 2557 tempore
1946 2501 2051 2540 nu—

460 2577 659 2633 triendi
695 2576 871 2634 oﬁicia
902 2594 1012 2634 non
1043 2579 1388 2649 relinquunt.

1013 2669 1092 2724 De
1120 2670 1484 2740 accipitribus.

532 2758 836 2829 Accipitres
859 2758 1113 2814 feruntur
1132 2760 1326 2814 duram
1350 2760 1754 2816 inclementiam
1779 2761 1835 2815 in
1864 2775 1930 2816 eo
1955 2759 2052 2815 ad-

457 2864 678 2906 versum
706 2851 960 2922 proprios
988 2851 1132 2907 fetus
1168 2851 1387 2919 habere,
1418 2853 1564 2924 quod
1595 2852 1688 2908 ubi
1730 2868 1824 2910 eos
1852 2853 2050 2909 adver-

459 2941 627 2995 terint
654 2949 865 2997 tentare
889 2942 1105 2997 volatus
1127 2943 1451 3013 primordia,
1484 2943 1628 3000 nidis
1656 2944 1885 3015 ejiciunt
1909 2944 2047 3013 suis,

461 3033 831 3103 continuoque
855 3033 1158 3102 eliminant,
1187 3050 1252 3090 ac
1291 3035 1338 3090 si
1357 3044 1662 3104 morentur,
1705 3038 2048 3108 propulsant,

461 3125 754 3180 verberant
800 3127 923 3192 alis,
976 3139 1285 3198 coguntque
1318 3128 1522 3184 audere
1565 3129 1711 3199 quod
1753 3130 2047 3200 trepidant,

460 3229 563 3270 nec
587 3215 760 3269 ullum
783 3224 976 3286 postea
1003 3216 1258 3272 deferunt
1285 3217 1369 3274 his
1393 3233 1596 3273 munus
1623 3219 1915 3275 alimoniae.
1942 3220 2050 3275 Ca-

457 3314 589 3362 vent
628 3307 815 3378 itaque
840 3321 910 3362 ne
954 3307 1011 3362 in
1040 3315 1225 3364 tenera
1270 3315 1429 3364 aetate
1460 3314 1792 3381 pigrescant,
1835 3324 1904 3364 ne
1938 3309 2049 3366 sol-

459 3406 660 3452 vantur
687 3396 921 3466 deliciis,
953 3416 1023 3457 ne
1061 3413 1402 3457 marcescant
1438 3401 1574 3468 otio,
1614 3417 1684 3456 ne
1712 3402 1929 3456 discant
1972 3402 2049 3457 ci-

458 3488 590 3544 bum
623 3492 801 3562 magis
838 3502 1158 3562 exspectem
1196 3509 1362 3563 quam
1417 3507 1683 3563 quaerere,
1726 3506 1796 3546 ne
1838 3498 2049 3547 natura:

461 3597 577 3638 suae
627 3582 906 3651 deponant
961 3584 1225 3655 vigorem.
1280 3583 1650 3638 lntermittunt
1706 3583 1888 3638 studia
1943 3599 2049 3638 nu-

459 3671 687 3740 triendi,
716 3680 776 3727 ut
798 3673 853 3727 in
883 3688 1022 3728 usus
1047 3674 1293 3744 rapiendi
1322 3674 1525 3730 audere
1552 3674 1901 3744 compellant.

1086 3762 1165 3818 De
1213 3763 1416 3835 aquila.

532 3852 729 3923 Aquila
777 3854 1016 3926 plurimo
1059 3871 1310 3912 sermone
1352 3865 1671 3927 usurpatur,
1721 3859 1868 3929 quod
1914 3873 2046 3914 suos

462 3943 677 4000 abdicet
706 3944 877 4016 fctus;
908 3948 1002 4003 sed
1036 3963 1145 4002 non
1172 3956 1469 4019 utrumque
1495 3964 1685 4004 verum
1722 3968 1735 4004 :
1762 3965 1932 4004 unum
1977 3966 2043 4005 ex

460 4036 626 4107 pullis
651 4037 889 4107 duobus,
919 4040 1067 4110 quod
1102 4039 1271 4111 aliqui
1305 4049 1652 4111 putaverunt,
1686 4041 2044 4113 geminandu-

460 4142 586 4182 rum
608 4128 992 4185 alimentorum
1022 4129 1242 4187 fastidio
1270 4131 1539 4186 occidere.
1582 4130 1689 4187 Sed
1730 4132 1785 4187 id
1822 4148 1932 4188 non
1963 4132 2045 4188 fa-

461 4218 566 4275 cile
593 4222 853 4288 creditur,
900 4225 1202 4292 praesertim
1234 4240 1359 4279 cum
1404 4223 1619 4293 Moyses
1643 4233 1856 4279 tantum
1884 4225 2043 4281 testi-

462 4310 710 4367 monium
761 4314 979 4384 pietatis
1022 4315 1075 4369 in
1113 4316 1292 4385 pullos
1339 4331 1471 4372 suos
1516 4316 1643 4371 huic
1680 4316 1828 4371 dedit
1866 4317 1953 4371 avi
1985 4326 2045 4372 ut

459 4403 704 4461 diceret:
728 4404 885 4462 Sicut
907 4408 1087 4477 aquila
1112 4408 1345 4478 protegit
1377 4408 1566 4462 nidum
1591 4424 1777 4473 suum,
1800 4417 1854 4465 et
1880 4423 2043 4479 super

460 4496 642 4568 pullos
670 4512 802 4553 suos
849 4500 1104 4566 considit,
1147 4500 1407 4569 expandit
1442 4500 1557 4555 alas
1588 4516 1718 4555 suas
1744 4508 1799 4556 et
1828 4516 2043 4556 assum-
2075 4520 2120 4575 Β

459 4589 569 4658 psit
601 4605 718 4657 eos,
748 4599 802 4645 et
829 4591 1069 4661 suscepit
1110 4606 1275 4660 super
1305 4591 1560 4661 scapulas
1590 4606 1744 4656 suas,
1778 4589 2044 4646 Dominus

461 4682 614 4739 solus
639 4683 873 4739 ducebat
896 4699 992 4740 eos
1022 4683 1203 4756 (Deut.
1238 4684 1454 4765 χχχιιι.
1472 4683 1763 4751 Quomodo
1789 4697 1921 4755 ergo
1945 4699 2043 4740 ex-

456 4775 650 4844 pandit
691 4778 810 4833 alas
860 4792 1011 4845 suas,
1037 4778 1081 4834 si
1125 4776 1387 4833 occiderit
1421 4775 1701 4832 alterum?
1733 4774 1886 4831 Unde
1935 4791 2045 4831 non

458 4875 594 4936 puto
623 4869 851 4926 avaritia
882 4871 1158 4927 nutriendi
1186 4885 1313 4926 eum
1360 4869 1739 4925 inclementem
1777 4869 1917 4935 ﬁeri,
1950 4869 2045 4925 sed

461 4961 715 5017 examine
763 4962 1063 5033 judicandi.
1116 4965 1343 5034 Semper
1388 4964 1532 5017 enim
1590 4962 1766 5018 fertur
1814 4963 2046 5033 probare

460 5068 605 5122 quos
631 5052 838 5122 genuit,
864 5069 933 5109 ne
962 5056 1177 5125 generis
1209 5057 1295 5111 sui
1325 5056 1466 5111 inter
1498 5071 1690 5111 omnes
1717 5070 1847 5111 aves
1870 5056 2046 5126 quod-

462 5143 590 5199 dam
642 5143 824 5213 rcgale
870 5141 1147 5214 fastigium
1176 5145 1460 5216 degeneris
1506 5155 1695 5216 partus
1725 5146 2046 5203 deformitas

461 5235 761 5292 deeoloret.
790 5233 977 5306 Itaque
1022 5236 1289 5291 asseritur
1312 5237 1458 5306 quod
1504 5238 1681 5307 pullos
1721 5252 1853 5295 suos
1877 5240 2045 5295 radiis

462 5326 598 5385 solis
621 5325 863 5397 objiciat,
895 5334 1058 5396 atque
1086 5325 1142 5381 in
1174 5327 1315 5383 aeris
1343 5327 1523 5382 medio
1547 5329 1637 5398 pio
1662 5330 1918 5399 parvulos
1951 5347 2047 5387 un—

463 5433 570 5492 gue
601 5419 932 5490 suspendat;
963 5434 1027 5475 ac
1055 5419 1101 5475 si
1131 5419 1257 5491 quis
1286 5434 1644 5491 repercussus
1668 5423 1802 5479 solis
1839 5424 2046 5480 lumine

460 5508 791 5581 intrepidam
830 5511 1115 5567 oculorum
1173 5512 1344 5567 aciem
1389 5510 1658 5568 inoﬂenso
1689 5513 1933 5569 intuendi
1964 5514 2046 5569 vi-

464 5620 598 5677 gore
626 5588 951 5671 servaverit;
980 5605 1027 5661 is
1057 5603 1322 5677 probatur
1346 5605 1493 5677 quod
1521 5605 1803 5661 veritatem
1836 5616 2047 5662 naturae

465 5699 666 5755 sinceri
702 5699 927 5758 obtutus
973 5702 1279 5758 constantia
1322 5701 1817 5768 demonstraverit;
1847 5701 1891 5757 si
1920 5717 2045 5759 vero

462 5791 680 5853 lumina
720 5808 820 5857 sua
849 5796 1184 5866 praestrictus
1214 5795 1346 5853 solis
1373 5795 1526 5852 radio
1565 5793 1855 5864 inﬂexerit,
1886 5797 2044 5865 quasi

2735 1928 2811 1984 De
2841 1928 3156 1984 turturibus.

2226 2021 2559 2077 Turturibus
2590 2019 2736 2077 Deus
2758 2021 2960 2077 infudit
2980 2022 3130 2078 hunc
3152 2020 3445 2087 allectum,
3482 2022 3637 2079 hanc
3656 2024 3761 2078 vir-

2151 2123 2323 2170 tutem
2346 2114 2698 2169 continentia:
2725 2113 2872 2169 dedit
2899 2131 2914 2168 :
2942 2114 3039 2184 qui
3078 2114 3233 2170 solus
3264 2122 3456 2184 potest
3490 2117 3755 2184 praescri-

2151 2207 2280 2262 bere
2330 2204 2475 2277 quod
2527 2220 2721 2261 omnes
2765 2214 3088 2276 sequantur.
3138 2205 3353 2262 Turtur
3406 2222 3529 2263 non
3585 2209 3763 2262 uritur

2152 2297 2287 2352 flore
2317 2295 2648 2367 juventutis,
2684 2309 2797 2349 non
2834 2303 3077 2350 tentatur
3110 2297 3429 2353 occasionis
3474 2298 3757 2354 illecebra.

2152 2389 2358 2444 Turtur
2402 2386 2577 2443 nescit
2603 2386 2858 2457 ,primam
2905 2388 3118 2443 irritam
3168 2388 3371 2454 facere,
3428 2391 3573 2459 quia
3618 2392 3763 2445 norit

2151 2478 2531 2537 castimoniam
2585 2492 2839 2545 servare,
2889 2479 3068 2549 prima
3106 2481 3374 2536 connubii
3424 2476 3591 2538 sorté
3616 2484 3763 2552 ’με-ευ

2152 2574 2343 2628 missa.
2384 2571 2591 2626 Caetera
2622 2570 2688 2625 de
2736 2578 2949 2630 turture
2990 2572 3113 2645 quae
3152 2574 3206 2629 in
3239 2572 3579 2645 Evangelio,
3618 2584 3639 2625 t
3676 2573 3760 2627 Υἱ-

2151 2666 2286 2721 deus
2330 2664 2599 2722 Dominus
2649 2666 2924 2722 civitatem
2972 2665 3120 2722 ﬂevit
3164 2680 3334 2736 super
3388 2665 3554 2721 illam
3604 2663 3752 2737 (ιιι.

2152 2758 2293 2851 χιχ).
2331 2777 2349 2809 ι

2773 2850 2853 2906 De
2882 2850 3109 2906 vulture.

2225 2941 2507 3015 Ncgantur
2534 2944 2781 2999 vultures
2811 2943 3091 3015 indulgere
3117 2941 3443 2998 concubitui
3476 2950 3539 2996 et
3566 2940 3755 3010 conju-

2153 3035 2259 3109 gali
2289 3036 2528 3107 quodam
2555 3052 2656 3092 usu
2688 3036 3062 3107 nuptialisque
3086 3034 3298 3106 copulae
3327 3042 3487 3089 sorte
3515 3034 3751 3099 misceri,

2154 3138 2319 3200 atque
2348 3129 2421 3183 ita
2472 3128 2590 3183 sine
2619 3127 2732 3182 ullo
2761 3126 3132 3182 masculorum
3177 3126 3397 3195 concipi
3447 3125 3671 3181 semine
3702 3132 3755 3180 e‘.

2153 3220 2272 3277 sine
2294 3218 2683 3289 conjunctione
2703 3231 2988 3289 generare,
3016 3223 3289 3287 natosque
3308 3230 3381 3272 ex
3409 3215 3505 3271 his
3536 3216 3593 3270 in
3624 3216 3753 3270 mul~

2151 3319 2263 3368 tam
2292 3319 2506 3367 aetatem
2529 3310 2705 3381 longae
2731 3309 2857 3364 vita:
2885 3309 3202 3380 procedere,
3232 3316 3291 3364 ut
3321 3323 3510 3379 usque
3536 3308 3609 3364 ad
3631 3324 3751 3363 cen—

2151 3410 2267 3457 tum
2297 3416 2472 3457 annos
2500 3401 2624 3456 vitae
2643 3416 2834 3457 eorum
2867 3402 3040 3457 series
3064 3400 3430 3471 producatur.
3464 3416 3575 3456 nec
3598 3400 3749 3456 facile

2149 3504 2247 3546 eos
2276 3490 2493 3562 angusti
2518 3490 2617 3545 aevi
2645 3488 2768 3546 ﬁnis
2789 3490 3044 3561 excipiat.
3083 3489 3227 3556 Quid
3257 3489 3421 3545 aiunt
3444 3492 3551 3560 qui
3582 3491 3749 3547 soleat

2150 3591 2340 3639 nostra
2390 3582 2569 3637 ridere
2614 3582 2895 3654 mysteria,
2937 3596 3064 3638 cum
3110 3566 3344 3637 audiunt
3394 3582 3559 3652 quod
3603 3583 3749 3653 virgo

2151 3674 2448 3747 generavit,
2480 3685 2533 3728 et
2565 3673 2961 3744 impossibilem
2984 3672 3250 3742 innuptae,
3283 3672 3449 3741 cujus
3482 3674 3748 3743 pudorem

2149 3767 2299 3822 nulla
2337 3766 2439 3821 viri
2482 3766 2825 3821 consuetudo
2862 3773 3206 3831 temerasset,
3253 3764 3591 3820 existimant
3630 3780 3749 3835 par-

2149 3858 2300 3914 tum?
2323 3857 2663 3927 lmpossibile
2688 3864 2911 3926 putatur
2940 3856 2997 3910 in
3024 3855 3119 3912 Dei
3146 3865 3343 3924 matre,
3369 3857 3527 3927 quod
3553 3859 3613 3912 in
3636 3860 3752 3913 vul-

2147 3949 2363 4005 turibus
2390 3947 2652 4019 possibile
2683 3962 2794 4002 non
2832 3957 3085 4018 negatur.
3123 3948 3282 4004 Alius
3323 3948 3450 4004 sine
3498 3950 3750 4006 masctde

2146 4042 2311 4112 parit,
2343 4048 2398 4096 et
2426 4038 2610 4093 nullus
2641 4037 2859 4105 refellit,
2886 4048 2939 4094 et
2961 4040 3092 4110 quia
3117 4038 3453 4110 desponsata
3488 4042 3616 4096 viro
3644 4041 3749 4097 lla-

2146 4133 2230 4188 ria
2259 4132 2486 4203 peperit,
2511 4129 2740 4201 pudoris
2763 4130 2884 4201 ejus
2909 4129 3120 4187 faciunt
3140 4132 3535 4202 quaestionem.
3561 4131 3750 4188 Nonne

2146 4225 2483 4281 advertimus
2517 4223 2663 4294 quod
2696 4222 2964 4279 Dominus
2988 4238 3054 4278 ex
3100 4223 3219 4293 ipsa
3262 4232 3461 4278 natura
3504 4225 3743 4294 plurima

2144 4317 2393 4388 exempla
2442 4324 2570 4372 ante
2600 4315 2886 4386 praamisit,
2922 4314 3124 4385 quibus
3166 4322 3441 4385 suscepta:
3487 4315 3747 4373 incarna-

2147 4410 2311 4466 tionis
2341 4408 2592 4464 decorem
2624 4409 2898 4479 probaret,
2928 4418 2983 4463 et
3011 4416 3286 4463 astrueret
3312 4408 3647 4463 veritatem?

2502 4499 2582 4555 De
2623 4499 2832 4571 apibus.
2878 4498 3151 4565 Quomodo
3185 4501 3383 4554 vivant.

2221 4594 2365 4667 Apes
2404 4594 2535 4650 solae
2566 4593 2621 4647 in
2668 4593 2820 4647 omni
2852 4608 3051 4664 genere
3086 4593 3459 4649 animantium
3492 4609 3743 4651 comma.

2148 4700 2272 4741 nem
2315 4685 2570 4740 omnibus
2599 4683 2840 4739 sobolem
2886 4683 3109 4752 habent,
3154 4699 3322 4739 unam
3352 4700 3554 4742 omnes
3594 4687 3741 4742 inco~

2148 4779 2268 4834 lunt
2297 4777 2660 4844 mansionem,
2704 4775 2870 4831 unius
2911 4776 3104 4845 patriae
3152 4775 3488 4831 clauduntur
3516 4777 3736 4842 limine;

2148 4873 2204 4928 in
2252 4883 2545 4928 commune
2596 4868 2852 4923 omnibus
2900 4867 3150 4924 laborum
3192 4867 3509 4923 communis
3561 4868 3737 4935 cibus,

2148 4962 2457 5020 cmnmunis
2486 4961 2753 5031 operatio,
2802 4968 2859 5016 et
2904 4960 3221 5015 communis
3266 4976 3404 5016 usus
3429 4969 3485 5015 et
3528 4960 3741 5016 fructus

2148 5065 2251 5121 est,
2286 5054 2598 5112 communis
2619 5054 2854 5109 volatus.
2883 5052 3025 5120 Quid
3056 5053 3254 5123 plura?
3273 5053 3605 5110 Communis
3630 5069 3740 5109 om-

2148 5146 2310 5201 nibus
2338 5145 2634 5215 generatio,
2662 5144 2946 5216 integritas
2967 5159 3191 5215 quoque
3217 5146 3467 5216 corporis
3490 5146 3735 5217 virgina-

2146 5238 2245 5305 lis;
2263 5237 2521 5293 omnibus
2543 5237 2853 5293 communis
2874 5246 2928 5293 et
2954 5246 3168 5308 partus,
3203 5239 3465 5309 quoniam
3493 5238 3609 5293 ullo
3638 5254 3739 5293 ηε,

2147 5346 2255 5405 que
2279 5333 2572 5390 concubitu
2603 5331 2925 5399 miscentur,
2958 5349 3062 5389 nec
3090 5333 3318 5388 libidine
3361 5333 3735 5401 resolvuntur,

2148 5441 2250 5481 nec
2271 5433 2461 5496 partus
2488 5425 2809 5495 quatiuntur
2824 5424 3127 5481 doloribus.
3144 5425 3210 5480 Et
3227 5426 3410 5483 subito
3431 5427 3732 5482 maximum

2148 5519 2385 5574 ﬁliorum
2409 5532 2634 5573 examen
2667 5516 2942 5585 emittunt,
2971 5532 3003 5572 e
3027 5516 3180 5574 foliis
3208 5528 3263 5574 et
3288 5518 3477 5574 herbis
3503 5532 3604 5575 ore
3632 5535 3732 5576 suo

2147 5611 2358 5681 prolem
2412 5609 2670 5679 legentes.
2724 5606 2861 5678 Ipsa:
2908 5607 3014 5664 sibi
3056 5624 3239 5681 regem
3274 5610 3557 5678 ordinant,
3606 5611 3731 5682 ipse

2150 5703 2253 5759 sibi
2283 5703 2515 5773 pepulos
2546 5710 2753 5769 creant,
2784 5710 2840 5755 et
2870 5701 2995 5757 licet
3046 5703 3236 5772 positae
3280 5702 3385 5759 sub
3413 5718 3564 5774 rege,
3602 5713 3728 5759 sunt

2151 5808 2329 5857 tamen
2365 5800 2566 5856 liberae.
2600 5796 2733 5854 Nam
2767 5807 2819 5853 et
2841 5798 3250 5869 praerogativam
3288 5796 3481 5870 judicii
3520 5805 3723 5865 teneat,
