3976 6356
309 306 455 367 11-59

1242 302 1820 363 DEFLORATIONES
1858 303 1961 360 SS.
1998 302 2313 361 PATRUM.
2348 331 2420 344 --
2457 303 2587 359 LIB.
2628 301 2692 358 ll.

3448 304 3586 362 H50

301 437 362 484 et
403 426 510 484 ﬂdc
539 425 846 484 devotionis
886 423 1167 490 affectum,
1196 423 1328 494 quia
1371 430 1427 479 et
1472 430 1733 492 tanquam
1779 436 1811 475 a
1842 433 1901 475 se
1929 425 1977 481 Α
2002 427 2065 474 ιιι
2110 418 2245 473 mihi
2291 418 2541 474 videatur
2580 418 2697 473 haec
2740 432 2955 473 summa
2994 417 3114 488 ejus
3153 431 3276 473 esse
3315 415 3582 484 intentio,

301 519 667 578 substitutum
710 518 963 588 diligunt,
1006 523 1062 571 et
1105 522 1258 570 tanto
1305 514 1581 568 honorant
1622 510 1895 567 examine.

302 610 520 681 Apibus
558 625 654 665 rex
685 617 897 664 natura;
939 606 1123 662 clarus
1157 603 1428 659 formatur
1458 601 1801 673 insignibus;
1839 608 1900 656 ut

304 700 686 772 magnitudine
731 699 984 771 corporis
1016 704 1237 768 praestet
1262 703 1318 751 et
1345 693 1551 765 specie,
1596 703 1714 747 tum
1751 691 1897 763 quod

303 793 362 847 in
408 808 535 864 rege
585 793 923 864 praecipuum
975 798 1061 845 est
1098 802 1315 844 morum
1347 785 1727 841 mansuetudo.
1758 784 1895 839 Nam

302 872 412 941 etsi
442 885 608 941 habet
636 885 914 951 aculeum,
947 891 1130 939 tamen
1181 895 1250 937 eo
1275 893 1387 934 non
1417 878 1591 933 utitur
1616 878 1685 933 ad
1718 877 1897 933 vindi-

301 977 567 1032 candum.
606 975 748 1032 Sunt
792 976 939 1031 enim
974 974 1121 1046 leges
1148 980 1382 1038 natura),
1427 984 1537 1024 non
1567 969 1785 1039 scripta:
1812 969 1897 1023 lit-

300 1067 463 1135 teris,
512 1068 608 1124 sed
652 1068 934 1138 impressa:
981 1065 1250 1130 moribus,
1289 1071 1350 1118 ut
1392 1061 1631 1117 leniores
1666 1061 1778 1117 sint
1825 1060 1894 1116 ad

299 1158 644 1231 puniendum
674 1159 769 1230 qui
795 1158 1037 1214 maxima
1065 1164 1332 1228 potestate
1359 1155 1661 1225 potiuntur.
1699 1153 1805 1209 Sed
1837 1162 1894 1208 et

300 1265 436 1322 apes
482 1249 590 1306 illae
635 1265 759 1322 qua:
798 1265 909 1305 non
956 1246 1450 1318 obtemperaverint
1493 1245 1708 1318 legibus
1746 1243 1892 1316 regis

300 1343 589 1415 pmnitenti
616 1359 676 1399 se
705 1342 940 1398 multant
967 1339 1447 1406 condemnatione,
1479 1347 1541 1393 ut
1570 1337 1894 1392 immorian-

304 1445 397 1491 tur
422 1435 596 1490 aculei
625 1433 711 1490 sui
747 1433 991 1488 vulnere.
1025 1430 1198 1486 Nulla:
1241 1445 1272 1485 e
1314 1429 1571 1485 domibus
1601 1427 1750 1483 exire
1789 1441 1891 1481 au-

305 1528 458 1594 dent,
483 1541 592 1582 non
622 1525 677 1581 in
712 1525 928 1596 aliquos
960 1523 1180 1594 prodire
1213 1530 1424 1592 pastus,
1457 1520 1564 1575 nisi
1591 1534 1687 1574 rex
1728 1516 1894 1572 fuerit

304 1631 586 1687 egressus,
628 1624 684 1671 et
710 1615 931 1670 volatus
978 1613 1082 1669 sibi
1110 1610 1467 1667 vindicaverit
1500 1609 1888 1680 principatum.

297 1704 607 1763 Processus
629 1714 814 1761 autem
844 1713 930 1760 est
963 1719 1060 1774 per
1085 1719 1216 1759 rura
1253 1703 1574 1769 redolentia,
1603 1701 1698 1755 ubi
1729 1700 1891 1754 inha-

1997 525 2110 582 quo
2139 510 2334 581 possit,
2362 526 2474 566 non
2504 510 2690 565 minus
2717 510 2969 565 dulcibus
3000 508 3238 564 modulis
3261 523 3424 579 quam
3464 508 3581 563 lotu

1997 601 2244 670 corporis
2292 602 2538 658 animare
2586 603 2642 657 in
2690 601 2836 659 fetus
2901 618 3005 658 ova
3048 618 3172 674 qua:
3220 602 3387 658 fovet.
3429 600 3583 660 lianc

1997 694 2243 750 imitatur
2280 696 2461 751 tenuis
2508 695 2601 750 illa
2658 695 2857 750 mulier
2898 695 2994 751 sed
3041 695 3259 766 pudica,
3309 693 3366 747 in
3416 710 3580 750 usum

1998 785 2158 841 molae
2195 787 2428 857 lapidem
2454 787 2681 844 brachio
2704 788 2950 855 trahens,
2975 796 3035 843 ut
3063 787 3577 857 possitalimcntum

1996 877 2157 948 panis
2181 878 2298 934 suis
2320 879 2563 949 parvulis
2593 894 2703 934 non
2729 880 2922 934 deesse
2953 888 3225 934 nocturno
3254 889 3418 934 cantu
3444 895 3583 936 mce-

1996 978 2142 1022 stum
2172 969 2511 1038 paupertatis
2540 969 2744 1024 mulcet
2776 968 3055 1035 affectum,
3091 976 3146 1024 et
3174 970 3425 1039 quamvis
3455 986 3554 1025 sua
3573 999 3586 1009 ν

1997 1059 2220 1114 vitatem
2256 1059 2504 1115 lusciniae
2533 1075 2643 1115 non
2674 1060 2851 1131 possit
2873 1060 3101 1129 imitari,
3126 1061 3373 1118 imitatur
3399 1072 3603 1117 tamen.

1997 1165 2117 1207 eam
2143 1152 2432 1208 sedulitate
2455 1152 2693 1223 pietatis.

2629 1245 2707 1299 De
2734 1254 2951 1302 noctua.

2066 1332 2273 1390 Noctua
2328 1335 2467 1405 ipsa,
2501 1336 2965 1406 quemadmodum
3018 1338 3231 1412 magnis
3278 1348 3333 1394 et
3373 1339 3583 1411 glaucis

1996 1423 2173 1480 oculis
2230 1434 2626 1482 nocturnarum
2688 1428 3038 1484 tenebrarum
3095 1430 3417 1500 caligantem
3471 1445 3581 1485 non

1996 1514 2165 1569 sentit
2212 1514 2520 1583 horrorem,
2574 1526 2629 1573 et
2672 1534 2783 1589 quo
2822 1518 2986 1575 fuerit
3014 1535 3122 1576 nox
3161 1520 3470 1589 obscurior,
3516 1535 3583 1577 eo

1996 1612 2184 1659 contra
2218 1621 2378 1661 usum
2415 1608 2598 1662 avium
2639 1618 2962 1665 exterarum
3016 1611 3313 1668 inoﬂ'cnsos
3367 1621 3585 1667 exercet

1994 1699 2228 1756 volatus.
2256 1698 2462 1757 Exorto
2488 1711 2669 1758 autem
2693 1703 2802 1769 die,
2850 1711 2903 1758 et
2931 1704 3270 1759 circumfuso
3294 1705 3584 1775 splendore

296 1798 467 1854 lantis
511 1797 656 1853 horti
695 1796 880 1863 ﬂores,
909 1768 1002 1849 ubi
1049 1793 1263 1864 fugiens
1307 1793 1461 1848 rivus
1498 1806 1594 1863 per
1620 1789 1889 1862 gramina,
1922 1768 1965 1824 Β
1994 1790 2149 1857 solis,
2196 1790 2351 1847 visus
2374 1793 2494 1862 ejus
2521 1768 2828 1861 hebetatur,
2864 1795 3025 1865 quasi
3065 1768 3395 1866 quibusdam
3436 1806 3585 1853 erret

300 1890 397 1944 ubi
426 1903 646 1944 amoena
677 1887 923 1958 riparum
950 1902 964 1940 :
994 1884 1105 1940 illic
1146 1883 1308 1941 ludus
1341 1882 1541 1939 alacris
1563 1881 1888 1953 iuventutis,

299 1980 416 2036 illic
457 1987 764 2050 campestre
799 1976 1142 2042 exercitium,
1179 1975 1291 2030 illic
1318 1990 1576 2030 curarum
1612 1973 1886 2030 remissio.

296 2069 449 2142 Opus
478 2072 658 2141 ipsum
685 2085 853 2126 suave
877 2068 947 2124 de
987 2067 1237 2135 ﬂoribus,
1265 2068 1332 2123 de
1362 2067 1550 2123 herbis
1584 2067 1839 2123 dulcibus
1871 2083 1885 2121 :

296 2161 621 2218 fundamina
662 2170 972 2218 castrorum
1018 2159 1195 2230 prima
1234 2167 1534 2229 ponuntur.
1573 2155 1716 2226 Quid
1741 2159 1887 2214 enim

297 2255 446 2311 aliud
490 2263 576 2310 est
611 2252 793 2321 favus,
842 2251 949 2308 nisi
995 2252 1246 2323 quaedam
1290 2259 1599 2307 castrorum
1641 2251 1890 2321 species?

293 2343 548 2415 Denique
590 2344 661 2399 ab
700 2344 786 2400 his
821 2342 1158 2415 praesepibus
1197 2356 1361 2412 apum
1398 2356 1600 2397 succus
1646 2350 1882 2397 arcetur.

298 2431 505 2489 Omnes
529 2420 744 2489 certant
765 2433 834 2488 de
862 2446 1110 2498 munere,
1136 2431 1257 2486 alia:
1279 2431 1568 2503 invigilant
1593 2431 1888 2501 quaerendo

296 2525 490 2592 victui,
536 2526 658 2580 alia:
686 2524 981 2581 sollicitam
1020 2522 1219 2579 castris
1258 2522 1521 2578 adhibere
1551 2522 1884 2588 custodiam,

297 2617 418 2672 alia:
452 2615 669 2672 futuros
706 2616 995 2686 explorare
1033 2614 1239 2670 imbres
1276 2621 1332 2670 et
1376 2614 1649 2685 speculari
1689 2629 1888 2670 cursus

299 2708 552 2775 nubium;
585 2709 706 2763 alia:
733 2709 802 2764 de
828 2708 1057 2764 ﬂoribus
1098 2723 1254 2764 ceras
1294 2707 1522 2778 lingere,
1553 2707 1674 2762 aliae
1702 2722 1885 2763 rorem

299 2796 547 2854 infusum
579 2796 812 2854 ﬂoribus
842 2813 940 2854 ore
985 2798 1241 2869 colligere
1286 2798 1560 2853 videntur.
1600 2795 1759 2852 Nulla
1787 2811 1886 2851 au-

299 2901 409 2948 tem
434 2891 632 2948 alienis
657 2892 939 2948 laboribus
962 2892 1256 2948 insidiatur
1281 2900 1336 2948 et
1360 2901 1515 2963 rapto
1539 2892 1706 2949 vitam
1736 2908 1887 2963 qua:-

296 2985 409 3040 rit:
449 2994 614 3055 atque
645 2984 857 3039 utinam
895 2993 1179 3054 raptorum
1221 2984 1451 3039 insidias
1485 2999 1595 3039 non
1632 2985 1879 3039 timeret!

299 3074 511 3133 Habent
538 3086 723 3146 tamen
754 3075 965 3146 spicula
996 3091 1120 3144 sua,
1165 3083 1222 3131 et
1265 3075 1407 3131 inter
1441 3075 1604 3130 mella
1646 3074 1885 3131 fundunt

295 3180 522 3223 venena.
544 3165 603 3221 Si
631 3145 835 3222 fuerint
863 3165 1149 3233 lacessitae,
1181 3164 1395 3220 animas
1422 3179 1644 3234 quoque
1668 3174 1884 3233 ponunt

297 3253 355 3313 ir.
385 3256 611 3312 vulnere
640 3256 838 3312 ardore
865 3254 1139 3310 vindictae.
1176 3253 1320 3325 Ergo
1346 3253 1543 3310 mediis
1573 3262 1882 3310 castrorum

298 3345 538 3401 vallibus
580 3344 780 3400 humor
822 3343 912 3399 ille
953 3343 1098 3399 roris
1126 3343 1406 3411 funditur;
1453 3344 1715 3414 paulatim
1751 3359 1883 3414 pro-

299 3454 462 3496 cessu
493 3435 758 3506 temporis
800 3435 857 3489 in
887 3435 1051 3490 mella
1093 3435 1348 3507 cogitur:
1379 3450 1504 3491 cum
1532 3434 1696 3491 fuerit
1722 3435 1885 3506 liqui-

297 3533 401 3587 dus
424 3531 493 3585 ab
521 3529 751 3586 exordio
770 3537 826 3583 et
866 3528 1065 3584 coalitu
1095 3542 1235 3583 certe
1258 3526 1566 3598 ﬂorumque
1594 3527 1762 3583 odore
1788 3526 1884 3582 ﬂa-

296 3636 456 3696 grare
511 3620 671 3675 melle
728 3618 920 3689 incipit
973 3618 1318 3674 suavitatem.
1379 3616 1535 3684 Quod
1599 3617 1728 3686 mel,
1772 3632 1881 3672 non

297 3714 473 3770 solum
503 3710 815 3782 voluptati,f
844 3710 938 3767 sed
983 3710 1148 3766 etiam
1193 3708 1358 3765 saluti
1400 3717 1485 3763 est
1515 3726 1528 3762 :
1570 3706 1760 3764 fauces
1785 3707 1883 3763 ob-

297 3805 483 3860 dulcat
509 3810 565 3858 et
600 3810 760 3857 curat
782 3800 1043 3867 vulnera;
1093 3798 1325 3854 internis
1356 3812 1578 3868 quoque
1608 3796 1882 3852 ulceribus

299 3895 756 3950 medicamentum
783 3892 1040 3948 infundit.
1076 3890 1266 3962 Itaque
1286 3906 1413 3946 cum
1442 3891 1516 3947 sit
1538 3891 1756 3945 inlirma
1784 3905 1879 3944 r0-

300 3988 457 4055 bore,
483 3986 603 4057 apis
625 3986 805 4041 valida
827 3994 910 4041 est
940 3987 1126 4057 vigore
1164 3983 1447 4054 sapientiae
1474 3991 1529 4039 et
1556 3997 1744 4038 amore
1776 3982 1881 4036 vir—

298 4080 451 4134 tutis.
488 4077 735 4148 Denique
765 4092 947 4149 regem
978 4092 1141 4133 suum
1162 4091 1379 4133 summa
1418 4075 1760 4147 protectionc
1786 4075 1882 4131 de-

296 4171 548 4239 fendunt,
576 4169 837 4226 incolumi
866 4185 995 4241 rege
1034 4169 1292 4225 nesciunt
1334 4176 1550 4223 mutare
1584 4166 1878 4238 judicium,

295 4275 533 4325 mentem
570 4265 847 4321 inﬂectere
874 4263 1115 4331 amisso;
1148 4262 1310 4318 ﬁdem
1349 4260 1603 4318 servandi
1633 4260 1881 4316 muneris

282 4345 704 4430 derelinquunt,
730 4365 894 4426 atque
914 4355 1047 4425 ipsa:
1072 4369 1172 4410 sua
1188 4354 1348 4410 mella
1361 4352 1646 4424 diripiunt,
1660 4351 1881 4422 quando

1911 3113 1953 3171 C

1993 1877 2048 1932 in
2081 1878 2341 1935 tenebris.
2368 1880 2491 1946 Quo
2520 1883 2724 1937 indicio
2764 1883 2852 1939 sui
2881 1884 3124 1939 declarat
3166 1900 3288 1940 esse
3344 1886 3580 1957 aliquos,

1991 1967 2086 2037 qui
2119 1983 2245 2023 cum
2277 1970 2468 2024 oculos
2506 1970 2744 2026 habeant
2778 1971 2847 2026 ad
2884 1972 3179 2027 videndum
3238 1973 3422 2029 videre
3471 1989 3582 2030 non

1993 2057 2224 2124 soleant,
2248 2068 2303 2115 et
2324 2061 2475 2116 visus
2510 2062 2594 2117 sui
2625 2062 2862 2118 oﬂicium
2892 2063 3025 2119 solis
3050 2062 3584 2121 infundanturtene-

1990 2148 2125 2205 bris.
2164 2148 2316 2217 Quos
2382 2151 2585 2208 habent
2630 2154 2904 2223 sapientes
2934 2155 3122 2209 mundi
3157 2162 3212 2210 et
3243 2170 3353 2209 non
3374 2156 3581 2223 vident,

1990 2241 2047 2296 in
2076 2242 2376 2312 lucc,nibil
2415 2254 2667 2313 cernunt,
2707 2246 2762 2300 in
2814 2247 3058 2303 tenebris
3112 2248 3423 2315 ambulant,
3448 2248 3582 2306 dum

1990 2334 2389 2390 daemoniorum
2420 2337 2713 2394 tenebrosa
2755 2337 3052 2406 rimantur,
3101 2346 3157 2394 et
3207 2339 3330 2395 caeli
3363 2340 3472 2395 alta
3520 2354 3584 2395 se

1989 2426 2177 2482 videre
2201 2429 2452 2494 credunt,
2478 2430 2851 2486 describentes
2902 2431 3057 2485 radio
3097 2431 3388 2497 mundum,
3427 2447 3583 2487 men-

1990 2533 2177 2574 suram
2200 2519 2344 2576 aeris
2376 2520 2548 2591 ipsius
2573 2522 2914 2594 colligentes,
2942 2533 2996 2577 et
3020 2529 3216 2577 caetera
3239 2522 3578 2593 hUjUSIHOdz;

1990 2610 2213 2666 hebetes
2245 2612 2313 2667 ad
2340 2622 2565 2681 acterna,
2595 2621 2650 2669 et
2698 2614 2859 2686 quasi
2913 2613 3149 2670 scientes
3184 2614 3369 2670 omnia
3418 2623 3581 2671 acuta

1989 2703 2057 2759 ad
2095 2718 2256 2758 vana.

2541 2796 2615 2852 De
2649 2796 3034 2858 vesper-tiliam.

2064 2887 2403 2958 Vespcrtilio,
2457 2889 2661 2944 animal
2714 2889 2972 2959 ignobile,
3022 2904 3054 2943 a
3096 2902 3323 2958 vespere
3378 2904 3578 2945 nomen

1988 2977 2217 3047 accepit.
2280 2976 2375 3032 Est
2405 2986 2588 3033 autem
2625 2979 2873 3033 volatilis
2911 2979 3101 3034 eadem
3143 2979 3478 3049 quadrupes,
3525 2989 3581 3036 et

1988 3065 2246 3125 dentibus
2269 3070 2440 3125 utitur
2466 3089 2479 3125 :
2531 3085 2673 3141 quos
2723 3071 2778 3125 in
2817 3071 2942 3127 aliis
2969 3072 3165 3127 avibus
3188 3071 3429 3143 reperire
3456 3087 3569 3127 non

1990 3161 2191 3217 soleas.
2233 3159 2405 3229 Parit,
2440 3171 2499 3218 ut
2545 3162 2942 3234 quadrupedia,
2971 3179 3083 3218 non
3125 3179 3250 3232 ova,
3281 3164 3375 3221 sed
3397 3164 3579 3236 pullos

1987 3252 2235 3308 viventes
2263 3270 2278 3320 ;
2303 3253 2493 3309 volitat
2522 3263 2705 3310 autem
2746 3254 2804 3309 in
2854 3270 2981 3310 aere
3026 3249 3211 3310 avium
3248 3271 3425 3321 more,
3480 3255 3578 3312 sed

1988 3346 2314 3415 crepusculo
2377 3347 2690 3417 vespertino
2748 3348 3037 3403 consuevit
3087 3346 3315 3403 oﬂundi.
3369 3346 3577 3403 Volitat

1986 3442 2170 3490 autem
2212 3450 2321 3491 non
2367 3436 2552 3507 aliquo
2591 3452 2918 3506 pennarum,
2977 3437 3073 3493 sed
3106 3438 3439 3493 membranae
3461 3454 3577 3495 suae

1984 3527 2121 3583 fulta
2147 3528 2398 3600 remigio,
2423 3543 2533 3600 quo
2559 3544 2830 3600 suspensa
2853 3529 3005 3585 velut
3037 3545 3343 3600 pennarum
3388 3532 3573 3587 volatu

1983 3619 2367 3676 circumfertur
2424 3630 2590 3690 atque
2641 3630 2943 3693 vegetatur.
2990 3619 3164 3677 Habet
3208 3631 3262 3678 et
3303 3621 3433 3678 illud
3471 3623 3577 3680 hoc

1982 3712 2090 3766 vile
2133 3712 2357 3779 animal,
2396 3712 2543 3782 quod
2572 3713 2678 3768 sibi
2731 3713 2965 3770 invicem
2998 3713 3296 3783 adhaerent,
3328 3723 3384 3770 et
3414 3715 3574 3785 quasi

1982 3802 2037 3857 in
2070 3802 2306 3872 speciem
2353 3802 2499 3857 botri
2534 3818 2603 3857 ex
2633 3803 2817 3873 aliquo
2860 3805 2983 3860 loco
3026 3805 3297 3876 pendent;
3342 3819 3407 3859 ac
3437 3803 3486 3860 si
3515 3820 3574 3861 se

1981 3894 2173 3952 ultima
2201 3910 2431 3964 qumque
2460 3894 2746 3961 laxaverit,
2770 3911 2962 3951 omnes
3002 3899 3375 3952 resolvuntur.
3413 3897 3572 3963 Quod

1980 3987 2042 4043 lit
2079 3987 2316 4057 quoiam
2372 4001 2599 4042 munere
2655 3987 2941 4042 charitatis
2993 4005 3006 4041 :
3057 4003 3180 4058 qua:
3226 3987 3442 4044 diﬂlcile
3515 3989 3571 4044 in

1985 4079 2303 4136 hominibus
2332 4078 2643 4149 hujusmodi
2688 4080 2974 4151 reperitur.

2633 4170 2712 4227 De
2765 4170 2931 4243 gallo.
3023 4159 3030 4165 ’

2053 4262 2194 4319 Galli
2222 4273 2418 4320 cantus
2441 4263 2628 4320 suavis
2671 4271 2756 4319 est
2798 4264 2853 4319 in
2909 4263 3164 4319 noctibus
3209 4279 3352 4320 :nec
3389 4265 3569 4322 solum

1989 4356 2201 4424 suavis,
2230 4356 2323 4412 sed
2373 4356 2537 4411 etiam
2590 4355 2759 4412 utilis.
2786 4354 2891 4423 Qui
2929 4356 3088 4426 quasi
3141 4356 3321 4412 bonus
3347 4357 3571 4413 cohabi—

294 4450 343 4506 is
367 4449 463 4520 qui
498 4447 865 4518 principatum
892 4444 1088 4500 habuit
1110 4444 1357 4500 muneris
1389 4445 1747 4514 interemptus
1770 4451 1874 4499 est.
1908 4459 1954 4514 ι)
1982 4455 2127 4502 tator
2159 4455 2214 4501 et
2233 4446 2597 4502 dormientem
2623 4447 2845 4514 excitat,
2875 4454 2931 4502 et
2964 4446 3261 4503 sollicitum
3288 4447 3570 4516 admonet,

292 4540 481 4611 Itaque
516 4554 645 4595 cum
689 4554 818 4594 aves
851 4537 974 4592 aliae
1008 4535 1098 4591 vix
1142 4536 1196 4590 in
1245 4550 1393 4591 anno
1419 4535 1588 4591 edant
1632 4535 1880 4606 singulos

294 4632 461 4698 fetus,
491 4647 621 4703 apes
649 4632 899 4703 geminos
921 4644 1131 4699 creant,
1159 4640 1212 4687 et
1230 4630 1436 4701 duplici
1451 4628 1663 4689 caeteris
1688 4627 1880 4684 fecun-

293 4724 462 4780 ditate
485 4724 921 4794 praeponderant.
944 4722 1137 4803 Merito
1158 4723 1317 4794 quasi
1340 4723 1541 4777 bonam
1569 4721 1877 4792 operariam

296 4816 578 4886 Scriptura
633 4830 790 4884 apem
836 4815 1097 4887 praedicat
1146 4816 1377 4870 dicens:
1437 4812 1580 4869 Vade
1613 4813 1681 4869 ad
1719 4828 1876 4883 apem

294 4914 350 4962 et
387 4905 508 4960 vide
551 4904 830 4976 quomodo
874 4904 1125 4977 operaria
1153 4913 1256 4960 est.
1310 4902 1693 4973 Operationem
1740 4919 1880 4975 quo-

295 5012 402 5069 que
450 5012 619 5070 quam
660 4996 1029 5054 venerabilem
1082 5004 1380 5060 mereatur,
1426 4995 1584 5065 cujus
1632 4995 1877 5050 laborem

295 5105 449 5160 reges
474 5099 529 5146 et
551 5090 852 5147 mediocres
877 5090 944 5145 ad
983 5090 1217 5145 salutem
1248 5096 1475 5145 sumunt
1499 5088 1512 5142 !
1546 5088 1717 5145 Audis
1746 5088 1877 5159 quid

296 5181 442 5238 dicat
478 5184 765 5253 propheta.
800 5182 963 5239 Mittit
1010 5184 1201 5254 utique
1238 5191 1312 5250 te,
1358 5189 1420 5236 ut
1458 5181 1687 5252 apicula;
1730 5181 1879 5240 illius

297 5275 549 5345 sequaris
577 5276 908 5345 exemplum,
936 5275 1171 5331 imiteris
1195 5273 1593 5345 operationem,
1623 5274 1755 5344 quia
1780 5289 1880 5346 ap-

293 5365 531 5436 petibilis
553 5373 713 5422 estet
739 5366 997 5422 omnibus
1019 5366 1188 5421 clara.

893 5456 972 5511 De
1013 5456 1264 5514 luscinia.

364 5548 624 5606 Luscinia
662 5558 748 5606 est
789 5549 908 5607 avis
936 5565 1059 5622 quae
1090 5552 1317 5623 pervigil
1350 5560 1562 5620 custos,
1602 5567 1729 5610 eum
1772 5566 1874 5608 ova

297 5642 533 5709 qetodam
572 5642 695 5699 sinu
742 5644 995 5714 corporis
1024 5652 1079 5701 et
1121 5645 1330 5716 gremio
1360 5644 1529 5711 fovet,
1570 5645 1873 5701 insomnem

300 5733 471 5807 magae
509 5736 688 5795 noctis
729 5736 975 5796 laborem
1013 5739 1299 5797 cantilenae
1341 5739 1609 5798 suavitate
1644 5740 1871 5808 solator,

1981 4548 2037 4596 et
2060 4539 2299 4595 viantem
2327 4538 2557 4603 solatur,
2593 4553 2910 4609 processum
2952 4538 3130 4600 noctis
3164 4553 3366 4594 canora
3400 4539 3573 4611 signi-

1981 4629 2237 4685 ﬁcatione
2266 4637 2597 4701 protestatus.
2632 4627 2749 4685 Hoc
2787 4637 3018 4705 canente
3055 4630 3197 4684 latro
3229 4633 3359 4684 Suas
3410 4629 3572 4684 relin-

1981 4725 2102 4795 quit
2135 4723 2381 4780 insidias.
2438 4723 2554 4780 Hoc
2592 4724 2710 4795 ipse
2760 4723 2955 4780 lucifer
3029 4725 3300 4781 excitatus
3362 4724 3566 4793 oritur,

1982 4815 2296 4886 caelumque
2343 4815 2638 4871 illuminat.
2673 4814 2791 4872 Hoc
2833 4824 3063 4871 canente
3110 4816 3430 4872 maestitiam
3464 4824 3542 4872 tu".

1978 4906 2143 4977 pidus
2182 4914 2351 4962 nauta
2395 4906 2639 4977 deponit,
2671 4906 2964 4977 omnisque
2990 4907 3186 4963 crebro
3236 4907 3569 4979 vespertinis

1980 4998 2197 5055 flatibus
2222 4999 2456 5056 excitata
2486 5008 2782 5071 tempestas
2817 5008 2873 5055 et
2899 5000 3133 5072 parcella
3163 5001 3422 5056 mitescit.
3454 4999 3569 5057 Hoc

1980 5089 2212 5148 devotus
2238 5092 2431 5148 aﬂ‘ectu
2460 5091 2722 5148 exsilitad
2746 5092 3326 5165 precandum,legcndi
3349 5107 3568 5164 quoque

1981 5200 2185 5241 munus
2214 5186 2503 5241 instaurat.
2554 5183 2672 5242 Hoc
2715 5194 2997 5256 postremo
3030 5196 3258 5242 umente
3296 5186 3433 5256 ipse,
3464 5183 3564 5241 Ec-

1981 5278 2161 5335 clesiae
2187 5286 2360 5349 petra,
2409 5279 2625 5349 culpam
2664 5293 2821 5335 suam
2855 5278 3038 5347 diluit,
3083 5293 3271 5349 quam,
3302 5278 3566 5349 priusque

1978 5372 2153 5444 gallus
2179 5379 2443 5439 cantaret,
2468 5372 2719 5444 negando
2761 5355 3136 5429 contraxerat.
3187 5369 3350 5426 Istius
3398 5379 3562 5427 cantu

1979 5478 2106 5533 spes
2148 5462 2408 5519 omnibus
2455 5463 2618 5529 redit,
2658 5463 2820 5535 aegris
2874 5463 3084 5518 levatur
3129 5460 3563 5529 incommodum,

1979 5555 2248 5612 minuitur
2273 5554 2429 5612 dolor
2465 5555 2777 5623 vulnerum,
2834 5553 3071 5610 febrium
3098 5553 3383 5625 ﬂagrantia
3413 5554 3564 5611 miti-

1982 5656 2164 5720 gatur,
2195 5647 2490 5705 revertitur
2519 5646 2654 5703 ﬁdes
2676 5647 2865 5719 lapsis.
2919 5645 3418 5713 Jesus,titubantes
3474 5663 3564 5704 re-

1980 5740 2162 5812 spicit,
2206 5748 2457 5798 errautes
2479 5738 2723 5811 corrigit.
2766 5737 3009 5810 Denique
3034 5737 3274 5812 respexit
3302 5736 3557 5803 Petrum.
