3976 6356
429 339 564 399 1151
1568 336 1900 394 WERNERI
1936 339 2229 398 ABBATIS
2270 341 2327 399 S.
2365 342 2593 401 BLASll
3562 348 3717 405 “Si

428 465 488 513 et
515 454 701 512 statim
727 469 885 510 error
910 451 1194 521 abscessit,
1227 451 1383 508 uulsa
1409 458 1495 506 est
1543 453 1780 525 negatio,
1820 462 2005 511 secuta
2035 459 2083 517 A
2113 456 2444 513 medicinam
2473 457 2735 529 suggerit,
2759 466 2813 515 ct
2837 474 2981 531 saepe
3006 460 3200 517 eadem
3220 477 3348 533 qua:
3375 464 3478 521 tibi
3532 463 3730 528 noxi.’

428 546 721 605 confessio.
745 545 974 615 Respice
1005 559 1106 600 nos
1135 559 1375 615 quoque,
1413 543 1643 600 Domine
1687 543 1840 613 Jesu,
1864 555 1921 600 ut
1953 554 2009 602 et

427 654 530 695 nos
567 636 785 709 propria
831 650 1291 707 recognoscamus
1334 645 1537 704 errata,
1568 636 1845 692 solvamus
1901 637 2009 708 piis

425 730 646 785 ﬂetibus
676 727 914 798 culpam,
961 743 1276 783 mereamur
1324 727 1716 798 indulgentiam
1756 738 2005 799 peccato-

425 836 570 876 rum.
624 818 750 875 Haec
794 820 862 875 de
922 818 1116 876 avibus
1144 820 1286 875 dicta
1338 818 1626 876 sutliciant.
1657 819 1798 887 Quid
1824 829 2006 876 autem

424 922 491 977 de
516 920 700 977 herbis
725 919 1183 977 considerandum
1216 922 1307 988 sit,
1332 922 1515 992 aliqua
1546 922 1885 978 intimemus.

920 1010 1181 1083 Exempla
1210 1013 1274 1068 de
1307 1013 1503 1070 herbis.

492 1100 765 1157 Admonet
814 1115 917 1157 nos
970 1102 1164 1159 beatus
1202 1100 1530 1159 Ambrosius
1592 1102 1648 1158 in
1695 1101 2005 1158 Exameron

422 1194 770 1250 considerare
800 1194 911 1248 lilia
953 1195 1105 1264 agri:
1133 1204 1373 1265 quantus
1411 1195 1479 1251 sit
1513 1196 1720 1251 candor
1746 1195 1802 1250 in
1837 1193 2004 1262 foliis,

424 1286 887 1358 quemadmodum
906 1287 1105 1357 stipata
1128 1286 1244 1358 ipsa
1268 1285 1396 1343 folia
1421 1287 1490 1342 ab
1512 1287 1624 1341 imo
1645 1286 1713 1341 ad
1729 1302 2006 1342 summum

418 1377 707 1433 videantur
735 1392 1043 1449 assurgere,
1076 1386 1136 1432 ut
1181 1377 1370 1449 scyphi
1397 1378 1710 1446 exprimant
1739 1377 2004 1445 fortnam,

418 1478 482 1523 ut
511 1467 630 1522 auri
661 1467 913 1538 quaedam
964 1467 1173 1538 species
1225 1468 1374 1524 intus
1408 1468 1660 1538 eﬂ‘ulgeat
1691 1487 1704 1523 :
1759 1484 1882 1539 quae
1923 1476 2005 1523 ιιι-ι

420 1572 546 1611 men
600 1557 744 1612 vallo
794 1556 850 1611 in
910 1556 1146 1612 circuitu
1200 1556 1352 1612 ﬂoris
1398 1557 1622 1627 obsepta
1650 1558 1784 1612 nulli
1828 1566 2010 1628 pateat

421 1646 656 1717 injuriae.
690 1645 750 1702 Si
774 1647 900 1718 quis
928 1648 1078 1703 hunc
1118 1646 1307 1703 ﬂorem
1356 1648 1633 1719 decerpat,
1689 1658 1743 1704 et
1768 1664 1869 1705 sua
1897 1650 2010 1705 sol-

418 1747 512 1794 vat
541 1740 593 1793 in
618 1738 771 1807 folia,
799 1755 923 1810 quae
944 1741 1083 1795 tanti
1105 1750 1187 1796 est
1210 1741 1439 1796 artificis
1459 1755 1658 1795 manus
1688 1757 1812 1811 quae
1832 1741 2010 1812 possit

419 1829 520 1885 lilii
549 1831 787 1901 speciem
814 1829 1164 1886 reformare?
1207 1831 1343 1898 Quis
1388 1839 1572 1887 tantus
1621 1832 1868 1887 imitator
1906 1848 2007 1887 na-

422 1930 581 1989 turae,
622 1932 679 1976 ut
708 1920 897 1977 ﬂorem
946 1923 1095 1978 hunc
1134 1922 1508 1995 redintegrare
1541 1932 1859 1994 prmsumat,
1916 1924 2007 1980 cui

420 2011 685 2069 Dominus
738 2022 952 2068 tantum
1007 2014 1382 2070 testimonium
1423 2015 1590 2081 dedit,
1641 2022 1704 2070 ut
1752 2016 2004 2071 diceret:

426 2124 446 2157 ι
481 2104 592 2162 Nec
644 2107 905 2162 Salomon
951 2107 1006 2161 in
1069 2108 1255 2163 omnia
1287 2107 1461 2179 gloria
1485 2123 1583 2163 sua
1628 2108 1709 2164 sic
1736 2110 2008 2166 vestieba-

422 2207 536 2265 tur,
570 2199 713 2254 sicut
749 2214 895 2256 unus
933 2214 1001 2255 ex
1049 2199 1172 2255 istis
1218 2198 1433 2270 (Matth.
1488 2200 1585 2270 ιν).
1624 2199 1740 2255 Rex
1781 2201 2009 2270 opulen-

418 2288 667 2345 tissimus
752 2298 806 2346 et
869 2291 1313 2361 sapientissimus
1389 2290 1619 2347 inferior
1685 2292 2005 2362 judicatur;

416 2397 696 2453 quamque
730 2383 896 2455 hujus
934 2383 1088 2439 ﬂoris
1139 2383 1489 2454 pulchritudo
1529 2393 1634 2441 est.
1675 2383 1817 2453 Quid
1865 2399 2008 2440 enu-

417 2486 625 2530 ruerem
678 2488 842 2531 sucos
894 2474 1189 2530 herbarum
1233 2475 1520 2531 salubres?
1567 2474 1699 2546 quid
1740 2474 2007 2547 virgulto.

418 2581 542 2622 rum
595 2581 661 2623 ac
710 2565 967 2622 foliorum
1018 2566 1304 2623 remedia?
1356 2565 1566 2623 Cervus
1632 2581 1775 2638 aeger
1814 2581 2008 2622 ramu-

418 2660 604 2717 sculos
648 2658 784 2715 olea:
825 2660 1057 2728 mandit,
1097 2667 1154 2716 et
1182 2674 1352 2716 sanus
1386 2659 1447 2715 tit
1476 2677 1489 2713 ε
1518 2659 1763 2715 locustas
1791 2674 2010 2730 quoque

419 2757 552 2816 folia
586 2759 721 2816 oleae
752 2774 942 2815 arrosa
968 2759 1204 2815 liberant
1226 2758 1297 2813 ab
1321 2755 1665 2831 aegritudine.
1692 2755 1836 2812 Rubi
1858 2755 2008 2827 .folia

422 2850 733 2920 superjecta
789 2850 1032 2922 serpenti
1078 2851 1402 2906 interimunt
1422 2864 1569 2904 eum.
1629 2847 1846 2905 Culices
1898 2864 2009 2905 non

421 2950 656 3013 tangunt
679 2950 750 3009 te,
781 2942 829 2998 si
879 2942 1157 3015 absynthii
1214 2943 1439 2998 herbam
1465 2957 1591 2998 cum
1625 2941 1746 2997 oleo
1777 2957 2006 3013 coquas,

419 3042 564 3091 eteo
590 3042 642 3090 te
669 3036 1013 3105 perunxeris.
1049 3035 1156 3092 Sed
1192 3035 1331 3093 forte
1374 3037 1561 3094 dicant
1586 3037 1755 3107 aliqui
1783 3055 1797 3090 :
1831 3035 2010 3106 Quid}

2108 558 2259 616 sunt,
2312 560 2408 606 aut
2447 551 2660 619 avibus,
2713 563 2808 607 aut
2858 552 2990 609 feris
3036 554 3324 610 innoxium
3377 559 3711 618 ministrant

2106 643 2392 712 pabulum.
2442 645 2687 716 Denique
2730 648 2908 703 sturni
2969 658 3271 706 vescuntur
3316 653 3483 708 conio
3532 672 3549 708 :
3600 671 3719 712 nec

2106 731 2285 791 fraudi
2316 744 2402 792 est
2429 737 2532 804 eis,
2559 739 2825 808 quoniam
2863 740 3127 811 qualitate
3147 742 3236 797 sui
3258 744 3510 814 corporis
3530 760 3713 801 vene.

2105 839 2238 879 num
2279 826 2434 882 succi
2473 827 2692 884 lethalis
2720 829 2977 884 evadunt.
3016 829 3235 902 Frigida
3269 833 3422 887 enim
3448 833 3538 889 vis
3578 836 3709 904 ejus

2105 924 2189 970 est
2213 916 2386 982 succi,
2403 932 2569 988 quam
2594 919 2889 975 subtilibus
2922 920 3074 991 poris
3098 922 3154 977 in
3177 923 3362 979 cordis
3384 925 3477 980 sui
3505 926 3705 981 sedata

2104 1006 2453 1077 ducentibus,
2480 1013 2713 1082 praecoci
2762 1013 3064 1084 digestione
3092 1016 3458 1085 praeveniunt,
3511 1018 3711 1089 prius—

2105 1113 2269 1169 quam
2316 1100 2501 1156 vitalia
2579 1103 2696 1173 ipsa
2768 1113 3051 1175 pertentet.
3097 1105 3449 1163 Helleborum
3515 1119 3707 1165 autem

2104 1190 2263 1260 periti
2308 1191 2610 1263 loquuntur
2637 1208 2821 1249 escam
2849 1211 2971 1251 esse
3018 1198 3390 1266 coturnicum,
3438 1212 3509 1255 eo
3552 1200 3705 1269 quod

2105 1283 2342 1338 naturali
2375 1284 2614 1355 quodam
2666 1294 3098 1356 temperamento
3149 1289 3237 1345 sui
3298 1291 3558 1361 corporis
3596 1292 3709 1345 vim

2104 1374 2289 1444 pabuli
2318 1376 2567 1432 nocentis
2593 1376 2816 1432 evitent.
2852 1377 3067 1434 Etenim
3091 1380 3138 1435 si
3162 1381 3382 1436 ratione
3414 1382 3712 1438 mentiente

2105 1466 2431 1537 plerumque
2489 1468 2557 1524 ad
2610 1469 2988 1526 salubritatem
3035 1471 3264 1527 humani
3318 1487 3551 1543 quoque
3582 1488 3711 1528 cor-

2105 1559 2258 1629 poris
2312 1568 2670 1631 temperatur,
2717 1562 2802 1616 cui
2878 1563 3095 1619 videtur
3157 1578 3283 1620 esse
3329 1564 3709 1632 contrarium.

2107 1659 2316 1721 quanto
2337 1653 2513 1723 magis
2544 1653 2869 1723 proprietati
2905 1662 3116 1710 naturae
3153 1655 3222 1709 ad
3266 1655 3459 1711 cibum
3491 1656 3712 1726 proﬁcit

2109 1748 2257 1819 quod
2293 1749 2505 1805 medica
2557 1764 2726 1804 manu
2774 1750 3113 1805 convertitur
3166 1748 3235 1804 ad
3274 1749 3561 1805 salutem?
3603 1748 3711 1806 Per

2112 1841 2533 1912 mandragoram
2584 1856 2806 1911 quoque
2837 1833 3066 1897 somnus
3123 1840 3447 1912 frequenter
3525 1857 3713 1898 accer-

2110 1931 2251 1985 situr
2277 1932 2369 1986 ubi
2393 1932 2698 2002 vigiliarum
2747 1934 2880 2004 aegri
2937 1931 3273 1988 afflictantur
3322 1934 3707 1990 incommodo.

2107 2021 2246 2079 Nam
2281 2025 2411 2096 quid
2435 2026 2503 2081 de
2522 2025 2647 2095 opio
2688 2026 2925 2095 loquar?
2963 2026 3110 2096 quod
3140 2026 3307 2082 etiam
3341 2026 3512 2082 nobis
3537 2026 3715 2096 quoti-

2109 2116 2275 2172 diano
2294 2132 2566 2189 propensu
2583 2118 2840 2184 innotuit,
2869 2130 3140 2191 quantum
3162 2117 3483 2179 dolores,eo
3508 2117 3717 2188 gravis-

2110 2207 2236 2262 simi
2264 2209 2604 2264 internorum
2630 2224 2773 2279 saepe
2792 2209 3066 2264 viscerum
3089 2208 3409 2279 sopiuntur:
3430 2200 3555 2264 Nec
3582 2207 3715 2262 illud

2108 2299 2351 2370 praeterit
2399 2299 2546 2371 quod
2571 2300 2733 2356 conio
2763 2300 3085 2371 plerumque
3128 2300 3347 2357 furores
3408 2300 3714 2355 libidinum

2108 2401 2483 2458 marcuerunt,
2498 2392 2841 2449 etbelleboro
2865 2401 3095 2449 vetustae
3108 2393 3397 2463 passiones
3422 2392 3566 2467 agri
3588 2405 3720 2447 eor-

2109 2489 2262 2560 poris
2309 2496 2438 2543 sunt
2468 2485 2680 2542 solutae.
2709 2483 2828 2541 Non
2888 2485 3066 2541 solum
3099 2485 3269 2551 igitur
3319 2484 3484 2540 nulla
3528 2485 3588 2540 iu
3628 2484 3718 2539 bis

2109 2579 2463 2652 reprehensio
2499 2575 2797 2645 Creatoris,
2834 2579 2929 2634 sed
2976 2578 3141 2634 etiam
3184 2578 3603 2636 incrementum
3632 2585 3716 2632 est

2110 2673 2430 2745 gratiarum.
2463 2670 2522 2726 Si
2564 2669 2785 2742 quidem
2833 2671 2979 2742 quod
3006 2671 3075 2727 ad
3118 2670 3428 2741 periculum
3456 2672 3715 2749 plutius

2109 2780 2232 2822 esse
2270 2773 2609 2837 generatum,
2640 2762 2709 2819 ad
2737 2763 2975 2819 remedia
3021 2763 3117 2818 tibi
3160 2763 3360 2819 salutis
3421 2772 3710 2833 operatur.

2109 2856 2247 2912 Nam
2282 2865 2337 2912 ct
2368 2856 2418 2911 id
2443 2854 2589 2926 quod
2618 2854 2845 2925 periculi
2874 2861 2958 2910 est
2983 2868 3078 2924 per
3097 2852 3508 2924 providentiam
3536 2853 3715 2909 decli-

2112 2959 2295 3016 natur,
2321 2956 2375 3004 et
2403 2947 2457 3003 id
2485 2945 2632 3018 quod
2661 2945 2854 3001 salutis
2876 2959 2973 3015 per
2994 2943 3322 3000 industriam
3354 2958 3472 2998 non
3506 2943 3715 3000 admit-

2112 3038 2264 3093 titur.
2324 3037 2406 3091 An
2458 3052 2590 3092 oves
2628 3043 2683 3092 et.
2729 3050 2909 3106 caprae
2960 3050 3025 3090 ea
3073 3049 3198 3105 quae
3226 3041 3358 3090 sunt
3400 3033 3511 3089 sibi
3544 3032 3714 3089 noxia

420 3126 569 3197 quod
600 3142 727 3183 cum
762 3127 992 3184 utilibus
1014 3130 1182 3184 etiam
1234 3129 1458 3185 lethalia
1500 3129 1884 3201 etpcrniciosa
1914 3145 2010 3202 ge-
2038 3138 2081 3196 (ζ
2114 3129 2390 3185 declinare
2438 3128 2767 3195 didicerunt,
2822 3134 2877 3183 et
2920 3127 3039 3183 solo
3086 3127 3256 3182 odore
3306 3141 3407 3197 per
3425 3127 3714 3198 quoddam

420 3227 704 3285 nerantur,
729 3235 855 3275 cum
905 3221 1088 3277 tritico
1113 3223 1304 3277 lolium
1333 3265 1349 3291 ,
1411 3223 1557 3293 quod
1582 3224 1724 3279 inter
1753 3223 2010 3277 alimenta

426 3312 555 3368 vitae
600 3314 831 3369 noxium
873 3315 1146 3385 reperitur
1175 3356 1190 3383 ,
1256 3324 1309 3371 et
1345 3316 1452 3372 nisi
1491 3315 1781 3386 prtcvisum
1824 3313 2009 3381 fuerit,

421 3406 705 3461 consuevit
728 3407 891 3462 saluti
918 3405 1282 3464 nocere.lnter
1308 3407 1412 3462 alia
1441 3421 1660 3477 quoque
1679 3405 2011 3460 nutrimenta

424 3496 550 3552 vitae
584 3498 921 3553 helleborum
946 3500 1388 3569 deprehenditur,
1421 3499 1635 3554 aconita
1660 3512 1883 3569 quoque
1910 3497 2013 3553 fal-

422 3588 546 3645 lunt
574 3589 889 3661 frequenter
917 3599 971 3647 et
990 3592 1267 3662 decipiunt
1293 3592 1659 3664 colligentem,
1684 3591 1776 3648 sed
1807 3592 1909 3647 hoc
1934 3592 2010 3646 ita

424 3691 512 3739 est
560 3697 626 3738 ac
683 3683 729 3737 si
780 3682 1151 3753 reprehendas
1209 3692 1432 3751 terram,
1493 3685 1622 3756 quia
1678 3701 1787 3740 non
1818 3700 2010 3741 omnes

424 3774 680 3831 homines
700 3774 829 3829 boni
861 3793 874 3830 :
913 3776 1006 3830 sed
1034 3775 1181 3847 quod
1215 3777 1338 3847 plus
1361 3785 1446 3833 cst
1493 3777 1699 3848 accipe,
1729 3780 1857 3849 quia
1900 3793 2009 3834 non

429 3878 624 3920 ot'uncs
647 3865 776 3920 boni
821 3866 999 3937 angeli
1033 3867 1085 3922 in
1113 3867 1273 3923 cmlo.
1312 3866 1451 3923 Num
1485 3869 1653 3939 igitur
1682 3868 1903 3940 dignum
1929 3878 2010 3925 cst

424 3965 487 4012 ut
518 3956 572 4011 in
598 3958 684 4014 his
726 3973 851 4029 quae
897 3958 1052 4013 utilia
1094 3968 1224 4014 sunt
1274 3960 1665 4030 posthabentes
1711 3961 2012 4017 conditoris

422 4050 654 4122 gratiam
682 4051 952 4117 confiteri,
983 4066 1146 4121 quam
1167 4058 1391 4121 propter
1415 4051 1595 4121 aliqua
1621 4049 2009 4106 alimentorum

427 4145 594 4201 noxia
640 4143 919 4199 Creatoris
968 4143 1372 4214 prospicientiae
1446 4143 1796 4213 derogemus,
1852 4144 2011 4213 quasi

422 4236 610 4290 omnia
637 4234 778 4306 gula:
815 4250 982 4290 causa
1030 4234 1282 4290 debuerit
1317 4222 1619 4306 procreari,
1673 4242 1769 4289 aut
1813 4235 2010 4306 exigua

425 4326 559 4391 sint,
590 4342 714 4401 qua:
764 4327 942 4381 ventri
992 4336 1183 4381 nostro
1226 4327 1409 4382 divina
1450 4326 1788 4399 indulgentia
1822 4327 2012 4383 minis-

423 4416 683 4472 traverit?
713 4415 957 4479 Definita:
986 4417 1147 4473 nobis
1170 4431 1311 4472 esca:
1337 4424 1467 4471 sunt
1491 4425 1544 4471 et
1587 4425 1729 4472 notae
1751 4417 2009 4481 omnibus

423 4524 548 4579 qua:
593 4518 648 4565 et
698 4509 1032 4580 voluptatem
1083 4504 1378 4581 generem,
1413 4519 1468 4564 et
1493 4511 1744 4581 corporis
1775 4511 2009 4567 salubri-

422 4611 612 4658 tatem.
659 4601 886 4673 Singula
948 4610 1131 4658 autem
1176 4617 1369 4658 eorum
1422 4619 1546 4674 quae
1600 4612 1931 4674 generantur
1976 4620 2009 4660 e

424 4694 590 4752 terris
644 4695 935 4766 specialem
989 4694 1286 4767 quamdam
1324 4696 1527 4752 habent
1555 4697 1847 4765 rationem,
1888 4713 2011 4769 quae

423 4803 526 4858 pro
552 4788 693 4842 virili
719 4789 971 4859 portione
1012 4784 1288 4861 complent
1321 4789 1594 4847 universa:
1616 4790 2007 4862 plenitudinem

425 4887 708 4935 creatum.
754 4880 873 4935 Alia
920 4896 1051 4953 ergo
1103 4881 1245 4950 esui,
1274 4881 1378 4936 alia
1402 4881 1495 4936 alii
1531 4891 1837 4937 nascuntur
1860 4882 2006 4936 usui.

424 4968 572 5024 Niliil
610 4978 791 5037 vacat,
834 4970 971 5025 nihil
1006 4972 1168 5028 inane
1215 4973 1485 5044 germinat
1519 4980 1683 5028 terra.
1727 4971 1880 5039 Quod
1908 4972 2007 5028 tibi

427 5068 588 5130 putas
615 5059 828 5127 inutile,
854 5060 979 5115 aliis
1006 5061 1139 5116 utile
1171 5069 1256 5117 est
1285 5079 1301 5116 :
1332 5063 1446 5117 imo
1482 5062 1585 5133 ipsi
1620 5061 1717 5117 tibi
1747 5060 2008 5133 frequen-

426 5156 512 5204 ter
542 5150 650 5205 alio
704 5155 791 5204 est
822 5148 946 5205 usui
987 5148 1135 5205 utile.
1184 5149 1346 5217 Quod
1391 5167 1575 5209 escam
1630 5168 1739 5209 non
1785 5152 2009 5224 adjuvat

2116 3220 2365 3275 naturale
2408 3219 2750 3292 mysterium,
2787 3234 2914 3275 cum
2956 3219 3067 3275 sint
3122 3218 3361 3274 rationis
3426 3228 3712 3288 expertes,

2113 3314 2381 3368 rationem
2405 3320 2587 3368 tamen
2611 3311 2875 3368 evadendi
2896 3312 3124 3381 periculi
3152 3313 3236 3367 vel
3262 3311 3484 3368 tuendae
3515 3312 3719 3368 salutis

2114 3415 2439 3478 agnoscunt,
2498 3405 2773 3475 noxiaque
2821 3404 3027 3475 pariter
3076 3420 3141 3460 ac
3192 3405 3487 3475 profutura
3512 3404 3717 3460 distin-

2113 3504 2247 3567 gunt
2277 3512 2291 3548 :
2326 3496 2398 3550 ita
2431 3504 2490 3550 ut
2524 3496 2846 3566 plerumque
2886 3509 3011 3550 cum
3067 3503 3278 3548 armata
3322 3495 3561 3551 venenis
3608 3497 3715 3551 tela

2113 3588 2405 3652 senserint,
2440 3597 2601 3643 notas
2624 3597 2809 3658 petere
2830 3586 3050 3654 herbas,
3074 3593 3237 3656 atque
3278 3586 3367 3645 his
3396 3588 3715 3643 remedium

2113 3679 2323 3734 vulneri
2351 3679 2604 3734 dicantur
2629 3679 2907 3734 adhibere.
2931 3678 3102 3734 Cibus
3121 3678 3271 3733 illius
3300 3678 3585 3734 medicina
3604 3687 3715 3746 est,

2118 3780 2179 3826 ut
2201 3772 2414 3827 resilire
2429 3772 2654 3843 sagittas
2679 3771 2864 3826 videas
2889 3770 3156 3827 evulnere
3177 3779 3231 3825 et
3256 3770 3467 3842 fugere,
3493 3786 3717 3827 venena

2114 3880 2224 3919 non
2263 3879 2498 3935 serpere.
2546 3861 2791 3934 Denique
2841 3862 3020 3918 cervis
3071 3862 3228 3918 cibus
3276 3877 3557 3918 venenum
3604 3873 3714 3919 est.

2112 3956 2351 4013 Coluber
2379 3972 2601 4013 cervum
2628 3955 2784 4028 fugit,
2817 3955 3028 4010 leonem
3072 3954 3351 4010 interficit.
3385 3953 3573 4011 Draco
3600 3956 3719 4011 ele-

2112 4051 2372 4123 phantem
2417 4051 2568 4122 ligat,
2600 4049 2761 4119 cujus
2791 4048 2948 4103 ruina
2999 4063 3152 4104 mors
3193 4048 3421 4104 victoris
3461 4058 3553 4103 est
3594 4067 3610 4102 :
3656 4057 3715 4103 et

2122 4143 2247 4199 ideo
2296 4156 2511 4199 summe
2553 4141 2812 4210 utrinque
2847 4147 3058 4195 certant
3084 4158 3097 4194 :
3128 4139 3219 4194 ille
3250 4147 3312 4194 ut
3338 4139 3536 4210 pedem
3584 4138 3718 4194 alli-

2112 4246 2220 4309 get,
2249 4238 2301 4292 in
2334 4251 2446 4307 quo
2468 4249 2631 4290 casus
2658 4232 2788 4287 victi
2842 4231 2948 4288 sibi
2985 4246 3183 4288 nocere
3212 4246 3322 4288 non
3355 4234 3575 4302 possit;
3608 4232 3715 4287 iste

2112 4343 2182 4383 ne
2239 4326 2543 4398 posteriore
2594 4333 2878 4380 extremus
2926 4323 3063 4392 pede
3121 4332 3219 4379 aut
3260 4323 3399 4379 calle
3453 4322 3715 4393 capiatur

2116 4428 2371 4490 angusto,
2400 4418 2494 4475 ubi
2522 4418 2607 4472 vel
2634 4417 2750 4488 ipse
2803 4429 2862 4471 se
2899 4428 3008 4468 non
3061 4423 3229 4486 queat
3275 4425 3623 4486 retorquere.
3656 4425 3715 4471 et

2115 4513 2408 4568 draconem
2450 4512 2602 4585 gravi
2651 4521 2930 4583 proterere
2972 4509 3227 4581 vestigio,
3277 4508 3361 4564 vel
3421 4507 3713 4579 sequentis

2116 4603 2387 4674 elephanti
2443 4604 2707 4661 auxilium
2741 4618 2854 4659 non
2888 4602 3110 4658 habere.
3135 4599 3280 4672 Ergo
3306 4599 3354 4656 si
3406 4600 3713 4655 irratiouao

2114 4696 2244 4753 bilia
2273 4695 2531 4750 animalia
2582 4703 2788 4751 norunt
2814 4694 3019 4767 quibus
3060 4693 3165 4749 sibi
3217 4702 3313 4748 aut
3360 4692 3713 4748 medicentur

2117 4788 2322 4852 herbis,
2348 4796 2443 4843 aut
2465 4786 2727 4844 subsidiis
2753 4802 2911 4858 opem
2943 4786 3196 4854 aﬂ‘eraut,
3213 4784 3383 4840 homo
3408 4784 3589 4840 nescit
3617 4783 3711 4839 cui

2116 4880 2460 4937 rationabilis
2507 4895 2705 4936 sensus
2746 4878 3070 4935 innascitur.
3098 4875 3166 4932 Et
3211 4876 3335 4933 ideo
3381 4876 3452 4931 de
3480 4874 3708 4930 irratio—

2115 4974 2391 5030 nabilibus
2434 4973 2599 5029 rebus
2626 4972 2828 5028 dantur
2857 4971 3014 5027 nobis
3049 4970 3323 5044 exempla,
3355 4977 3417 5025 ut
3448 4983 3547 5040 per
3588 4968 3709 5023 hac

2114 5067 2405 5123 veniamus
2425 5065 2494 5124 ad
2522 5063 3026 5121 rationabilitatem.
3156 5068 3161 5073 “

1216 5409 1815 5504 DOMINICA
1896 5411 2345 5506 DECIMA
2432 5408 2855 5502 SEXTA.

1712 5605 2078 5668 Secundum
2112 5607 2373 5668 Lucam.

516 5784 538 5820 ι
569 5766 685 5828 ibat
709 5767 870 5834 Iesus
910 5771 964 5827 in
1010 5771 1285 5832 civitatem
1316 5785 1440 5843 qum
1480 5776 1712 5824 vocatur
1736 5766 1916 5824 Naim.
1945 5767 2010 5824 Et

2123 5770 2273 5827 ibant
2301 5784 2426 5826 cum
2458 5768 2552 5827 illo
2582 5768 2834 5840 discipuli
2858 5766 2998 5838 ejus,
3021 5774 3077 5823 et
3102 5762 3260 5823 turba
3287 5762 3532 5834 copiosa.
3556 5759 3699 5823 Cum
