3970 6486
253 366 390 423 H53

252 493 431 544 autem
456 481 930 553 appropinquaret
960 488 1127 551 portae
1168 479 1425 546 civitatis,
1462 496 1590 537 ecce
1647 480 1845 536 defuno
1875 484 1921 540 A

253 587 342 633 tus
379 572 710 628 efferebatur
743 573 890 628 ﬁlius
945 571 1141 627 unicus
1178 572 1371 628 matris
1423 586 1558 627 suae.
1618 569 1684 627 Et
1725 571 1842 627 haec

252 668 414 723 vidua
463 672 640 720 erat:
698 671 753 718 et
807 662 966 718 turba
1031 663 1267 718 civitatis
1340 663 1508 718 multa
1566 678 1693 719 cum
1749 662 1840 718 illa

252 759 387 831 (Luc
414 756 569 828 vn)»
596 755 753 810 Naim
800 755 992 811 civitas
1023 763 1106 810 est
1128 754 1366 810 Galileae.
1396 754 1720 817 Defunctus,
1742 754 1840 825 qui

251 866 437 907 coram
469 848 659 905 multis
691 858 847 903 extra
881 856 1036 917 porta
1063 847 1308 913 effertur,
1354 846 1624 919 signiﬁcat
1653 846 1840 901 crimi-

250 943 446 998 naliter
474 949 791 1012 peccantem
828 948 882 993 et
919 939 1215 993 multorum
1264 938 1472 993 notitia:
1526 954 1623 1008 per
1671 938 1839 993 verba

248 1042 304 1089 et
335 1049 522 1103 opera,
548 1032 710 1103 quasi
775 1046 874 1102 per
904 1030 1047 1086 ostia
1105 1045 1218 1086 sua:
1265 1031 1521 1095 civitatis,
1552 1040 1836 1101 peccatum

248 1123 647 1194 propalantem.
674 1119 780 1187 Qui
812 1121 950 1176 bene
988 1121 1181 1175 unicus
1219 1121 1410 1176 matris
1433 1137 1546 1176 sua:
1581 1124 1836 1192 perhibe-

247 1223 360 1282 tur,
385 1215 516 1285 quia
552 1214 678 1269 licet
710 1222 886 1270 mater
916 1212 1161 1268 Ecclesia
1212 1214 1414 1270 multos
1450 1214 1649 1270 habeat
1696 1217 1837 1274 ﬁlios

248 1309 427 1364 bonos
447 1316 501 1363 et
531 1306 731 1369 malos,
775 1321 876 1375 pro
908 1320 1015 1359 una
1063 1314 1241 1359 tamen
1272 1320 1503 1373 persona
1531 1308 1661 1361 mali
1691 1311 1837 1364 acci-

247 1399 495 1469 piuntur,
549 1406 817 1468 quantum
865 1398 932 1451 ad
966 1397 1230 1450 malitiam
1263 1398 1497 1466 pertinet
1528 1419 1541 1453 :
1572 1402 1836 1470 quemad-

249 1491 475 1545 modum
506 1491 670 1545 etiam
699 1488 828 1544 boni
861 1505 968 1542 una
996 1503 1226 1558 persona
1269 1490 1612 1554 accipiuntur
1637 1509 1835 1548 secun-

247 1582 377 1636 dum
414 1582 734 1636 bonitatem.
767 1579 832 1634 Et
856 1580 1061 1635 electus
1099 1580 1348 1649 quilibet,
1381 1582 1602 1651 quando
1630 1584 1833 1637 imbui-

248 1683 338 1729 tur
360 1674 427 1728 ad
480 1673 665 1739 ﬁdem,
696 1672 840 1726 filius
867 1679 970 1737 est,
1000 1672 1217 1740 quando
1240 1672 1377 1726 alios
1423 1673 1618 1727 imbuit
1658 1684 1833 1729 mater

247 1772 350 1819 est.
390 1762 551 1818 Unde
592 1763 829 1818 Paulus:
869 1782 887 1813 ι
928 1761 1105 1816 Filioli
1133 1764 1260 1827 mei,
1289 1779 1430 1833 quos
1463 1764 1658 1819 iterum
1705 1781 1829 1835 par-

1191 362 1769 423 DEFLORATIONES
1808 365 1911 424 SS.
1951 365 2262 424 PATRUM.
2299 399 2369 410 -η
2411 367 2536 425 LIB.
2580 366 2644 425 ll.

3395 382 3531 436 H54

2026 502 2044 534 ι
2078 481 2290 539 Etexiit
2315 484 2403 539 hic
2442 501 2625 541 sermo
2654 486 2708 541 in
2747 484 3055 543 universam
3083 487 3325 547 Indicam
3356 494 3422 550 de
3443 512 3529 563 co,

1943 582 1996 626 et
2026 587 2242 629 omnem
2277 576 2421 632 circa
2451 576 2752 648 regionem,
2798 576 2849 632 id
2881 587 2964 634 est
3009 580 3062 633 in
3108 597 3325 636 onmem
3360 586 3533 655 regio-

1942 677 2066 719 nem
2104 667 2247 721 circa
2278 666 2542 723 Iudaeam.
2571 689 2589 720 ι
2631 668 2933 740 Allegorice
2959 669 3059 726 fuit
3088 674 3532 746 appropinquare

1941 756 2126 812 Jesum
2166 768 2334 828 portae
2378 761 2634 828 civitatis,
2685 762 2833 832 quod
2866 761 3100 817 Verbum
3148 781 3277 820 caro
3325 769 3530 823 laetum

1941 849 2195 918 gentilem
2249 850 2509 919 populum
2568 867 2664 920 per
2711 860 2898 921 portas
2956 852 3078 907 ﬁdei
3133 854 3201 907 ad
3252 855 3529 912 cmlestem

1941 933 2278 992 Hierusalem
2312 938 2544 992 induxit.
2584 938 2722 995 Ecce
2771 938 3032 996 Judaicus
3061 941 3249 1011 jnnior
3297 948 3530 1016 populus

1940 1028 2161 1097 perﬁdia
2188 1029 2478 1085 defunctus
2513 1030 2756 1097 effertur,
2784 1033 3044 1101 quoniam
3079 1045 3254 1089 mater
3281 1035 3527 1093 Ecclesia

1940 1120 2016 1173 nil
2048 1121 2102 1174 in
2138 1122 2343 1176 mundo
2372 1125 2529 1192 quasi
2560 1124 2838 1193 proprium
2886 1127 3193 1194 possidens,
3221 1130 3406 1184 multis
3431 1147 3529 1200 po-

1938 1211 2193 1281 pulorum
2224 1213 2399 1268 turbis
2435 1214 2642 1268 circum
2695 1226 2845 1284 septa
2871 1217 2960 1286 pio
2987 1216 3182 1273 affectu
3221 1221 3416 1289 plorat,
3472 1231 3526 1277 et

1938 1305 2005 1360 ad
2037 1305 2205 1359 vitam
2250 1322 2506 1361 revocare
2536 1308 2779 1374 laborat;
2806 1310 2952 1378 quod
2982 1318 3035 1363 et
3060 1311 3276 1365 interim
3313 1314 3365 1366 in
3393 1331 3529 1382 pau-

1939 1397 2018 1452 cis
2047 1396 2359 1452 Judzeorum
2390 1401 2690 1464 conversis,
2730 1410 2783 1454 et
2812 1403 3029 1454 tandem
3082 1402 3136 1455 in
3187 1403 3527 1472 plenitudine

1937 1488 2209 1557 impetrat.
2245 1488 2422 1544 Locus
2448 1506 2557 1559 quo
2580 1490 2823 1547 defertur
2859 1510 3059 1563 corpus
3089 1505 3173 1550 est
3202 1498 3527 1566 humanum,

1936 1582 2231 1649 portitores
2255 1589 2383 1635 sunt
2407 1582 2535 1635 mali
2562 1598 2762 1648 mores,
2787 1586 2879 1655 qui
2924 1587 2989 1639 ad
3023 1596 3251 1642 mortem
3280 1590 3523 1644 trahunt.

1939 1669 2042 1725 Sed
2078 1669 2236 1726 Jcsus
2264 1672 2501 1727 loculum
2537 1675 2705 1744 tangit
2734 1692 2859 1730 eum
2898 1676 3142 1749 fragilem
3186 1690 3438 1735 naturam
3471 1681 3525 1735 in

1937 1778 2097 1817 cruce
2119 1763 2296 1833 erigit.
2336 1762 2430 1818 Vel
2472 1766 2710 1835 tangitur
2741 1768 2955 1823 loculus
2989 1773 3186 1825 mortui
3220 1773 3457 1827 hominis
3494 1789 3526 1827 a

246 1856 397 1912 turio
429 1856 579 1927 (Cal.
613 1859 710 1925 tv).
744 1875 762 1907 ι
813 1854 947 1908 Cum
992 1854 1157 1925 igitur
1202 1856 1329 1908 boni
1358 1857 1693 1912 unanimiter
1719 1866 1830 1911 stu-
1862 1838 1904 1893 Β
1934 1854 2065 1921 Deo,
2096 1855 2147 1909 id
2178 1866 2262 1911 est
2295 1873 2389 1927 per
2415 1858 2621 1928 lignum
2655 1862 2856 1928 crucis,
2884 1864 3013 1932 quia
3045 1866 3204 1933 periit
3234 1866 3399 1920 homo
3430 1881 3526 1935 per

249 1951 421 2006 deant
504 1962 761 2004 revocare
805 1947 1000 2013 malos,
1046 1956 1099 2001 et
1160 1946 1291 2000 boni
1362 1957 1537 2002 mater
1591 1958 1645 2004 et
1704 1950 1831 2005 mali

244 2041 400 2095 ﬁlius
424 2040 622 2094 unicus
647 2045 1050 2106 nuncupantur.
1102 2034 1266 2090 Porta
1296 2036 1553 2103 civitatis,
1591 2053 1698 2106 qua
1733 2039 1830 2093 de-

246 2133 473 2188 functus
494 2131 733 2194 effertur,
767 2128 965 2198 aliquis
987 2136 1071 2183 est
1099 2129 1163 2182 de
1213 2129 1468 2184 sensibus
1494 2146 1604 2198 quo
1631 2130 1830 2200 aliquis

245 2227 299 2279 in
330 2235 614 2294 peccatum
639 2219 868 2285 corruit,
904 2227 965 2273 ut
1008 2220 1102 2288 qui
1147 2220 1294 2273 videt
1321 2219 1388 2273 ad
1439 2221 1823 2289 concupiscen-

243 2319 396 2381 dum,
430 2316 525 2386 qui
557 2329 743 2367 aurem
773 2314 968 2368 otiosis
995 2314 1079 2367 vel
1112 2315 1363 2383 turpibus
1392 2313 1699 2376 audiendis,
1734 2314 1827 2383 qui

244 2407 488 2477 linguam
526 2404 838 2460 commodat
904 2404 1124 2474 litigiis,
1185 2414 1519 2472 cmtcrosque
1565 2404 1656 2473 qui
1718 2420 1826 2457 non

244 2505 426 2552 servat
447 2512 662 2561 sensus,
694 2495 885 2551 mortis
914 2495 1019 2551 sibi
1063 2503 1267 2550 reserat
1290 2494 1487 2549 aditus.
1515 2492 1705 2548 Omnis
1733 2494 1827 2564 qui

246 2591 496 2645 meminit
532 2589 831 2645 Ecclesiam
870 2589 1056 2659 sponsi
1103 2590 1188 2643 sui
1239 2599 1412 2642 morte
1468 2589 1824 2656 redemptam,

244 2691 641 2754 agnoscateam
662 2697 785 2736 esse
803 2681 1022 2734 viduam
1071 2679 1244 2749 llujus
1269 2679 1513 2733 miraculi
1546 2679 1829 2734 mnltifue-

244 2786 373 2832 runt
400 2785 584 2843 testes,
632 2784 690 2828 ut
734 2774 890 2828 multi
930 2773 1120 2828 ﬁerent
1146 2772 1238 2826 Dei
1263 2774 1588 2828 laudatores.
1621 2773 1826 2840 «Quam

244 2887 371 2927 cum
403 2870 627 2924 vidisset
674 2867 962 2933 Dominus,
1011 2860 1387 2921 misericordia
1429 2875 1611 2921 motus
1664 2883 1828 2936 super

245 2961 418 3025 illam,
463 2959 598 3014 dixit
639 2957 756 3013 illi:
813 2955 934 3011 Noli
969 2955 1115 3011 ﬁere.
1156 2974 1175 3006 ι
1220 2954 1455 3010 Pulchre
1490 2956 1825 3026 evangelista

244 3050 540 3105 Dominum
589 3050 745 3120 prius
794 3046 1174 3104 misericordia
1227 3055 1436 3099 motum
1490 3060 1611 3100 csse
1662 3061 1826 3115 super

243 3152 502 3207 matrem,
529 3157 593 3197 ac
628 3132 708 3197 sic
754 3140 922 3194 ﬁlium
963 3139 1230 3193 suscitare
1260 3144 1508 3202 testatur,
1536 3144 1596 3189 ut
1629 3137 1682 3189 in
1715 3153 1824 3191 uno

242 3236 405 3291 nobis
445 3234 753 3304 exemplum
799 3231 1073 3286 imitanda:
1117 3231 1334 3299 pietatis
1381 3228 1734 3296 ostenderet;
1765 3229 1818 3283 in

240 3329 414 3383 altero
440 3326 599 3382 ﬁdem
634 3326 891 3381 miranda:
920 3324 1136 3394 pietatis
1176 3330 1464 3378 astrueret.

317 3417 413 3473 «Et
441 3418 678 3480 accessit
707 3426 760 3472 et
783 3416 955 3487 tetigit
983 3415 1244 3471 loculum.
1276 3412 1340 3467 lli
1364 3423 1544 3468 autem
1571 3414 1664 3485 qui
1692 3430 1821 3484 por-

238 3512 432 3569 tabant
453 3518 739 3568 steterunt.
789 3530 808 3562 ι
841 3509 1079 3564 Loeulus
1123 3509 1177 3562 in
1215 3523 1325 3577 quo
1354 3515 1603 3561 mortuus
1633 3507 1822 3562 effere-

236 3604 423 3670 batur,
452 3603 593 3657 male
621 3616 814 3657 secura
840 3599 1106 3670 desperati
1154 3598 1457 3668 peccatoris
1486 3596 1820 3652 conscientia

236 3705 345 3753 est.
401 3694 506 3761 Qui
530 3707 660 3749 vero
712 3692 1082 3762 sepeliendum
1129 3698 1351 3760 portant
1402 3687 1484 3742 vel
1541 3689 1820 3744 immunda

233 3786 507 3842 desideria
553 3791 682 3839 sunt
708 3798 830 3852 qua:
865 3782 1112 3836 homines
1146 3782 1364 3851 rapiunt
1410 3780 1462 3834 in
1515 3779 1817 3844 interitum,

233 3876 324 3931 vel
346 3884 612 3930 venenata
646 3872 912 3928 lenocinia
942 3872 1356 3937 blandientium,
1385 3887 1507 3939 qua:
1535 3880 1821 3941 peccantes

232 3969 397 4041 quasi
426 3982 621 4039 aggere
643 3975 802 4021 terra:
828 3966 1088 4020 obruunt.
1118 3964 1352 4018 Domino
1394 3964 1636 4019 loculum
1694 3972 1817 4018 tan-

231 4067 398 4130 gente
449 4055 660 4110 funeris
715 4053 879 4124 bajuli
926 4062 1189 4109 steterunt
1222 4093 1237 4119 ,
1294 4052 1421 4122 quia
1485 4053 1819 4108 conscientia

231 4160 439 4206 attacta
489 4149 783 4205 formidine
833 4148 1051 4219 superni
1123 4147 1320 4217 judicii
1394 4147 1685 4201 revertitur
1752 4146 1820 4200 ad

230 4241 495 4310 seipsam,
545 4255 803 4296 coercens
845 4238 1094 4294 carnales
1122 4238 1429 4307 voluptates
1483 4248 1536 4291 et
1585 4236 1820 4307 iniustos

228 4334 570 4387 laudatores.

313 4442 333 4474 ι
371 4422 437 4476 Et
476 4423 553 4477 ait
584 4440 597 4476 :
631 4421 981 4485 Adolescens,
1012 4421 1106 4475 tibi
1142 4421 1285 4485 dico,
1338 4436 1518 4492 surge.
1564 4418 1632 4474 Et
1672 4434 1822 4474 resc-

1932 1948 2140 2018 lignum
2189 1952 2449 2021 paradisi.
2515 1951 2817 2008 Portitores
2864 1957 3067 2010 mortui
3118 1968 3245 2014 sunt
3288 1967 3525 2030 quatuor

1932 2042 2219 2109 elementa,
2246 2058 2481 2112 quorum
2527 2044 2944 2113 intemperantia
2991 2057 3076 2102 cst
3120 2050 3522 2110 irritamentum

1931 2135 2190 2203 peccandi
2224 2134 2276 2187 in
2321 2134 2558 2189 homine.
2603 2135 2761 2190 Stant
2786 2140 3099 2205 portitores,
3137 2142 3263 2211 quia
3294 2160 3400 2198 non
3428 2162 3524 2200 va-

1931 2225 2042 2278 lent
2071 2226 2214 2279 sicut
2242 2226 2393 2294 prius
2422 2227 2488 2280 ad
2528 2237 2755 2282 mortem
2793 2230 3028 2284 trahere.
3091 2230 3260 2303 Loqui
3290 2234 3414 2291 Jesu
3439 2247 3524 2293 cst

1931 2318 2139 2372 monita
2169 2318 2363 2373 salutis
2393 2318 2700 2387 infundere,
2748 2322 2891 2377 unde
2919 2323 3210 2394 languidus
3250 2329 3319 2383 ad
3355 2332 3521 2387 vitam

1929 2408 2159 2477 erigitur
2194 2411 2354 2464 bonis
2395 2411 2626 2477 a‘ctibus,
2661 2420 2713 2466 et
2755 2413 2835 2467 sic
2888 2414 3135 2469 redditur
3179 2420 3338 2473 matri
3386 2437 3517 2477 suat.

1931 2498 2147 2553 Timent
2201 2515 2413 2567 omnes,
2469 2503 2598 2572 quia
2652 2503 2817 2559 unius
2856 2505 3105 2575 exemplo
3155 2509 3312 2563 multi
3344 2510 3520 2564 corri-

1929 2601 2150 2662 guntur.

2112 2684 2184 2739 De
2222 2687 2589 2753 morientibus,
2629 2696 2678 2741 et
2714 2687 2779 2741 de
2831 2688 2976 2742 exitu
3018 2692 3341 2747 animarum.

2000 2773 2280 2845 Scriptura
2327 2777 2501 2831 dicit:
2535 2796 2554 2828 ι
2590 2776 2739 2831 Beati
2788 2778 2989 2832 mortui
3037 2779 3131 2849 qui
3183 2780 3236 2834 in
3284 2781 3524 2838 Domino

1927 2868 2239 2922 moriuntur
2267 2868 2450 2938 (Apoc.
2483 2870 2617 2938 xlv).
2653 2889 2670 2918 ι
2720 2868 2778 2923 1η
2810 2868 3041 2926 1)οωὶηο
3072 2873 3381 2928 moriuntur
3402 2876 3518 2946 qui,

1928 2959 1982 3013 in
2014 2975 2178 3015 carne
2202 2960 2421 3029 quidem
2451 2960 2771 3028 morientes,
2800 2962 2853 3015 in
2883 2960 3114 3017 Domino
3131 2973 3317 3020 tamen
3341 2967 3524 3022 viven-

1928 3060 2008 3105 tes
2038 3051 2409 3107 inveniuntur.
2442 3050 2583 3118 Quid
2610 3063 2695 3106 est
2726 3052 2779 3106 in
2811 3051 3044 3108 Domino
3065 3053 3088 3107 ?
3110 3053 3165 3109 ld
3197 3057 3356 3111 estin
3385 3057 3518 3125 ﬁde,

1926 3147 1980 3193 et
2008 3156 2102 3210 spe
2131 3149 2185 3194 et
2211 3142 2493 3196 charitate.
2528 3140 2632 3195 Per
2661 3142 2764 3196 ista
2786 3143 2929 3197 enim
2963 3144 3163 3199 vivitur
3194 3144 3248 3200 in
3287 3147 3376 3202 illa
3407 3148 3518 3204 vita

1926 3246 2034 3298 qua
2057 3231 2259 3285 vivitur
2297 3231 2350 3285 in
2389 3230 2641 3287 Domino.
2681 3230 2777 3287 Est
2821 3233 3068 3303 quaedam
3117 3236 3225 3290 vita
3257 3253 3364 3306 qua
3395 3254 3521 3294 cor-

1923 3338 2027 3391 pus
2058 3322 2184 3376 vivit
2210 3338 2273 3376 ex
2300 3323 2502 3389 anima,
2537 3332 2591 3377 ct
2628 3332 2712 3378 est
2755 3324 3003 3393 quaedam
3056 3326 3166 3380 vita
3198 3343 3303 3397 qua
3333 3330 3518 3385 anima

1922 3414 2055 3467 vivit
2100 3430 2166 3467 ex
2213 3412 2343 3469 Deo.
2393 3413 2549 3469 Nunc
2587 3413 2807 3485 quidem
2834 3414 2958 3481 ﬁde,
2983 3424 3035 3470 et
3062 3431 3157 3485 spe
3190 3426 3243 3471 et
3273 3419 3518 3474 charita-

1923 3513 1976 3559 te
2002 3522 2016 3571 ;
2048 3515 2234 3574 postea
2263 3520 2391 3559 vero
2426 3521 2524 3574 pro
2547 3504 2650 3559 ﬁde
2678 3513 2735 3560 et
2774 3520 2892 3575 spe,
2918 3508 3398 3576 contemplatione,
3432 3525 3520 3565 rc-

1924 3608 2180 3653 manente
2219 3597 2525 3653 dilectione.
2563 3596 2680 3651 Non
2722 3597 2889 3668 igitur
2924 3613 3121 3653 nocere
3166 3610 3345 3670 potest
3397 3601 3522 3655 ani-

1922 3706 2046 3754 mae,
2079 3691 2123 3745 si
2152 3706 2350 3759 corpus
2387 3691 2551 3745 vitam
2586 3705 2740 3746 suam
2772 3690 2969 3760 perdit,
3008 3692 3228 3760 quando
3270 3692 3389 3762 ipsa
3430 3693 3519 3748 vi-

1923 3791 2033 3836 tam
2070 3797 2248 3847 suam,
2292 3781 2345 3835 in
2380 3780 2504 3849 ﬁde,
2535 3792 2588 3837 et
2617 3798 2713 3852 spe
2763 3791 2817 3837 et
2864 3782 3131 3838 charitate
3190 3785 3516 3853 persistens,

1923 3887 2031 3924 non
2060 3871 2281 3925 amittit.
2328 3869 2499 3925 Nemo
2531 3888 2662 3942 ergo
2704 3874 2838 3926 mihi
2882 3874 3028 3929 dicat
3067 3893 3082 3928 :
3130 3874 3233 3942 Qui
3287 3893 3515 3947 parvam

1924 3963 2105 4028 ﬁdem,
2139 3973 2193 4015 ct
2222 3978 2373 4031 spem
2402 3978 2624 4031 parvam
2673 3972 2726 4016 et
2778 3980 2999 4032 parvam
3048 3967 3370 4022 charitatcm
3418 3969 3521 4025 ha-

1925 4052 2072 4117 bent,
2107 4068 2213 4106 non
2263 4053 2562 4105 salvantur.
2604 4050 2717 4122 Ego
2754 4068 2862 4106 non
2916 4070 3196 4110 mensuro.
3254 4057 3520 4114 Crescant

1923 4154 2186 4214 quantum
2222 4144 2428 4198 volunt.
2484 4142 2698 4210 Quanto
2743 4145 3002 4215 majores,
3052 4154 3202 4201 tanto
3235 4150 3513 4204 meliores.

1925 4235 2128 4290 Tamen
2158 4252 2257 4306 ego
2303 4236 2421 4291 illos
2467 4236 2835 4292 condemnare
2865 4253 2973 4292 non
3005 4238 3180 4294 audeo
3215 4250 3511 4309 quantum-

1922 4330 2005 4384 vis
2053 4329 2203 4399 parvi
2254 4329 2381 4384 sint.
2431 4327 2506 4381 Ex
2541 4344 2651 4398 quo
2692 4330 2806 4383 nati
2844 4340 3067 4385 suntex
3098 4329 3230 4399 Deo,
3263 4332 3356 4384 lilii
3387 4340 3517 4388 sunt

1922 4419 2037 4475 Dei.
2076 4419 2238 4474 Putas
2263 4419 2392 4489 quia
2416 4434 2645 4489 magnos
2686 4418 2828 4474 ﬁlios
2858 4418 3000 4475 Deus
3030 4420 3278 4488 salvabit,
3307 4429 3361 4475 et
3383 4437 3515 4491 par-

226 4516 568 4586 ditquierat
587 4522 855 4578 mortuus,
878 4520 933 4567 et
958 4514 1123 4581 coepit
1153 4512 1319 4581 loqui.
1370 4511 1436 4566 Et
1479 4512 1623 4566 dedit
1667 4512 1824 4577 illum,
1852 4530 1897 4584 ι)
1926 4526 2021 4566 vos
2066 4510 2492 4566 condemnabit?
2544 4509 2827 4579 Scriptura
2872 4510 3004 4565 mihi
3037 4510 3204 4565 dicit:
3243 4530 3262 4562 ι
3301 4509 3511 4581 Imper-

228 4608 401 4663 matri
425 4623 555 4662 suae.
588 4625 608 4657 ι
652 4605 872 4659 Residet
900 4604 992 4674 qui
1023 4612 1141 4658 erat
1176 4612 1425 4659 mortuus
1448 4620 1573 4658 cum
1604 4604 1819 4659 interna

224 4698 656 4768 compunctione
678 4697 949 4752 reviviscit
970 4703 1242 4765 peccator.
1276 4693 1468 4765 Incipit
1495 4695 1663 4764 loqui,
1692 4710 1819 4749 cum

222 4791 473 4847 ostendit
498 4805 558 4846 se
587 4789 762 4844 redire
790 4788 858 4841 ad
895 4803 1078 4841 veram
1106 4787 1291 4841 vitam.
1341 4784 1603 4841 Redditur
1632 4786 1816 4851 matri,

222 4898 361 4939 eum
401 4898 494 4952 per
521 4879 858 4936 sacerdotale
886 4878 1148 4950 iudicium
1178 4878 1551 4933 communioni
1581 4877 1821 4933 sociatur

222 4972 512 5028 Ecclesiae.

313 5084 332 5116 ι
364 5065 586 5133 Accepit
619 5070 801 5118 autem
848 5076 1047 5117 omnes
1089 5060 1250 5115 timor
1297 5069 1350 5115 et
1397 5060 1819 5130 magniﬁcabant

221 5157 430 5223 Deum,
460 5157 699 5211 dicentes
733 5174 747 5209 :
775 5153 913 5221 Quia
945 5152 1209 5224 propheta
1238 5168 1467 5223 magnus
1497 5153 1735 5207 surrexit
1762 5152 1819 5207 in

219 5250 413 5315 nobis,
445 5258 497 5302 et
522 5248 650 5318 quia
680 5247 826 5302 Deus
846 5246 1085 5302 visitavit
1112 5245 1320 5315 plebem
1351 5259 1526 5299 suam.
1560 5262 1581 5295 ι
1616 5244 1818 5301 Omnes

219 5338 677 5411 magniﬁcabant,
703 5337 756 5391 id
780 5346 865 5392 est
894 5337 1194 5391 laudabant
1215 5334 1406 5398 Deum,
1445 5335 1574 5403 quia
1610 5344 1817 5405 quanto

220 5430 452 5503 gravior
479 5439 562 5484 est
597 5444 783 5495 casus,
826 5438 977 5483 tanto
1006 5427 1179 5497 pietas
1221 5425 1480 5497 erigentis
1517 5426 1723 5495 gratior
1764 5436 1819 5483 et

221 5536 360 5591 spes
390 5520 583 5599 salutis
612 5518 1004 5595 paenitentibus
1030 5525 1114 5571 est
1143 5515 1363 5572 certior.
1396 5512 1647 5571 Visitavit
1674 5516 1817 5574 Deus

183 5594 555 5685 -plebem,wet
590 5612 722 5666 dum
772 5594 1007 5665 Verbum
1049 5624 1211 5663 suum
1260 5607 1429 5664 semel
1480 5607 1818 5679 incorporari

222 5705 537 5770 constituit,
572 5712 627 5759 et
669 5701 908 5773 quotidie
940 5700 1205 5770 Spiritum
1249 5708 1500 5756 sanctum
1551 5700 1606 5756 iu
1651 5702 1817 5758 corda

226 5808 420 5856 nostra
457 5795 723 5852 mittendo
759 5803 816 5849 ut
853 5793 1199 5849 suscitentur.

1924 4602 2122 4659 fectum
2147 4618 2327 4657 meum
2359 4602 2613 4657 viderunt
2641 4601 2786 4656 oculi
2810 4602 2909 4667 tui,
2934 4610 2989 4657 et
3018 4601 3073 4656 in
3103 4603 3241 4657 libro
3268 4610 3361 4656 tuo
3390 4617 3512 4657 om-

1924 4711 2021 4750 nes
2050 4695 2355 4750 scribentur
2386 4693 2561 4766 (Psal.
2595 4696 2885 4765 cxxxvm).
2910 4714 2929 4746 ι
2984 4696 3041 4749 Si
3070 4710 3262 4749 omnes
3303 4710 3435 4765 ergo
3459 4707 3514 4749 et

1923 4788 2105 4859 magni
2129 4796 2181 4842 et
2213 4788 2385 4857 parvi,
2412 4786 2542 4856 quid
2573 4795 2657 4841 est
2679 4805 2697 4838 ι
2733 4786 2876 4841 oculi
2925 4787 3002 4841 tui
3032 4787 3313 4841 viderunt?
3347 4806 3366 4839 ι
3398 4787 3513 4857 Ap-

1921 4880 2307 4950 probavcrunt.
2341 4878 2483 4944 Quid
2513 4887 2597 4933 est
2632 4897 2650 4929 ι
2682 4879 2736 4932 in
2766 4879 2906 4933 libro
2933 4879 3290 4932 scribuntur?
3325 4899 3343 4930 ι
3393 4878 3514 4933 Sal-

1887 4985 1892 4989 '
1921 4971 2212 5025 vabuntur.
2255 4969 2398 5041 Ergo
2428 4970 2730 5039 imperfecti
2754 4985 2974 5039 quoquc
2996 4970 3372 5025 salvahuntur.
3407 4970 3515 5038 Qui

1920 5062 2065 5117 enim
2096 5062 2396 5132 imperfecti
2426 5070 2577 5128 sunt,
2610 5061 2813 5131 aliquid
2847 5070 2995 5125 sunt,
3032 5069 3086 5116 et
3127 5062 3296 5133 aliqui
3343 5072 3509 5118 sunt:

1919 5164 1974 5208 et
2017 5154 2073 5208 in
2117 5169 2348 5208 numero
2397 5162 2676 5224 ponuntur
2709 5162 2764 5208 et
2813 5154 3150 5209 scribuntur.
3208 5153 3315 5221 Qui
3372 5155 3512 5209 nihil

1920 5254 2069 5312 sunt,
2101 5246 2235 5300 nulli
2265 5254 2434 5299 sunt:
2474 5260 2575 5300 nec
2619 5244 2784 5300 scribi
2826 5255 2920 5301 aut
2969 5246 3251 5301 munerari
3310 5246 3514 5300 habent

1919 5336 2012 5406 qui
2045 5336 2179 5390 nihil
2205 5336 2422 5390 habent.
2479 5334 2623 5407 Ergo
2658 5354 2678 5386 ι
2708 5339 2859 5392 omni
2892 5338 3113 5392 habenti
3162 5338 3400 5401 dabitur,
3454 5344 3512 5391 et

1918 5426 2217 5481 abundabit
2244 5425 2460 5497 (Matth.
2493 5427 2606 5498 xv).
2638 5446 2657 5478 ι
2693 5426 2854 5483 Omni
2878 5429 3094 5484 habenti
3127 5428 3379 5482 meritum
3407 5426 3509 5482 da-

1918 5518 2065 5574 bitur
2091 5519 2397 5589 praemium.
2427 5516 2544 5574 Non
2575 5518 2710 5574 dixit
2742 5538 2755 5573 :
2788 5516 3017 5574 Habenti
3046 5533 3301 5588 magnum
3338 5519 3509 5573 meri-

1919 5618 2033 5664 tum
2062 5609 2281 5664 dabitur
2301 5609 2607 5680 praemium,
2637 5618 2688 5664 et
2723 5625 2951 5680 parvum
2997 5608 3251 5664 meritum
3283 5608 3508 5665 habenti

1917 5718 2026 5757 non
2069 5702 2327 5757 dabitur:
2355 5701 2448 5757 sed
2478 5702 2628 5756 omni
2663 5700 2905 5769 habenti,
2935 5700 3132 5772 inquit,
3167 5700 3403 5766 dabitur,
3450 5710 3508 5757 et

1919 5791 2235 5849 abundabit.
2264 5790 2408 5864 Ergo
2433 5792 2596 5849 etiam
2620 5792 2708 5847 ille
2729 5790 2822 5863 qui
2859 5805 3090 5860 parvum
3121 5789 3375 5846 meritum
3400 5789 3507 5846 ba-
