3970 6440
498 352 637 408 “55

1635 350 1963 407 WERNERI
2001 349 2294 406 ABBATIS
2330 352 2388 407 S.
2432 350 2654 407 BLASll

3636 351 3761 409 “56

488 469 600 536 bet,
627 484 750 524 cum
785 469 1064 539 prmuiium
1098 467 1361 537 acceperit
1391 465 1522 521 satis
1550 467 1790 535 habebit,
1823 467 2073 537 quamvis
2102 471 2149 524 A
2177 465 2294 521 sola
2349 467 2676 534 subsistens,
2722 466 2789 521 ad
2828 469 3076 538 corporis
3123 465 3553 522 viviﬁcationem
3601 466 3759 526 etl'usa

490 576 599 615 non
625 568 832 613 tantum
859 560 1075 613 habebit
1096 565 1357 627 quantum
1383 557 1472 611 ille
1494 558 1587 626 qui
1619 573 1873 627 magnum
1902 558 2068 611 meri—

489 660 603 705 tum
652 651 885 705 habebit.
931 650 1092 703 Solus
1147 650 1245 703 iste
1291 648 1595 702 excluditur
1641 665 1671 702 a
1724 647 2071 719 percipiendo

486 744 711 813 praemio
734 742 827 812 qui
866 742 999 795 nihil
1031 741 1190 794 habet
1216 740 1282 794 de
1315 741 1527 795 merito.
1580 738 1783 794 Omnes
1806 756 1937 811 ergo
1975 739 2071 809 qui

486 834 541 887 in
581 832 813 887 Domino
867 831 1198 898 moriuntur,
1240 831 1384 886 beati
1426 831 1742 906 sunlpquia
1792 841 1915 902 post
1959 846 2072 886 me-

486 924 651 979 ritum
713 923 934 979 virtutis
987 924 1310 993 perveniunt
1360 923 1427 979 ad
1490 924 1774 993 praemium
1840 924 2073 978 beatitu-

485 1013 649 1070 diuis.

553 1103 628 1158 De
660 1104 805 1159 exitu
834 1115 1014 1161 autem
1052 1106 1360 1161 animarum
1396 1107 1550 1161 multi
1578 1115 1849 1178 quaerunt.
1903 1105 2071 1160 Multa

482 1208 661 1254 autem
687 1200 857 1271 quaeri
892 1210 1121 1270 possunt
1148 1221 1160 1255 :
1195 1201 1239 1256 si
1266 1210 1446 1255 tamen
1469 1201 1652 1255 omnia
1678 1200 1848 1270 qua’ri
1876 1200 2073 1255 debent

482 1308 606 1363 quae
630 1303 861 1362 possunt
891 1295 1082 1363 qureri.
1125 1292 1387 1361 Quaerunt
1420 1294 1671 1348 homines
1693 1293 1759 1347 de
1780 1293 1926 1348 exitu
1953 1291 2071 1346 ani-

485 1400 699 1437 marum
730 1385 964 1454 qualiter
986 1401 1016 1439 a
1040 1385 1300 1441 cordibus
1330 1393 1545 1450 exeant,
1577 1392 1631 1438 et
1659 1399 1768 1454 quo
1808 1393 2070 1439 exeuntes

481 1483 731 1544 pergant,
775 1476 876 1542 vel,
922 1492 1046 1530 eum
1099 1477 1444 1545 pervenerint
1475 1492 1584 1545 quo
1624 1484 1876 1545 pergunt,
1938 1474 2069 1545 quid

482 1563 782 1630 inveniant,
809 1563 892 1617 vel
919 1565 1050 1633 quid
1077 1566 1379 1634 percipiant
1427 1573 1521 1619 aut
1571 1563 1915 1618 sustineant?
1964 1563 2070 1617 Sed

483 1654 599 1709 hmc
647 1655 829 1709 omnia
875 1656 1050 1726 magis
1096 1655 1332 1710 timenda
1378 1663 1507 1710 sunt
1545 1670 1709 1724 quam
1754 1656 2066 1724 quaerenda.

482 1743 606 1800 ideo
632 1746 831 1817 quippe
862 1747 1179 1801 abscondita
1230 1755 1377 1813 sunt,
1407 1761 1475 1801 ne
1521 1755 1837 1816 quaerantur
1866 1754 1961 1800 aut
1987 1746 2071 1800 in-

2178 573 2287 612 non
2322 568 2424 614 est.
2465 558 2697 625 Quando
2721 574 2851 613 vero
2892 560 2947 613 in
2981 574 3209 629 corpore
3258 573 3371 612 non
3397 566 3508 623 est,
3535 573 3645 611 non
3686 573 3763 617 est

2175 648 2230 703 in
2255 649 2394 715 loco,
2425 651 2553 720 quia
2583 652 2739 705 locus
2767 666 2876 705 non
2903 658 2988 706 est
3015 650 3121 704 nisi
3150 650 3204 703 in
3250 663 3504 718 corpore.
3537 648 3756 715 Quando

2175 750 2355 795 autem
2385 753 2538 796 extra
2580 758 2779 812 corpus
2811 751 2914 809 est,
2949 750 3006 797 et
3043 750 3197 795 extra
3229 741 3415 796 locum
3468 750 3553 795 est
3581 760 3597 795 :
3633 742 3760 799 inter

2175 834 2348 904 ipsam
2392 844 2447 890 et
2486 851 2686 905 corpus
2716 852 2824 890 non
2854 843 2940 889 est
2968 835 3141 899 locus,
3181 841 3236 888 et
3283 833 3576 901 aequaliter
3609 834 3757 890 distat

2175 925 2245 980 ab
2267 925 2417 979 omni
2448 940 2695 995 corpore,
2723 926 2851 995 quia
2877 926 3019 978 inter
3043 924 3217 994 ipsam
3247 934 3303 978 et
3332 939 3543 993 corpus
3563 925 3755 983 nullum

2174 1024 2258 1072 est
2279 1030 2498 1084 corpus.
2528 1014 2585 1070 Si
2616 1031 2746 1070 vero
2769 1016 2910 1070 inter
2938 1015 3111 1084 ipsam
3141 1022 3195 1068 et
3219 1029 3424 1083 corpus
3452 1014 3664 1068 nullum
3685 1028 3757 1073 est

2176 1122 2398 1177 corpus,
2425 1115 2643 1162 constat
2677 1107 2922 1177 profecto
2967 1108 3097 1177 quia
3142 1105 3285 1160 inter
3314 1106 3499 1175 ipsam
3531 1117 3588 1159 et
3615 1121 3757 1163 omne

2175 1213 2377 1269 corpus
2405 1198 2589 1253 nullus
2618 1209 2700 1254 est
2736 1200 2913 1266 locus,
2938 1197 3068 1268 quia
3107 1197 3263 1252 locus
3292 1212 3405 1251 non
3437 1204 3526 1251 est
3546 1197 3638 1252 ubi
3665 1215 3755 1255 non

2175 1297 2261 1344 est
2303 1304 2523 1359 corpus.
2589 1286 2744 1344 Unde
2797 1288 2965 1359 igitur
3009 1296 3163 1341 extra
3215 1303 3382 1341 omne
3437 1302 3642 1357 corpus
3685 1300 3754 1345 est

2175 1389 2439 1450 quantum
2483 1381 2550 1437 ad
2579 1380 2779 1446 locum,
2827 1381 3109 1449 aequaliter
3145 1394 3315 1449 prope
3343 1388 3429 1434 est
3455 1380 3608 1434 omni
3651 1397 3753 1435 cor-

2176 1477 2317 1546 pori,
2342 1478 2471 1547 quia
2503 1478 2548 1532 si
2581 1486 2732 1533 extra
2764 1493 2965 1548 corpus
3008 1478 3190 1547 posita
3245 1478 3339 1531 uni
3389 1479 3610 1547 corpori
3640 1494 3749 1548 pro.

2174 1568 2296 1637 pior
2333 1577 2387 1622 et
2426 1568 2581 1622 alteri
2632 1568 2894 1623 remotior
2937 1577 3102 1632 esset,
3142 1569 3287 1622 intra
3320 1569 3498 1638 ipsam
3526 1569 3749 1639 profecto

2175 1668 2230 1715 et
2249 1675 2451 1730 corpus
2512 1660 2747 1729 spatium
2801 1670 2967 1715 esset.
3018 1659 3076 1713 Si
3122 1659 3364 1729 spatium
3402 1670 3564 1726 esset,
3613 1662 3751 1718 locus

2175 1759 2359 1817 esset;
2400 1751 2444 1806 si
2475 1751 2630 1807 locus
2664 1759 2827 1817 esset,
2863 1767 3064 1821 corpus
3107 1760 3271 1806 esset.
3317 1750 3373 1806 Si
3400 1762 3585 1807 autem
3628 1756 3752 1810 inter

480 1843 790 1908 veniantur,
825 1843 919 1897 sed
959 1843 1272 1907 timeantur.
1307 1842 1443 1909 Quis
1482 1844 1628 1897 enim
1680 1859 1908 1899 securus
1949 1859 2071 1898 esse
2104 1818 2145 1873 Β
2176 1846 2350 1916 ipsam
2388 1853 2443 1899 et
2477 1860 2640 1900 omne
2684 1860 2907 1916 corpus,
2958 1860 3160 1915 corpus
3190 1855 3359 1912 esset,
3411 1855 3565 1901 extra
3609 1864 3747 1904 omne

481 1942 657 2003 potest
686 1934 737 1986 in
769 1933 1035 1988 incertum
1061 1934 1319 2003 pergens?
1347 1931 1461 1988 Hoc
1484 1943 1664 1988 autem
1693 1933 1959 1988 incertum
1984 1948 2073 1989 so-

480 2022 594 2077 lum
634 2038 755 2079 esse
796 2040 903 2078 non
943 2024 1122 2089 debet,
1148 2024 1276 2094 quia
1319 2024 1519 2079 bonam
1550 2026 1720 2079 vitam
1750 2025 1905 2095 sequi
1960 2040 2070 2079 non

481 2124 660 2187 potest
686 2117 829 2170 mala
857 2131 1026 2171 mors.
1056 2114 1197 2170 Mala
1226 2116 1371 2170 enim
1403 2133 1552 2172 mors
1588 2132 1696 2171 non
1725 2125 1829 2183 est,
1875 2116 1981 2170 nisi
2005 2132 2069 2171 ea

480 2210 596 2264 sola
626 2225 791 2277 quam
842 2208 982 2262 mala
1033 2217 1357 2278 sequuntur.
1423 2207 1526 2274 Qui
1573 2224 1702 2278 ergo
1748 2208 1885 2262 bene
1926 2208 2069 2261 mori

480 2300 616 2363 vult.
650 2301 787 2354 bene
810 2299 975 2366 vivat,
1006 2302 1267 2369 quoniam
1299 2316 1361 2355 ea
1394 2316 1516 2371 quae
1549 2308 1671 2370 post
1701 2306 1933 2354 mortem
1975 2314 2069 2354 ve-

482 2392 663 2457 niunt,
698 2400 887 2447 contra
914 2407 977 2446 ea
1004 2391 1391 2462 disponuntur,
1429 2401 1483 2447 et
1522 2392 1822 2447 secundum
1862 2407 1925 2447 ea
1980 2406 2072 2445 rc-

481 2482 795 2537 trihuuutur
820 2498 941 2552 qua:
961 2492 1083 2538 ante
1118 2492 1350 2538 mortem
1383 2484 1551 2539 invita
1593 2483 1921 2555 praecedunt.
1975 2480 2075 2537 Us-

478 2591 586 2646 que
616 2575 683 2630 ad
704 2586 933 2631 mortem
960 2576 1213 2631 meritum
1236 2585 1321 2631 est
1346 2595 1359 2630 :
1383 2586 1507 2646 post
1532 2586 1761 2631 mortem
1784 2592 1912 2650 vero
1936 2591 2073 2645 pra:-

481 2666 674 2721 mium.
712 2666 859 2721 Mors
896 2665 1071 2721 media
1098 2676 1199 2733 est,
1234 2667 1285 2721 in
1322 2684 1429 2737 qua
1459 2667 1576 2722 dies
1607 2666 1823 2720 Domini
1862 2666 2070 2736 incipit,

480 2760 599 2815 dies
622 2759 861 2813 hominis
890 2758 1051 2812 linem
1083 2758 1297 2829 accipit.
1330 2757 1388 2812 In
1412 2759 1500 2813 die
1530 2775 1631 2813 suo
1662 2759 1827 2813 homo
1852 2758 1955 2813 sibi
1983 2773 2071 2812 re-

481 2851 768 2923 linquitur,
798 2850 1024 2920 utquod
1053 2850 1167 2904 vult
1196 2858 1482 2919 eperetur;
1510 2850 1562 2903 in
1594 2850 1681 2905 die
1703 2864 1831 2903 vero
1855 2847 2070 2902 Domini

475 2944 589 3015 jam
616 2945 669 2997 in
696 2952 959 3014 potestate
990 2958 1087 2997 sua
1113 2958 1220 2996 non
1259 2951 1341 2996 est
1376 2942 1561 3008 homo,
1595 2942 1686 2995 sed
1720 2941 1939 2995 inillius
1976 2957 2072 3011 po-

480 3042 675 3088 testate
696 3032 763 3086 ad
785 3047 948 3102 quem
977 3031 1125 3086 venit
1156 3040 1215 3086 ut
1249 3039 1648 3085 remuneretur.
1681 3029 1973 3100 Propterea
2001 3030 2067 3085 ad

481 3112 757 3180 hominem
789 3125 1026 3196 pertinet
1057 3132 1116 3178 ut
1147 3123 1199 3178 id
1243 3124 1418 3179 solum
1469 3123 1614 3193 quod
1671 3122 1771 3177 sibi
1818 3124 2073 3178 commis-

480 3234 601 3272 sum
632 3227 716 3273 est
746 3218 882 3273 bene
930 3218 1220 3288 disponere
1278 3219 1530 3282 studeat;
1590 3215 1720 3271 illud
1763 3232 1888 3271 vero
1924 3218 2071 3288 quod

481 3326 588 3364 non
620 3311 999 3376 commissum,
1035 3310 1127 3364 sed
1166 3310 1496 3379 promissum
1530 3307 1632 3361 sibi
1669 3316 1772 3374 est,
1813 3308 1959 3362 illius
1985 3325 2071 3363 ar-

479 3400 643 3455 bitrio
675 3416 705 3454 a
736 3416 845 3470 quo
878 3400 1009 3455 illud
1044 3400 1259 3468 impleri
1293 3407 1505 3469 oportet
1534 3401 1821 3469 reiinquat.

549 3492 701 3547 Multi
732 3502 982 3563 quaerunt
1005 3493 1070 3547 de
1097 3493 1242 3546 exitu
1266 3493 1572 3546 animarum
1598 3491 1920 3561 quomodoa
1949 3504 2073 3545 cor-

478 3585 705 3654 poribus
728 3584 1074 3653 egrediantur
1116 3584 1331 3650 animm,
1363 3584 1477 3638 sive
1523 3583 1727 3637 scilicet
1761 3582 1863 3636 hoc
1911 3581 2072 3635 modo

481 3684 541 3731 ut
578 3676 941 3731 essentialiter
986 3683 1039 3729 et
1083 3675 1325 3729 localiter
1378 3674 1528 3729 foras
1587 3674 1953 3743 egrediantur,
2016 3682 2073 3727 ut

478 3774 633 3821 extra
659 3781 781 3821 esse
813 3766 1100 3835 incipiant,
1141 3765 1297 3835 quasi
1321 3766 1555 3820 exclusa:
1584 3784 1596 3819 :
1626 3766 1740 3820 sive
1767 3765 1871 3819 hoc
1893 3766 2069 3820 solum

477 3858 561 3912 eis
582 3857 761 3927 egredi
789 3858 879 3925 sit,
912 3858 1056 3927 quod
1086 3873 1143 3912 se
1164 3873 1194 3911 a
1224 3857 1588 3912 viviticatione
1616 3873 1906 3928 corporum
1935 3857 2069 3911 sub-

481 3948 721 4015 trahunt,
746 3957 799 4004 et
828 3949 986 4019 quasi
1016 3949 1083 4004 ad
1106 3964 1163 4004 se
1187 3949 1500 4019 colligentes
1526 3965 1555 4003 a
1578 3948 1914 4019 vegetatione
1948 3965 2071 4003 cor-

477 4058 672 4113 porum
716 4052 951 4110 cessant,
994 4051 1052 4097 ut
1093 4043 1148 4096 in
1191 4042 1497 4112 semetipsis
1528 4042 1846 4097 subsistant.
1912 4040 2070 4095 Verbi

478 4135 651 4206 gratia
686 4155 698 4187 :
736 4135 967 4202 Quando
994 4134 1154 4190 ﬂatus
1178 4134 1280 4189 iste
1301 4149 1597 4203 corporeus
1625 4133 1885 4203 Spiratur,
1914 4148 2039 4202 egre
2057 4160 2071 4173 -

477 4228 625 4282 ditur
653 4244 683 4282 a
712 4243 959 4299 cerpore,
998 4228 1185 4298 incipit
1212 4228 1573 4283 essentialiter
1612 4235 1775 4295 atque
1822 4224 2069 4280 localiter

478 4331 629 4373 extra
656 4334 854 4388 corpus
878 4333 1000 4373 esse
1030 4318 1125 4387 qui
1161 4317 1313 4387 prius
1339 4315 1706 4371 essentialiter
1729 4324 1893 4386 atque
1924 4320 2069 4369 loca-

479 4411 601 4466 liter
648 4411 789 4466 intra
842 4427 1042 4481 corpus
1077 4409 1476 4464 continebatur.
1520 4406 1670 4462 Unde
1712 4424 1838 4462 vero
1883 4416 2068 4462 cortex

2174 1953 2375 2009 corpus
2397 1953 2599 2008 corpus
2625 1951 2789 2003 esset,
2821 1938 2966 2007 quod
2996 1938 3113 1991 fieri
3144 1952 3254 1991 non
3283 1946 3493 2007 potest.

2243 2031 2430 2103 Itaque
2468 2031 2673 2086 dictum
2703 2039 2790 2104 est
2840 2031 2967 2101 quia
2999 2030 3181 2084 anima
3210 2045 3391 2100 neque
3441 2047 3539 2101 per
3574 2048 3749 2104 corpus

2174 2140 2204 2178 a
2232 2139 2461 2194 corpore
2489 2123 2713 2191 recedit,
2741 2101 2921 2193 neque
2951 2139 3047 2193 per
3067 2139 3268 2194 corpus
3299 2124 3366 2177 ad
3389 2138 3598 2194 corpus
3617 2139 3748 2179 arceo

2175 2214 2277 2269 dit.
2318 2214 2385 2269 Et
2412 2215 2532 2269 ideo
2566 2230 2667 2269 nec
2699 2215 2820 2268 loco
2849 2223 3119 2279 movetur,
3154 2223 3213 2268 ut
3236 2215 3464 2269 recedat
3485 2230 3518 2269 a
3548 2230 3748 2285 corpore

2176 2306 2322 2377 quod
2355 2317 2438 2362 est
2471 2324 2501 2361 a
2531 2307 2684 2371 loco;
2739 2322 2838 2361 nec
2879 2305 3001 2360 loco
3044 2315 3299 2360 movetur
3334 2314 3396 2360 ut
3451 2306 3664 2361 accedat
3693 2307 3749 2362 ad

2175 2415 2373 2468 corpus
2404 2398 2549 2469 quod
2585 2397 2747 2452 estin
2782 2398 2923 2451 loco.
2967 2396 3111 2451 inter
3143 2411 3364 2451 omnem
3393 2397 3549 2451 enim
3595 2396 3747 2451 locum

2175 2501 2228 2547 et
2257 2492 2306 2545 id
2339 2491 2483 2560 quod
2521 2489 2680 2545 estin
2714 2489 2863 2544 nullo
2886 2489 3006 2544 loco
3031 2490 3215 2543 nullus
3236 2499 3322 2544 est
3344 2489 3527 2543 locus.
3552 2488 3751 2558 Propter

2176 2582 2283 2635 hoc
2314 2580 2496 2650 itaque
2520 2580 2723 2635 dictum
2753 2588 2947 2649 putant
2967 2581 3113 2650 quod
3130 2580 3362 2649 spiritus
3390 2589 3617 2635 creatus
3634 2590 3745 2635 tem-

2178 2687 2307 2741 pore
2341 2670 2561 2739 quidem
2599 2680 2869 2734 movetur,
2908 2671 3037 2741 quia
3074 2670 3358 2725 motabilis
3385 2679 3508 2737 est;
3542 2672 3748 2726 sedloeo

2176 2781 2284 2819 non
2317 2775 2585 2831 movetur,
2642 2764 2769 2834 quia
2829 2779 2930 2839 nec
2985 2765 3108 2818 loco
3151 2771 3412 2817 moretur
3458 2764 3750 2820 reeedensa

2175 2868 2403 2923 corpore
2425 2852 2572 2923 quod
2602 2862 2686 2908 est
2707 2868 2737 2906 a
2767 2853 2909 2919 loco,
2942 2867 3043 2907 nec
3076 2852 3199 2907 loco
3235 2861 3495 2907 movetur
3516 2854 3751 2909 accedens

2175 2945 2241 3000 ad
2268 2959 2468 3014 corpus
2504 2944 2648 3013 quod
2678 2952 2761 2998 est
2800 2943 2856 2997 in
2887 2944 3030 2999 loco.
3080 2942 3269 3014 Neque
3308 2945 3462 2999 enim
3501 2954 3749 3011 movetur,

2174 3037 2394 3107 quando
2432 3035 2633 3090 recedit
2663 3052 2693 3089 a
2721 3036 2880 3102 loco;
2907 3050 3086 3107 neque
3108 3036 3307 3090 iterum
3343 3036 3470 3091 loco
3500 3045 3749 3102 movetur,

2175 3128 2391 3198 quando
2418 3128 2627 3182 accedit
2663 3126 2731 3181 ad
2772 3128 2975 3182 locum.
3008 3126 3182 3181 Etiam
3206 3128 3422 3197 quando
3443 3127 3496 3180 in
3530 3142 3754 3197 corpore

2176 3222 2351 3290 posita
2379 3220 2559 3274 anima
2592 3235 2794 3290 corpus
2825 3220 3071 3275 localiter
3100 3228 3301 3285 movet,
3334 3219 3453 3289 ipsa
3474 3227 3655 3273 tamen
3680 3221 3754 3274 lo-

2174 3312 2363 3367 caliter
2394 3326 2503 3365 non
2546 3318 2813 3366 movetur.
2849 3310 2909 3365 Si
2948 3310 3094 3365 enim
3140 3310 3346 3365 idcirco
3373 3310 3622 3365 localiter
3651 3327 3753 3365 mo-

2173 3405 2285 3460 veri
2329 3404 2651 3470 :estimatur,
2704 3404 2833 3474 quia
2879 3403 2933 3457 in
2976 3418 3206 3473 corpore
3234 3412 3320 3458 est
3349 3405 3498 3473 quod
3533 3405 3752 3459 localiter

2175 3506 2443 3562 movetur,
2470 3511 2640 3566 quare
2664 3511 2771 3549 non
2799 3494 3048 3550 similiter
3085 3495 3353 3565 sapientia
3387 3495 3629 3551 localiter
3649 3513 3751 3551 mo-

2173 3587 2286 3641 veri
2317 3587 2551 3652 dicatur,
2583 3587 2711 3655 quia
2735 3586 2789 3639 itt
2823 3601 3054 3656 corpore
3084 3595 3168 3641 est
3198 3587 3346 3656 quod
3379 3586 3625 3642 localiter
3645 3604 3746 3642 mo-

2171 3679 2369 3733 vetur?
2406 3677 2539 3733 Nam
2592 3681 2637 3734 si
2667 3679 2868 3734 dicitur
2901 3678 3028 3749 quia
3060 3694 3155 3748 per
3182 3679 3430 3734 animam
3486 3680 3651 3750 ipsam
3698 3679 3747 3733 in

2172 3772 2333 3825 corde
2372 3778 2454 3824 est
2484 3771 2769 3841 sapientia,
2801 3786 2925 3825 cum
2968 3772 3148 3823 anima
3177 3770 3296 3839 ipsa
3325 3786 3430 3841 per
3456 3786 3650 3840 corpus
3676 3770 3743 3823 le-

2173 3862 2361 3916 ealitcr
2390 3872 2596 3916 motum
2623 3861 2829 3915 moveri
2860 3861 3082 3926 dicitur,
3112 3875 3286 3929 quare
3334 3876 3449 3915 non
3480 3861 3638 3916 etiam
3667 3875 3748 3930 per

2173 3953 2346 4023 ipsam
2393 3953 2632 4007 animam
2691 3952 2935 4006 localiter
2985 3959 3187 4005 motam
3236 3952 3532 4021 sapientia,
3566 3952 3745 4022 quain

2173 4045 2287 4116 ipsa
2318 4046 2500 4099 anima
2547 4054 2650 4112 est,
2694 4045 2943 4099 localiter
2983 4045 3191 4098 moveri
3229 4044 3452 4099 dicatur
3475 4045 3501 4098 ἲ
3539 4046 3593 4098 Si
3637 4060 3746 4099 vero

2172 4137 2286 4191 lure
2318 4138 2454 4191 ratio
2485 4154 2591 4191 non
2622 4137 2814 4206 probat
2855 4145 2917 4190 ut
2954 4136 3219 4205 sapientia
3263 4136 3513 4192 localiter
3567 4135 3744 4189 moveri

2171 4230 2402 4296 dicatur,
2438 4245 2561 4284 eum
2587 4230 2656 4283 sit
2678 4237 2859 4283 tamen
2892 4228 2946 4282 in
2988 4229 3192 4293 anima,
3216 4244 3393 4298 quare
3414 4228 3597 4282 anima
3616 4228 3743 4282 loca-

2170 4321 2295 4375 liter
2324 4321 2530 4375 moveri
2582 4320 2815 4385 dicetur,
2848 4319 3102 4389 quamvis
3145 4320 3199 4373 in
3246 4335 3483 4390 corpore
3525 4318 3739 4388 sitqqu

2170 4412 2412 4467 localiter
2429 4412 2636 4465 moveri
2666 4410 2948 4466 cernitur?
2974 4407 3300 4479 [lujusmodi
3325 4407 3737 4463 consideratione

476 4520 723 4560 arescere
762 4503 950 4573 incipit
993 4503 1048 4556 in
1090 4503 1304 4569 arbore,
1353 4502 1463 4556 exit
1496 4501 1695 4555 humor
1732 4500 1800 4555 ab
1853 4501 1965 4566 illo,
2009 4512 2064 4555 et
2094 4524 2138 4578 ι)
2171 4503 2363 4573 probat
2414 4501 2665 4570 spiritum
2704 4500 2948 4554 localiter
2985 4515 3095 4553 non
3127 4499 3356 4564 moveri,
3404 4497 3648 4568 quamvis
3690 4497 3735 4550 in

475 4596 818 4650 contrahitur
851 4594 918 4648 ad
948 4593 1228 4659 interiora,
1261 4609 1438 4663 neque
1491 4592 1638 4647 foras
1695 4594 1967 4664 egreditur
2004 4603 2064 4648 ut

474 4695 624 4742 extra
653 4686 743 4754 sit,
785 4685 878 4741 sed
907 4686 1137 4741 interius
1168 4694 1411 4739 remanet
1436 4686 1489 4739 in
1520 4701 1586 4739 eo
1614 4686 1757 4755 quod
1782 4685 1930 4742 intus
1956 4694 2059 4753 est,

475 4778 588 4833 sive
610 4781 664 4832 in
688 4778 855 4849 ligno,
888 4777 1000 4833 sive
1026 4777 1079 4831 in
1104 4777 1365 4844 medulla,
1399 4785 1455 4831 ut
1492 4776 1546 4830 in
1579 4777 1780 4831 cortice
1803 4777 1921 4847 ipso
1952 4794 2061 4833 non

474 4869 565 4926 sit.
602 4868 757 4925 Tunc
779 4871 1005 4925 omnino
1026 4871 1139 4925 exit
1164 4868 1440 4934 acortice,
1495 4877 1555 4922 ut
1604 4868 1657 4921 in
1698 4868 1902 4923 cortice
1952 4884 2060 4923 non

474 4962 564 5029 sit,
603 4977 779 5032 neque
810 4972 962 5018 extra
1004 4964 1161 5034 quasi
1205 4961 1476 5017 exteriora
1520 4960 1748 5028 effusus,
1808 4962 1902 5016 sed
1951 4962 2062 5016 exit

472 5053 631 5124 quasi
659 5054 725 5109 ad
762 5054 1020 5109 interiora
1055 5055 1337 5109 collectus.
1369 5053 1436 5108 Et
1462 5054 1507 5108 si
1546 5051 1683 5107 forte
1714 5052 1914 5106 humor
1939 5067 2060 5106 rur-

471 5162 595 5203 sum
626 5146 696 5200 ab
732 5144 978 5200 interiori
1008 5160 1109 5200 suo
1134 5146 1381 5216 prodeat,
1416 5153 1475 5199 ut
1500 5160 1560 5200 se
1599 5144 1795 5198 iterum
1820 5143 2061 5199 ell‘undat

471 5238 526 5292 in
558 5236 839 5301 corticem,
868 5251 1091 5292 rursum
1131 5235 1413 5290 revirescit
1442 5242 1627 5289 cortex
1656 5234 1764 5300 ille,
1797 5234 2058 5304 quoniam

471 5330 669 5386 humor
694 5329 749 5385 in
780 5329 899 5400 ipso
925 5327 1136 5384 estvita
1168 5327 1308 5397 ejus.
1345 5325 1437 5382 Sic
1479 5334 1734 5397 quaerunt
1776 5325 1842 5381 de
1874 5327 2057 5382 anima

468 5422 689 5492 quando
713 5423 880 5477 exita
910 5436 1139 5492 corpore
1179 5428 1363 5475 utrum
1410 5419 1513 5474 hoc
1562 5418 1738 5474 solum
1786 5417 1861 5471 illi
1909 5417 2057 5472 exire

467 5516 559 5582 sit,
599 5515 746 5586 quod
782 5530 842 5571 se
887 5514 1117 5571 retrahit
1151 5513 1220 5570 ad
1255 5528 1315 5569 se
1346 5528 1378 5567 a
1404 5510 1767 5567 viviticatione
1787 5510 2055 5579 corporis,

423 5682 428 5687 ⁵
464 5609 600 5664 etin
622 5608 863 5679 hocipso
883 5608 998 5679 jam
1044 5609 1099 5663 in
1136 5622 1367 5678 corpore
1405 5621 1515 5661 non
1546 5611 1649 5666 est,
1682 5602 1828 5673 quod
1856 5617 2056 5671 corpus

466 5701 742 5757 viviﬁcare
771 5700 1040 5757 eessat.ln
1069 5702 1171 5756 hoc
1188 5702 1333 5757 enim
1357 5699 1590 5764 videtur,
1623 5697 1751 5769 quia
1773 5695 1887 5766 jam
1919 5710 2057 5764 quo-

467 5790 758 5848 dammodo
781 5802 933 5850 extra
962 5808 1124 5849 omne
1158 5808 1359 5849 cornus
1379 5790 1733 5861 est.quod,in
1762 5787 2055 5852 semetipsa

2166 4611 2393 4664 corpore
2423 4594 2494 4648 sit
2522 4592 2667 4662 quod
2693 4593 2936 4647 localiter
2970 4599 3245 4656 movetur,
3276 4590 3644 4659 temporaliter
3667 4598 3737 4641 ta-

2166 4703 2291 4741 men
2320 4685 2549 4751 moveri,
2587 4684 2716 4753 quia
2740 4683 3103 4738 vicissitudini
3140 4682 3439 4752 subjaeens
3475 4682 3544 4736 de
3571 4681 3667 4735 alio
3690 4680 3737 4733 in

2166 4779 2311 4833 aliud
2342 4784 2606 4832 mutatur.
2643 4774 2748 4829 Sed
2774 4789 2875 4829 nos
2899 4790 2953 4827 In
2986 4774 3216 4827 occultis
3244 4773 3481 4827 nimium
3508 4776 3735 4827 curiosos

2164 4886 2287 4926 esse
2316 4884 2426 4924 non
2457 4876 2691 4939 Oportet,
2730 4883 2797 4921 ne
2831 4866 2970 4921 forte
3000 4868 3125 4937 plus
3155 4881 3559 4936 praesumamus
3590 4877 3735 4935 quam

2163 4976 2478 5032 possumus.
2540 4958 2674 5026 Quae
2725 4958 2796 5013 sit
2852 4959 2940 5012 via
2982 4958 3211 5027 spiritus
3260 4957 3416 5012 solus
3465 4957 3606 5010 novit
3654 4953 3736 5024 qui

2164 5053 2292 5109 fecit
2319 5039 2464 5107 eum.
2510 5050 2622 5106 Nos
2650 5059 2831 5105 autem
2865 5065 3042 5119 neque
3069 5048 3280 5104 scimus
3308 5048 3585 5119 quomodo
3610 5044 3737 5099 venit

2164 5156 2340 5212 neque
2382 5137 2899 5209 comprehendimus
2932 5136 3210 5206 quomodo
3263 5136 3491 5190 recedit.
3530 5132 3736 5200 Quando

2162 5233 2322 5286 tlatus
2348 5234 2448 5285 iste
2473 5243 2769 5298 corporeus
2808 5226 3064 5292 trahitur,
3118 5225 3478 5294 corporaliter
3527 5221 3738 5293 ingredi-

2160 5332 2283 5390 tur;
2322 5320 2544 5393 quando
2570 5327 2752 5375 autem
2783 5318 3046 5388 spirator,
3079 5316 3445 5386 corporaliter
3473 5325 3528 5371 et
3569 5312 3735 5370 locali-

2163 5424 2243 5470 ter
2259 5414 2551 5485 egreditur.
2604 5410 2708 5466 Sed
2733 5411 2838 5465 alia
2862 5418 2947 5465 est
2969 5416 3164 5464 natura
3194 5408 3448 5478 spiritus,
3476 5407 3581 5462 alia
3627 5419 3735 5462 eor-

2161 5510 2328 5580 poris.
2345 5507 2574 5575 Quando
2604 5503 3002 5577 primohomini
3033 5502 3158 5556 data
3188 5510 3274 5557 est
3297 5499 3733 5569 anima,inspira«

2159 5603 2234 5657 vit
2260 5601 2403 5657 Deus
2437 5601 2493 5655 in
2518 5599 2709 5654 faciem
2743 5598 2861 5667 ejus
2888 5594 3220 5665 spiraculum
3244 5594 3374 5648 vitae
3396 5593 3546 5664 (Gen.
3575 5594 3649 5658 tt).
3669 5587 3731 5642 Et

2159 5694 2283 5765 quis
2315 5694 2493 5749 dicere
2521 5698 2694 5761 potest
2715 5686 2991 5759 quomodo
3016 5684 3307 5754 inspiravit
3336 5684 3485 5739 Deus
3512 5683 3727 5766 animam

2159 5786 2376 5848 corpori
2434 5780 2781 5847 vivitieaudo,
2830 5778 2945 5836 sive
2971 5776 3098 5847 quia
3139 5784 3297 5832 extra
3344 5784 3640 5833 creaturam
3660 5769 3727 5824 ad
