3970 6492
246 367 384 426 1157

1174 370 1748 430 DEFLORATIONES
1787 371 1888 428 SS.
1929 368 2243 429 PATRUM.
2284 400 2354 411 —-
2392 367 2522 424 LIB.
2565 367 2629 423 ll.

3382 373 3521 431 “58

246 484 635 545 vivificandum
661 485 912 552 immisit,
938 487 1050 543 sive
1072 486 1203 557 quia
1228 487 1429 544 ibidem
1463 488 1591 543 fecit
1621 488 1714 543 ubi
1735 503 1836 558 po-
1868 493 1915 548 Α
1943 500 2109 557 gnum
2141 486 2343 555 parari,
2378 500 2478 540 nec
2516 485 2676 554 longe
2700 484 2813 554 jam
2844 496 2965 539 esse
3006 486 3521 543 remunerationem.

249 580 378 645 suit,
408 586 462 634 et
490 578 559 632 ab
585 578 736 635 intus
764 589 1006 634 creatam
1028 579 1447 635 vivitieationem
1481 581 1699 650 prodire
1720 580 1840 650 jus-

247 672 340 738 sit,
364 685 465 725 nec
486 670 595 724 alia
626 669 732 725 fuit
758 671 1068 741 inspiratio,
1094 688 1257 742 quam
1294 673 1413 742 ipsa
1436 672 1745 727 vivificatio.
1783 672 1841 726 Si

247 775 381 832 ergo
405 761 672 826 nescitur,
713 761 993 829 quomodo
1040 762 1360 831 inspiratur,
1387 761 1664 832 quomodo
1714 762 1842 817 sciri

246 861 426 923 potest
453 852 687 923 qualiter
712 851 1062 921 exspiratur?
1100 851 1244 908 Deus
1272 852 1520 922 inspirat,
1550 851 1715 906 homo
1753 867 1843 907 ex-

248 943 440 1013 spirat.
482 941 628 997 Dcus
682 940 869 1009 mittit,
929 942 1095 996 homo
1136 943 1384 1008 remittit,
1424 940 1552 1013 quia
1586 942 1839 1020 mittitur,

250 1051 378 1091 cum
405 1035 612 1090 accedit
646 1034 878 1089 :eadem
918 1034 1234 1101 remittitur,
1283 1051 1409 1091 cum
1459 1035 1681 1090 recedit.
1728 1032 1844 1091 [loc

251 1144 424 1185 unum
453 1128 680 1193 scimus,
709 1127 862 1197 quia,
887 1127 1178 1181 recedente
1202 1125 1406 1194 anima,
1443 1143 1644 1197 corpus
1671 1128 1842 1183 mori-

251 1227 362 1284 tur,
391 1227 449 1274 et
474 1219 589 1288 ipsa
618 1220 891 1288 separatio
916 1217 1113 1272 anima:
1140 1233 1288 1273 mors
1316 1219 1562 1288 corporis
1590 1229 1693 1275 est.
1729 1218 1842 1274 lloc

252 1310 414 1366 nobis
453 1309 650 1365 suflieit
675 1309 839 1377 scire,
878 1309 1007 1379 quia
1038 1308 1263 1365 recedit.
1309 1309 1596 1375 Quomodo
1638 1311 1843 1367 recedit

252 1414 318 1456 ex
369 1399 668 1456 abundanti
705 1407 790 1454 est
824 1398 1179 1470 perscrutari.

935 1506 1156 1547 DIVISIO.

326 1580 510 1638 Multis
531 1582 797 1653 exemplis
822 1581 1115 1636 didicimus
1140 1583 1195 1635 in
1225 1581 1371 1635 exitu
1403 1580 1710 1637 animarum
1740 1598 1843 1637 an-

255 1672 501 1744 gelorum
529 1673 798 1733 malorum
831 1672 945 1727 sive
967 1671 1234 1726 bonorum
1261 1674 1604 1741 prmsentiam
1629 1674 1841 1742 adesse,

252 1765 351 1834 qui
402 1765 525 1820 illas
572 1780 676 1835 pro
718 1764 926 1819 meritis
966 1764 1051 1817 vel
1099 1762 1166 1818 ad
1203 1772 1468 1820 tormenta
1504 1766 1841 1835 pertrahant,

1943 574 2127 631 Multis
2153 584 2276 647 post
2306 576 2421 631 haec
2461 577 2640 632 verbis
2686 576 2814 631 hinc
2852 576 2976 631 inde
3007 578 3372 646 currentibus,
3404 589 3528 635 tan-

1943 668 2065 723 dem
2117 668 2395 723 miseriam
2445 677 2498 723 et
2546 669 2762 724 dolores
2810 669 2932 724 vitae
2981 668 3146 738 hujus
3195 670 3385 739 quales
3434 681 3530 727 aut

1943 761 2135 830 quanti
2183 769 2314 816 sunt
2345 762 2584 831 exponit.
2616 759 2790 815 Omne
2816 761 2963 832 quod
2993 761 3082 816 hic
3121 770 3337 816 amatur
3362 779 3528 833 quam

1944 849 2051 907 cito
2090 852 2282 923 fugiat,
2316 862 2369 907 et
2414 852 2530 923 pari
2578 853 2741 908 modo
2788 869 2949 908 omne
2996 855 3141 924 quod
3191 854 3417 910 timetur
3445 856 3530 910 vel

1944 943 2179 1011 doletur,
2208 944 2485 1014 quomodo
2513 944 2631 999 sine
2654 959 2808 998 mora
2838 954 3194 1014 pertranseat.
3239 945 3383 1000 Inter
3414 948 3531 1003 haec

1943 1042 1998 1088 et
2028 1035 2338 1104 hujusmodi
2359 1035 2667 1090 rationabili
2692 1037 3048 1106 persuasione
3076 1039 3335 1107 paulatim
3360 1042 3530 1094 menti

1945 1126 2185 1181 hominis
2233 1128 2371 1182 nihil
2431 1128 2714 1183 sinistrum
2774 1128 3102 1198 suspicantis
3158 1138 3530 1201 contemptum

1943 1219 2067 1272 vitae
2108 1219 2324 1290 ingerit,
2357 1228 2560 1274 metum
2606 1220 2800 1274 mortis
2852 1220 3009 1275 tollit.
3057 1220 3340 1278 Postremo
3393 1224 3531 1278 nihil

1945 1310 2119 1379 magis
2147 1310 2267 1364 viro
2300 1311 2513 1366 virtutis
2542 1310 2795 1380 expedire
2821 1326 2987 1380 quam
3031 1319 3092 1364 ut
3133 1311 3223 1367 hic
3273 1314 3422 1367 exire
3453 1313 3532 1367 fc-

1944 1398 2129 1462 stinet,
2158 1406 2212 1451 et
2242 1397 2287 1452 si
2332 1398 2435 1452 alia
2463 1399 2552 1453 via
2598 1414 2709 1452 non
2752 1399 2932 1465 detur,
2969 1414 3135 1453 manu
3167 1416 3266 1454 sua
3296 1409 3531 1454 mortem

1945 1485 2160 1542 fortiter
2201 1487 2453 1556 lacessat,
2492 1497 2546 1544 et
2580 1504 2688 1542 non
2717 1489 2994 1558 permittat
3032 1505 3090 1544 se
3132 1489 3186 1543 in
3219 1490 3304 1545 his
3330 1490 3533 1545 dolori-

1945 1577 2047 1632 bus
2073 1579 2165 1632 diu
2198 1582 2391 1647 teneri,
2424 1581 2516 1651 qui
2546 1580 2805 1649 gaudium
2850 1580 2953 1635 sibi
2995 1591 3245 1651 paratum
3277 1598 3399 1638 esse
3422 1599 3533 1640 non

1946 1668 2180 1723 dubitat.
2210 1668 2352 1736 Quid
2398 1671 2602 1725 multa?
2630 1669 2896 1741 Deceptus
2919 1669 3277 1727 fraudulenta:
3305 1690 3535 1744 persua-

1947 1760 2087 1815 sioni
2118 1776 2404 1816 assensum
2436 1762 2660 1831 praebet,
2689 1770 2741 1816 et
2766 1762 2967 1832 injecto
3001 1763 3147 1818 ferro
3176 1767 3533 1837 semetipsum

254 1855 343 1911 vel
402 1856 472 1911 ad
534 1856 778 1926 requiem
831 1854 1120 1911 deducant.
1174 1855 1281 1910 Sed
1327 1865 1382 1911 et
1429 1857 1576 1926 ipsas
1631 1858 1845 1914 animas
1875 1856 1918 1910 Β
1941 1851 2173 1924 jugulat.
2207 1852 2451 1907 Comites
2493 1852 2613 1922 ejus
2643 1852 2734 1907 diu
2766 1869 2863 1924 per
2906 1855 3059 1909 devia
3093 1866 3364 1927 quaerunt,
3404 1867 3531 1912 tan-

250 1949 441 2006 adhuc
492 1950 548 2006 in
602 1966 829 2021 corpore
871 1950 1081 2020 positas
1126 1961 1251 2006 ante
1292 1952 1497 2007 exitum
1545 1953 1713 2008 multa
1746 1953 1845 2007 ali-

250 2041 484 2112 quando
532 2042 600 2098 de
649 2043 735 2097 his
778 2058 898 2111 quae
926 2041 1108 2097 futura
1142 2052 1267 2099 sunt
1299 2060 1463 2115 super
1491 2060 1604 2113 eas,
1636 2046 1749 2101 sive
1776 2060 1842 2099 ex

248 2147 523 2202 responso
540 2133 886 2188 conscientiae
908 2133 1177 2200 interiori,
1213 2134 1326 2190 sive
1356 2151 1454 2206 per
1484 2138 1842 2191 revelationes

248 2223 496 2279 exterius
526 2222 699 2278 factas
726 2225 951 2294 przecise
976 2228 1380 2295 cognoscimus.
1445 2227 1649 2297 Raptas
1677 2227 1840 2282 etiam

250 2313 550 2384 aliquando
585 2323 640 2369 et
685 2315 882 2370 iterum
930 2317 996 2371 ad
1028 2331 1258 2387 corpora
1294 2320 1568 2384 reductas,
1601 2320 1841 2375 visiones

250 2404 524 2473 quasdam
559 2411 616 2459 et
638 2405 1000 2462 revelationes
1029 2406 1134 2461 sibi
1162 2405 1333 2462 factas
1358 2422 1611 2463 narrasse
1640 2408 1706 2463 de
1732 2416 1841 2463 tor-

249 2495 452 2548 mentis
478 2495 771 2565 impiorum
801 2496 916 2551 sive
949 2496 1017 2551 de
1045 2496 1257 2567 gaudiis
1286 2498 1563 2567 justorum
1599 2514 1611 2550 :
1648 2499 1703 2552 in
1756 2499 1841 2554 his

248 2592 435 2641 tamen
483 2587 621 2641 nihil
652 2587 757 2641 nisi
799 2587 885 2642 vel
922 2590 1205 2658 corporale
1252 2590 1337 2644 vel
1368 2590 1742 2661 corporalibus
1767 2591 1841 2647 si-

250 2676 385 2730 mile
441 2676 702 2732 recitasse
756 2676 998 2745 flamina,
1054 2677 1322 2745 flammas,
1381 2690 1592 2749 pontes,
1650 2697 1837 2747 naves,

248 2766 473 2833 domus,
509 2782 755 2832 nemora,
804 2777 978 2836 prata,
1033 2768 1210 2834 flores,
1258 2769 1508 2825 homines
1555 2771 1740 2841 nigros
1788 2782 1843 2828 et

245 2858 538 2924 candidos,
569 2868 855 2914 et‘caetcra
881 2860 1063 2929 qualia
1097 2859 1151 2914 in
1201 2861 1305 2916 hoc
1346 2863 1550 2916 mundo
1578 2863 1744 2919 videri
1788 2873 1842 2920 et

248 2947 446 3003 haberi
474 2950 672 3015 solent,
704 2960 774 3005 et:
795 2950 879 3005 vel
907 2950 974 3005 ad
1006 2952 1265 3021 gaudium
1294 2954 1488 3021 amari,
1519 2955 1601 3009 vel
1627 2956 1695 3011 ad
1724 2965 1838 3011 tor—

245 3047 500 3094 mentum
533 3041 733 3095 timeri.
767 3039 857 3096 Sic
885 3057 1102 3112 quoque
1130 3043 1337 3099 solutas
1371 3045 1690 3114 corporibus
1723 3063 1839 3102 ma-

245 3129 418 3185 nibus
449 3130 614 3197 trahi,
638 3130 866 3200 pedibus
891 3132 1108 3199 deduci,
1151 3134 1292 3189 collo
1342 3136 1619 3205 suspendi,
1650 3136 1835 3208 flagel-

245 3218 378 3287 lari,
395 3222 741 3292 praecipitari,
759 3231 813 3277 et
829 3223 935 3278 alia
965 3224 1281 3294 hujusmodi
1299 3244 1312 3281 :
1332 3228 1424 3297 qui
1447 3229 1552 3282 nisi
1574 3232 1842 3300 corporali

248 3321 472 3367 natura:
505 3315 794 3369 convenire
830 3330 937 3368 non
981 3326 1228 3385 possunt.
1270 3316 1401 3383 Quae
1441 3320 1623 3375 omnia
1671 3321 1718 3377 si
1770 3323 1842 3377 ita

245 3400 368 3457 illic
402 3401 689 3458 visibiliter
717 3412 771 3459 et
815 3406 1169 3474 corporaliter
1214 3422 1337 3464 esse
1376 3411 1673 3477 credimus,
1706 3429 1844 3483 pra:-

252 3503 340 3548 tcr
382 3494 489 3548 alia
531 3510 652 3564 qua:
682 3496 919 3553 absurda
964 3507 1286 3567 noscuntur,
1319 3500 1465 3570 ipsas
1500 3501 1689 3573 utique
1719 3504 1841 3558 ani-

249 3601 380 3640 mas
418 3586 581 3640 etiam
613 3602 642 3640 a
673 3588 995 3657 corporibus
1041 3598 1320 3660 separatas
1351 3607 1580 3662 corpora
1619 3609 1760 3661 esse,
1790 3606 1843 3650 et

243 3675 324 3730 ad
388 3675 799 3731 similitudinem
859 3693 1152 3748 corporum
1210 3681 1469 3737 membris
1531 3694 1842 3753 compactas

244 3775 420 3838 atque
446 3767 733 3823 distinctas
761 3769 1107 3827 confitemur.

319 3858 440 3930 Ego
466 3860 723 3930 quiddam
758 3863 902 3932 quod
935 3863 1002 3917 de
1044 3863 1147 3918 hac
1187 3879 1244 3919 re
1291 3865 1472 3919 audivi
1508 3874 1684 3921 tacere
1731 3883 1841 3922 non

245 3951 446 4007 debeo.
499 3949 732 4018 Quidam
782 3954 993 4023 probati
1041 3955 1336 4010 testimonii
1386 3955 1553 4012 frater
1598 3959 1844 4014 narravit

250 4043 397 4099 mihi
433 4060 490 4099 se
520 4059 549 4098 a
576 4058 678 4099 suo
704 4045 921 4113 abbate,
964 4046 1225 4101 veraciter
1264 4047 1367 4103 hoc
1392 4049 1713 4115 allii-mante,
1745 4066 1844 4107 au-

243 4127 572 4209 disse'quia
631 4154 757 4195 cum
789 4140 1079 4210 aliquando
1112 4141 1199 4196 ille
1240 4141 1306 4196 ad
1338 4143 1601 4211 quosdam
1646 4142 1842 4200 fratres

245 4232 474 4288 eminus
500 4232 826 4288 constitutos
860 4232 1159 4288 visitandos
1220 4243 1486 4303 pergeret,
1512 4244 1572 4289 ut
1603 4236 1718 4290 fieri
1749 4252 1841 4292 so-

245 4323 346 4391 let,
396 4324 634 4392 quodam
687 4325 809 4379 loco
858 4323 1149 4393 hospitium
1196 4327 1425 4395 accepit,
1474 4327 1565 4381 ubi
1616 4327 1840 4396 factum,

248 4427 389 4474 tunc
420 4420 566 4488 apud
598 4434 788 4475 omnes
816 4419 1060 4490 ejusdem
1094 4421 1199 4476 loci
1241 4421 1571 4477 habitatores
1608 4423 1839 4489 celebre,

246 4520 384 4565 ante
409 4511 602 4567 diebus
628 4513 818 4582 paucis
843 4513 1138 4584 contigisse
1170 4514 1373 4568 didicit.
1408 4514 1638 4581 Quidam
1686 4531 1842 4586 pere-

244 4603 467 4674 grinus,
512 4605 777 4661 orationis
812 4621 980 4661 causa
1017 4606 1083 4660 ad
1119 4605 1378 4661 Sanctum
1410 4605 1673 4662 Iacobum
1718 4624 1842 4678 pcr-

245 4709 411 4764 gens,
442 4694 498 4748 in
528 4695 718 4750 eodem
757 4697 877 4751 loco
923 4696 1225 4766 hospitatus
1250 4706 1350 4753 est.
1380 4696 1568 4765 Nocte,
1594 4708 1654 4754 ut
1683 4699 1841 4754 itine-

248 4784 506 4841 iantibus
542 4802 661 4863 tuos
690 4795 792 4854 est,
836 4796 961 4842 ante
1001 4788 1299 4843 diluculum
1337 4790 1593 4845 surrexit.
1640 4789 1841 4862 Egres-

247 4894 351 4935 sus
379 4878 446 4933 dc
467 4878 588 4934 vico
617 4879 672 4933 in
714 4880 929 4948 silvam,
959 4896 1083 4950 quae
1110 4880 1285 4936 eidem
1329 4881 1505 4937 vicina
1544 4890 1682 4949 erat,
1713 4899 1834 4954 per-

246 4971 425 5025 venit.
457 4968 535 5026 Ibi
560 4986 591 5026 a
619 4972 913 5028 comitibus
938 4973 1151 5028 itineris
1178 4988 1333 5041 casu,
1367 4981 1426 5028 ut
1456 4974 1611 5042 solet,
1647 4975 1842 5031 discri-

247 5062 404 5116 mine
452 5063 555 5117 via:
598 5062 923 5132 disjunctus,
953 5064 1172 5120 deviare
1208 5065 1392 5135 erepit.
1443 5063 1692 5136 Cumque
1721 5067 1842 5121 lon-

247 5153 380 5224 gius
401 5154 776 5223 processisset,
800 5154 1020 5211 obvium
1049 5155 1210 5211 habet
1231 5155 1524 5226 quemdam
1545 5158 1839 5213 venerandi

248 5243 477 5301 habitus
503 5254 557 5301 et
598 5247 780 5302 vultus
813 5247 1031 5303 virum:
1077 5263 1108 5301 a
1147 5263 1258 5318 quo
1305 5248 1671 5317 interrogatus
1716 5248 1841 5318 quis

249 5348 352 5393 aut
376 5338 519 5393 unde
545 5349 709 5403 esset,
742 5340 827 5394 vel
857 5348 1122 5411 pergeret,
1167 5354 1390 5408 nomen,
1412 5338 1643 5409 patriam
1677 5337 1842 5393 simul

247 5438 558 5485 etcausam
606 5431 818 5487 itineris
857 5431 1130 5501 exposuit.
1184 5430 1278 5487 Ille
1325 5447 1383 5486 se
1422 5446 1545 5486 esse
1589 5436 1842 5485 sanctum

248 5516 543 5585 Jacobum,
591 5520 660 5575 ad
709 5537 874 5592 quem
919 5523 1164 5578 tenderet
1208 5530 1568 5593 protestetur;
1621 5536 1680 5577 se
1725 5522 1840 5593 jam

250 5609 478 5679 quidem
507 5612 691 5666 omnia
729 5613 932 5681 scisse;
965 5630 1111 5669 nunc
1151 5629 1283 5669 vero
1310 5613 1469 5685 quasi
1505 5613 1842 5684 beneplacito

249 5711 309 5755 ct
334 5714 489 5765 grato
514 5705 730 5759 venisse
752 5706 988 5761 obviam.
1026 5706 1376 5763 Devotionem
1407 5708 1613 5775 laudat,
1635 5708 1840 5763 bonum

248 5796 597 5866 propositum
648 5799 1013 5866 commendat,
1071 5799 1354 5870 praemium
1402 5799 1545 5871 apud
1607 5814 1666 5854 se
1724 5814 1840 5853 ma-

1946 1945 2066 1999 dcm
2099 1944 2427 1999 exstinctum
2462 1944 2777 2011 inveniunt;
2810 1946 2875 1999 ad
2906 1946 3085 2000 vicum
3118 1949 3260 2009 unde
3285 1949 3533 2003 exierant

1945 2035 2176 2090 cadaver
2213 2036 2467 2091 exanime
2517 2045 2845 2107 reportatur.
2894 2036 2961 2092 Et
2988 2039 3115 2108 quia
3159 2040 3357 2110 hospes
3388 2043 3532 2111 apud

1944 2143 2107 2197 quem
2139 2137 2299 2182 nocte
2357 2128 2446 2182 illa
2478 2139 2755 2184 manserat
2795 2129 2959 2199 hujus
3002 2131 3224 2186 sceleris
3258 2134 3534 2189 verisimi-

1945 2218 2069 2273 liter
2097 2220 2350 2275 conscius
2374 2221 2677 2287 videbatur,
2706 2221 2957 2276 eumdem
2985 2221 3122 2278 falsa
3152 2223 3534 2281 criminatione

1946 2308 2012 2361 ad
2041 2323 2258 2377 ptenam
2299 2318 2621 2378 exposcunt.
2674 2308 2767 2365 Ille
2814 2311 2942 2365 dum
2975 2312 3340 2369 innocentiam
3373 2331 3531 2370 snatu

1945 2397 2063 2452 sine
2090 2414 2255 2453 causa
2284 2400 2578 2469 periclitari
2609 2412 2875 2469 cerneret,
2903 2416 2956 2458 et
2986 2403 3230 2459 divinum
3265 2408 3531 2462 auxilium

1945 2486 2137 2542 intima
2167 2489 2348 2544 cordis
2377 2488 2668 2547 devotione
2687 2494 2787 2548 sibi
2819 2495 3008 2551 adesse
3039 2496 3373 2568 imploraret,
3406 2515 3535 2555 ecce

1945 2579 2129 2635 subito
2176 2581 2271 2651 qui
2300 2592 2514 2638 mortus
2560 2583 2740 2639 fuerat
2782 2588 3041 2651 surrexit,
3078 2597 3131 2643 et
3179 2606 3289 2644 rem
3324 2600 3531 2662 gestam

1944 2670 2157 2725 cunctis
2194 2672 2498 2728 astantibus
2530 2682 2584 2728 et
2615 2674 2942 2731 mirantibus
2969 2693 3244 2746 exponens
3272 2680 3535 2736 innocen-

1948 2772 2054 2817 tem
2091 2762 2341 2818 absolvit.
2384 2764 2672 2821 Referebat
2715 2782 2773 2821 se
2818 2768 2886 2822 ab
2916 2770 3108 2839 angelo
3153 2772 3319 2837 malo,
3350 2789 3382 2827 a
3422 2789 3532 2844 quo

1947 2853 2013 2908 ad
2042 2854 2478 2910 interfectionem
2510 2857 2594 2910 sui
2624 2872 2922 2927 persuasus
2952 2859 3146 2930 fuerat,
3173 2863 3239 2917 ad
3266 2871 3532 2921 tormenta

1946 2944 2261 3000 deductum.
2298 2945 2401 3002 Sed
2431 2946 2560 3002 dum
2605 2948 2897 3004 duceretur
2919 2953 3208 3021 quemdam
3252 2956 3534 3025 splendida

1946 3033 2086 3090 facie
2115 3035 2318 3107 (ipsum
2349 3047 2528 3092 autem
2561 3048 2808 3094 sanctum
2840 3040 3009 3096 fuisse
3039 3043 3219 3098 aiebat
3245 3043 3535 3112 Iacobum)

1945 3128 2203 3182 euntibus
2252 3128 2578 3196 occurrisse,
2634 3145 2868 3201 eumque
2921 3143 3165 3201 ereptum
3215 3135 3270 3189 in
3330 3137 3531 3191 cmlnar

1945 3217 2012 3272 ad
2068 3219 2324 3273 thronum
2366 3218 2576 3277 Iudicis
2622 3221 2952 3290 deduxisse,
3009 3224 3225 3296 illicque
3278 3229 3534 3298 precibus

1945 3324 2044 3379 pro
2091 3310 2183 3365 illo
2222 3310 2361 3367 fusis
2404 3320 2462 3366 ut
2490 3312 2613 3367 vita:
2641 3313 2820 3368 denuo
2851 3315 3165 3370 redderetur
3206 3318 3534 3375 obtinuisse.

1945 3401 2021 3456 lbi
2048 3418 2106 3457 se
2129 3404 2298 3459 multa
2322 3406 2638 3476 angelorum
2667 3406 2836 3461 millia
2866 3408 3063 3463 vidisse
3086 3408 3409 3466 affirmabat.
3460 3409 3536 3466 De

1944 3511 2181 3566 quorum
2216 3506 2396 3551 tamen
2437 3506 2582 3552 statu
2617 3507 2668 3552 et
2696 3497 2835 3553 facie
2872 3499 3259 3570 interrogatus,
3305 3502 3437 3556 nihil
3476 3503 3535 3558 in

1945 3586 2051 3642 hoc
2078 3588 2282 3642 mundo
2299 3604 2419 3644 esse
2447 3589 2663 3644 dicebat
2708 3590 2884 3644 simile
2913 3590 3019 3645 illis
3045 3606 3155 3661 quo
3188 3592 3335 3647 illam
3365 3610 3534 3663 quam

1946 3675 2000 3730 in
2030 3677 2166 3746 ipsis
2192 3679 2400 3733 viderat
2423 3680 2740 3749 qualitatem
2769 3679 3074 3748 exprimere
3097 3682 3384 3752 potuisset,
3427 3684 3535 3738 nisi

1946 3764 2086 3823 forte
2117 3768 2295 3837 ignem
2327 3777 2422 3824 aut
2451 3770 2626 3825 lucem
2655 3778 2709 3825 et
2739 3771 2912 3840 ipsam
2942 3778 3049 3823 tam
3083 3770 3242 3842 longe
3282 3785 3334 3827 et
3377 3774 3535 3830 valde

1946 3858 2291 3913 dissimilem.
2344 3860 2630 3917 Mmrorem
2664 3863 2883 3931 quidem
2929 3878 3071 3930 esse,
3106 3865 3199 3919 sed
3230 3867 3536 3936 exprimere

1947 3950 2098 4005 nullo
2128 3951 2291 4006 modo
2320 3967 2481 4022 posse
2518 3953 2663 4022 quod
2699 3952 2927 4006 viderat.

2015 4040 2129 4096 Iloc
2170 4043 2390 4112 quidem
2423 4057 2854 4097 commemorare
2879 4043 3173 4111 voluimus,
3216 4060 3285 4100 ne
3330 4047 3534 4103 mirum

1949 4133 2216 4199 videatur,
2243 4134 2287 4189 si
2320 4134 2609 4193 animabus
2646 4150 2676 4188 a
2732 4135 3057 4204 corporibus
3087 4136 3345 4205 egressis,
3378 4137 3535 4208 signa

1947 4225 2218 4294 quzedam,
2266 4224 2591 4293 corporibus
2638 4224 2864 4291 similia,
2889 4225 2956 4278 ad
3008 4224 3534 4283 demonstrationem

1949 4316 2275 4386 Spiritalium
2324 4325 2743 4385 praesentantur,
2771 4316 2867 4385 qui
2895 4316 2998 4370 nisi
3032 4316 3085 4369 in
3115 4316 3315 4372 talibus
3355 4328 3409 4372 et
3438 4335 3537 4387 per

1948 4406 2075 4460 talia
2117 4407 2185 4460 ab
2236 4406 2524 4461 animabus
2555 4421 2785 4477 corpore
2830 4404 3011 4460 exutis
3058 4407 3333 4475 videntur,
3383 4410 3535 4467 nullo

1948 4499 2112 4554 modo
2158 4500 2227 4554 ab
2268 4499 2474 4554 eisdem
2524 4501 2589 4555 ad
2638 4515 2868 4569 corpora
2914 4499 3148 4554 reversis
3198 4500 3251 4554 in
3305 4516 3535 4571 corpore

1948 4592 2252 4648 viventibus
2289 4600 2344 4648 et
2383 4594 2687 4663 corporalia
2719 4603 2925 4648 tantum
2959 4593 3258 4648 scientibus
3286 4594 3534 4649 diceren-

1944 4694 2049 4740 tur.
2080 4683 2343 4751 Quamvis
2366 4686 2513 4740 enim
2541 4686 2628 4741 illa
2658 4687 2813 4740 aliter
2836 4686 2910 4740 ibi
2941 4701 2970 4739 a
2996 4686 3319 4755 corporibus
3353 4695 3533 4741 exuta:

1946 4776 2125 4831 videre
2156 4786 2407 4846 possunt,
2437 4794 2544 4831 non
2581 4787 2761 4832 tamen
2804 4777 2909 4831 hoc
2938 4777 3097 4831 nobis
3124 4777 3279 4830 aliter
3306 4792 3533 4832 narrare

1943 4876 2199 4937 possunt,
2229 4877 2280 4921 et
2310 4876 2595 4922 manerent
2626 4882 2839 4936 semper
2868 4867 3078 4921 occulta
3123 4866 3233 4934 illa,
3280 4882 3382 4922 nec
3409 4882 3533 4923 esse

1943 4960 2089 5029 quod
2132 4960 2200 5014 de
2247 4959 2355 5014 illis
2402 4959 2561 5012 nobis
2604 4973 2636 5012 a
2681 4958 3034 5013 redeuntibus
3082 4958 3374 5028 diceretur,
3423 4960 3530 5017 nisi

1942 5051 2267 5107 exeuntibus
2292 5059 2346 5105 et
2377 5050 2684 5105 videntibus
2727 5050 3023 5104 secundum
3057 5051 3159 5106 ista
3190 5060 3529 5108 monstrare-

1942 5152 2051 5198 tur.
2101 5143 2295 5198 Utrum
2347 5152 2527 5197 autem
2578 5142 2795 5207 animae,
2846 5157 2969 5211 quae
3003 5141 3131 5197 hinc
3156 5143 3388 5213 amplius
3420 5159 3528 5198 non

1942 5252 2244 5292 reversura:
2288 5244 2509 5304 exeunt,
2538 5236 2837 5292 secundum
2869 5236 3017 5291 hunc
3059 5238 3281 5292 modum
3324 5237 3414 5291 illa
3442 5237 3528 5291 vi-

1942 5329 2108 5384 deant
2153 5337 2247 5384 aut
2294 5329 2558 5397 sentiunt,
2603 5329 2828 5384 omnino
2857 5329 3083 5384 dubium
3115 5337 3219 5396 est,
3260 5328 3365 5383 nisi
3395 5328 3528 5398 quia

1942 5422 2280 5491 probabilius
2304 5421 2516 5492 videtur
2547 5421 2692 5493 quod
2728 5420 2819 5475 illa
2849 5436 2972 5491 qua:
3012 5421 3063 5474 in
3097 5419 3417 5488 corporibus
3447 5420 3529 5472 vi-

1942 5524 2132 5571 ventes
2176 5531 2273 5586 per
2299 5515 2715 5571 delectationem
2759 5530 2942 5569 rerum
2977 5513 3273 5568 visibilium
3330 5527 3528 5583 corpo-

1944 5609 2153 5664 ralibus
2202 5607 2683 5678 imaginationibus
2727 5605 3068 5675 injiciuntur,
3130 5620 3159 5658 a
3206 5604 3526 5674 corporibus

1944 5702 1998 5758 in
2037 5700 2243 5756 eisdem
2290 5699 2401 5754 illic
2456 5696 2937 5768 imaginationibus
2990 5702 3262 5749 tormenta
3300 5694 3525 5764 patiun-

1944 5805 2052 5854 tur.
2127 5792 2315 5865 Neque
2377 5792 2520 5848 enim
2577 5790 2802 5846 omnino
2855 5788 3192 5860 corporalem
3253 5788 3528 5859 passibili«
3588 5802 3591 5805 '
