3970 6442
460 385 596 444 “59

1587 374 1915 431 WERNEIH
1951 371 2245 427 ABBATlS
2285 370 2343 424 S.
2385 368 2610 423 BLASII

3588 373 3715 428 “60

456 510 624 557 tatem
680 505 901 564 exeunt,
965 495 1186 566 quando
1227 491 1593 563 corporalium
1641 490 2044 562 imaginationi-
2073 494 2117 551 Α
2149 486 2454 557 prehendit.
2501 484 2686 538 Plorat
2709 485 2891 552 itaque
2923 483 3049 552 quia
3093 482 3236 537 intra
3271 492 3381 538 tam
3416 484 3576 541 breve
3597 504 3711 558 sps-

456 595 560 649 bus
590 592 967 648 delectationis
1000 604 1179 659 prava:
1224 602 1326 641 usu
1376 586 1655 656 impressis
1693 585 1960 640 obvoluta:
1990 594 2044 638 et
2086 610 2089 615 -

457 690 713 745 involuta:
757 695 977 741 exeunt.
1018 683 1149 749 Quae
1192 698 1321 736 vero
1348 682 1437 736 hic
1485 690 1766 735 manentes
1796 680 1865 733 ab
1894 679 2043 748 ejus—

456 780 605 835 modi
658 775 1022 833 delectorihus
1047 782 1100 828 et
1127 772 1521 842 cogitationum
1551 769 1853 840 phantasiis
1881 785 2043 822 mun-

455 872 587 927 dare
629 883 687 924 se
727 884 789 923 ac
834 866 1137 937 despoliare
1187 864 1477 929 studuerit,
1515 863 1624 917 illic
1671 861 2039 931 postmodum,

453 974 745 1034 postquam
777 976 807 1014 a
837 959 1161 1029 corporibus
1208 972 1441 1029 egressae
1470 955 1693 1022 fuerint,
1737 969 1952 1024 poenam
1986 952 2040 1006 in

452 1056 535 1110 cis
581 1064 634 1108 et
685 1061 953 1108 tormenta
999 1066 1110 1105 non
1161 1049 1441 1104 sentiunt:
1473 1048 1617 1118 quod
1664 1047 1717 1100 in
1766 1046 1871 1100 hoc
1921 1044 2041 1113 ipso

452 1145 856 1217 quodammodo
924 1142 1294 1213 impassibiles
1356 1141 1631 1207 existunt,
1700 1137 1829 1209 quia
1903 1136 2041 1190 nihil

451 1253 612 1308 pinna
635 1237 859 1307 dignum
888 1251 1071 1291 secum
1107 1233 1305 1289 ferunt.

452 1349 529 1404 De
561 1359 745 1417 morte,
787 1359 836 1403 et
882 1349 1009 1419 quid
1054 1348 1124 1401 sit
1155 1363 1314 1428 mors,
1358 1355 1408 1399 et
1453 1346 1517 1399 de
1558 1344 1724 1397 tribus
1767 1342 2038 1413 generibus

1146 1426 1352 1470 mortis.

523 1510 669 1566 Mors
720 1512 863 1565 dicta
902 1518 1007 1574 est,
1061 1508 1210 1577 quod
1261 1508 1331 1561 sit
1380 1522 1586 1572 amara,
1638 1505 1721 1560 vel
1769 1519 1800 1558 a
1849 1519 2038 1558 morsu

452 1603 616 1672 primi
644 1601 890 1655 hominis
918 1600 1204 1668 appellata.
1248 1595 1385 1651 Nam
1418 1612 1541 1650 cum
1571 1595 1779 1664 primus
1810 1594 2037 1647 humani

452 1693 666 1765 generis
710 1708 905 1761 parens
953 1692 1160 1758 lignum
1206 1690 1429 1743 vetitum
1474 1704 1568 1757 per
1614 1687 2037 1741 inobedicntiam

451 1784 699 1853 contigit,
743 1798 838 1850 per
881 1796 1127 1836 morsum
1173 1787 1405 1834 mortem
1446 1779 1678 1832 incurrit
1728 1777 1878 1848 (Gen.
1928 1776 2032 1847 III).

453 1875 608 1931 Unde
633 1884 687 1929 et
715 1892 747 1929 a
774 1889 959 1928 morsu
993 1888 1142 1927 mors
1172 1872 1287 1941 ipsa
1339 1870 1659 1940 appellatur.
1695 1868 1820 1923 Tria
1851 1879 2033 1924 autem

452 1978 583 2025 sunt
631 1982 828 2038 genera
875 1966 1090 2030 mortis,
1123 1964 1177 2018 id
1215 1973 1299 2018 cst
1348 1962 1564 2028 acerba,
1597 1962 1911 2027 immatura,
1944 1976 2038 2014 na-

454 2062 665 2116 turalis.
697 2059 908 2113 Acerba
951 2057 1243 2122 infantum,
1277 2056 1566 2109 itnmatura
1606 2054 1891 2123 juvcnum,
1936 2067 2035 2106 na-

453 2152 647 2206 turalis
692 2160 775 2206 est
820 2165 1033 2205 senum.
1081 2147 1214 2202 Item
1267 2147 1461 2201 mortis
1508 2146 1611 2199 tria
1655 2154 1784 2201 sunt
1811 2160 2031 2217 genera.

451 2238 572 2295 Una
604 2255 754 2294 mors
786 2239 992 2308 peccati
1016 2246 1120 2303 est,
1154 2236 1221 2290 de
1252 2250 1358 2305 qua
1386 2234 1650 2302 scriptum
1679 2242 1762 2288 est
1790 2251 1803 2287 :
1847 2251 1866 2284 ι
1901 2231 2035 2285 Ani-

452 2348 541 2386 ma
568 2348 689 2401 quae
718 2329 1042 2402 peccaverit,
1074 2329 1190 2398 ipsa
1223 2329 1485 2382 morietur
1528 2326 1744 2398 (Ezech.
1777 2324 1932 2394 vaII)
1959 2341 1974 2391 ;
2009 2343 2026 2375 ι

450 2424 557 2478 alia
590 2424 838 2495 mystica,
866 2421 1084 2492 quando
1114 2420 1238 2490 quis
1264 2427 1484 2489 peccato
1530 2419 1778 2484 moritur,
1828 2426 1883 2471 et
1922 2415 2034 2471 Deo

451 2514 604 2578 vivit,
655 2515 721 2568 de
778 2529 885 2583 qua
940 2512 1017 2565 ait
1055 2510 1390 2580 Apostolus:
1428 2529 1446 2560 ι
1476 2507 1793 2578 Consepulti
1842 2522 2034 2561 sumus

450 2619 576 2659 cum
603 2603 822 2658 Christo
852 2617 948 2672 per
974 2601 1307 2670 baptismum
1351 2599 1407 2653 in
1451 2608 1624 2653 morte
1654 2598 1825 2667 ipsius
1854 2596 2029 2667 (Rom.

451 2697 568 2765 vr);
604 2695 761 2750 tertia
789 2708 960 2759 mors,
994 2707 1101 2764 qua
1136 2706 1359 2746 cursum
1390 2692 1513 2745 vita;
1541 2690 1706 2758 hujus
1741 2698 1793 2744 et
1832 2703 2033 2743 munus

450 2788 776 2857 explemus,
840 2785 893 2841 id
952 2792 1038 2839 est
1095 2784 1293 2838 anima:
1349 2781 1705 2851 corporisque
1768 2780 2028 2835 secessio.

450 2878 803 2933 Advertimus
833 2877 999 2947 igitur
1027 2876 1173 2946 quod
1217 2890 1325 2931 una
1356 2890 1506 2930 mors
1535 2874 1605 2929 sit
1637 2874 1800 2939 mala,
1831 2873 1876 2927 si
1907 2888 2033 2943 pro-

450 2981 570 3042 pter
597 2978 818 3040 peccata
854 2968 1185 3030 moriamur;
1230 2967 1336 3021 alia
1371 2982 1519 3021 mors
1545 2965 1686 3019 bona
1722 2965 1812 3030 sit,
1835 2980 1945 3033 qua
1984 2964 2032 3019 is

449 3063 545 3133 qui
589 3061 751 3116 fuerit
796 3069 1046 3115 mortuus
1088 3060 1425 3130 justificatur
1475 3073 1507 3111 a
1552 3066 1794 3127 peccato.
1849 3055 2030 3111 Tertia

449 3168 602 3209 mors
652 3152 827 3207 media
879 3153 988 3218 sit;
1041 3167 1167 3206 nam
1214 3159 1270 3206 et
1321 3151 1464 3205 bona
1507 3149 1672 3219 justis
1700 3149 1932 3216 videtur,
1979 3156 2034 3204 et

448 3245 724 3315 plerisque
770 3243 1081 3298 metuenda.
1157 3242 1291 3309 Quae
1337 3257 1462 3297 cum
1518 3241 1765 3295 absolvat
1816 3256 2032 3307 omnes,

450 3352 656 3406 paucos
697 3336 957 3402 delectat;
1004 3334 1097 3389 sed
1143 3350 1251 3388 non
1304 3334 1408 3387 hoc
1458 3332 1651 3387 mortis
1691 3339 1773 3387 est
1819 3331 2031 3396 vitium,

450 3430 546 3486 sed
596 3439 796 3485 nostra:
841 3429 1196 3492 infirmitatis,
1247 3427 1342 3497 qui
1387 3428 1661 3496 voluptate
1702 3435 1756 3480 et
1802 3426 2036 3481 delecta-

451 3524 596 3577 tione
627 3522 749 3576 vitae
780 3522 939 3575 istius
968 3520 1237 3588 capimur,
1263 3528 1317 3574 et
1344 3535 1565 3573 cursum
1598 3519 1743 3572 hunc
1774 3532 2033 3572 consum-

451 3630 603 3669 mare
631 3614 969 3683 trepidamus
997 3631 1010 3666 :
1050 3613 1106 3665 in
1151 3626 1263 3681 quo
1305 3612 1427 3681 plus
1458 3611 1839 3666 amaritudinis
1868 3626 2034 3681 quam

450 3705 749 3773 voluptatis
777 3712 881 3757 est.
931 3703 1013 3755 An
1046 3716 1156 3754 non
1191 3701 1364 3756 sancti
1409 3709 1461 3755 et
1487 3702 1758 3770 sapientes
1785 3700 1907 3766 viri,
1940 3699 2034 3769 qui

451 3794 849 3865 longaevitatcm
901 3792 1352 3863 peregrinationis
1400 3791 1564 3861 hujus
1608 3792 2035 3863 ingemiscchant

449 3887 694 3951 dissolvi,
721 3894 775 3941 et
801 3899 926 3940 eum
956 3884 1175 3939 Christo
1199 3899 1320 3938 esse
1345 3884 1625 3953 pulchrius
1656 3883 2034 3937 testimabatzt?

451 3977 519 4033 Et
548 3977 670 4032 ideo
694 3976 821 4047 quia
849 3975 1093 4045 quotidie
1134 3974 1200 4029 de
1230 3985 1404 4029 morte
1442 3974 1774 4045 cogitabant,
1801 3982 1853 4028 et
1875 3973 2033 4043 quasi

452 4083 512 4125 se
557 4067 624 4121 de
674 4067 775 4120 hoc
821 4066 1149 4135 migraturos
1191 4065 1484 4119 credebant
1518 4065 1743 4130 mundo,
1795 4081 1901 4117 non
1932 4064 2033 4118 du-

450 4159 601 4213 bium
648 4166 732 4212 est
784 4156 917 4226 quin
966 4155 1084 4211 htec
1132 4155 1448 4225 quotidiana
1506 4155 1784 4209 meditatio
1839 4153 2032 4209 mortis

449 4264 614 4305 omne
656 4248 845 4303 vitium
884 4248 940 4301 in
975 4247 1054 4301 eis
1082 4247 1391 4316 perimeret.
1438 4245 1520 4299 Ad
1571 4246 1858 4301 devitanda
1901 4261 2033 4302 sane

449 4341 634 4397 omnia
670 4340 774 4395 tela
813 4338 1197 4404 certaminum,
1228 4354 1417 4392 verum
1453 4338 1617 4393 etiam
1648 4339 1714 4393 ad
1747 4339 2031 4395 universos

454 4443 637 4488 motus
682 4432 929 4487 omnium
961 4431 1532 4501 concupiscentiarum
1574 4446 1638 4485 ac
1683 4439 2028 4500 peccatorum

2147 579 2282 632 tium
2316 577 2600 647 acquirere
2631 577 2801 645 potuit
2830 575 3076 629 omnium
3109 575 3351 629 laetitiam
3382 579 3708 637 saeculorum.

2145 668 2312 723 Dellet
2353 669 2521 722 etiam
2568 681 2626 722 se
2657 676 2876 736 propter
2906 675 3014 720 tam
3063 667 3245 723 brevis
3277 668 3545 724 illecebra:
3573 677 3710 729 volu-

2143 770 2344 833 ptatem
2389 760 2811 814 incnarrabilem
2859 768 3134 829 perpetua:
3165 762 3456 817 suavitatis
3478 765 3711 825 amisisse

2143 852 2508 907 dulcedinem.
2558 850 2865 917 Erubescit,
2893 852 3021 920 quia
3047 861 3267 921 propter
3295 854 3444 908 illam
3478 857 3711 915 substan-

2144 944 2297 1009 tiam,
2346 959 2469 1013 quaa
2513 942 2794 997 vermibus
2839 952 2958 996 erat
3001 942 3260 1008 obnoxia,
3292 945 3440 999 illam
3497 950 3708 1018 neglexit

2143 1055 2265 1109 qua:
2319 1038 2504 1093 choris
2553 1045 2671 1093 erat
2719 1038 2981 1108 angelicis
3026 1036 3330 1093 inferenda.
3376 1038 3499 1094 Iam
3550 1046 3708 1101 radios

2144 1130 2340 1185 mentis
2366 1130 2584 1196 attollit,
2619 1141 2672 1184 et
2698 1146 2823 1185 cum
2848 1129 3164 1183 divitiarum
3193 1131 3583 1188 immortalium
3613 1137 3710 1206 glo.

2142 1220 2280 1274 riam
2329 1222 2731 1291 contemplatur
2782 1237 2926 1286 eam,
2957 1230 3180 1291 pr0ptcr
3226 1222 3349 1275 vita:
3399 1223 3563 1293 hujus
3610 1228 3708 1282 ino-

2141 1312 2286 1381 piam
2342 1313 2644 1381 perdidisse
2694 1312 3071 1368 confunditur.
3106 1312 3359 1383 Cumque
3391 1317 3495 1370 sub
3540 1334 3596 1373 se
3638 1337 3707 1375 re-

2139 1402 2304 1457 flectit
2332 1404 2521 1458 oculos
2569 1404 2637 1458 ad
2674 1404 2837 1473 hujus
2869 1404 3059 1458 mundi
3094 1406 3397 1460 convallem
3432 1417 3705 1482 tetramque

2139 1496 2449 1567 caliginem,
2500 1514 2664 1567 super
2710 1513 2768 1553 se
2825 1514 2955 1553 vero
3001 1498 3236 1554 miratur
3289 1504 3479 1557 aeterni
3509 1505 3703 1564 luminis

2139 1588 2462 1656 claritatem,
2493 1589 2700 1659 liquido
2725 1591 3083 1660 deprehendit
3122 1594 3251 1661 quia
3288 1610 3399 1648 nnx
3433 1607 3544 1649 erat
3567 1608 3616 1651 et
3637 1610 3703 1655 te-

2138 1682 2319 1736 nebrae
2341 1683 2488 1752 quod
2517 1683 2739 1736 amavit.
2778 1681 2823 1736 Ο
2846 1684 2893 1738 si
2917 1684 3217 1739 redivivum
3241 1688 3569 1755 pwnitentia:
3594 1701 3706 1745 tem-

2139 1790 2240 1843 pus
2271 1774 2465 1828 mereri
2488 1775 2771 1843 potuisset,
2801 1790 2964 1843 quam
2995 1776 3145 1829 dura:
3174 1780 3603 1835 conversationis
3622 1782 3703 1836 iter

2138 1866 2430 1935 arriperet!
2465 1867 2646 1936 qualia
2678 1878 2730 1920 et
2767 1877 2970 1936 quanta
2999 1869 3371 1936 promitteret!
3409 1872 3617 1940 quantis
3652 1890 3701 1928 se

2137 1956 2487 2012 devotionum
2517 1959 2751 2014 vinculis
2785 1958 3110 2013 innodarct!
3153 1958 3368 2015 Interea
3411 1962 3537 2015 dum
3567 1963 3700 2018 hebe-

2138 2059 2353 2105 sccntes
2399 2051 2543 2104 oculi
2599 2051 3013 2117 contabescunt,
3058 2052 3187 2105 dum
3235 2063 3428 2124 pectus
3487 2057 3699 2127 palpitat,

2136 2158 2362 2196 raucum
2394 2152 2580 2213 guttur
2601 2144 2840 2209 anhelat,
2875 2144 3065 2198 dentes
3088 2144 3352 2214 paulatim
3392 2149 3699 2218 nigrescunt,

2136 2243 2185 2289 et
2218 2236 2509 2304 quamdam
2544 2235 2690 2289 velut
2717 2237 3014 2306 aeruginem
3046 2238 3402 2308 contrahunt,
3430 2240 3702 2310 pallescunt

2136 2341 2253 2389 ora,
2295 2326 2536 2380 membra
2572 2337 2766 2381 cuncta
2801 2328 3097 2397 rigescunt.

2209 2416 2346 2470 Dum
2390 2418 2502 2471 hinc
2533 2417 2717 2486 itaque
2741 2425 2795 2472 et
2820 2417 3027 2479 homini
3052 2428 3318 2489 tanquam
3344 2420 3544 2475 vicinae
3568 2425 3704 2478 morti

2135 2509 2491 2579 prmcedentia
2526 2506 2864 2562 famulantur
2886 2507 3085 2574 olIicia,
3114 2518 3310 2563 assunt
3351 2510 3540 2564 omnia
3582 2528 3706 2582 gesta

2135 2600 2299 2657 simul
2321 2611 2375 2655 et
2401 2600 2582 2655 verba.
2637 2598 2762 2655 Hmc
2792 2609 2845 2654 et
2885 2600 3014 2671 ipsae
3045 2601 3405 2672 cogitationes
3431 2605 3638 2668 desunt,
3662 2614 3705 2660 et

2136 2703 2329 2750 cuncta
2359 2694 2475 2748 lucc
2519 2708 2767 2747 amarum
2816 2694 3080 2748 adversus
3139 2702 3429 2749 auctorem
3484 2699 3701 2750 testim

2135 2779 2287 2834 nium
2323 2781 2572 2837 reddunt.
2602 2780 3014 2836 Coaccrvantur
3043 2783 3231 2837 omnia
3260 2793 3392 2839 ante
3418 2787 3701 2855 respuentis

2134 2874 2342 2936 oculos,
2375 2883 2429 2929 et
2451 2890 2572 2944 quae
2594 2874 2912 2944 conspicere
2936 2872 3156 2945 refugit,
3191 2886 3423 2932 coactus
3446 2888 3501 2932 et
3527 2879 3701 2932 invitus

2134 2965 2383 3020 attendit.
2436 2964 2605 3021 Adest
2646 2975 2906 3036 przetcrca
2957 2965 3085 3020 hinc
3115 2967 3386 3023 horrenda
3418 2969 3704 3023 daamonum

2137 3057 2313 3122 turba,
2346 3056 2495 3111 illinc
2525 3058 2701 3113 virtus
2723 3059 2989 3129 angelica.
3039 3059 3101 3114 ιιι
3146 3058 3239 3113 illo
3268 3060 3363 3129 qui
3411 3060 3704 3114 mediusest

2135 3147 2340 3217 liquido
2387 3148 2832 3218 deprehenditur,
2866 3150 2953 3204 cui
2990 3150 3131 3221 parti
3159 3150 3285 3219 jure
3302 3149 3571 3219 possessio
3598 3150 3706 3203 viu-

2137 3239 2368 3295 dicetur.
2393 3238 2527 3294 Nam
2560 3242 2605 3296 si
2636 3241 2853 3312 pietatis
2880 3242 2933 3296 in
2960 3258 3026 3296 co
3049 3242 3306 3296 videntur
3346 3243 3604 3311 insignia,
3631 3242 3705 3296 in-

2137 3331 2420 3388 vitationis
2451 3333 2710 3402 angelicae
2754 3333 3033 3389 blanditiis
3059 3334 3345 3401 delinitur,
3394 3345 3558 3404 atque
3600 3335 3707 3388 bar-

2136 3427 2365 3481 Inonica:
2415 3427 2661 3481 melodia:
2707 3428 2996 3483 dulcedine
3048 3437 3110 3483 ut
3164 3438 3326 3483 exeat
3376 3438 3702 3498 provocatur.

2136 3516 2291 3584 Quod
2318 3519 2363 3574 si
2386 3534 2511 3574 eum
2564 3520 2803 3575 sinistra:
2849 3521 2991 3590 parti
3038 3522 3366 3575 meritorum
3402 3520 3621 3590 nigredo
3658 3527 3704 3573 et

2137 3607 2398 3665 foeditatis
2423 3612 2646 3681 squalor
2679 3611 2974 3681 adjudicct,
3008 3612 3342 3667 intolerabili
3370 3627 3500 3666 mox
3522 3622 3703 3666 terrore

2135 3703 2465 3769 Concutitur,
2490 3704 2757 3772 repentini
2786 3704 3022 3773 impetus
3051 3704 3311 3759 violentia
3351 3706 3703 3774 perturbatur,

2135 3792 2537 3861 praecipitanter
2565 3793 2860 3859 invaditur,
2895 3810 2959 3849 ac
2983 3795 3049 3848 de
3094 3794 3312 3849 misera:
3341 3794 3530 3849 carnis
3571 3811 3703 3859 erga-

2136 3884 2281 3938 stulo
2305 3884 2566 3939 violenter
2597 3885 2869 3952 evellitur,
2901 3895 2961 3939 ut
2983 3884 3049 3939 ad
3083 3899 3286 3941 retenta
3317 3888 3699 3957 supplieiajam

2135 3989 2259 4027 cum
2289 3975 2651 4029 amaritudine
2677 3976 3045 4046 pertrahatur.
3083 3974 3202 4030 Jam
3230 3993 3362 4031 vero
3388 3986 3515 4046 post
3545 3993 3705 4047 egres-

2136 4064 2343 4120 sionem
2372 4065 2439 4120 dc
2467 4082 2697 4136 corpore
2746 4068 2871 4137 quis
2902 4068 3177 4137 explicare
3209 4068 3408 4134 valeat,
3458 4078 3587 4138 quot
3635 4084 3705 4121 ar-

2135 4166 2293 4213 matae
2328 4158 2640 4229 iniquorum
2670 4159 2961 4229 spirituum
2994 4160 3140 4214 acies
3173 4161 3226 4212 in
3242 4160 3471 4214 insidiis
3502 4162 3701 4224 lateant,

2133 4259 2268 4321 quot
2312 4250 2606 4306 frementes
2631 4252 2792 4305 cunei
2848 4251 3112 4306 feralibus
3147 4252 3270 4306 telis
3316 4252 3570 4306 instructi
3618 4254 3702 4304 iter

2134 4342 2437 4407 obsideant,
2478 4351 2533 4396 et
2560 4358 2628 4398 ne
2676 4343 2848 4396 libera
2877 4342 3109 4397 transire
3140 4343 3317 4412 possit
3339 4344 3548 4408 anima,
3577 4343 3701 4396 velut

2134 4434 2355 4486 militari
2384 4449 2536 4489 more
2565 4435 2884 4504 constipata:
2933 4435 3176 4505 legiones
3199 4444 3542 4505 oppugnant.
3596 4434 3700 4488 Πέντε

453 4524 919 4594 comprimendos,
966 4524 1149 4578 nullus
1204 4524 1337 4577 mihi
1381 4524 1596 4578 videtur
1639 4524 1869 4578 validior
1921 4525 2031 4594 cly-
2063 4524 2107 4578 D
2136 4532 2189 4577 et
2216 4523 2421 4577 homini
2447 4522 2761 4593 frequenter
2785 4523 2839 4577 in
2862 4524 3027 4579 corde
3060 4523 3437 4592 versare,quid
3468 4522 3701 4578 estaliud

452 4630 586 4687 peus
618 4630 783 4685 quam
809 4613 1089 4668 meditatio
1134 4613 1327 4667 mortis
1357 4622 1411 4668 et
1438 4613 1667 4668 extremi
1700 4622 1874 4668 terror
1898 4628 2031 4667 exa-

451 4707 637 4762 minis.

519 4799 870 4856 Pensandum
899 4797 1100 4868 quippe
1128 4807 1233 4864 est,
1261 4812 1385 4852 eum
1410 4796 1523 4867 jam
1548 4795 1824 4866 peccatrix
1851 4796 2033 4850 anima

450 4893 686 4949 vinculis
716 4893 906 4962 incipit
936 4892 1117 4946 carnis
1146 4890 1376 4956 absolvi,
1406 4905 1571 4959 quam
1612 4903 1802 4943 amaro
1830 4897 2036 4943 terrore

453 4989 786 5054 concutitur,
823 4990 1045 5057 quantis
1089 4988 1364 5043 mordacis
1405 4986 1754 5043 conscientiae
1800 4983 2037 5039 stimulis

454 5081 746 5135 laceratur.
794 5077 1004 5134 Recolit
1032 5080 1198 5132 vetita
1226 5094 1346 5148 quae
1376 5077 1671 5142 commisit,
1701 5076 1846 5130 videt
1890 5089 2040 5128 man-

455 5170 582 5225 data
609 5185 731 5239 quae
762 5168 997 5238 neglexit
1038 5169 1262 5237 implere
1290 5178 1344 5224 et
1371 5168 1716 5237 contempsit.
1748 5164 1902 5219 Dolet
1950 5164 2037 5217 in-

454 5262 608 5318 dulta
641 5259 977 5331 pmnitcntia:
1008 5268 1255 5328 tempora
1300 5275 1420 5314 sese
1452 5258 1685 5313 inaniter
1708 5256 2037 5326 percepisse,

457 5355 635 5424 plorat
677 5351 1012 5407 immobilem
1043 5351 1308 5407 districta
1351 5351 1575 5406 ultionis
1631 5349 1925 5410 articulum
1958 5347 2041 5401 in-

457 5445 785 5499 evitabiliter
817 5444 1124 5499 imminere.
1158 5442 1376 5499 Mancre
1403 5444 1617 5514 satagit,
1665 5443 1745 5497 ire
1795 5441 2040 5512 compelo

456 5537 608 5604 litur,
658 5553 982 5609 recuperare
1031 5538 1146 5592 vult
1189 5536 1443 5607 perdita:
1476 5551 1584 5591 non
1616 5535 1856 5590 auditur.
1912 5531 2042 5587 Post

458 5637 611 5700 terga
653 5629 950 5700 respiciens
979 5631 1149 5685 totius
1179 5637 1468 5684 transactae
1497 5628 1621 5682 vita:
1648 5642 1871 5683 cursum
1897 5624 2044 5680 velut

461 5735 633 5773 unum
678 5720 1066 5775 brevissimum
1109 5721 1335 5791 deputat
1366 5719 1577 5774 itineris
1615 5733 1857 5788 passum.
1905 5717 2043 5771 Ante

464 5826 522 5865 se
552 5810 739 5868 oculos
783 5811 966 5882 dirigit
995 5821 1049 5866 ct
1079 5812 1302 5867 inﬁnitae
1326 5811 1686 5882 perennitatis
1742 5809 1917 5880 spatia
1945 5808 2041 5864 de-

2138 4630 2299 4684 quani
2320 4614 2683 4669 lcuocinantia
2706 4615 2829 4668 vita:
2855 4615 3019 4683 hujus
3042 4614 3419 4669 blandimenta
3449 4630 3699 4683 respu.-re,

2136 4709 2340 4762 mundo
2364 4708 2651 4776 repudium
2676 4708 2824 4770 dare,
2845 4707 3062 4762 illicitos
3090 4716 3272 4761 motus
3298 4707 3485 4762 carnis
3505 4708 3699 4769 elidczc,

2136 4802 2423 4872 solumque
2452 4801 2801 4871 perfectionis
2849 4800 3212 4871 adipiscenda:
3248 4802 3589 4870 propositqu
3629 4800 3701 4851 ia-

2136 4895 2531 4950 dcclinahiliter
2556 4893 2875 4949 custodire?
2899 4892 2994 4947 His
3020 4892 3305 4947 addendus
3327 4903 3413 4947 est
3446 4892 3601 4947 etiam
3625 4906 3704 4942 cx-

2141 4987 2296 5040 trcmi
2355 4995 2530 5039 terror
2547 4986 2760 5055 judicii,
2818 4993 2879 5039 ut
2933 4984 3079 5038 illius
3128 4984 3499 5039 amaritudine
3551 4982 3704 5035 vahat

2141 5077 2329 5132 mundi
2363 5078 2528 5146 hujus
2551 5076 2686 5132 falsa
2708 5076 2937 5132 dulcedo
2970 5074 3269 5129 contemni.
3299 5074 3383 5128 Ad
3412 5073 3704 5129 devitandas

2141 5185 2376 5239 namque
2396 5170 2676 5223 diabolica:
2707 5184 2902 5241 pugnae
2929 5169 3213 5223 molestias
3240 5169 3459 5234 valent;
3486 5164 3705 5234 assurgi-

2141 5275 2286 5325 mus,
2320 5259 2733 5325 sinecessitatis
2763 5258 2967 5313 ultimae
2998 5258 3303 5328 periculum
3343 5257 3564 5327 provide
3595 5271 3706 5326 pcr-

2145 5360 2463 5405 tractamus.
2489 5348 2625 5404 Nam
2675 5350 2719 5405 si
2756 5351 3070 5419 repentinus
3113 5350 3203 5405 ille
3248 5359 3415 5420 atque
3472 5346 3704 5403 terribilis

2143 5443 2408 5498 adventus
2451 5442 2654 5498 Christi
2694 5442 2855 5512 digne
2907 5443 3280 5512 perpenditur,
3326 5441 3459 5513 quid
3512 5439 3613 5495 erit
3659 5438 3705 5490 in

2143 5537 2349 5590 mundo
2375 5536 2467 5590 ubi
2496 5551 2652 5590 mens
2683 5534 2920 5589 humana
2959 5534 3042 5589 vel
3071 5533 3349 5604 desipiens
3397 5527 3706 5588 delectetur?

2143 5624 2237 5681 ille
2263 5641 2453 5697 nempe
2476 5628 2592 5681 dies
2619 5635 2723 5693 est,
2765 5627 2831 5681 ad
2874 5640 3035 5696 quam
3071 5625 3254 5680 omnis
3304 5621 3704 5695 praecedentium

2146 5718 2468 5772 steculorum
2497 5719 2746 5785 intentio,
2786 5734 2849 5773 ac
2871 5732 3081 5772 summa
3113 5716 3419 5787 colligitur,
3466 5716 3553 5772 cui
3588 5728 3704 5769 cun-

2149 5817 2235 5866 cta
2260 5825 2545 5868 sacrarum
2577 5809 2914 5881 Scripturam
2944 5809 3219 5866 volumina
3245 5807 3621 5865 famulantur:
3646 5803 3703 5858 do
