  <div class='ocr_page' id='page_1' title='image "/cluster/home/n/w/nwhite01/storage/ocr_20150623/157/hvd.32044010248185/586.png"; bbox 0 0 3970 6450; ppageno 0'>
   <div class='ocr_carea' id='block_1_1' title="bbox 208 387 342 446">
    <p class='ocr_par' dir='ltr' id='par_1_1' title="bbox 208 387 342 446">
     <span class='ocr_line' id='line_1_1' title="bbox 208 387 342 446; baseline 0 -1"><span class='ocrx_word' id='word_1_1' title='bbox 208 387 342 446; x_wconf 58' lang='lat' dir='ltr'><strong>“Gl</strong></span> 
     </span>
    </p>
   </div>
   <div class='ocr_carea' id='block_1_2' title="bbox 1143 388 2592 460">
    <p class='ocr_par' dir='ltr' id='par_1_2' title="bbox 1143 388 2592 460">
     <span class='ocr_line' id='line_1_2' title="bbox 1143 388 2592 460; baseline 0.009 -13"><span class='ocrx_word' id='word_1_2' title='bbox 1143 388 1715 453; x_wconf 70' lang='lat' dir='ltr'><strong>DEFLORATIONES</strong></span> <span class='ocrx_word' id='word_1_3' title='bbox 1757 395 1858 453; x_wconf 76' lang='lat' dir='ltr'><strong>SS.</strong></span> <span class='ocrx_word' id='word_1_4' title='bbox 1896 395 2209 456; x_wconf 73' lang='lat' dir='ltr'><strong>PATRUM.</strong></span> <span class='ocrx_word' id='word_1_5' title='bbox 2247 433 2319 443; x_wconf 84' lang='lat'><strong>—-</strong></span> <span class='ocrx_word' id='word_1_6' title='bbox 2358 403 2488 460; x_wconf 82' lang='lat' dir='ltr'><strong>LIB.</strong></span> <span class='ocrx_word' id='word_1_7' title='bbox 2529 404 2592 460; x_wconf 88' lang='lat' dir='ltr'><strong>ll.</strong></span> 
     </span>
    </p>
   </div>
   <div class='ocr_carea' id='block_1_3' title="bbox 3352 412 3491 469">
    <p class='ocr_par' dir='ltr' id='par_1_3' title="bbox 3352 412 3491 469">
     <span class='ocr_line' id='line_1_3' title="bbox 3352 412 3491 469; baseline 0.007 -1"><span class='ocrx_word' id='word_1_8' title='bbox 3352 412 3491 469; x_wconf 70' lang='grc'><strong>1161</strong></span> 
     </span>
    </p>
   </div>
   <div class='ocr_carea' id='block_1_4' title="bbox 207 502 3495 584">
    <p class='ocr_par' dir='ltr' id='par_1_4' title="bbox 207 502 3495 584">
     <span class='ocr_line' id='line_1_4' title="bbox 207 502 3495 584; baseline 0.007 -26"><span class='ocrx_word' id='word_1_9' title='bbox 207 520 315 577; x_wconf 85' lang='lat' dir='ltr'><strong>quo</strong></span> <span class='ocrx_word' id='word_1_10' title='bbox 341 503 536 558; x_wconf 86' lang='lat' dir='ltr'><strong>beatus</strong></span> <span class='ocrx_word' id='word_1_11' title='bbox 559 502 760 560; x_wconf 83' lang='lat' dir='ltr'><strong>Petrus</strong></span> <span class='ocrx_word' id='word_1_12' title='bbox 808 517 867 560; x_wconf 89' lang='lat' dir='ltr'><strong>ut</strong></span> <span class='ocrx_word' id='word_1_13' title='bbox 897 505 1232 561; x_wconf 85' lang='lat' dir='ltr'><strong>audientium</strong></span> <span class='ocrx_word' id='word_1_14' title='bbox 1290 507 1456 564; x_wconf 89' lang='lat' dir='ltr'><strong>corda</strong></span> <span class='ocrx_word' id='word_1_15' title='bbox 1501 509 1665 578; x_wconf 84' lang='lat' dir='ltr'><strong>digno</strong></span> <span class='ocrx_word' id='word_1_16' title='bbox 1699 518 1803 562; x_wconf 89' lang='lat' dir='ltr'><strong>ter-</strong></span> <span class='ocrx_word' id='word_1_17' title='bbox 1833 519 1879 577; x_wconf 76' lang='grc' dir='ltr'>Α</span> <span class='ocrx_word' id='word_1_18' title='bbox 1908 510 1960 564; x_wconf 91' lang='lat' dir='ltr'><strong>in</strong></span> <span class='ocrx_word' id='word_1_19' title='bbox 1987 527 2184 583; x_wconf 82' lang='lat' dir='ltr'><strong>genere</strong></span> <span class='ocrx_word' id='word_1_20' title='bbox 2206 513 2469 584; x_wconf 91' lang='lat' dir='ltr'><strong>humano,</strong></span> <span class='ocrx_word' id='word_1_21' title='bbox 2500 516 2586 570; x_wconf 90' lang='lat' dir='ltr'><strong>cui</strong></span> <span class='ocrx_word' id='word_1_22' title='bbox 2615 532 2720 572; x_wconf 90' lang='lat' dir='ltr'><strong>non</strong></span> <span class='ocrx_word' id='word_1_23' title='bbox 2742 518 2807 574; x_wconf 87' lang='lat' dir='ltr'><strong>sit</strong></span> <span class='ocrx_word' id='word_1_24' title='bbox 2846 521 3189 578; x_wconf 83' lang='lat' dir='ltr'><strong>necessarius</strong></span> <span class='ocrx_word' id='word_1_25' title='bbox 3205 523 3272 578; x_wconf 88' lang='lat' dir='ltr'><strong>ad</strong></span> <span class='ocrx_word' id='word_1_26' title='bbox 3296 523 3495 581; x_wconf 41' lang='lat' dir='ltr'><strong>liberas</strong></span> 
     </span>
    </p>
   </div>
   <div class='ocr_carea' id='block_1_5' title="bbox 209 598 1799 669">
    <p class='ocr_par' dir='ltr' id='par_1_5' title="bbox 209 598 1799 669">
     <span class='ocr_line' id='line_1_5' title="bbox 209 598 1799 669; baseline 0.003 -16"><span class='ocrx_word' id='word_1_27' title='bbox 209 612 328 653; x_wconf 85' lang='lat' dir='ltr'><strong>rore</strong></span> <span class='ocrx_word' id='word_1_28' title='bbox 348 604 702 651; x_wconf 91' lang='lat' dir='ltr'><strong>concuteret:</strong></span> <span class='ocrx_word' id='word_1_29' title='bbox 728 615 746 647; x_wconf 70' lang='grc' dir='ltr'><strong><em>ε</em></strong></span> <span class='ocrx_word' id='word_1_30' title='bbox 777 598 1060 662; x_wconf 76' lang='lat' dir='ltr'><strong>Adveniet,</strong></span> <span class='ocrx_word' id='word_1_31' title='bbox 1087 600 1281 669; x_wconf 90' lang='lat' dir='ltr'><strong>inquit,</strong></span> <span class='ocrx_word' id='word_1_32' title='bbox 1304 601 1418 655; x_wconf 88' lang='lat' dir='ltr'><strong>dies</strong></span> <span class='ocrx_word' id='word_1_33' title='bbox 1448 599 1663 654; x_wconf 88' lang='lat' dir='ltr'><strong>Domini</strong></span> <span class='ocrx_word' id='word_1_34' title='bbox 1693 602 1799 657; x_wconf 85' lang='lat' dir='ltr'><strong>sie-</strong></span> 
     </span>
    </p>
   </div>
   <div class='ocr_carea' id='block_1_6' title="bbox 207 689 1802 763">
    <p class='ocr_par' dir='ltr' id='par_1_6' title="bbox 207 689 1802 763">
     <span class='ocr_line' id='line_1_6' title="bbox 207 689 1802 763; baseline 0.001 -16"><span class='ocrx_word' id='word_1_35' title='bbox 207 689 487 757; x_wconf 87' lang='lat' dir='ltr'><strong>utfur;in</strong></span> <span class='ocrx_word' id='word_1_36' title='bbox 515 705 627 760; x_wconf 91' lang='lat' dir='ltr'><strong>quo</strong></span> <span class='ocrx_word' id='word_1_37' title='bbox 664 692 790 745; x_wconf 56' lang='lat' dir='ltr'><strong>caeli</strong></span> <span class='ocrx_word' id='word_1_38' title='bbox 844 708 1042 762; x_wconf 85' lang='lat' dir='ltr'><strong>magno</strong></span> <span class='ocrx_word' id='word_1_39' title='bbox 1095 693 1298 763; x_wconf 91' lang='lat' dir='ltr'><strong>impetu</strong></span> <span class='ocrx_word' id='word_1_40' title='bbox 1351 695 1647 760; x_wconf 87' lang='lat' dir='ltr'><strong>transient,</strong></span> <span class='ocrx_word' id='word_1_41' title='bbox 1692 695 1802 750; x_wconf 81' lang='lat' dir='ltr'><strong>ele-</strong></span> 
     </span>
    </p>
   </div>
   <div class='ocr_carea' id='block_1_7' title="bbox 208 783 1797 856">
    <p class='ocr_par' dir='ltr' id='par_1_7' title="bbox 208 783 1797 856">
     <span class='ocr_line' id='line_1_7' title="bbox 208 783 1797 856; baseline 0.002 -18"><span class='ocrx_word' id='word_1_42' title='bbox 208 792 388 838; x_wconf 84' lang='lat' dir='ltr'><strong>menta</strong></span> <span class='ocrx_word' id='word_1_43' title='bbox 420 798 551 836; x_wconf 86' lang='lat' dir='ltr'><strong>vero</strong></span> <span class='ocrx_word' id='word_1_44' title='bbox 574 783 717 851; x_wconf 84' lang='lat' dir='ltr'><strong>ignis</strong></span> <span class='ocrx_word' id='word_1_45' title='bbox 746 785 929 839; x_wconf 89' lang='lat' dir='ltr'><strong>calore</strong></span> <span class='ocrx_word' id='word_1_46' title='bbox 967 785 1264 839; x_wconf 66' lang='lat' dir='ltr'><strong>s::lventur.</strong></span> <span class='ocrx_word' id='word_1_47' title='bbox 1309 785 1445 839; x_wconf 93' lang='lat' dir='ltr'><strong>Cum</strong></span> <span class='ocrx_word' id='word_1_48' title='bbox 1481 786 1646 856; x_wconf 81' lang='lat' dir='ltr'><strong>igitur</strong></span> <span class='ocrx_word' id='word_1_49' title='bbox 1682 788 1797 843; x_wconf 61' lang='lat' dir='ltr'><strong>haec</strong></span> 
     </span>
    </p>
   </div>
   <div class='ocr_carea' id='block_1_8' title="bbox 208 875 1799 946">
    <p class='ocr_par' dir='ltr' id='par_1_8' title="bbox 208 875 1799 946">
     <span class='ocr_line' id='line_1_8' title="bbox 208 875 1799 946; baseline 0.005 -17"><span class='ocrx_word' id='word_1_50' title='bbox 208 875 388 929; x_wconf 81' lang='lat' dir='ltr'><strong>omnia</strong></span> <span class='ocrx_word' id='word_1_51' title='bbox 438 875 789 929; x_wconf 86' lang='lat' dir='ltr'><strong>dissolvenda</strong></span> <span class='ocrx_word' id='word_1_52' title='bbox 842 875 970 939; x_wconf 89' lang='lat' dir='ltr'><strong>sint,</strong></span> <span class='ocrx_word' id='word_1_53' title='bbox 1032 878 1220 946; x_wconf 83' lang='lat' dir='ltr'><strong>quales</strong></span> <span class='ocrx_word' id='word_1_54' title='bbox 1267 887 1481 946; x_wconf 81' lang='lat' dir='ltr'><strong>Oportet</strong></span> <span class='ocrx_word' id='word_1_55' title='bbox 1532 894 1655 935; x_wconf 88' lang='lat' dir='ltr'><strong>esse</strong></span> <span class='ocrx_word' id='word_1_56' title='bbox 1700 897 1799 939; x_wconf 87' lang='lat' dir='ltr'><strong>vos</strong></span> 
     </span>
    </p>
   </div>
   <div class='ocr_carea' id='block_1_9' title="bbox 209 968 1794 1044">
    <p class='ocr_par' dir='ltr' id='par_1_9' title="bbox 209 968 1794 1044">
     <span class='ocr_line' id='line_1_9' title="bbox 209 968 1794 1044; baseline 0.005 -21"><span class='ocrx_word' id='word_1_57' title='bbox 209 970 260 1023; x_wconf 89' lang='lat' dir='ltr'><strong>in</strong></span> <span class='ocrx_word' id='word_1_58' title='bbox 294 968 498 1023; x_wconf 82' lang='lat' dir='ltr'><strong>sanctis</strong></span> <span class='ocrx_word' id='word_1_59' title='bbox 525 970 1038 1023; x_wconf 87' lang='lat' dir='ltr'><strong>conversationibus</strong></span> <span class='ocrx_word' id='word_1_60' title='bbox 1060 977 1112 1022; x_wconf 89' lang='lat' dir='ltr'><strong>et</strong></span> <span class='ocrx_word' id='word_1_61' title='bbox 1142 970 1451 1038; x_wconf 88' lang='lat' dir='ltr'><strong>pietatihus,</strong></span> <span class='ocrx_word' id='word_1_62' title='bbox 1479 984 1794 1044; x_wconf 82' lang='lat' dir='ltr'><strong>exspectan-</strong></span> 
     </span>
    </p>
   </div>
   <div class='ocr_carea' id='block_1_10' title="bbox 204 1060 1797 1131">
    <p class='ocr_par' dir='ltr' id='par_1_10' title="bbox 204 1060 1797 1131">
     <span class='ocr_line' id='line_1_10' title="bbox 204 1060 1797 1131; baseline 0.006 -15"><span class='ocrx_word' id='word_1_63' title='bbox 204 1060 286 1117; x_wconf 85' lang='lat' dir='ltr'><strong>tes</strong></span> <span class='ocrx_word' id='word_1_64' title='bbox 314 1069 370 1115; x_wconf 90' lang='lat' dir='ltr'><strong>et</strong></span> <span class='ocrx_word' id='word_1_65' title='bbox 415 1069 775 1131; x_wconf 84' lang='lat' dir='ltr'><strong>prOperanles</strong></span> <span class='ocrx_word' id='word_1_66' title='bbox 801 1061 851 1113; x_wconf 93' lang='lat' dir='ltr'><strong>in</strong></span> <span class='ocrx_word' id='word_1_67' title='bbox 887 1061 1175 1116; x_wconf 73' lang='lat' dir='ltr'><strong>adventum</strong></span> <span class='ocrx_word' id='word_1_68' title='bbox 1223 1063 1328 1117; x_wconf 90' lang='lat' dir='ltr'><strong>diei</strong></span> <span class='ocrx_word' id='word_1_69' title='bbox 1368 1063 1583 1120; x_wconf 83' lang='lat' dir='ltr'><strong>Domini</strong></span> <span class='ocrx_word' id='word_1_70' title='bbox 1623 1069 1797 1124; x_wconf 82' lang='lat' dir='ltr'><strong>nostri</strong></span> 
     </span>
    </p>
   </div>
   <div class='ocr_carea' id='block_1_11' title="bbox 202 1151 1799 1225">
    <p class='ocr_par' dir='ltr' id='par_1_11' title="bbox 202 1151 1799 1225">
     <span class='ocr_line' id='line_1_11' title="bbox 202 1151 1799 1225; baseline 0.006 -18"><span class='ocrx_word' id='word_1_71' title='bbox 202 1151 330 1208; x_wconf 79' lang='lat' dir='ltr'><strong>Jesu</strong></span> <span class='ocrx_word' id='word_1_72' title='bbox 383 1152 621 1219; x_wconf 86' lang='lat' dir='ltr'><strong>Clnisti,</strong></span> <span class='ocrx_word' id='word_1_73' title='bbox 675 1169 771 1224; x_wconf 79' lang='lat' dir='ltr'><strong>per</strong></span> <span class='ocrx_word' id='word_1_74' title='bbox 816 1169 979 1225; x_wconf 83' lang='lat' dir='ltr'><strong>quem</strong></span> <span class='ocrx_word' id='word_1_75' title='bbox 1041 1155 1164 1210; x_wconf 65' lang='lat' dir='ltr'><strong>euali</strong></span> <span class='ocrx_word' id='word_1_76' title='bbox 1208 1157 1464 1213; x_wconf 85' lang='lat' dir='ltr'><strong>ardentes</strong></span> <span class='ocrx_word' id='word_1_77' title='bbox 1515 1160 1799 1217; x_wconf 81' lang='lat' dir='ltr'><strong>solventur</strong></span> 
     </span>
    </p>
   </div>
   <div class='ocr_carea' id='block_1_12' title="bbox 204 1244 654 1316">
    <p class='ocr_par' dir='ltr' id='par_1_12' title="bbox 204 1244 654 1316">
     <span class='ocr_line' id='line_1_12' title="bbox 204 1244 654 1316; baseline -0.002 -17"><span class='ocrx_word' id='word_1_78' title='bbox 204 1244 294 1316; x_wconf 87' lang='lat' dir='ltr'><strong>(II</strong></span> <span class='ocrx_word' id='word_1_79' title='bbox 314 1244 460 1299; x_wconf 79' lang='lat' dir='ltr'><strong>Petr.</strong></span> <span class='ocrx_word' id='word_1_80' title='bbox 486 1245 591 1314; x_wconf 82' lang='lat' dir='ltr'><strong>tu).</strong></span> <span class='ocrx_word' id='word_1_81' title='bbox 634 1264 654 1298; x_wconf 74' lang='grc' dir='ltr'><strong><em>ι</em></strong></span> 
     </span>
    </p>
   </div>
   <div class='ocr_carea' id='block_1_13' title="bbox 741 1337 1284 1407">
    <p class='ocr_par' dir='ltr' id='par_1_13' title="bbox 741 1337 1284 1407">
     <span class='ocr_line' id='line_1_13' title="bbox 741 1337 1284 1407; baseline 0.009 -17"><span class='ocrx_word' id='word_1_82' title='bbox 741 1337 816 1391; x_wconf 86' lang='lat' dir='ltr'><strong>De</strong></span> <span class='ocrx_word' id='word_1_83' title='bbox 845 1338 1047 1407; x_wconf 78' lang='lat' dir='ltr'><strong>origine</strong></span> <span class='ocrx_word' id='word_1_84' title='bbox 1073 1340 1284 1395; x_wconf 67' lang='lat' dir='ltr'><strong>animm.</strong></span> 
     </span>
    </p>
   </div>
   <div class='ocr_carea' id='block_1_14' title="bbox 271 1428 1794 1501">
    <p class='ocr_par' dir='ltr' id='par_1_14' title="bbox 271 1428 1794 1501">
     <span class='ocr_line' id='line_1_14' title="bbox 271 1428 1794 1501; baseline 0.007 -18"><span class='ocrx_word' id='word_1_85' title='bbox 271 1428 528 1501; x_wconf 81' lang='lat' dir='ltr'><strong>Legimus</strong></span> <span class='ocrx_word' id='word_1_86' title='bbox 551 1429 606 1484; x_wconf 90' lang='lat' dir='ltr'><strong>in</strong></span> <span class='ocrx_word' id='word_1_87' title='bbox 636 1429 948 1484; x_wconf 89' lang='lat' dir='ltr'><strong>conditione</strong></span> <span class='ocrx_word' id='word_1_88' title='bbox 978 1448 1182 1497; x_wconf 87' lang='lat' dir='ltr'><strong>rerum,</strong></span> <span class='ocrx_word' id='word_1_89' title='bbox 1211 1449 1335 1487; x_wconf 86' lang='lat' dir='ltr'><strong>mox</strong></span> <span class='ocrx_word' id='word_1_90' title='bbox 1361 1444 1419 1489; x_wconf 91' lang='lat' dir='ltr'><strong>ut</strong></span> <span class='ocrx_word' id='word_1_91' title='bbox 1441 1435 1507 1490; x_wconf 91' lang='lat' dir='ltr'><strong>de</strong></span> <span class='ocrx_word' id='word_1_92' title='bbox 1531 1437 1661 1492; x_wconf 91' lang='lat' dir='ltr'><strong>limo</strong></span> <span class='ocrx_word' id='word_1_93' title='bbox 1683 1446 1794 1493; x_wconf 85' lang='lat' dir='ltr'><strong>ter-</strong></span> 
     </span>
    </p>
   </div>
   <div class='ocr_carea' id='block_1_15' title="bbox 199 1522 1796 1591">
    <p class='ocr_par' dir='ltr' id='par_1_15' title="bbox 199 1522 1796 1591">
     <span class='ocr_line' id='line_1_15' title="bbox 199 1522 1796 1591; baseline 0.006 -16"><span class='ocrx_word' id='word_1_94' title='bbox 199 1536 276 1576; x_wconf 75' lang='lat' dir='ltr'><strong>ra:</strong></span> <span class='ocrx_word' id='word_1_95' title='bbox 307 1537 503 1591; x_wconf 88' lang='lat' dir='ltr'><strong>corpus</strong></span> <span class='ocrx_word' id='word_1_96' title='bbox 533 1522 786 1576; x_wconf 72' lang='lat' dir='ltr'><strong>effectum</strong></span> <span class='ocrx_word' id='word_1_97' title='bbox 839 1531 941 1585; x_wconf 83' lang='lat' dir='ltr'><strong>est,</strong></span> <span class='ocrx_word' id='word_1_98' title='bbox 976 1524 1161 1577; x_wconf 83' lang='lat' dir='ltr'><strong>statim</strong></span> <span class='ocrx_word' id='word_1_99' title='bbox 1192 1523 1483 1581; x_wconf 83' lang='lat' dir='ltr'><strong>Dominum</strong></span> <span class='ocrx_word' id='word_1_100' title='bbox 1524 1529 1796 1585; x_wconf 82' lang='lat' dir='ltr'><strong>insulilas-</strong></span> 
     </span>
    </p>
   </div>
   <div class='ocr_carea' id='block_1_16' title="bbox 200 1613 1793 1682">
    <p class='ocr_par' dir='ltr' id='par_1_16' title="bbox 200 1613 1793 1682">
     <span class='ocr_line' id='line_1_16' title="bbox 200 1613 1793 1682; baseline 0.007 -16"><span class='ocrx_word' id='word_1_101' title='bbox 200 1627 294 1677; x_wconf 88' lang='lat' dir='ltr'><strong>se,</strong></span> <span class='ocrx_word' id='word_1_102' title='bbox 349 1613 664 1682; x_wconf 89' lang='lat' dir='ltr'><strong>factumque</strong></span> <span class='ocrx_word' id='word_1_103' title='bbox 718 1628 842 1667; x_wconf 86' lang='lat' dir='ltr'><strong>esse</strong></span> <span class='ocrx_word' id='word_1_104' title='bbox 897 1614 1069 1667; x_wconf 84' lang='lat' dir='ltr'><strong>Adam</strong></span> <span class='ocrx_word' id='word_1_105' title='bbox 1129 1615 1184 1669; x_wconf 90' lang='lat' dir='ltr'><strong>in</strong></span> <span class='ocrx_word' id='word_1_106' title='bbox 1243 1617 1484 1672; x_wconf 88' lang='lat' dir='ltr'><strong>animam</strong></span> <span class='ocrx_word' id='word_1_107' title='bbox 1527 1621 1793 1678; x_wconf 85' lang='lat' dir='ltr'><strong>viventem</strong></span> 
     </span>
    </p>
   </div>
   <div class='ocr_carea' id='block_1_17' title="bbox 200 1702 1793 1779">
    <p class='ocr_par' dir='ltr' id='par_1_17' title="bbox 200 1702 1793 1779">
     <span class='ocr_line' id='line_1_17' title="bbox 200 1702 1793 1779; baseline 0.006 -22"><span class='ocrx_word' id='word_1_108' title='bbox 200 1703 353 1772; x_wconf 84' lang='lat' dir='ltr'><strong>(Gen.</strong></span> <span class='ocrx_word' id='word_1_109' title='bbox 379 1708 461 1772; x_wconf 87' lang='grc' dir='ltr'><strong>ιι).</strong></span> <span class='ocrx_word' id='word_1_110' title='bbox 489 1702 788 1759; x_wconf 84' lang='lat' dir='ltr'><strong>lnsulllavit</strong></span> <span class='ocrx_word' id='word_1_111' title='bbox 808 1705 950 1757; x_wconf 87' lang='lat' dir='ltr'><strong>enim</strong></span> <span class='ocrx_word' id='word_1_112' title='bbox 974 1705 1179 1758; x_wconf 87' lang='lat' dir='ltr'><strong>dicttuu</strong></span> <span class='ocrx_word' id='word_1_113' title='bbox 1192 1718 1275 1762; x_wconf 90' lang='lat' dir='ltr'><strong>est</strong></span> <span class='ocrx_word' id='word_1_114' title='bbox 1294 1708 1360 1761; x_wconf 88' lang='lat' dir='ltr'><strong>ad</strong></span> <span class='ocrx_word' id='word_1_115' title='bbox 1382 1710 1793 1779; x_wconf 82' lang='lat' dir='ltr'><strong>exprimendam</strong></span> 
     </span>
    </p>
   </div>
   <div class='ocr_carea' id='block_1_18' title="bbox 199 1798 1791 1871">
    <p class='ocr_par' dir='ltr' id='par_1_18' title="bbox 199 1798 1791 1871">
     <span class='ocr_line' id='line_1_18' title="bbox 199 1798 1791 1871; baseline 0.006 -23"><span class='ocrx_word' id='word_1_116' title='bbox 199 1798 385 1864; x_wconf 89' lang='lat' dir='ltr'><strong>operis</strong></span> <span class='ocrx_word' id='word_1_117' title='bbox 412 1798 757 1867; x_wconf 79' lang='lat' dir='ltr'><strong>dignizatem,</strong></span> <span class='ocrx_word' id='word_1_118' title='bbox 790 1804 849 1850; x_wconf 90' lang='lat' dir='ltr'><strong>ut</strong></span> <span class='ocrx_word' id='word_1_119' title='bbox 878 1808 1263 1866; x_wconf 80' lang='lat' dir='ltr'><strong>agnosceretur</strong></span> <span class='ocrx_word' id='word_1_120' title='bbox 1289 1801 1496 1871; x_wconf 85' lang='lat' dir='ltr'><strong>aliquid</strong></span> <span class='ocrx_word' id='word_1_121' title='bbox 1529 1803 1791 1857; x_wconf 84' lang='lat' dir='ltr'><strong>eximium</strong></span> 
     </span>
    </p>
   </div>
   <div class='ocr_carea' id='block_1_19' title="bbox 1904 603 3497 679">
    <p class='ocr_par' dir='ltr' id='par_1_19' title="bbox 1904 603 3497 679">
     <span class='ocr_line' id='line_1_19' title="bbox 1904 603 3497 679; baseline 0.012 -24"><span class='ocrx_word' id='word_1_122' title='bbox 1904 603 2105 658; x_wconf 82' lang='lat' dir='ltr'><strong>tionem</strong></span> <span class='ocrx_word' id='word_1_123' title='bbox 2142 624 2160 656; x_wconf 75' lang='grc' dir='ltr'>ι</span> <span class='ocrx_word' id='word_1_124' title='bbox 2195 605 2457 663; x_wconf 83' lang='lat' dir='ltr'><strong>Mediator</strong></span> <span class='ocrx_word' id='word_1_125' title='bbox 2508 607 2600 662; x_wconf 87' lang='lat' dir='ltr'><strong>Dei</strong></span> <span class='ocrx_word' id='word_1_126' title='bbox 2632 617 2685 662; x_wconf 88' lang='lat' dir='ltr'><strong>et</strong></span> <span class='ocrx_word' id='word_1_127' title='bbox 2716 610 3021 679; x_wconf 81' lang='lat' dir='ltr'><strong>hominum,</strong></span> <span class='ocrx_word' id='word_1_128' title='bbox 3053 614 3218 670; x_wconf 91' lang='lat' dir='ltr'><strong>homo</strong></span> <span class='ocrx_word' id='word_1_129' title='bbox 3238 615 3497 675; x_wconf 80' lang='lat' dir='ltr'><strong>Christus</strong></span> 
     </span>
    </p>
   </div>
   <div class='ocr_carea' id='block_1_20' title="bbox 1900 691 3496 777">
    <p class='ocr_par' dir='ltr' id='par_1_20' title="bbox 1900 691 3496 777">
     <span class='ocr_line' id='line_1_20' title="bbox 1900 691 3496 777; baseline 0.011 -31"><span class='ocrx_word' id='word_1_130' title='bbox 1900 691 2059 748; x_wconf 70' lang='lat' dir='ltr'><strong>Iesus</strong></span> <span class='ocrx_word' id='word_1_131' title='bbox 2080 694 2133 765; x_wconf 87' lang='grc' dir='ltr'><strong>(Ι</strong></span> <span class='ocrx_word' id='word_1_132' title='bbox 2162 695 2298 750; x_wconf 84' lang='lat' dir='ltr'><strong>Tim.</strong></span> <span class='ocrx_word' id='word_1_133' title='bbox 2326 702 2407 767; x_wconf 82' lang='grc' dir='ltr'><strong>ιι).</strong></span> <span class='ocrx_word' id='word_1_134' title='bbox 2436 719 2454 751; x_wconf 71' lang='grc' dir='ltr'><strong>ι</strong></span> <span class='ocrx_word' id='word_1_135' title='bbox 2478 698 2828 771; x_wconf 63' lang='lat' dir='ltr'><strong>Quaecunque</strong></span> <span class='ocrx_word' id='word_1_136' title='bbox 2851 714 3031 759; x_wconf 89' lang='lat' dir='ltr'><strong>autem</strong></span> <span class='ocrx_word' id='word_1_137' title='bbox 3052 706 3169 761; x_wconf 89' lang='lat' dir='ltr'><strong>sine</strong></span> <span class='ocrx_word' id='word_1_138' title='bbox 3192 709 3365 777; x_wconf 82' lang='lat' dir='ltr'><strong>gratia</strong></span> <span class='ocrx_word' id='word_1_139' title='bbox 3383 723 3496 763; x_wconf 85' lang='lat' dir='ltr'><strong>me-</strong></span> 
     </span>
    </p>
   </div>
   <div class='ocr_carea' id='block_1_21' title="bbox 1901 786 3492 871">
    <p class='ocr_par' dir='ltr' id='par_1_21' title="bbox 1901 786 3492 871">
     <span class='ocr_line' id='line_1_21' title="bbox 1901 786 3492 871; baseline 0.009 -31"><span class='ocrx_word' id='word_1_140' title='bbox 1901 786 2131 843; x_wconf 87' lang='lat' dir='ltr'><strong>diatoris</strong></span> <span class='ocrx_word' id='word_1_141' title='bbox 2143 799 2197 843; x_wconf 90' lang='lat' dir='ltr'><strong>et</strong></span> <span class='ocrx_word' id='word_1_142' title='bbox 2212 802 2556 846; x_wconf 86' lang='lat' dir='ltr'><strong>sacramento</strong></span> <span class='ocrx_word' id='word_1_143' title='bbox 2578 793 2717 863; x_wconf 83' lang='lat' dir='ltr'><strong>ejus,</strong></span> <span class='ocrx_word' id='word_1_144' title='bbox 2744 795 2795 850; x_wconf 90' lang='lat' dir='ltr'><strong>id</strong></span> <span class='ocrx_word' id='word_1_145' title='bbox 2814 807 2895 851; x_wconf 90' lang='lat' dir='ltr'><strong>est</strong></span> <span class='ocrx_word' id='word_1_146' title='bbox 2913 798 3259 867; x_wconf 82' lang='lat' dir='ltr'><strong>baptismate,</strong></span> <span class='ocrx_word' id='word_1_147' title='bbox 3280 800 3332 854; x_wconf 93' lang='lat' dir='ltr'><strong>in</strong></span> <span class='ocrx_word' id='word_1_148' title='bbox 3354 816 3492 871; x_wconf 88' lang='lat' dir='ltr'><strong>qua-</strong></span> 
     </span>
    </p>
   </div>
   <div class='ocr_carea' id='block_1_22' title="bbox 1901 878 3490 960">
    <p class='ocr_par' dir='ltr' id='par_1_22' title="bbox 1901 878 3490 960">
     <span class='ocr_line' id='line_1_22' title="bbox 1901 878 3490 960; baseline 0.008 -28"><span class='ocrx_word' id='word_1_149' title='bbox 1901 878 2033 934; x_wconf 85' lang='lat' dir='ltr'><strong>libet</strong></span> <span class='ocrx_word' id='word_1_150' title='bbox 2055 883 2304 950; x_wconf 89' lang='lat' dir='ltr'><strong>corporis</strong></span> <span class='ocrx_word' id='word_1_151' title='bbox 2332 893 2490 938; x_wconf 82' lang='lat' dir='ltr'><strong>aetate</strong></span> <span class='ocrx_word' id='word_1_152' title='bbox 2523 885 2589 939; x_wconf 88' lang='lat' dir='ltr'><strong>de</strong></span> <span class='ocrx_word' id='word_1_153' title='bbox 2609 901 2835 955; x_wconf 85' lang='lat' dir='ltr'><strong>corpore</strong></span> <span class='ocrx_word' id='word_1_154' title='bbox 2856 890 3067 955; x_wconf 78' lang='lat' dir='ltr'><strong>exierit,</strong></span> <span class='ocrx_word' id='word_1_155' title='bbox 3091 898 3145 943; x_wconf 90' lang='lat' dir='ltr'><strong>et</strong></span> <span class='ocrx_word' id='word_1_156' title='bbox 3188 890 3241 944; x_wconf 91' lang='lat' dir='ltr'><strong>in</strong></span> <span class='ocrx_word' id='word_1_157' title='bbox 3268 907 3490 960; x_wconf 67' lang='lat' dir='ltr'><strong>pinnam</strong></span> 
     </span>
    </p>
   </div>
   <div class='ocr_carea' id='block_1_23' title="bbox 1900 967 3492 1049">
    <p class='ocr_par' dir='ltr' id='par_1_23' title="bbox 1900 967 3492 1049">
     <span class='ocr_line' id='line_1_23' title="bbox 1900 967 3492 1049; baseline 0.009 -27"><span class='ocrx_word' id='word_1_158' title='bbox 1900 967 2140 1024; x_wconf 86' lang='lat' dir='ltr'><strong>futuram</strong></span> <span class='ocrx_word' id='word_1_159' title='bbox 2167 980 2221 1025; x_wconf 89' lang='lat' dir='ltr'><strong>et</strong></span> <span class='ocrx_word' id='word_1_160' title='bbox 2249 973 2304 1026; x_wconf 90' lang='lat' dir='ltr'><strong>in</strong></span> <span class='ocrx_word' id='word_1_161' title='bbox 2337 975 2529 1029; x_wconf 91' lang='lat' dir='ltr'><strong>ultimo</strong></span> <span class='ocrx_word' id='word_1_162' title='bbox 2554 976 2761 1045; x_wconf 84' lang='lat' dir='ltr'><strong>judicio</strong></span> <span class='ocrx_word' id='word_1_163' title='bbox 2784 994 2984 1048; x_wconf 85' lang='lat' dir='ltr'><strong>corpus</strong></span> <span class='ocrx_word' id='word_1_164' title='bbox 3009 982 3076 1035; x_wconf 92' lang='lat' dir='ltr'><strong>ad</strong></span> <span class='ocrx_word' id='word_1_165' title='bbox 3100 996 3316 1049; x_wconf 72' lang='lat' dir='ltr'><strong>pmnam</strong></span> <span class='ocrx_word' id='word_1_166' title='bbox 3340 998 3492 1037; x_wconf 85' lang='lat' dir='ltr'><strong>recc-</strong></span> 
     </span>
    </p>
   </div>
   <div class='ocr_carea' id='block_1_24' title="bbox 1899 1062 3488 1141">
    <p class='ocr_par' dir='ltr' id='par_1_24' title="bbox 1899 1062 3488 1141">
     <span class='ocr_line' id='line_1_24' title="bbox 1899 1062 3488 1141; baseline 0.009 -27"><span class='ocrx_word' id='word_1_167' title='bbox 1899 1070 2135 1131; x_wconf 90' lang='lat' dir='ltr'><strong>pturam.</strong></span> <span class='ocrx_word' id='word_1_168' title='bbox 2193 1062 2249 1117; x_wconf 89' lang='lat' dir='ltr'><strong>Si</strong></span> <span class='ocrx_word' id='word_1_169' title='bbox 2300 1074 2479 1119; x_wconf 89' lang='lat' dir='ltr'><strong>autem</strong></span> <span class='ocrx_word' id='word_1_170' title='bbox 2531 1076 2656 1135; x_wconf 89' lang='lat' dir='ltr'><strong>post</strong></span> <span class='ocrx_word' id='word_1_171' title='bbox 2707 1072 3110 1139; x_wconf 89' lang='lat' dir='ltr'><strong>generationem</strong></span> <span class='ocrx_word' id='word_1_172' title='bbox 3166 1073 3488 1141; x_wconf 81' lang='lat' dir='ltr'><strong>humanam,</strong></span> 
     </span>
    </p>
   </div>
   <div class='ocr_carea' id='block_1_25' title="bbox 1898 1154 3492 1230">
    <p class='ocr_par' dir='ltr' id='par_1_25' title="bbox 1898 1154 3492 1230">
     <span class='ocr_line' id='line_1_25' title="bbox 1898 1154 3492 1230; baseline 0.008 -22"><span class='ocrx_word' id='word_1_173' title='bbox 1898 1170 2020 1224; x_wconf 74' lang='lat' dir='ltr'><strong>qua:</strong></span> <span class='ocrx_word' id='word_1_174' title='bbox 2048 1154 2187 1210; x_wconf 86' lang='lat' dir='ltr'><strong>facta</strong></span> <span class='ocrx_word' id='word_1_175' title='bbox 2217 1166 2390 1211; x_wconf 82' lang='lat' dir='ltr'><strong>estex</strong></span> <span class='ocrx_word' id='word_1_176' title='bbox 2411 1156 2606 1224; x_wconf 80' lang='lat' dir='ltr'><strong>Adam,</strong></span> <span class='ocrx_word' id='word_1_177' title='bbox 2638 1172 2989 1230; x_wconf 84' lang='lat' dir='ltr'><strong>regeneratur</strong></span> <span class='ocrx_word' id='word_1_178' title='bbox 3036 1165 3090 1218; x_wconf 90' lang='lat' dir='ltr'><strong>in</strong></span> <span class='ocrx_word' id='word_1_179' title='bbox 3120 1163 3360 1230; x_wconf 86' lang='lat' dir='ltr'><strong>Christo,</strong></span> <span class='ocrx_word' id='word_1_180' title='bbox 3419 1165 3492 1221; x_wconf 75' lang='lat' dir='ltr'><strong>ad</strong></span> 
     </span>
    </p>
   </div>
   <div class='ocr_carea' id='block_1_26' title="bbox 1897 1244 3490 1322">
    <p class='ocr_par' dir='ltr' id='par_1_26' title="bbox 1897 1244 3490 1322">
     <span class='ocr_line' id='line_1_26' title="bbox 1897 1244 3490 1322; baseline 0.009 -26"><span class='ocrx_word' id='word_1_181' title='bbox 1897 1244 2016 1311; x_wconf 82' lang='lat' dir='ltr'><strong>ejus</strong></span> <span class='ocrx_word' id='word_1_182' title='bbox 2041 1246 2313 1314; x_wconf 70' lang='lat' dir='ltr'><strong>pertinuere</strong></span> <span class='ocrx_word' id='word_1_183' title='bbox 2337 1246 2654 1302; x_wconf 89' lang='lat' dir='ltr'><strong>societatem</strong></span> <span class='ocrx_word' id='word_1_184' title='bbox 2708 1257 2761 1304; x_wconf 89' lang='lat' dir='ltr'><strong>ct</strong></span> <span class='ocrx_word' id='word_1_185' title='bbox 2811 1253 3055 1322; x_wconf 87' lang='lat' dir='ltr'><strong>requiem</strong></span> <span class='ocrx_word' id='word_1_186' title='bbox 3104 1262 3228 1322; x_wconf 88' lang='lat' dir='ltr'><strong>post</strong></span> <span class='ocrx_word' id='word_1_187' title='bbox 3255 1265 3490 1310; x_wconf 89' lang='lat' dir='ltr'><strong>mortem</strong></span> 
     </span>
    </p>
   </div>
   <div class='ocr_carea' id='block_1_27' title="bbox 1898 1335 3491 1414">
    <p class='ocr_par' dir='ltr' id='par_1_27' title="bbox 1898 1335 3491 1414">
     <span class='ocr_line' id='line_1_27' title="bbox 1898 1335 3491 1414; baseline 0.008 -27"><span class='ocrx_word' id='word_1_188' title='bbox 1898 1335 2149 1402; x_wconf 91' lang='lat' dir='ltr'><strong>corporis</strong></span> <span class='ocrx_word' id='word_1_189' title='bbox 2180 1335 2511 1403; x_wconf 83' lang='lat' dir='ltr'><strong>habituram,</strong></span> <span class='ocrx_word' id='word_1_190' title='bbox 2544 1347 2598 1391; x_wconf 90' lang='lat' dir='ltr'><strong>et</strong></span> <span class='ocrx_word' id='word_1_191' title='bbox 2646 1354 2844 1409; x_wconf 90' lang='lat' dir='ltr'><strong>corpus</strong></span> <span class='ocrx_word' id='word_1_192' title='bbox 2873 1344 2939 1396; x_wconf 90' lang='lat' dir='ltr'><strong>ad</strong></span> <span class='ocrx_word' id='word_1_193' title='bbox 2972 1344 3202 1413; x_wconf 81' lang='lat' dir='ltr'><strong>gloriam</strong></span> <span class='ocrx_word' id='word_1_194' title='bbox 3234 1354 3491 1414; x_wconf 39' lang='lat' dir='ltr'><strong>receptu-ﬁ</strong></span> 
     </span>
    </p>
   </div>
   <div class='ocr_carea' id='block_1_28' title="bbox 1899 1423 3489 1496">
    <p class='ocr_par' dir='ltr' id='par_1_28' title="bbox 1899 1423 3489 1496">
     <span class='ocr_line' id='line_1_28' title="bbox 1899 1423 3489 1496; baseline 0.011 -21"><span class='ocrx_word' id='word_1_195' title='bbox 1899 1438 2039 1477; x_wconf 90' lang='lat' dir='ltr'><strong>ram.</strong></span> <span class='ocrx_word' id='word_1_196' title='bbox 2097 1423 2223 1480; x_wconf 68' lang='lat' dir='ltr'><strong>Haec</strong></span> <span class='ocrx_word' id='word_1_197' title='bbox 2274 1435 2403 1480; x_wconf 88' lang='lat' dir='ltr'><strong>sunt</strong></span> <span class='ocrx_word' id='word_1_198' title='bbox 2442 1443 2565 1496; x_wconf 82' lang='lat' dir='ltr'><strong>quae</strong></span> <span class='ocrx_word' id='word_1_199' title='bbox 2594 1427 2661 1481; x_wconf 90' lang='lat' dir='ltr'><strong>de</strong></span> <span class='ocrx_word' id='word_1_200' title='bbox 2714 1430 2897 1485; x_wconf 86' lang='lat' dir='ltr'><strong>anima</strong></span> <span class='ocrx_word' id='word_1_201' title='bbox 2952 1434 3268 1489; x_wconf 84' lang='lat' dir='ltr'><strong>ﬁrmissime</strong></span> <span class='ocrx_word' id='word_1_202' title='bbox 3308 1443 3489 1492; x_wconf 88' lang='lat' dir='ltr'><strong>teneo.</strong></span> 
     </span>
    </p>
   </div>
   <div class='ocr_carea' id='block_1_29' title="bbox 1899 1513 3495 1596">
    <p class='ocr_par' dir='ltr' id='par_1_29' title="bbox 1899 1513 3495 1596">
     <span class='ocr_line' id='line_1_29' title="bbox 1899 1513 3495 1596; baseline 0.009 -28"><span class='ocrx_word' id='word_1_203' title='bbox 1899 1513 2334 1588; x_wconf 65' lang='lat' dir='ltr'><strong>(Cassrouonus.)</strong></span> <span class='ocrx_word' id='word_1_204' title='bbox 2386 1517 2498 1574; x_wconf 85' lang='lat' dir='ltr'><strong>lloc</strong></span> <span class='ocrx_word' id='word_1_205' title='bbox 2515 1529 2696 1575; x_wconf 91' lang='lat' dir='ltr'><strong>autem</strong></span> <span class='ocrx_word' id='word_1_206' title='bbox 2724 1524 2989 1577; x_wconf 84' lang='lat' dir='ltr'><strong>veraciter</strong></span> <span class='ocrx_word' id='word_1_207' title='bbox 3028 1523 3239 1596; x_wconf 78' lang='lat' dir='ltr'><strong>fixcque</strong></span> <span class='ocrx_word' id='word_1_208' title='bbox 3263 1526 3495 1582; x_wconf 75' lang='lat' dir='ltr'><strong>creden-</strong></span> 
     </span>
    </p>
   </div>
   <div class='ocr_carea' id='block_1_30' title="bbox 1896 1605 3491 1689">
    <p class='ocr_par' dir='ltr' id='par_1_30' title="bbox 1896 1605 3491 1689">
     <span class='ocr_line' id='line_1_30' title="bbox 1896 1605 3491 1689; baseline 0.009 -30"><span class='ocrx_word' id='word_1_209' title='bbox 1896 1605 2026 1659; x_wconf 89' lang='lat' dir='ltr'><strong>dum</strong></span> <span class='ocrx_word' id='word_1_210' title='bbox 2059 1615 2144 1661; x_wconf 89' lang='lat' dir='ltr'><strong>est</strong></span> <span class='ocrx_word' id='word_1_211' title='bbox 2197 1606 2363 1662; x_wconf 90' lang='lat' dir='ltr'><strong>Deum</strong></span> <span class='ocrx_word' id='word_1_212' title='bbox 2395 1611 2607 1666; x_wconf 89' lang='lat' dir='ltr'><strong>animas</strong></span> <span class='ocrx_word' id='word_1_213' title='bbox 2637 1626 2846 1680; x_wconf 88' lang='lat' dir='ltr'><strong>creare,</strong></span> <span class='ocrx_word' id='word_1_214' title='bbox 2884 1623 2939 1668; x_wconf 92' lang='lat' dir='ltr'><strong>ct</strong></span> <span class='ocrx_word' id='word_1_215' title='bbox 2989 1617 3200 1671; x_wconf 81' lang='lat' dir='ltr'><strong>occulta</strong></span> <span class='ocrx_word' id='word_1_216' title='bbox 3249 1617 3491 1689; x_wconf 86' lang='lat' dir='ltr'><strong>quadam</strong></span> 
     </span>
    </p>
   </div>
   <div class='ocr_carea' id='block_1_31' title="bbox 1895 1700 3493 1780">
    <p class='ocr_par' dir='ltr' id='par_1_31' title="bbox 1895 1700 3493 1780">
     <span class='ocr_line' id='line_1_31' title="bbox 1895 1700 3493 1780; baseline 0.007 -27"><span class='ocrx_word' id='word_1_217' title='bbox 1895 1701 2111 1754; x_wconf 87' lang='lat' dir='ltr'><strong>ratione</strong></span> <span class='ocrx_word' id='word_1_218' title='bbox 2133 1700 2441 1770; x_wconf 89' lang='lat' dir='ltr'><strong>justissime</strong></span> <span class='ocrx_word' id='word_1_219' title='bbox 2476 1704 2582 1759; x_wconf 88' lang='lat' dir='ltr'><strong>illis</strong></span> <span class='ocrx_word' id='word_1_220' title='bbox 2641 1705 2912 1775; x_wconf 89' lang='lat' dir='ltr'><strong>imputare</strong></span> <span class='ocrx_word' id='word_1_221' title='bbox 2940 1709 3087 1780; x_wconf 93' lang='lat' dir='ltr'><strong>quod</strong></span> <span class='ocrx_word' id='word_1_222' title='bbox 3110 1710 3273 1780; x_wconf 88' lang='lat' dir='ltr'><strong>primi</strong></span> <span class='ocrx_word' id='word_1_223' title='bbox 3310 1710 3493 1767; x_wconf 78' lang='lat' dir='ltr'><strong>homi-</strong></span> 
     </span>
    </p>
   </div>
   <div class='ocr_carea' id='block_1_32' title="bbox 1896 1789 2803 1859">
    <p class='ocr_par' dir='ltr' id='par_1_32' title="bbox 1896 1789 2803 1859">
     <span class='ocr_line' id='line_1_32' title="bbox 1896 1789 2803 1859; baseline 0.011 -17"><span class='ocrx_word' id='word_1_224' title='bbox 1896 1789 1982 1845; x_wconf 92' lang='lat' dir='ltr'><strong>nis</strong></span> <span class='ocrx_word' id='word_1_225' title='bbox 2008 1799 2229 1859; x_wconf 89' lang='lat' dir='ltr'><strong>peccato</strong></span> <span class='ocrx_word' id='word_1_226' title='bbox 2260 1800 2511 1847; x_wconf 90' lang='lat' dir='ltr'><strong>tenentur</strong></span> <span class='ocrx_word' id='word_1_227' title='bbox 2535 1795 2803 1852; x_wconf 74' lang='lat' dir='ltr'><strong>obnoxize.</strong></span> 
     </span>
    </p>
   </div>
   <div class='ocr_carea' id='block_1_33' title="bbox 196 1872 1784 1964">
    <p class='ocr_par' dir='ltr' id='par_1_33' title="bbox 196 1878 1784 1964">
     <span class='ocr_line' id='line_1_33' title="bbox 196 1878 1784 1964; baseline 0.006 -24"><span class='ocrx_word' id='word_1_228' title='bbox 196 1889 346 1959; x_wconf 82' lang='lat' dir='ltr'><strong>quod</strong></span> <span class='ocrx_word' id='word_1_229' title='bbox 376 1889 497 1957; x_wconf 85' lang='lat' dir='ltr'><strong>ejus</strong></span> <span class='ocrx_word' id='word_1_230' title='bbox 542 1904 637 1943; x_wconf 86' lang='lat' dir='ltr'><strong>ore</strong></span> <span class='ocrx_word' id='word_1_231' title='bbox 672 1896 755 1942; x_wconf 86' lang='lat' dir='ltr'><strong>est</strong></span> <span class='ocrx_word' id='word_1_232' title='bbox 779 1878 1065 1958; x_wconf 79' lang='lat' dir='ltr'><strong>prolatum.</strong></span> <span class='ocrx_word' id='word_1_233' title='bbox 1090 1889 1359 1945; x_wconf 66' lang='lat' dir='ltr'><strong>Cmterum</strong></span> <span class='ocrx_word' id='word_1_234' title='bbox 1393 1893 1495 1948; x_wconf 84' lang='lat' dir='ltr'><strong>hoc</strong></span> <span class='ocrx_word' id='word_1_235' title='bbox 1522 1894 1784 1964; x_wconf 83' lang='lat' dir='ltr'><strong>significat</strong></span> 
     </span>
    </p>
   </div>
   <div class='ocr_carea' id='block_1_34' title="bbox 1888 1872 3491 1964">
    <p class='ocr_par' dir='ltr' id='par_1_34' title="bbox 1968 1878 3491 1963">
     <span class='ocr_line' id='line_1_34' title="bbox 1968 1878 3491 1963; baseline 0.011 -30"><span class='ocrx_word' id='word_1_236' title='bbox 1968 1878 2072 1934; x_wconf 88' lang='lat' dir='ltr'><strong>Sed</strong></span> <span class='ocrx_word' id='word_1_237' title='bbox 2092 1883 2351 1950; x_wconf 90' lang='lat' dir='ltr'><strong>quoniam</strong></span> <span class='ocrx_word' id='word_1_238' title='bbox 2372 1885 2425 1937; x_wconf 90' lang='lat' dir='ltr'><strong>in</strong></span> <span class='ocrx_word' id='word_1_239' title='bbox 2448 1884 2788 1955; x_wconf 73' lang='lat' dir='ltr'><strong>hunclocum</strong></span> <span class='ocrx_word' id='word_1_240' title='bbox 2814 1897 2972 1944; x_wconf 89' lang='lat' dir='ltr'><strong>tenor</strong></span> <span class='ocrx_word' id='word_1_241' title='bbox 2988 1906 3088 1946; x_wconf 90' lang='lat' dir='ltr'><strong>nos</strong></span> <span class='ocrx_word' id='word_1_242' title='bbox 3102 1891 3491 1963; x_wconf 76' lang='lat' dir='ltr'><strong>disputationis</strong></span> 
     </span>
    </p>
   </div>
   <div class='ocr_carea' id='block_1_35' title="bbox 159 1984 1791 2059">
    <p class='ocr_par' dir='ltr' id='par_1_35' title="bbox 159 1984 1791 2059">
     <span class='ocr_line' id='line_1_35' title="bbox 159 1984 1791 2059; baseline 0.007 -22"><span class='ocrx_word' id='word_1_243' title='bbox 159 2053 163 2056; x_wconf 17' lang='grc' dir='ltr'><em>ι</em></span> <span class='ocrx_word' id='word_1_244' title='bbox 194 1984 499 2038; x_wconf 81' lang='lat' dir='ltr'><strong>insulllatio</strong></span> <span class='ocrx_word' id='word_1_245' title='bbox 527 1984 668 2052; x_wconf 89' lang='lat' dir='ltr'><strong>ejus,</strong></span> <span class='ocrx_word' id='word_1_246' title='bbox 713 1986 855 2054; x_wconf 90' lang='lat' dir='ltr'><strong>quod</strong></span> <span class='ocrx_word' id='word_1_247' title='bbox 891 1987 1204 2041; x_wconf 89' lang='lat' dir='ltr'><strong>mandatum</strong></span> <span class='ocrx_word' id='word_1_248' title='bbox 1236 1989 1500 2059; x_wconf 82' lang='lat' dir='ltr'><strong>etjussio.</strong></span> <span class='ocrx_word' id='word_1_249' title='bbox 1525 1990 1661 2046; x_wconf 74' lang='lat' dir='ltr'><strong>Nam</strong></span> <span class='ocrx_word' id='word_1_250' title='bbox 1703 1994 1791 2047; x_wconf 54' lang='lat' dir='ltr'><strong>in.</strong></span> 
     </span>
    </p>
   </div>
   <div class='ocr_carea' id='block_1_36' title="bbox 200 2075 1791 2153">
    <p class='ocr_par' dir='ltr' id='par_1_36' title="bbox 200 2075 1791 2153">
     <span class='ocr_line' id='line_1_36' title="bbox 200 2075 1791 2153; baseline 0.008 -26"><span class='ocrx_word' id='word_1_251' title='bbox 200 2075 425 2129; x_wconf 84' lang='lat' dir='ltr'><strong>sulllare</strong></span> <span class='ocrx_word' id='word_1_252' title='bbox 456 2077 912 2146; x_wconf 82' lang='lat' dir='ltr'><strong>quemadmodum</strong></span> <span class='ocrx_word' id='word_1_253' title='bbox 948 2088 1144 2147; x_wconf 85' lang='lat' dir='ltr'><strong>potest,</strong></span> <span class='ocrx_word' id='word_1_254' title='bbox 1200 2081 1292 2150; x_wconf 88' lang='lat' dir='ltr'><strong>qui</strong></span> <span class='ocrx_word' id='word_1_255' title='bbox 1330 2098 1507 2152; x_wconf 88' lang='lat' dir='ltr'><strong>neque</strong></span> <span class='ocrx_word' id='word_1_256' title='bbox 1537 2085 1791 2153; x_wconf 78' lang='lat' dir='ltr'><strong>spiritum</strong></span> 
     </span>
    </p>
   </div>
   <div class='ocr_carea' id='block_1_37' title="bbox 192 2170 1790 2243">
    <p class='ocr_par' dir='ltr' id='par_1_37' title="bbox 192 2170 1790 2243">
     <span class='ocr_line' id='line_1_37' title="bbox 192 2170 1790 2243; baseline 0.007 -21"><span class='ocrx_word' id='word_1_257' title='bbox 192 2170 439 2234; x_wconf 84' lang='lat' dir='ltr'><strong>resolvit,</strong></span> <span class='ocrx_word' id='word_1_258' title='bbox 476 2186 649 2240; x_wconf 86' lang='lat' dir='ltr'><strong>neque</strong></span> <span class='ocrx_word' id='word_1_259' title='bbox 686 2171 912 2224; x_wconf 85' lang='lat' dir='ltr'><strong>buccam</strong></span> <span class='ocrx_word' id='word_1_260' title='bbox 939 2172 1098 2227; x_wconf 88' lang='lat' dir='ltr'><strong>habet</strong></span> <span class='ocrx_word' id='word_1_261' title='bbox 1128 2190 1251 2243; x_wconf 68' lang='lat' dir='ltr'><strong>qua:</strong></span> <span class='ocrx_word' id='word_1_262' title='bbox 1271 2186 1485 2231; x_wconf 91' lang='lat' dir='ltr'><strong>constat</strong></span> <span class='ocrx_word' id='word_1_263' title='bbox 1523 2194 1645 2232; x_wconf 83' lang='lat' dir='ltr'><strong>esse</strong></span> <span class='ocrx_word' id='word_1_264' title='bbox 1667 2195 1790 2233; x_wconf 90' lang='lat' dir='ltr'><strong>cor-</strong></span> 
     </span>
    </p>
   </div>
   <div class='ocr_carea' id='block_1_38' title="bbox 194 2260 1788 2331">
    <p class='ocr_par' dir='ltr' id='par_1_38' title="bbox 194 2260 1788 2331">
     <span class='ocr_line' id='line_1_38' title="bbox 194 2260 1788 2331; baseline 0.01 -23"><span class='ocrx_word' id='word_1_265' title='bbox 194 2276 382 2330; x_wconf 77' lang='lat' dir='ltr'><strong>porca.</strong></span> <span class='ocrx_word' id='word_1_266' title='bbox 423 2260 535 2315; x_wconf 89' lang='lat' dir='ltr'><strong>lloc</strong></span> <span class='ocrx_word' id='word_1_267' title='bbox 562 2263 809 2315; x_wconf 90' lang='lat' dir='ltr'><strong>nonnulli</strong></span> <span class='ocrx_word' id='word_1_268' title='bbox 833 2266 1003 2317; x_wconf 82' lang='lat' dir='ltr'><strong>secuti</strong></span> <span class='ocrx_word' id='word_1_269' title='bbox 1045 2265 1324 2331; x_wconf 55' lang='lat' dir='ltr'><strong>dixerunt,</strong></span> <span class='ocrx_word' id='word_1_270' title='bbox 1349 2284 1474 2322; x_wconf 79' lang='lat' dir='ltr'><strong>mox</strong></span> <span class='ocrx_word' id='word_1_271' title='bbox 1510 2279 1570 2323; x_wconf 91' lang='lat' dir='ltr'><strong>ut</strong></span> <span class='ocrx_word' id='word_1_272' title='bbox 1600 2286 1788 2324; x_wconf 89' lang='lat' dir='ltr'><strong>semen</strong></span> 
     </span>
    </p>
   </div>
   <div class='ocr_carea' id='block_1_39' title="bbox 192 2350 1788 2430">
    <p class='ocr_par' dir='ltr' id='par_1_39' title="bbox 192 2350 1788 2430">
     <span class='ocr_line' id='line_1_39' title="bbox 192 2350 1788 2430; baseline 0.007 -25"><span class='ocrx_word' id='word_1_273' title='bbox 192 2350 498 2406; x_wconf 79' lang='lat' dir='ltr'><strong>humanum</strong></span> <span class='ocrx_word' id='word_1_274' title='bbox 532 2355 877 2425; x_wconf 66' lang='lat' dir='ltr'><strong>coagulatum</strong></span> <span class='ocrx_word' id='word_1_275' title='bbox 903 2355 1065 2410; x_wconf 79' lang='lat' dir='ltr'><strong>fuerit</strong></span> <span class='ocrx_word' id='word_1_276' title='bbox 1089 2358 1141 2410; x_wconf 92' lang='lat' dir='ltr'><strong>in</strong></span> <span class='ocrx_word' id='word_1_277' title='bbox 1163 2359 1375 2413; x_wconf 83' lang='lat' dir='ltr'><strong>vitalem</strong></span> <span class='ocrx_word' id='word_1_278' title='bbox 1402 2361 1788 2430; x_wconf 84' lang='lat' dir='ltr'><strong>substantiam,</strong></span> 
     </span>
    </p>
   </div>
   <div class='ocr_carea' id='block_1_40' title="bbox 193 2443 1791 2527">
    <p class='ocr_par' dir='ltr' id='par_1_40' title="bbox 193 2443 1791 2527">
     <span class='ocr_line' id='line_1_40' title="bbox 193 2443 1791 2527; baseline 0.009 -30"><span class='ocrx_word' id='word_1_279' title='bbox 193 2443 337 2498; x_wconf 80' lang='lat' dir='ltr'><strong>illico</strong></span> <span class='ocrx_word' id='word_1_280' title='bbox 361 2455 573 2500; x_wconf 87' lang='lat' dir='ltr'><strong>creatas</strong></span> <span class='ocrx_word' id='word_1_281' title='bbox 595 2448 807 2503; x_wconf 86' lang='lat' dir='ltr'><strong>animas</strong></span> <span class='ocrx_word' id='word_1_282' title='bbox 833 2451 1152 2519; x_wconf 82' lang='lat' dir='ltr'><strong>corporibus</strong></span> <span class='ocrx_word' id='word_1_283' title='bbox 1188 2452 1319 2508; x_wconf 78' lang='lat' dir='ltr'><strong>date</strong></span> <span class='ocrx_word' id='word_1_284' title='bbox 1338 2454 1601 2511; x_wconf 86' lang='lat' dir='ltr'><strong>discretas</strong></span> <span class='ocrx_word' id='word_1_285' title='bbox 1628 2466 1791 2527; x_wconf 91' lang='lat' dir='ltr'><strong>atque</strong></span> 
     </span>
    </p>
   </div>
   <div class='ocr_carea' id='block_1_41' title="bbox 193 2538 1791 2620">
    <p class='ocr_par' dir='ltr' id='par_1_41' title="bbox 193 2538 1791 2620">
     <span class='ocr_line' id='line_1_41' title="bbox 193 2538 1791 2620; baseline 0.008 -30"><span class='ocrx_word' id='word_1_286' title='bbox 193 2539 486 2607; x_wconf 85' lang='lat' dir='ltr'><strong>periectas.</strong></span> <span class='ocrx_word' id='word_1_287' title='bbox 518 2538 765 2593; x_wconf 83' lang='lat' dir='ltr'><strong>Medendi</strong></span> <span class='ocrx_word' id='word_1_288' title='bbox 808 2553 990 2597; x_wconf 90' lang='lat' dir='ltr'><strong>autem</strong></span> <span class='ocrx_word' id='word_1_289' title='bbox 1036 2546 1272 2601; x_wconf 79' lang='lat' dir='ltr'><strong>artifices</strong></span> <span class='ocrx_word' id='word_1_290' title='bbox 1296 2548 1454 2615; x_wconf 84' lang='lat' dir='ltr'><strong>periti</strong></span> <span class='ocrx_word' id='word_1_291' title='bbox 1486 2550 1791 2620; x_wconf 86' lang='lat' dir='ltr'><strong>quadrage—</strong></span> 
     </span>
    </p>
   </div>
   <div class='ocr_carea' id='block_1_42' title="bbox 191 2630 1790 2707">
    <p class='ocr_par' dir='ltr' id='par_1_42' title="bbox 191 2630 1790 2707">
     <span class='ocr_line' id='line_1_42' title="bbox 191 2630 1790 2707; baseline 0.008 -23"><span class='ocrx_word' id='word_1_292' title='bbox 191 2630 333 2685; x_wconf 83' lang='lat' dir='ltr'><strong>simo</strong></span> <span class='ocrx_word' id='word_1_293' title='bbox 356 2632 447 2687; x_wconf 86' lang='lat' dir='ltr'><strong>die</strong></span> <span class='ocrx_word' id='word_1_294' title='bbox 472 2634 772 2686; x_wconf 88' lang='lat' dir='ltr'><strong>humanmn</strong></span> <span class='ocrx_word' id='word_1_295' title='bbox 797 2650 861 2688; x_wconf 93' lang='lat' dir='ltr'><strong>ac</strong></span> <span class='ocrx_word' id='word_1_296' title='bbox 892 2637 1119 2691; x_wconf 88' lang='lat' dir='ltr'><strong>mortale</strong></span> <span class='ocrx_word' id='word_1_297' title='bbox 1144 2654 1310 2707; x_wconf 88' lang='lat' dir='ltr'><strong>pecus</strong></span> <span class='ocrx_word' id='word_1_298' title='bbox 1333 2641 1572 2695; x_wconf 88' lang='lat' dir='ltr'><strong>animam</strong></span> <span class='ocrx_word' id='word_1_299' title='bbox 1601 2643 1790 2698; x_wconf 83' lang='lat' dir='ltr'><strong>dicunt</strong></span> 
     </span>
    </p>
   </div>
   <div class='ocr_carea' id='block_1_43' title="bbox 192 2725 1785 2800">
    <p class='ocr_par' dir='ltr' id='par_1_43' title="bbox 192 2725 1785 2800">
     <span class='ocr_line' id='line_1_43' title="bbox 192 2725 1785 2800; baseline 0.007 -23"><span class='ocrx_word' id='word_1_300' title='bbox 192 2725 458 2795; x_wconf 87' lang='lat' dir='ltr'><strong>accipere,</strong></span> <span class='ocrx_word' id='word_1_301' title='bbox 481 2742 603 2779; x_wconf 85' lang='lat' dir='ltr'><strong>cum</strong></span> <span class='ocrx_word' id='word_1_302' title='bbox 625 2727 745 2780; x_wconf 87' lang='lat' dir='ltr'><strong>sein</strong></span> <span class='ocrx_word' id='word_1_303' title='bbox 765 2737 922 2781; x_wconf 87' lang='lat' dir='ltr'><strong>utero</strong></span> <span class='ocrx_word' id='word_1_304' title='bbox 945 2729 1136 2784; x_wconf 89' lang='lat' dir='ltr'><strong>matris</strong></span> <span class='ocrx_word' id='word_1_305' title='bbox 1167 2734 1393 2800; x_wconf 70' lang='lat' dir='ltr'><strong>cmperlt</strong></span> <span class='ocrx_word' id='word_1_306' title='bbox 1417 2749 1785 2789; x_wconf 84' lang='lat' dir='ltr'><strong>commovere.</strong></span> 
     </span>
    </p>
   </div>
   <div class='ocr_carea' id='block_1_44' title="bbox 193 2813 1787 2896">
    <p class='ocr_par' dir='ltr' id='par_1_44' title="bbox 193 2813 1787 2896">
     <span class='ocr_line' id='line_1_44' title="bbox 193 2813 1787 2896; baseline 0.007 -26"><span class='ocrx_word' id='word_1_307' title='bbox 193 2813 350 2871; x_wconf 88' lang='lat' dir='ltr'><strong>Unde</strong></span> <span class='ocrx_word' id='word_1_308' title='bbox 372 2833 501 2872; x_wconf 93' lang='lat' dir='ltr'><strong>vero</strong></span> <span class='ocrx_word' id='word_1_309' title='bbox 534 2818 655 2872; x_wconf 82' lang='lat' dir='ltr'><strong>illas</strong></span> <span class='ocrx_word' id='word_1_310' title='bbox 687 2818 831 2875; x_wconf 88' lang='lat' dir='ltr'><strong>Deus</strong></span> <span class='ocrx_word' id='word_1_311' title='bbox 861 2820 1025 2875; x_wconf 82' lang='lat' dir='ltr'><strong>faciat</strong></span> <span class='ocrx_word' id='word_1_312' title='bbox 1048 2822 1261 2892; x_wconf 88' lang='lat' dir='ltr'><strong>ignoro,</strong></span> <span class='ocrx_word' id='word_1_313' title='bbox 1298 2825 1478 2881; x_wconf 85' lang='lat' dir='ltr'><strong>sciens</strong></span> <span class='ocrx_word' id='word_1_314' title='bbox 1508 2826 1612 2880; x_wconf 91' lang='lat' dir='ltr'><strong>hoc</strong></span> <span class='ocrx_word' id='word_1_315' title='bbox 1641 2827 1787 2896; x_wconf 89' lang='lat' dir='ltr'><strong>quod</strong></span> 
     </span>
    </p>
   </div>
   <div class='ocr_carea' id='block_1_45' title="bbox 194 2905 1784 2985">
    <p class='ocr_par' dir='ltr' id='par_1_45' title="bbox 194 2905 1784 2985">
     <span class='ocr_line' id='line_1_45' title="bbox 194 2905 1784 2985; baseline 0.008 -27"><span class='ocrx_word' id='word_1_316' title='bbox 194 2905 314 2974; x_wconf 90' lang='lat' dir='ltr'><strong>ejus</strong></span> <span class='ocrx_word' id='word_1_317' title='bbox 341 2905 521 2962; x_wconf 88' lang='lat' dir='ltr'><strong>facere</strong></span> <span class='ocrx_word' id='word_1_318' title='bbox 551 2909 687 2963; x_wconf 87' lang='lat' dir='ltr'><strong>nihil</strong></span> <span class='ocrx_word' id='word_1_319' title='bbox 707 2910 855 2963; x_wconf 87' lang='lat' dir='ltr'><strong>aliud</strong></span> <span class='ocrx_word' id='word_1_320' title='bbox 904 2920 986 2965; x_wconf 75' lang='lat' dir='ltr'><strong>est</strong></span> <span class='ocrx_word' id='word_1_321' title='bbox 1020 2928 1183 2981; x_wconf 86' lang='lat' dir='ltr'><strong>quam</strong></span> <span class='ocrx_word' id='word_1_322' title='bbox 1234 2914 1484 2969; x_wconf 85' lang='lat' dir='ltr'><strong>voluntas</strong></span> <span class='ocrx_word' id='word_1_323' title='bbox 1509 2925 1562 2969; x_wconf 88' lang='lat' dir='ltr'><strong>et</strong></span> <span class='ocrx_word' id='word_1_324' title='bbox 1588 2916 1784 2985; x_wconf 85' lang='lat' dir='ltr'><strong>jussio.</strong></span> 
     </span>
    </p>
   </div>
   <div class='ocr_carea' id='block_1_46' title="bbox 193 2997 1785 3077">
    <p class='ocr_par' dir='ltr' id='par_1_46' title="bbox 193 2997 1785 3077">
     <span class='ocr_line' id='line_1_46' title="bbox 193 2997 1785 3077; baseline 0.008 -26"><span class='ocrx_word' id='word_1_325' title='bbox 193 2997 438 3054; x_wconf 89' lang='lat' dir='ltr'><strong>Sanctus</strong></span> <span class='ocrx_word' id='word_1_326' title='bbox 461 3002 679 3070; x_wconf 81' lang='lat' dir='ltr'><strong>quidem</strong></span> <span class='ocrx_word' id='word_1_327' title='bbox 718 3004 1063 3074; x_wconf 72' lang='lat' dir='ltr'><strong>Augustinus</strong></span> <span class='ocrx_word' id='word_1_328' title='bbox 1093 3007 1340 3061; x_wconf 88' lang='lat' dir='ltr'><strong>scribens</strong></span> <span class='ocrx_word' id='word_1_329' title='bbox 1387 3023 1483 3077; x_wconf 87' lang='lat' dir='ltr'><strong>per</strong></span> <span class='ocrx_word' id='word_1_330' title='bbox 1531 3007 1785 3065; x_wconf 86' lang='lat' dir='ltr'><strong>Orosium</strong></span> 
     </span>
    </p>
   </div>
   <div class='ocr_carea' id='block_1_47' title="bbox 189 3089 1782 3169">
    <p class='ocr_par' dir='ltr' id='par_1_47' title="bbox 189 3089 1782 3169">
     <span class='ocr_line' id='line_1_47' title="bbox 189 3089 1782 3169; baseline 0.009 -26"><span class='ocrx_word' id='word_1_331' title='bbox 189 3100 242 3144; x_wconf 90' lang='lat' dir='ltr'><strong>et</strong></span> <span class='ocrx_word' id='word_1_332' title='bbox 294 3089 582 3147; x_wconf 83' lang='lat' dir='ltr'><strong>Paulinum</strong></span> <span class='ocrx_word' id='word_1_333' title='bbox 631 3095 698 3149; x_wconf 81' lang='lat' dir='ltr'><strong>ad</strong></span> <span class='ocrx_word' id='word_1_334' title='bbox 754 3096 971 3150; x_wconf 89' lang='lat' dir='ltr'><strong>beatum</strong></span> <span class='ocrx_word' id='word_1_335' title='bbox 1030 3096 1463 3169; x_wconf 76' lang='lat' dir='ltr'><strong>Hieronymum,</strong></span> <span class='ocrx_word' id='word_1_336' title='bbox 1515 3101 1594 3156; x_wconf 90' lang='lat' dir='ltr'><strong>sic</strong></span> <span class='ocrx_word' id='word_1_337' title='bbox 1640 3104 1716 3157; x_wconf 91' lang='lat' dir='ltr'><strong>ait</strong></span> <span class='ocrx_word' id='word_1_338' title='bbox 1769 3122 1782 3157; x_wconf 87' lang='lat'><strong>:</strong></span> 
     </span>
    </p>
   </div>
   <div class='ocr_carea' id='block_1_48' title="bbox 188 3182 1855 3284">
    <p class='ocr_par' dir='ltr' id='par_1_48' title="bbox 188 3182 1855 3284">
     <span class='ocr_line' id='line_1_48' title="bbox 188 3182 1855 3284; baseline 0.007 -45"><span class='ocrx_word' id='word_1_339' title='bbox 188 3182 426 3242; x_wconf 82' lang='lat' dir='ltr'><strong>Proinde</strong></span> <span class='ocrx_word' id='word_1_340' title='bbox 458 3204 526 3242; x_wconf 88' lang='lat' dir='ltr'><strong>ne</strong></span> <span class='ocrx_word' id='word_1_341' title='bbox 557 3189 779 3259; x_wconf 87' lang='lat' dir='ltr'><strong>longum</strong></span> <span class='ocrx_word' id='word_1_342' title='bbox 815 3190 1035 3259; x_wconf 82' lang='lat' dir='ltr'><strong>faciam,</strong></span> <span class='ocrx_word' id='word_1_343' title='bbox 1078 3192 1181 3247; x_wconf 88' lang='lat' dir='ltr'><strong>hoc</strong></span> <span class='ocrx_word' id='word_1_344' title='bbox 1222 3201 1368 3248; x_wconf 89' lang='lat' dir='ltr'><strong>certe</strong></span> <span class='ocrx_word' id='word_1_345' title='bbox 1415 3195 1615 3262; x_wconf 91' lang='lat' dir='ltr'><strong>sentis,</strong></span> <span class='ocrx_word' id='word_1_346' title='bbox 1638 3197 1782 3266; x_wconf 85' lang='lat' dir='ltr'><strong>quod</strong></span> <span class='ocrx_word' id='word_1_347' title='bbox 1812 3228 1855 3284; x_wconf 63' lang='grc' dir='ltr'>ε</span> 
     </span>
    </p>
   </div>
   <div class='ocr_carea' id='block_1_49' title="bbox 190 3278 1781 3350">
    <p class='ocr_par' dir='ltr' id='par_1_49' title="bbox 190 3278 1781 3350">
     <span class='ocr_line' id='line_1_49' title="bbox 190 3278 1781 3350; baseline 0.006 -18"><span class='ocrx_word' id='word_1_348' title='bbox 190 3278 438 3349; x_wconf 81' lang='lat' dir='ltr'><strong>singulas</strong></span> <span class='ocrx_word' id='word_1_349' title='bbox 487 3279 700 3334; x_wconf 86' lang='lat' dir='ltr'><strong>animas</strong></span> <span class='ocrx_word' id='word_1_350' title='bbox 750 3281 979 3350; x_wconf 78' lang='lat' dir='ltr'><strong>singulis</strong></span> <span class='ocrx_word' id='word_1_351' title='bbox 1046 3285 1398 3340; x_wconf 85' lang='lat' dir='ltr'><strong>nascentibus</strong></span> <span class='ocrx_word' id='word_1_352' title='bbox 1444 3286 1609 3341; x_wconf 91' lang='lat' dir='ltr'><strong>etiam</strong></span> <span class='ocrx_word' id='word_1_353' title='bbox 1661 3305 1781 3342; x_wconf 90' lang='lat' dir='ltr'><strong>mo-</strong></span> 
     </span>
    </p>
   </div>
   <div class='ocr_carea' id='block_1_50' title="bbox 188 3370 1786 3450">
    <p class='ocr_par' dir='ltr' id='par_1_50' title="bbox 188 3370 1786 3450">
     <span class='ocr_line' id='line_1_50' title="bbox 188 3370 1786 3450; baseline 0.007 -25"><span class='ocrx_word' id='word_1_354' title='bbox 188 3370 262 3425; x_wconf 84' lang='lat' dir='ltr'><strong>do</strong></span> <span class='ocrx_word' id='word_1_355' title='bbox 316 3370 461 3426; x_wconf 89' lang='lat' dir='ltr'><strong>Deus</strong></span> <span class='ocrx_word' id='word_1_356' title='bbox 509 3371 696 3427; x_wconf 80' lang='lat' dir='ltr'><strong>faciat.</strong></span> <span class='ocrx_word' id='word_1_357' title='bbox 745 3373 844 3427; x_wconf 88' lang='lat' dir='ltr'><strong>Cui</strong></span> <span class='ocrx_word' id='word_1_358' title='bbox 889 3376 1171 3429; x_wconf 78' lang='lat' dir='ltr'><strong>sententi-.1:</strong></span> <span class='ocrx_word' id='word_1_359' title='bbox 1207 3394 1275 3432; x_wconf 90' lang='lat' dir='ltr'><strong>ne</strong></span> <span class='ocrx_word' id='word_1_360' title='bbox 1317 3379 1607 3448; x_wconf 79' lang='lat' dir='ltr'><strong>objiciatur</strong></span> <span class='ocrx_word' id='word_1_361' title='bbox 1640 3381 1786 3450; x_wconf 84' lang='lat' dir='ltr'><strong>quod</strong></span> 
     </span>
    </p>
   </div>
   <div class='ocr_carea' id='block_1_51' title="bbox 186 3467 1787 3539">
    <p class='ocr_par' dir='ltr' id='par_1_51' title="bbox 186 3467 1787 3539">
     <span class='ocr_line' id='line_1_51' title="bbox 186 3467 1787 3539; baseline 0.007 -21"><span class='ocrx_word' id='word_1_362' title='bbox 186 3478 384 3519; x_wconf 89' lang='lat' dir='ltr'><strong>omnes</strong></span> <span class='ocrx_word' id='word_1_363' title='bbox 406 3474 688 3521; x_wconf 87' lang='lat' dir='ltr'><strong>creaturas</strong></span> <span class='ocrx_word' id='word_1_364' title='bbox 719 3476 868 3521; x_wconf 80' lang='lat' dir='ltr'><strong>sexta</strong></span> <span class='ocrx_word' id='word_1_365' title='bbox 896 3467 984 3521; x_wconf 90' lang='lat' dir='ltr'><strong>die</strong></span> <span class='ocrx_word' id='word_1_366' title='bbox 1034 3472 1499 3526; x_wconf 88' lang='lat' dir='ltr'><strong>consummaverit</strong></span> <span class='ocrx_word' id='word_1_367' title='bbox 1543 3472 1705 3539; x_wconf 88' lang='lat' dir='ltr'><strong>Deus,</strong></span> <span class='ocrx_word' id='word_1_368' title='bbox 1732 3485 1787 3529; x_wconf 91' lang='lat' dir='ltr'><strong>et</strong></span> 
     </span>
    </p>
   </div>
   <div class='ocr_carea' id='block_1_52' title="bbox 186 3555 1781 3629">
    <p class='ocr_par' dir='ltr' id='par_1_52' title="bbox 186 3555 1781 3629">
     <span class='ocr_line' id='line_1_52' title="bbox 186 3555 1781 3629; baseline 0.006 -20"><span class='ocrx_word' id='word_1_369' title='bbox 186 3555 423 3624; x_wconf 87' lang='lat' dir='ltr'><strong>septimo</strong></span> <span class='ocrx_word' id='word_1_370' title='bbox 474 3557 801 3626; x_wconf 84' lang='lat' dir='ltr'><strong>requieverit</strong></span> <span class='ocrx_word' id='word_1_371' title='bbox 855 3557 1087 3629; x_wconf 82' lang='lat' dir='ltr'><strong>(ibid.),</strong></span> <span class='ocrx_word' id='word_1_372' title='bbox 1142 3561 1340 3616; x_wconf 86' lang='lat' dir='ltr'><strong>adhibe</strong></span> <span class='ocrx_word' id='word_1_373' title='bbox 1412 3562 1781 3618; x_wconf 86' lang='lat' dir='ltr'><strong>testimonium</strong></span> 
     </span>
    </p>
   </div>
   <div class='ocr_carea' id='block_1_53' title="bbox 183 3646 1779 3729">
    <p class='ocr_par' dir='ltr' id='par_1_53' title="bbox 183 3646 1779 3729">
     <span class='ocr_line' id='line_1_53' title="bbox 183 3646 1779 3729; baseline 0.006 -28"><span class='ocrx_word' id='word_1_374' title='bbox 183 3646 466 3715; x_wconf 72' lang='lat' dir='ltr'><strong>Evangelii</strong></span> <span class='ocrx_word' id='word_1_375' title='bbox 488 3652 545 3703; x_wconf 68' lang='grc' dir='ltr'><strong>τ’(</strong></span> <span class='ocrx_word' id='word_1_376' title='bbox 581 3649 740 3705; x_wconf 88' lang='lat' dir='ltr'><strong>Pater</strong></span> <span class='ocrx_word' id='word_1_377' title='bbox 770 3668 924 3707; x_wconf 87' lang='lat' dir='ltr'><strong>meus</strong></span> <span class='ocrx_word' id='word_1_378' title='bbox 948 3669 1122 3723; x_wconf 88' lang='lat' dir='ltr'><strong>usque</strong></span> <span class='ocrx_word' id='word_1_379' title='bbox 1151 3671 1296 3710; x_wconf 88' lang='lat' dir='ltr'><strong>nunc</strong></span> <span class='ocrx_word' id='word_1_380' title='bbox 1322 3667 1577 3724; x_wconf 84' lang='lat' dir='ltr'><strong>operatur</strong></span> <span class='ocrx_word' id='word_1_381' title='bbox 1599 3656 1779 3729; x_wconf 85' lang='lat' dir='ltr'><strong>(Joan.</strong></span> 
     </span>
    </p>
   </div>
   <div class='ocr_carea' id='block_1_54' title="bbox 179 3741 1783 3816">
    <p class='ocr_par' dir='ltr' id='par_1_54' title="bbox 179 3741 1783 3816">
     <span class='ocr_line' id='line_1_54' title="bbox 179 3741 1783 3816; baseline 0.006 -23"><span class='ocrx_word' id='word_1_382' title='bbox 179 3741 263 3810; x_wconf 67' lang='grc' dir='ltr'><strong>ν).</strong></span> <span class='ocrx_word' id='word_1_383' title='bbox 304 3759 325 3791; x_wconf 73' lang='grc' dir='ltr'><strong><em>ι</em></strong></span> <span class='ocrx_word' id='word_1_384' title='bbox 351 3741 492 3795; x_wconf 90' lang='lat' dir='ltr'><strong>Cum</strong></span> <span class='ocrx_word' id='word_1_385' title='bbox 532 3757 662 3812; x_wconf 86' lang='lat' dir='ltr'><strong>ergo</strong></span> <span class='ocrx_word' id='word_1_386' title='bbox 694 3744 905 3798; x_wconf 87' lang='lat' dir='ltr'><strong>animas</strong></span> <span class='ocrx_word' id='word_1_387' title='bbox 940 3754 1089 3798; x_wconf 84' lang='lat' dir='ltr'><strong>creat</strong></span> <span class='ocrx_word' id='word_1_388' title='bbox 1138 3743 1280 3798; x_wconf 88' lang='lat' dir='ltr'><strong>Deus</strong></span> <span class='ocrx_word' id='word_1_389' title='bbox 1323 3761 1492 3800; x_wconf 88' lang='lat' dir='ltr'><strong>novas</strong></span> <span class='ocrx_word' id='word_1_390' title='bbox 1539 3747 1783 3816; x_wconf 74' lang='lat' dir='ltr'><strong>singulas</strong></span> 
     </span>
    </p>
   </div>
   <div class='ocr_carea' id='block_1_55' title="bbox 181 3833 1782 3907">
    <p class='ocr_par' dir='ltr' id='par_1_55' title="bbox 181 3833 1782 3907">
     <span class='ocr_line' id='line_1_55' title="bbox 181 3833 1782 3907; baseline 0.003 -18"><span class='ocrx_word' id='word_1_391' title='bbox 181 3833 444 3903; x_wconf 81' lang='lat' dir='ltr'><strong>singulis,</strong></span> <span class='ocrx_word' id='word_1_392' title='bbox 473 3849 628 3888; x_wconf 89' lang='lat' dir='ltr'><strong>suam</strong></span> <span class='ocrx_word' id='word_1_393' title='bbox 672 3836 871 3904; x_wconf 89' lang='lat' dir='ltr'><strong>cuique</strong></span> <span class='ocrx_word' id='word_1_394' title='bbox 921 3838 1165 3891; x_wconf 88' lang='lat' dir='ltr'><strong>nascenti</strong></span> <span class='ocrx_word' id='word_1_395' title='bbox 1199 3853 1306 3891; x_wconf 91' lang='lat' dir='ltr'><strong>non</strong></span> <span class='ocrx_word' id='word_1_396' title='bbox 1359 3838 1562 3907; x_wconf 89' lang='lat' dir='ltr'><strong>aliquid</strong></span> <span class='ocrx_word' id='word_1_397' title='bbox 1603 3838 1782 3895; x_wconf 85' lang='lat' dir='ltr'><strong>facere</strong></span> 
     </span>
    </p>
   </div>
   <div class='ocr_carea' id='block_1_56' title="bbox 179 3925 1780 3997">
    <p class='ocr_par' dir='ltr' id='par_1_56' title="bbox 179 3925 1780 3997">
     <span class='ocr_line' id='line_1_56' title="bbox 179 3925 1780 3997; baseline 0.003 -16"><span class='ocrx_word' id='word_1_398' title='bbox 179 3925 393 3981; x_wconf 88' lang='lat' dir='ltr'><strong>dicitur</strong></span> <span class='ocrx_word' id='word_1_399' title='bbox 418 3927 561 3997; x_wconf 84' lang='lat' dir='ltr'><strong>quod</strong></span> <span class='ocrx_word' id='word_1_400' title='bbox 591 3936 717 3981; x_wconf 88' lang='lat' dir='ltr'><strong>ante</strong></span> <span class='ocrx_word' id='word_1_401' title='bbox 763 3943 871 3981; x_wconf 89' lang='lat' dir='ltr'><strong>non</strong></span> <span class='ocrx_word' id='word_1_402' title='bbox 911 3927 1132 3983; x_wconf 87' lang='lat' dir='ltr'><strong>faceret.</strong></span> <span class='ocrx_word' id='word_1_403' title='bbox 1161 3926 1281 3983; x_wconf 84' lang='lat' dir='ltr'><strong>Jam</strong></span> <span class='ocrx_word' id='word_1_404' title='bbox 1304 3931 1451 3984; x_wconf 89' lang='lat' dir='ltr'><strong>enim</strong></span> <span class='ocrx_word' id='word_1_405' title='bbox 1500 3939 1655 3986; x_wconf 72' lang='lat' dir='ltr'><strong>sexto</strong></span> <span class='ocrx_word' id='word_1_406' title='bbox 1693 3933 1780 3986; x_wconf 88' lang='lat' dir='ltr'><strong>die</strong></span> 
     </span>
    </p>
   </div>
   <div class='ocr_carea' id='block_1_57' title="bbox 177 4016 1779 4095">
    <p class='ocr_par' dir='ltr' id='par_1_57' title="bbox 177 4016 1779 4095">
     <span class='ocr_line' id='line_1_57' title="bbox 177 4016 1779 4095; baseline 0.004 -22"><span class='ocrx_word' id='word_1_407' title='bbox 177 4016 393 4073; x_wconf 81' lang='lat' dir='ltr'><strong>fecerat</strong></span> <span class='ocrx_word' id='word_1_408' title='bbox 420 4019 694 4073; x_wconf 85' lang='lat' dir='ltr'><strong>hominem</strong></span> <span class='ocrx_word' id='word_1_409' title='bbox 727 4020 793 4073; x_wconf 89' lang='lat' dir='ltr'><strong>ad</strong></span> <span class='ocrx_word' id='word_1_410' title='bbox 821 4020 1114 4090; x_wconf 84' lang='lat' dir='ltr'><strong>imaginem</strong></span> <span class='ocrx_word' id='word_1_411' title='bbox 1145 4037 1299 4076; x_wconf 88' lang='lat' dir='ltr'><strong>suam</strong></span> <span class='ocrx_word' id='word_1_412' title='bbox 1334 4021 1486 4092; x_wconf 84' lang='lat' dir='ltr'><strong>(Gen.</strong></span> <span class='ocrx_word' id='word_1_413' title='bbox 1521 4024 1559 4094; x_wconf 84' lang='grc' dir='ltr'><strong>ι)</strong></span> <span class='ocrx_word' id='word_1_414' title='bbox 1588 4043 1600 4078; x_wconf 92' lang='lat'><strong>:</strong></span> <span class='ocrx_word' id='word_1_415' title='bbox 1632 4026 1779 4095; x_wconf 83' lang='lat' dir='ltr'><strong>quod</strong></span> 
     </span>
    </p>
   </div>
   <div class='ocr_carea' id='block_1_58' title="bbox 175 4109 1780 4178">
    <p class='ocr_par' dir='ltr' id='par_1_58' title="bbox 175 4109 1780 4178">
     <span class='ocr_line' id='line_1_58' title="bbox 175 4109 1780 4178; baseline 0.005 -15"><span class='ocrx_word' id='word_1_416' title='bbox 175 4109 382 4178; x_wconf 82' lang='lat' dir='ltr'><strong>utique</strong></span> <span class='ocrx_word' id='word_1_417' title='bbox 405 4110 707 4164; x_wconf 83' lang='lat' dir='ltr'><strong>secundum</strong></span> <span class='ocrx_word' id='word_1_418' title='bbox 732 4111 971 4166; x_wconf 90' lang='lat' dir='ltr'><strong>animam</strong></span> <span class='ocrx_word' id='word_1_419' title='bbox 995 4113 1317 4168; x_wconf 87' lang='lat' dir='ltr'><strong>rationalem</strong></span> <span class='ocrx_word' id='word_1_420' title='bbox 1350 4114 1545 4171; x_wconf 89' lang='lat' dir='ltr'><strong>fecisse</strong></span> <span class='ocrx_word' id='word_1_421' title='bbox 1578 4116 1780 4171; x_wconf 84' lang='lat' dir='ltr'><strong>intelli-</strong></span> 
     </span>
    </p>
   </div>
   <div class='ocr_carea' id='block_1_59' title="bbox 175 4197 1775 4274">
    <p class='ocr_par' dir='ltr' id='par_1_59' title="bbox 175 4197 1775 4274">
     <span class='ocr_line' id='line_1_59' title="bbox 175 4197 1775 4274; baseline 0.004 -22"><span class='ocrx_word' id='word_1_422' title='bbox 175 4199 358 4269; x_wconf 73' lang='lat' dir='ltr'><strong>gitur.</strong></span> <span class='ocrx_word' id='word_1_423' title='bbox 388 4197 502 4254; x_wconf 87' lang='lat' dir='ltr'><strong>lloc</strong></span> <span class='ocrx_word' id='word_1_424' title='bbox 525 4208 577 4254; x_wconf 92' lang='lat' dir='ltr'><strong>ct</strong></span> <span class='ocrx_word' id='word_1_425' title='bbox 601 4215 749 4254; x_wconf 87' lang='lat' dir='ltr'><strong>nunc</strong></span> <span class='ocrx_word' id='word_1_426' title='bbox 771 4200 922 4265; x_wconf 88' lang='lat' dir='ltr'><strong>facit,</strong></span> <span class='ocrx_word' id='word_1_427' title='bbox 968 4216 1075 4255; x_wconf 91' lang='lat' dir='ltr'><strong>non</strong></span> <span class='ocrx_word' id='word_1_428' title='bbox 1105 4202 1443 4257; x_wconf 90' lang='lat' dir='ltr'><strong>instituendo</strong></span> <span class='ocrx_word' id='word_1_429' title='bbox 1470 4204 1616 4274; x_wconf 87' lang='lat' dir='ltr'><strong>quod</strong></span> <span class='ocrx_word' id='word_1_430' title='bbox 1664 4220 1775 4259; x_wconf 89' lang='lat' dir='ltr'><strong>non</strong></span> 
     </span>
    </p>
   </div>
   <div class='ocr_carea' id='block_1_60' title="bbox 172 4292 1775 4363">
    <p class='ocr_par' dir='ltr' id='par_1_60' title="bbox 172 4292 1775 4363">
     <span class='ocr_line' id='line_1_60' title="bbox 172 4292 1775 4363; baseline 0.004 -18"><span class='ocrx_word' id='word_1_431' title='bbox 172 4300 326 4358; x_wconf 85' lang='lat' dir='ltr'><strong>erat,</strong></span> <span class='ocrx_word' id='word_1_432' title='bbox 360 4292 457 4346; x_wconf 87' lang='lat' dir='ltr'><strong>sed</strong></span> <span class='ocrx_word' id='word_1_433' title='bbox 489 4292 905 4362; x_wconf 87' lang='lat' dir='ltr'><strong>multiplicando</strong></span> <span class='ocrx_word' id='word_1_434' title='bbox 925 4293 1071 4363; x_wconf 88' lang='lat' dir='ltr'><strong>quod</strong></span> <span class='ocrx_word' id='word_1_435' title='bbox 1094 4305 1229 4348; x_wconf 87' lang='lat' dir='ltr'><strong>erat.</strong></span> <span class='ocrx_word' id='word_1_436' title='bbox 1257 4292 1410 4350; x_wconf 89' lang='lat' dir='ltr'><strong>Unde</strong></span> <span class='ocrx_word' id='word_1_437' title='bbox 1442 4304 1495 4350; x_wconf 90' lang='lat' dir='ltr'><strong>et</strong></span> <span class='ocrx_word' id='word_1_438' title='bbox 1529 4296 1659 4350; x_wconf 90' lang='lat' dir='ltr'><strong>illud</strong></span> <span class='ocrx_word' id='word_1_439' title='bbox 1684 4312 1775 4351; x_wconf 91' lang='lat' dir='ltr'><strong>ve-</strong></span> 
     </span>
    </p>
   </div>
   <div class='ocr_carea' id='block_1_61' title="bbox 168 4383 1775 4452">
    <p class='ocr_par' dir='ltr' id='par_1_61' title="bbox 168 4383 1775 4452">
     <span class='ocr_line' id='line_1_61' title="bbox 168 4383 1775 4452; baseline 0.002 -15"><span class='ocrx_word' id='word_1_440' title='bbox 168 4397 308 4437; x_wconf 84' lang='lat' dir='ltr'><strong>rum</strong></span> <span class='ocrx_word' id='word_1_441' title='bbox 330 4391 418 4437; x_wconf 87' lang='lat' dir='ltr'><strong>est</strong></span> <span class='ocrx_word' id='word_1_442' title='bbox 450 4383 597 4451; x_wconf 90' lang='lat' dir='ltr'><strong>quod</strong></span> <span class='ocrx_word' id='word_1_443' title='bbox 638 4397 669 4436; x_wconf 91' lang='lat' dir='ltr'><strong>a</strong></span> <span class='ocrx_word' id='word_1_444' title='bbox 708 4383 872 4437; x_wconf 87' lang='lat' dir='ltr'><strong>rebus</strong></span> <span class='ocrx_word' id='word_1_445' title='bbox 902 4399 1024 4452; x_wconf 85' lang='lat' dir='ltr'><strong>quae</strong></span> <span class='ocrx_word' id='word_1_446' title='bbox 1066 4399 1176 4438; x_wconf 89' lang='lat' dir='ltr'><strong>non</strong></span> <span class='ocrx_word' id='word_1_447' title='bbox 1217 4394 1375 4439; x_wconf 89' lang='lat' dir='ltr'><strong>erant</strong></span> <span class='ocrx_word' id='word_1_448' title='bbox 1426 4385 1775 4441; x_wconf 80' lang='lat' dir='ltr'><strong>instituendis</strong></span> 
     </span>
    </p>
   </div>
   <div class='ocr_carea' id='block_1_62' title="bbox 166 4474 1772 4548">
    <p class='ocr_par' dir='ltr' id='par_1_62' title="bbox 166 4474 1772 4548">
     <span class='ocr_line' id='line_1_62' title="bbox 166 4474 1772 4548; baseline 0.002 -18"><span class='ocrx_word' id='word_1_449' title='bbox 166 4474 474 4546; x_wconf 84' lang='lat' dir='ltr'><strong>requievit,</strong></span> <span class='ocrx_word' id='word_1_450' title='bbox 500 4482 555 4529; x_wconf 88' lang='lat' dir='ltr'><strong>et</strong></span> <span class='ocrx_word' id='word_1_451' title='bbox 584 4474 687 4529; x_wconf 90' lang='lat' dir='ltr'><strong>hoc</strong></span> <span class='ocrx_word' id='word_1_452' title='bbox 709 4490 896 4528; x_wconf 88' lang='lat' dir='ltr'><strong>verum</strong></span> <span class='ocrx_word' id='word_1_453' title='bbox 919 4483 1022 4539; x_wconf 90' lang='lat' dir='ltr'><strong>est,</strong></span> <span class='ocrx_word' id='word_1_454' title='bbox 1054 4476 1196 4545; x_wconf 88' lang='lat' dir='ltr'><strong>quod</strong></span> <span class='ocrx_word' id='word_1_455' title='bbox 1224 4490 1331 4530; x_wconf 90' lang='lat' dir='ltr'><strong>non</strong></span> <span class='ocrx_word' id='word_1_456' title='bbox 1363 4478 1539 4532; x_wconf 84' lang='lat' dir='ltr'><strong>solum</strong></span> <span class='ocrx_word' id='word_1_457' title='bbox 1571 4479 1772 4548; x_wconf 84' lang='lat' dir='ltr'><strong>guber-</strong></span> 
     </span>
    </p>
   </div>
   <div class='ocr_carea' id='block_1_63' title="bbox 1895 1973 3490 2059">
    <p class='ocr_par' dir='ltr' id='par_1_63' title="bbox 1895 1973 3490 2059">
     <span class='ocr_line' id='line_1_63' title="bbox 1895 1973 3490 2059; baseline 0.011 -33"><span class='ocrx_word' id='word_1_458' title='bbox 1895 1973 2139 2041; x_wconf 79' lang='lat' dir='ltr'><strong>adduxit,</strong></span> <span class='ocrx_word' id='word_1_459' title='bbox 2173 1984 2233 2029; x_wconf 93' lang='lat' dir='ltr'><strong>ut</strong></span> <span class='ocrx_word' id='word_1_460' title='bbox 2261 1978 2473 2033; x_wconf 88' lang='lat' dir='ltr'><strong>animas</strong></span> <span class='ocrx_word' id='word_1_461' title='bbox 2498 1995 2619 2035; x_wconf 88' lang='lat' dir='ltr'><strong>reas</strong></span> <span class='ocrx_word' id='word_1_462' title='bbox 2658 1997 2754 2050; x_wconf 88' lang='lat' dir='ltr'><strong>per</strong></span> <span class='ocrx_word' id='word_1_463' title='bbox 2785 1984 3061 2039; x_wconf 85' lang='lat' dir='ltr'><strong>traducem</strong></span> <span class='ocrx_word' id='word_1_464' title='bbox 3090 1988 3298 2055; x_wconf 86' lang='lat' dir='ltr'><strong>peccati</strong></span> <span class='ocrx_word' id='word_1_465' title='bbox 3324 2004 3490 2059; x_wconf 49' lang='lat' dir='ltr'><strong>gene‘</strong></span> 
     </span>
    </p>
   </div>
   <div class='ocr_carea' id='block_1_64' title="bbox 1892 2064 3488 2137">
    <p class='ocr_par' dir='ltr' id='par_1_64' title="bbox 1892 2064 3488 2137">
     <span class='ocr_line' id='line_1_64' title="bbox 1892 2064 3488 2137; baseline 0.011 -21"><span class='ocrx_word' id='word_1_466' title='bbox 1892 2064 2080 2118; x_wconf 89' lang='lat' dir='ltr'><strong>raliter</strong></span> <span class='ocrx_word' id='word_1_467' title='bbox 2123 2082 2246 2121; x_wconf 88' lang='lat' dir='ltr'><strong>esse</strong></span> <span class='ocrx_word' id='word_1_468' title='bbox 2296 2069 2626 2137; x_wconf 90' lang='lat' dir='ltr'><strong>diceremus,</strong></span> <span class='ocrx_word' id='word_1_469' title='bbox 2677 2076 2932 2129; x_wconf 89' lang='lat' dir='ltr'><strong>convenit</strong></span> <span class='ocrx_word' id='word_1_470' title='bbox 2978 2077 3218 2132; x_wconf 85' lang='lat' dir='ltr'><strong>animam</strong></span> <span class='ocrx_word' id='word_1_471' title='bbox 3266 2079 3488 2135; x_wconf 85' lang='lat' dir='ltr'><strong>Domini</strong></span> 
     </span>
    </p>
   </div>
   <div class='ocr_carea' id='block_1_65' title="bbox 1894 2153 3490 2236">
    <p class='ocr_par' dir='ltr' id='par_1_65' title="bbox 1894 2153 3490 2236">
     <span class='ocr_line' id='line_1_65' title="bbox 1894 2153 3490 2236; baseline 0.013 -29"><span class='ocrx_word' id='word_1_472' title='bbox 1894 2153 2100 2209; x_wconf 84' lang='lat' dir='ltr'><strong>Christi</strong></span> <span class='ocrx_word' id='word_1_473' title='bbox 2126 2157 2179 2210; x_wconf 92' lang='lat' dir='ltr'><strong>in</strong></span> <span class='ocrx_word' id='word_1_474' title='bbox 2211 2160 2450 2214; x_wconf 89' lang='lat' dir='ltr'><strong>medium</strong></span> <span class='ocrx_word' id='word_1_475' title='bbox 2481 2164 2770 2231; x_wconf 87' lang='lat' dir='ltr'><strong>deducere,</strong></span> <span class='ocrx_word' id='word_1_476' title='bbox 2798 2181 2864 2220; x_wconf 93' lang='lat' dir='ltr'><strong>ne</strong></span> <span class='ocrx_word' id='word_1_477' title='bbox 2885 2167 3010 2236; x_wconf 89' lang='lat' dir='ltr'><strong>quis</strong></span> <span class='ocrx_word' id='word_1_478' title='bbox 3039 2169 3377 2226; x_wconf 80' lang='lat' dir='ltr'><strong>calutnniosa</strong></span> <span class='ocrx_word' id='word_1_479' title='bbox 3403 2172 3490 2226; x_wconf 37' lang='lat' dir='ltr'><strong>ine</strong></span> 
     </span>
    </p>
   </div>
   <div class='ocr_carea' id='block_1_66' title="bbox 1894 2254 3489 2332">
    <p class='ocr_par' dir='ltr' id='par_1_66' title="bbox 1894 2254 3489 2332">
     <span class='ocr_line' id='line_1_66' title="bbox 1894 2254 3489 2332; baseline 0.011 -26"><span class='ocrx_word' id='word_1_480' title='bbox 1894 2254 2134 2308; x_wconf 86' lang='lat' dir='ltr'><strong>tentione</strong></span> <span class='ocrx_word' id='word_1_481' title='bbox 2165 2271 2458 2323; x_wconf 80' lang='lat' dir='ltr'><strong>perversos</strong></span> <span class='ocrx_word' id='word_1_482' title='bbox 2490 2259 2654 2314; x_wconf 89' lang='lat' dir='ltr'><strong>simili</strong></span> <span class='ocrx_word' id='word_1_483' title='bbox 2678 2278 2797 2315; x_wconf 90' lang='lat' dir='ltr'><strong>eam</strong></span> <span class='ocrx_word' id='word_1_484' title='bbox 2833 2272 2985 2332; x_wconf 87' lang='lat' dir='ltr'><strong>putet</strong></span> <span class='ocrx_word' id='word_1_485' title='bbox 3010 2266 3323 2322; x_wconf 89' lang='lat' dir='ltr'><strong>conditione</strong></span> <span class='ocrx_word' id='word_1_486' title='bbox 3354 2283 3489 2324; x_wconf 82' lang='lat' dir='ltr'><strong>con-</strong></span> 
     </span>
    </p>
   </div>
   <div class='ocr_carea' id='block_1_67' title="bbox 1893 2346 3487 2429">
    <p class='ocr_par' dir='ltr' id='par_1_67' title="bbox 1893 2346 3487 2429">
     <span class='ocr_line' id='line_1_67' title="bbox 1893 2346 3487 2429; baseline 0.013 -29"><span class='ocrx_word' id='word_1_487' title='bbox 1893 2346 2161 2401; x_wconf 89' lang='lat' dir='ltr'><strong>strictam.</strong></span> <span class='ocrx_word' id='word_1_488' title='bbox 2187 2349 2490 2406; x_wconf 87' lang='lat' dir='ltr'><strong>Audiamus</strong></span> <span class='ocrx_word' id='word_1_489' title='bbox 2522 2353 2685 2422; x_wconf 87' lang='lat' dir='ltr'><strong>igitur</strong></span> <span class='ocrx_word' id='word_1_490' title='bbox 2708 2357 2974 2427; x_wconf 86' lang='lat' dir='ltr'><strong>originem</strong></span> <span class='ocrx_word' id='word_1_491' title='bbox 3004 2358 3123 2429; x_wconf 88' lang='lat' dir='ltr'><strong>ejus</strong></span> <span class='ocrx_word' id='word_1_492' title='bbox 3147 2370 3349 2417; x_wconf 69' lang='lat' dir='ltr'><strong>sancite</strong></span> <span class='ocrx_word' id='word_1_493' title='bbox 3376 2362 3487 2419; x_wconf 83' lang='lat' dir='ltr'><strong>Ma-</strong></span> 
     </span>
    </p>
   </div>
   <div class='ocr_carea' id='block_1_68' title="bbox 1892 2441 3490 2523">
    <p class='ocr_par' dir='ltr' id='par_1_68' title="bbox 1892 2441 3490 2523">
     <span class='ocr_line' id='line_1_68' title="bbox 1892 2441 3490 2523; baseline 0.009 -30"><span class='ocrx_word' id='word_1_494' title='bbox 1892 2441 1987 2495; x_wconf 67' lang='lat' dir='ltr'><strong>riae</strong></span> <span class='ocrx_word' id='word_1_495' title='bbox 2023 2455 2237 2511; x_wconf 85' lang='lat' dir='ltr'><strong>semper</strong></span> <span class='ocrx_word' id='word_1_496' title='bbox 2283 2442 2491 2513; x_wconf 87' lang='lat' dir='ltr'><strong>Virgini</strong></span> <span class='ocrx_word' id='word_1_497' title='bbox 2521 2447 2684 2517; x_wconf 85' lang='lat' dir='ltr'><strong>digno</strong></span> <span class='ocrx_word' id='word_1_498' title='bbox 2714 2465 2963 2517; x_wconf 81' lang='lat' dir='ltr'><strong>praecone</strong></span> <span class='ocrx_word' id='word_1_499' title='bbox 2992 2450 3163 2507; x_wconf 90' lang='lat' dir='ltr'><strong>fuisse</strong></span> <span class='ocrx_word' id='word_1_500' title='bbox 3200 2454 3490 2523; x_wconf 83' lang='lat' dir='ltr'><strong>propheta-</strong></span> 
     </span>
    </p>
   </div>
   <div class='ocr_carea' id='block_1_69' title="bbox 1892 2531 3490 2607">
    <p class='ocr_par' dir='ltr' id='par_1_69' title="bbox 1892 2531 3490 2607">
     <span class='ocr_line' id='line_1_69' title="bbox 1892 2531 3490 2607; baseline 0.008 -22"><span class='ocrx_word' id='word_1_501' title='bbox 1892 2538 2001 2585; x_wconf 90' lang='lat' dir='ltr'><strong>tam</strong></span> <span class='ocrx_word' id='word_1_502' title='bbox 2027 2550 2038 2585; x_wconf 91' lang='lat'>:</span> <span class='ocrx_word' id='word_1_503' title='bbox 2072 2552 2089 2583; x_wconf 76' lang='grc' dir='ltr'>ι</span> <span class='ocrx_word' id='word_1_504' title='bbox 2112 2531 2348 2603; x_wconf 77' lang='lat' dir='ltr'><strong>Spiritus</strong></span> <span class='ocrx_word' id='word_1_505' title='bbox 2367 2546 2589 2591; x_wconf 86' lang='lat' dir='ltr'><strong>sanctus</strong></span> <span class='ocrx_word' id='word_1_506' title='bbox 2605 2539 3015 2607; x_wconf 66' lang='lat' dir='ltr'><strong>supervenietin</strong></span> <span class='ocrx_word' id='word_1_507' title='bbox 3031 2549 3101 2607; x_wconf 90' lang='lat' dir='ltr'><strong>te,</strong></span> <span class='ocrx_word' id='word_1_508' title='bbox 3125 2552 3178 2596; x_wconf 87' lang='lat' dir='ltr'><strong>et</strong></span> <span class='ocrx_word' id='word_1_509' title='bbox 3204 2543 3377 2597; x_wconf 86' lang='lat' dir='ltr'><strong>virtus</strong></span> <span class='ocrx_word' id='word_1_510' title='bbox 3400 2543 3490 2598; x_wconf 70' lang='grc' dir='ltr'><strong>Αιο</strong></span> 
     </span>
    </p>
   </div>
   <div class='ocr_carea' id='block_1_70' title="bbox 1891 2625 3489 2703">
    <p class='ocr_par' dir='ltr' id='par_1_70' title="bbox 1891 2625 3489 2703">
     <span class='ocr_line' id='line_1_70' title="bbox 1891 2625 3489 2703; baseline 0.008 -25"><span class='ocrx_word' id='word_1_511' title='bbox 1891 2625 2089 2679; x_wconf 83' lang='lat' dir='ltr'><strong>tissimi</strong></span> <span class='ocrx_word' id='word_1_512' title='bbox 2141 2626 2491 2681; x_wconf 88' lang='lat' dir='ltr'><strong>obumbrabit</strong></span> <span class='ocrx_word' id='word_1_513' title='bbox 2559 2630 2675 2683; x_wconf 87' lang='lat' dir='ltr'><strong>tibi.</strong></span> <span class='ocrx_word' id='word_1_514' title='bbox 2708 2628 3000 2701; x_wconf 71' lang='lat' dir='ltr'><strong>Propterea</strong></span> <span class='ocrx_word' id='word_1_515' title='bbox 3040 2634 3187 2703; x_wconf 89' lang='lat' dir='ltr'><strong>quod</strong></span> <span class='ocrx_word' id='word_1_516' title='bbox 3233 2644 3489 2690; x_wconf 76' lang='lat' dir='ltr'><strong>nascetur</strong></span> 
     </span>
    </p>
   </div>
   <div class='ocr_carea' id='block_1_71' title="bbox 1890 2715 3487 2797">
    <p class='ocr_par' dir='ltr' id='par_1_71' title="bbox 1890 2715 3487 2797">
     <span class='ocr_line' id='line_1_71' title="bbox 1890 2715 3487 2797; baseline 0.005 -27"><span class='ocrx_word' id='word_1_517' title='bbox 1890 2732 1956 2770; x_wconf 82' lang='lat' dir='ltr'><strong>ex</strong></span> <span class='ocrx_word' id='word_1_518' title='bbox 1980 2726 2029 2771; x_wconf 91' lang='lat' dir='ltr'><strong>te</strong></span> <span class='ocrx_word' id='word_1_519' title='bbox 2057 2715 2342 2785; x_wconf 88' lang='lat' dir='ltr'><strong>Sanctum,</strong></span> <span class='ocrx_word' id='word_1_520' title='bbox 2369 2721 2653 2775; x_wconf 84' lang='lat' dir='ltr'><strong>vocabitur</strong></span> <span class='ocrx_word' id='word_1_521' title='bbox 2672 2721 2843 2777; x_wconf 84' lang='lat' dir='ltr'><strong>Filius</strong></span> <span class='ocrx_word' id='word_1_522' title='bbox 2882 2723 2975 2778; x_wconf 90' lang='lat' dir='ltr'><strong>Dei</strong></span> <span class='ocrx_word' id='word_1_523' title='bbox 3002 2723 3154 2793; x_wconf 83' lang='lat' dir='ltr'><strong>(Luc.</strong></span> <span class='ocrx_word' id='word_1_524' title='bbox 3180 2725 3241 2797; x_wconf 86' lang='grc' dir='ltr'><strong>ι).</strong></span> <span class='ocrx_word' id='word_1_525' title='bbox 3274 2744 3293 2780; x_wconf 77' lang='grc' dir='ltr'><strong><em>ι</em></strong></span> <span class='ocrx_word' id='word_1_526' title='bbox 3328 2727 3487 2795; x_wconf 68' lang='lat' dir='ltr'><strong>Quis,</strong></span> 
     </span>
    </p>
   </div>
   <div class='ocr_carea' id='block_1_72' title="bbox 1891 2810 3488 2890">
    <p class='ocr_par' dir='ltr' id='par_1_72' title="bbox 1891 2810 3488 2890">
     <span class='ocr_line' id='line_1_72' title="bbox 1891 2810 3488 2890; baseline 0.009 -29"><span class='ocrx_word' id='word_1_527' title='bbox 1891 2824 2067 2877; x_wconf 85' lang='lat' dir='ltr'><strong>rogo,</strong></span> <span class='ocrx_word' id='word_1_528' title='bbox 2124 2810 2178 2864; x_wconf 93' lang='lat' dir='ltr'><strong>in</strong></span> <span class='ocrx_word' id='word_1_529' title='bbox 2235 2812 2335 2866; x_wconf 89' lang='lat' dir='ltr'><strong>hac</strong></span> <span class='ocrx_word' id='word_1_530' title='bbox 2392 2814 2676 2882; x_wconf 77' lang='lat' dir='ltr'><strong>majestate</strong></span> <span class='ocrx_word' id='word_1_531' title='bbox 2717 2816 2996 2879; x_wconf 84' lang='lat' dir='ltr'><strong>nascendi,</strong></span> <span class='ocrx_word' id='word_1_532' title='bbox 3048 2829 3142 2872; x_wconf 87' lang='lat' dir='ltr'><strong>aut</strong></span> <span class='ocrx_word' id='word_1_533' title='bbox 3204 2819 3488 2890; x_wconf 80' lang='lat' dir='ltr'><strong>originalis</strong></span> 
     </span>
    </p>
   </div>
   <div class='ocr_carea' id='block_1_73' title="bbox 1890 2902 3486 2980">
    <p class='ocr_par' dir='ltr' id='par_1_73' title="bbox 1890 2902 3486 2980">
     <span class='ocr_line' id='line_1_73' title="bbox 1890 2902 3486 2980; baseline 0.009 -26"><span class='ocrx_word' id='word_1_534' title='bbox 1890 2902 2097 2971; x_wconf 77' lang='lat' dir='ltr'><strong>peccati</strong></span> <span class='ocrx_word' id='word_1_535' title='bbox 2120 2904 2305 2957; x_wconf 85' lang='lat' dir='ltr'><strong>credat</strong></span> <span class='ocrx_word' id='word_1_536' title='bbox 2333 2921 2453 2960; x_wconf 88' lang='lat' dir='ltr'><strong>esse</strong></span> <span class='ocrx_word' id='word_1_537' title='bbox 2480 2908 2717 2976; x_wconf 87' lang='lat' dir='ltr'><strong>culpam,</strong></span> <span class='ocrx_word' id='word_1_538' title='bbox 2772 2919 2867 2963; x_wconf 86' lang='lat' dir='ltr'><strong>aut</strong></span> <span class='ocrx_word' id='word_1_539' title='bbox 2907 2909 3193 2978; x_wconf 73' lang='lat' dir='ltr'><strong>profanam</strong></span> <span class='ocrx_word' id='word_1_540' title='bbox 3243 2912 3486 2980; x_wconf 83' lang='lat' dir='ltr'><strong>aliquam</strong></span> 
     </span>
    </p>
   </div>
   <div class='ocr_carea' id='block_1_74' title="bbox 1889 2996 3487 3075">
    <p class='ocr_par' dir='ltr' id='par_1_74' title="bbox 1889 2996 3487 3075">
     <span class='ocr_line' id='line_1_74' title="bbox 1889 2996 3487 3075; baseline 0.008 -25"><span class='ocrx_word' id='word_1_541' title='bbox 1889 2996 2072 3051; x_wconf 87' lang='lat' dir='ltr'><strong>carnis</strong></span> <span class='ocrx_word' id='word_1_542' title='bbox 2126 3000 2436 3067; x_wconf 80' lang='lat' dir='ltr'><strong>suspicetur</strong></span> <span class='ocrx_word' id='word_1_543' title='bbox 2490 3002 2772 3057; x_wconf 77' lang='lat' dir='ltr'><strong>otfensam.</strong></span> <span class='ocrx_word' id='word_1_544' title='bbox 2827 3003 3050 3074; x_wconf 79' lang='lat' dir='ltr'><strong>Absque</strong></span> <span class='ocrx_word' id='word_1_545' title='bbox 3106 3015 3329 3075; x_wconf 89' lang='lat' dir='ltr'><strong>peccato</strong></span> <span class='ocrx_word' id='word_1_546' title='bbox 3364 3007 3487 3063; x_wconf 83' lang='lat' dir='ltr'><strong>sine.</strong></span> 
     </span>
    </p>
   </div>
   <div class='ocr_carea' id='block_1_75' title="bbox 1888 3089 3481 3165">
    <p class='ocr_par' dir='ltr' id='par_1_75' title="bbox 1888 3089 3481 3165">
     <span class='ocr_line' id='line_1_75' title="bbox 1888 3089 3481 3165; baseline 0.006 -22"><span class='ocrx_word' id='word_1_547' title='bbox 1888 3089 2054 3143; x_wconf 87' lang='lat' dir='ltr'><strong>dubio</strong></span> <span class='ocrx_word' id='word_1_548' title='bbox 2107 3092 2254 3145; x_wconf 87' lang='lat' dir='ltr'><strong>venit</strong></span> <span class='ocrx_word' id='word_1_549' title='bbox 2300 3093 2392 3161; x_wconf 87' lang='lat' dir='ltr'><strong>qui</strong></span> <span class='ocrx_word' id='word_1_550' title='bbox 2446 3102 2561 3148; x_wconf 86' lang='lat' dir='ltr'><strong>erat</strong></span> <span class='ocrx_word' id='word_1_551' title='bbox 2618 3097 2861 3149; x_wconf 77' lang='lat' dir='ltr'><strong>omnium</strong></span> <span class='ocrx_word' id='word_1_552' title='bbox 2904 3106 3123 3165; x_wconf 78' lang='lat' dir='ltr'><strong>peccata</strong></span> <span class='ocrx_word' id='word_1_553' title='bbox 3179 3099 3481 3154; x_wconf 83' lang='lat' dir='ltr'><strong>soluturus.</strong></span> 
     </span>
    </p>
   </div>
   <div class='ocr_carea' id='block_1_76' title="bbox 1889 3184 3483 3263">
    <p class='ocr_par' dir='ltr' id='par_1_76' title="bbox 1889 3184 3483 3263">
     <span class='ocr_line' id='line_1_76' title="bbox 1889 3184 3483 3263; baseline 0.006 -26"><span class='ocrx_word' id='word_1_554' title='bbox 1889 3184 2198 3254; x_wconf 85' lang='lat' dir='ltr'><strong>Conceptus</strong></span> <span class='ocrx_word' id='word_1_555' title='bbox 2233 3186 2464 3256; x_wconf 73' lang='lat' dir='ltr'><strong>mystico</strong></span> <span class='ocrx_word' id='word_1_556' title='bbox 2516 3188 2873 3258; x_wconf 74' lang='lat' dir='ltr'><strong>inspirantine</strong></span> <span class='ocrx_word' id='word_1_557' title='bbox 2922 3190 3072 3245; x_wconf 90' lang='lat' dir='ltr'><strong>intus</strong></span> <span class='ocrx_word' id='word_1_558' title='bbox 3122 3206 3186 3245; x_wconf 78' lang='lat' dir='ltr'><strong>ex</strong></span> <span class='ocrx_word' id='word_1_559' title='bbox 3238 3191 3483 3263; x_wconf 73' lang='lat' dir='ltr'><strong>Virgine,</strong></span> 
     </span>
    </p>
   </div>
   <div class='ocr_carea' id='block_1_77' title="bbox 1888 3275 3484 3351">
    <p class='ocr_par' dir='ltr' id='par_1_77' title="bbox 1888 3275 3484 3351">
     <span class='ocr_line' id='line_1_77' title="bbox 1888 3275 3484 3351; baseline 0.008 -26"><span class='ocrx_word' id='word_1_560' title='bbox 1888 3275 2098 3328; x_wconf 89' lang='lat' dir='ltr'><strong>virilem</strong></span> <span class='ocrx_word' id='word_1_561' title='bbox 2140 3277 2579 3331; x_wconf 83' lang='lat' dir='ltr'><strong>eommistionem</strong></span> <span class='ocrx_word' id='word_1_562' title='bbox 2613 3295 2839 3348; x_wconf 76' lang='lat' dir='ltr'><strong>prorsus</strong></span> <span class='ocrx_word' id='word_1_563' title='bbox 2876 3281 3184 3351; x_wconf 80' lang='lat' dir='ltr'><strong>ignorante,</strong></span> <span class='ocrx_word' id='word_1_564' title='bbox 3215 3281 3283 3340; x_wconf 86' lang='lat' dir='ltr'><strong>de</strong></span> <span class='ocrx_word' id='word_1_565' title='bbox 3304 3281 3484 3338; x_wconf 80' lang='lat' dir='ltr'><strong>Adam</strong></span> 
     </span>
    </p>
   </div>
   <div class='ocr_carea' id='block_1_78' title="bbox 1888 3366 3484 3448">
    <p class='ocr_par' dir='ltr' id='par_1_78' title="bbox 1888 3366 3484 3448">
     <span class='ocr_line' id='line_1_78' title="bbox 1888 3366 3484 3448; baseline 0.008 -28"><span class='ocrx_word' id='word_1_566' title='bbox 1888 3366 2024 3420; x_wconf 89' lang='lat' dir='ltr'><strong>nihil</strong></span> <span class='ocrx_word' id='word_1_567' title='bbox 2052 3370 2235 3431; x_wconf 70' lang='lat' dir='ltr'><strong>traxit,</strong></span> <span class='ocrx_word' id='word_1_568' title='bbox 2271 3371 2397 3439; x_wconf 85' lang='lat' dir='ltr'><strong>quia</strong></span> <span class='ocrx_word' id='word_1_569' title='bbox 2447 3371 2564 3426; x_wconf 89' lang='lat' dir='ltr'><strong>sine</strong></span> <span class='ocrx_word' id='word_1_570' title='bbox 2604 3374 3048 3442; x_wconf 83' lang='lat' dir='ltr'><strong>concupiscentia</strong></span> <span class='ocrx_word' id='word_1_571' title='bbox 3098 3383 3152 3430; x_wconf 92' lang='lat' dir='ltr'><strong>ct</strong></span> <span class='ocrx_word' id='word_1_572' title='bbox 3185 3387 3484 3448; x_wconf 87' lang='lat' dir='ltr'><strong>conceptus</strong></span> 
     </span>
    </p>
   </div>
   <div class='ocr_carea' id='block_1_79' title="bbox 1888 3460 3487 3533">
    <p class='ocr_par' dir='ltr' id='par_1_79' title="bbox 1888 3460 3487 3533">
     <span class='ocr_line' id='line_1_79' title="bbox 1888 3460 3487 3533; baseline 0.006 -19"><span class='ocrx_word' id='word_1_573' title='bbox 1888 3467 1941 3514; x_wconf 87' lang='lat' dir='ltr'><strong>et</strong></span> <span class='ocrx_word' id='word_1_574' title='bbox 1966 3460 2183 3529; x_wconf 86' lang='lat' dir='ltr'><strong>genitus</strong></span> <span class='ocrx_word' id='word_1_575' title='bbox 2215 3460 2336 3527; x_wconf 90' lang='lat' dir='ltr'><strong>fuit,</strong></span> <span class='ocrx_word' id='word_1_576' title='bbox 2361 3463 2456 3533; x_wconf 91' lang='lat' dir='ltr'><strong>qui</strong></span> <span class='ocrx_word' id='word_1_577' title='bbox 2487 3472 2545 3516; x_wconf 91' lang='lat' dir='ltr'><strong>ut</strong></span> <span class='ocrx_word' id='word_1_578' title='bbox 2577 3465 2780 3518; x_wconf 90' lang='lat' dir='ltr'><strong>malum</strong></span> <span class='ocrx_word' id='word_1_579' title='bbox 2812 3466 2941 3520; x_wconf 74' lang='lat' dir='ltr'><strong>Ada:</strong></span> <span class='ocrx_word' id='word_1_580' title='bbox 2965 3467 3280 3522; x_wconf 87' lang='lat' dir='ltr'><strong>vinceretur</strong></span> <span class='ocrx_word' id='word_1_581' title='bbox 3321 3468 3487 3523; x_wconf 87' lang='lat' dir='ltr'><strong>adve-</strong></span> 
     </span>
    </p>
   </div>
   <div class='ocr_carea' id='block_1_80' title="bbox 1889 3550 3486 3632">
    <p class='ocr_par' dir='ltr' id='par_1_80' title="bbox 1889 3550 3486 3632">
     <span class='ocr_line' id='line_1_80' title="bbox 1889 3550 3486 3632; baseline 0.009 -29"><span class='ocrx_word' id='word_1_582' title='bbox 1889 3551 1989 3605; x_wconf 90' lang='lat' dir='ltr'><strong>nit.</strong></span> <span class='ocrx_word' id='word_1_583' title='bbox 2020 3550 2156 3607; x_wconf 86' lang='lat' dir='ltr'><strong>llinc</strong></span> <span class='ocrx_word' id='word_1_584' title='bbox 2206 3554 2273 3607; x_wconf 90' lang='lat' dir='ltr'><strong>ad</strong></span> <span class='ocrx_word' id='word_1_585' title='bbox 2320 3554 2441 3623; x_wconf 81' lang='lat' dir='ltr'><strong>ejus</strong></span> <span class='ocrx_word' id='word_1_586' title='bbox 2489 3566 2716 3612; x_wconf 60' lang='lat' dir='ltr'><strong>matrem</strong></span> <span class='ocrx_word' id='word_1_587' title='bbox 2772 3558 2977 3614; x_wconf 87' lang='lat' dir='ltr'><strong>dictum</strong></span> <span class='ocrx_word' id='word_1_588' title='bbox 3018 3569 3102 3616; x_wconf 86' lang='lat' dir='ltr'><strong>est</strong></span> <span class='ocrx_word' id='word_1_589' title='bbox 3144 3561 3486 3632; x_wconf 68' lang='lat' dir='ltr'><strong>:Concipics</strong></span> 
     </span>
    </p>
   </div>
   <div class='ocr_carea' id='block_1_81' title="bbox 1886 3643 3486 3717">
    <p class='ocr_par' dir='ltr' id='par_1_81' title="bbox 1886 3643 3486 3717">
     <span class='ocr_line' id='line_1_81' title="bbox 1886 3643 3486 3717; baseline 0.008 -22"><span class='ocrx_word' id='word_1_590' title='bbox 1886 3658 1983 3712; x_wconf 91' lang='lat' dir='ltr'><strong>per</strong></span> <span class='ocrx_word' id='word_1_591' title='bbox 2005 3659 2192 3698; x_wconf 86' lang='lat' dir='ltr'><strong>aurem</strong></span> <span class='ocrx_word' id='word_1_592' title='bbox 2220 3643 2409 3711; x_wconf 88' lang='lat' dir='ltr'><strong>Deum,</strong></span> <span class='ocrx_word' id='word_1_593' title='bbox 2443 3649 2621 3717; x_wconf 89' lang='lat' dir='ltr'><strong>paries</strong></span> <span class='ocrx_word' id='word_1_594' title='bbox 2636 3660 2688 3703; x_wconf 90' lang='lat' dir='ltr'><strong>et</strong></span> <span class='ocrx_word' id='word_1_595' title='bbox 2713 3650 3009 3705; x_wconf 84' lang='lat' dir='ltr'><strong>hominem.</strong></span> <span class='ocrx_word' id='word_1_596' title='bbox 3054 3651 3272 3707; x_wconf 87' lang='lat' dir='ltr'><strong>Primus</strong></span> <span class='ocrx_word' id='word_1_597' title='bbox 3319 3651 3486 3710; x_wconf 85' lang='lat' dir='ltr'><strong>homo</strong></span> 
     </span>
    </p>
   </div>
   <div class='ocr_carea' id='block_1_82' title="bbox 1885 3737 3484 3805">
    <p class='ocr_par' dir='ltr' id='par_1_82' title="bbox 1885 3737 3484 3805">
     <span class='ocr_line' id='line_1_82' title="bbox 1885 3737 3484 3805; baseline 0.008 -18"><span class='ocrx_word' id='word_1_598' title='bbox 1885 3737 2122 3805; x_wconf 88' lang='lat' dir='ltr'><strong>posteris</strong></span> <span class='ocrx_word' id='word_1_599' title='bbox 2154 3739 2460 3793; x_wconf 84' lang='lat' dir='ltr'><strong>transmisit</strong></span> <span class='ocrx_word' id='word_1_600' title='bbox 2484 3741 2733 3805; x_wconf 79' lang='lat' dir='ltr'><strong>exitium,</strong></span> <span class='ocrx_word' id='word_1_601' title='bbox 2760 3743 2985 3797; x_wconf 88' lang='lat' dir='ltr'><strong>veniens</strong></span> <span class='ocrx_word' id='word_1_602' title='bbox 3014 3743 3268 3801; x_wconf 85' lang='lat' dir='ltr'><strong>Christus</strong></span> <span class='ocrx_word' id='word_1_603' title='bbox 3295 3742 3484 3800; x_wconf 75' lang='grc' dir='ltr'><strong>Βοιηὶ⁴</strong></span> 
     </span>
    </p>
   </div>
   <div class='ocr_carea' id='block_1_83' title="bbox 1885 3828 3481 3900">
    <p class='ocr_par' dir='ltr' id='par_1_83' title="bbox 1885 3828 3481 3900">
     <span class='ocr_line' id='line_1_83' title="bbox 1885 3828 3481 3900; baseline 0.009 -22"><span class='ocrx_word' id='word_1_604' title='bbox 1885 3842 1991 3880; x_wconf 89' lang='lat' dir='ltr'><strong>nus</strong></span> <span class='ocrx_word' id='word_1_605' title='bbox 2021 3828 2372 3883; x_wconf 82' lang='lat' dir='ltr'><strong>credentibus</strong></span> <span class='ocrx_word' id='word_1_606' title='bbox 2395 3831 2625 3884; x_wconf 83' lang='lat' dir='ltr'><strong>contulit</strong></span> <span class='ocrx_word' id='word_1_607' title='bbox 2648 3848 2813 3900; x_wconf 79' lang='lat' dir='ltr'><strong>regna</strong></span> <span class='ocrx_word' id='word_1_608' title='bbox 2846 3836 3132 3889; x_wconf 71' lang='lat' dir='ltr'><strong>cmlorum.</strong></span> <span class='ocrx_word' id='word_1_609' title='bbox 3164 3834 3268 3890; x_wconf 88' lang='lat' dir='ltr'><strong>Per</strong></span> <span class='ocrx_word' id='word_1_610' title='bbox 3310 3836 3481 3893; x_wconf 87' lang='lat' dir='ltr'><strong>istum</strong></span> 
     </span>
    </p>
   </div>
   <div class='ocr_carea' id='block_1_84' title="bbox 1883 3918 3484 3998">
    <p class='ocr_par' dir='ltr' id='par_1_84' title="bbox 1883 3918 3484 3998">
     <span class='ocr_line' id='line_1_84' title="bbox 1883 3918 3484 3998; baseline 0.009 -28"><span class='ocrx_word' id='word_1_611' title='bbox 1883 3918 2027 3971; x_wconf 87' lang='lat' dir='ltr'><strong>enim</strong></span> <span class='ocrx_word' id='word_1_612' title='bbox 2052 3929 2264 3987; x_wconf 83' lang='lat' dir='ltr'><strong>reparat</strong></span> <span class='ocrx_word' id='word_1_613' title='bbox 2291 3920 2554 3974; x_wconf 88' lang='lat' dir='ltr'><strong>amissum</strong></span> <span class='ocrx_word' id='word_1_614' title='bbox 2589 3931 2811 3989; x_wconf 87' lang='lat' dir='ltr'><strong>statum,</strong></span> <span class='ocrx_word' id='word_1_615' title='bbox 2842 3926 2987 3994; x_wconf 87' lang='lat' dir='ltr'><strong>quod</strong></span> <span class='ocrx_word' id='word_1_616' title='bbox 3019 3943 3113 3995; x_wconf 83' lang='lat' dir='ltr'><strong>per</strong></span> <span class='ocrx_word' id='word_1_617' title='bbox 3136 3928 3287 3983; x_wconf 88' lang='lat' dir='ltr'><strong>illum</strong></span> <span class='ocrx_word' id='word_1_618' title='bbox 3302 3930 3484 3998; x_wconf 87' lang='lat' dir='ltr'><strong>perdi-</strong></span> 
     </span>
    </p>
   </div>
   <div class='ocr_carea' id='block_1_85' title="bbox 1883 4010 3481 4086">
    <p class='ocr_par' dir='ltr' id='par_1_85' title="bbox 1883 4010 3481 4086">
     <span class='ocr_line' id='line_1_85' title="bbox 1883 4010 3481 4086; baseline 0.008 -22"><span class='ocrx_word' id='word_1_619' title='bbox 1883 4011 2037 4064; x_wconf 86' lang='lat' dir='ltr'><strong>derat</strong></span> <span class='ocrx_word' id='word_1_620' title='bbox 2080 4010 2354 4065; x_wconf 86' lang='lat' dir='ltr'><strong>meritum.</strong></span> <span class='ocrx_word' id='word_1_621' title='bbox 2405 4011 2575 4068; x_wconf 83' lang='lat' dir='ltr'><strong>Natus</strong></span> <span class='ocrx_word' id='word_1_622' title='bbox 2623 4014 2677 4068; x_wconf 85' lang='lat' dir='ltr'><strong>in</strong></span> <span class='ocrx_word' id='word_1_623' title='bbox 2726 4016 2921 4086; x_wconf 86' lang='lat' dir='ltr'><strong>gloria,</strong></span> <span class='ocrx_word' id='word_1_624' title='bbox 2974 4030 3330 4075; x_wconf 75' lang='lat' dir='ltr'><strong>conversatus</strong></span> <span class='ocrx_word' id='word_1_625' title='bbox 3359 4020 3481 4075; x_wconf 83' lang='lat' dir='ltr'><strong>sine</strong></span> 
     </span>
    </p>
   </div>
   <div class='ocr_carea' id='block_1_86' title="bbox 1885 4102 3480 4178">
    <p class='ocr_par' dir='ltr' id='par_1_86' title="bbox 1885 4102 3480 4178">
     <span class='ocr_line' id='line_1_86' title="bbox 1885 4102 3480 4178; baseline 0.009 -24"><span class='ocrx_word' id='word_1_626' title='bbox 1885 4102 2119 4167; x_wconf 87' lang='lat' dir='ltr'><strong>macula,</strong></span> <span class='ocrx_word' id='word_1_627' title='bbox 2154 4103 2284 4172; x_wconf 87' lang='lat' dir='ltr'><strong>quid</strong></span> <span class='ocrx_word' id='word_1_628' title='bbox 2314 4104 2491 4172; x_wconf 85' lang='lat' dir='ltr'><strong>potuit</strong></span> <span class='ocrx_word' id='word_1_629' title='bbox 2519 4104 2585 4159; x_wconf 89' lang='lat' dir='ltr'><strong>de</strong></span> <span class='ocrx_word' id='word_1_630' title='bbox 2618 4105 2708 4160; x_wconf 84' lang='lat' dir='ltr'><strong>illo</strong></span> <span class='ocrx_word' id='word_1_631' title='bbox 2741 4108 2958 4161; x_wconf 77' lang='lat' dir='ltr'><strong>trahere</strong></span> <span class='ocrx_word' id='word_1_632' title='bbox 3006 4125 3167 4178; x_wconf 84' lang='lat' dir='ltr'><strong>quem</strong></span> <span class='ocrx_word' id='word_1_633' title='bbox 3200 4112 3480 4168; x_wconf 75' lang='lat' dir='ltr'><strong>contraria</strong></span> 
     </span>
    </p>
   </div>
   <div class='ocr_carea' id='block_1_87' title="bbox 1882 4194 3475 4270">
    <p class='ocr_par' dir='ltr' id='par_1_87' title="bbox 1882 4194 3475 4270">
     <span class='ocr_line' id='line_1_87' title="bbox 1882 4194 3475 4270; baseline 0.009 -24"><span class='ocrx_word' id='word_1_634' title='bbox 1882 4194 2029 4249; x_wconf 86' lang='lat' dir='ltr'><strong>venit</strong></span> <span class='ocrx_word' id='word_1_635' title='bbox 2052 4195 2264 4249; x_wconf 83' lang='lat' dir='ltr'><strong>actione</strong></span> <span class='ocrx_word' id='word_1_636' title='bbox 2302 4196 2605 4252; x_wconf 82' lang='lat' dir='ltr'><strong>destruere.</strong></span> <span class='ocrx_word' id='word_1_637' title='bbox 2644 4195 2859 4253; x_wconf 81' lang='lat' dir='ltr'><strong>Sanctae</strong></span> <span class='ocrx_word' id='word_1_638' title='bbox 2902 4200 3101 4270; x_wconf 78' lang='lat' dir='ltr'><strong>origini</strong></span> <span class='ocrx_word' id='word_1_639' title='bbox 3138 4202 3249 4257; x_wconf 90' lang='lat' dir='ltr'><strong>vita</strong></span> <span class='ocrx_word' id='word_1_640' title='bbox 3280 4214 3475 4261; x_wconf 84' lang='lat' dir='ltr'><strong>sancta</strong></span> 
     </span>
    </p>
   </div>
   <div class='ocr_carea' id='block_1_88' title="bbox 1882 4286 3479 4362">
    <p class='ocr_par' dir='ltr' id='par_1_88' title="bbox 1882 4286 3479 4362">
     <span class='ocr_line' id='line_1_88' title="bbox 1882 4286 3479 4362; baseline 0.008 -22"><span class='ocrx_word' id='word_1_641' title='bbox 1882 4286 2188 4356; x_wconf 87' lang='lat' dir='ltr'><strong>respondit.</strong></span> <span class='ocrx_word' id='word_1_642' title='bbox 2220 4287 2323 4354; x_wconf 86' lang='lat' dir='ltr'><strong>Qui</strong></span> <span class='ocrx_word' id='word_1_643' title='bbox 2358 4290 2478 4346; x_wconf 88' lang='lat' dir='ltr'><strong>sine</strong></span> <span class='ocrx_word' id='word_1_644' title='bbox 2524 4300 2750 4361; x_wconf 85' lang='lat' dir='ltr'><strong>peccato</strong></span> <span class='ocrx_word' id='word_1_645' title='bbox 2785 4301 2868 4347; x_wconf 90' lang='lat' dir='ltr'><strong>est</strong></span> <span class='ocrx_word' id='word_1_646' title='bbox 2920 4293 3159 4362; x_wconf 84' lang='lat' dir='ltr'><strong>genitus,</strong></span> <span class='ocrx_word' id='word_1_647' title='bbox 3194 4296 3339 4350; x_wconf 75' lang='lat' dir='ltr'><strong>&quot;lilia</strong></span> <span class='ocrx_word' id='word_1_648' title='bbox 3387 4307 3479 4353; x_wconf 88' lang='lat' dir='ltr'><strong>est</strong></span> 
     </span>
    </p>
   </div>
   <div class='ocr_carea' id='block_1_89' title="bbox 1882 4377 3476 4451">
    <p class='ocr_par' dir='ltr' id='par_1_89' title="bbox 1882 4377 3476 4451">
     <span class='ocr_line' id='line_1_89' title="bbox 1882 4377 3476 4451; baseline 0.007 -22"><span class='ocrx_word' id='word_1_649' title='bbox 1882 4377 2072 4431; x_wconf 87' lang='lat' dir='ltr'><strong>mundi</strong></span> <span class='ocrx_word' id='word_1_650' title='bbox 2099 4378 2219 4432; x_wconf 89' lang='lat' dir='ltr'><strong>labe</strong></span> <span class='ocrx_word' id='word_1_651' title='bbox 2252 4379 2829 4451; x_wconf 78' lang='lat' dir='ltr'><strong>superatus.Suscepit</strong></span> <span class='ocrx_word' id='word_1_652' title='bbox 2851 4397 3040 4437; x_wconf 88' lang='lat' dir='ltr'><strong>verum</strong></span> <span class='ocrx_word' id='word_1_653' title='bbox 3059 4384 3338 4440; x_wconf 87' lang='lat' dir='ltr'><strong>hominem</strong></span> <span class='ocrx_word' id='word_1_654' title='bbox 3374 4402 3476 4440; x_wconf 87' lang='lat' dir='ltr'><strong>na-</strong></span> 
     </span>
    </p>
   </div>
   <div class='ocr_carea' id='block_1_90' title="bbox 1879 4470 3470 4549">
    <p class='ocr_par' dir='ltr' id='par_1_90' title="bbox 1879 4470 3470 4549">
     <span class='ocr_line' id='line_1_90' title="bbox 1879 4470 3470 4549; baseline 0.008 -28"><span class='ocrx_word' id='word_1_655' title='bbox 1879 4476 1998 4521; x_wconf 91' lang='lat' dir='ltr'><strong>tura</strong></span> <span class='ocrx_word' id='word_1_656' title='bbox 2024 4484 2132 4523; x_wconf 91' lang='lat' dir='ltr'><strong>non</strong></span> <span class='ocrx_word' id='word_1_657' title='bbox 2167 4470 2331 4536; x_wconf 89' lang='lat' dir='ltr'><strong>vitiis,</strong></span> <span class='ocrx_word' id='word_1_658' title='bbox 2361 4472 2570 4542; x_wconf 88' lang='lat' dir='ltr'><strong>respuit</strong></span> <span class='ocrx_word' id='word_1_659' title='bbox 2600 4475 2746 4545; x_wconf 84' lang='lat' dir='ltr'><strong>quod</strong></span> <span class='ocrx_word' id='word_1_660' title='bbox 2798 4476 3171 4546; x_wconf 84' lang='lat' dir='ltr'><strong>protoplastus</strong></span> <span class='ocrx_word' id='word_1_661' title='bbox 3210 4478 3470 4549; x_wconf 83' lang='lat' dir='ltr'><strong>deliquit,</strong></span> 
     </span>
    </p>
   </div>
   <div class='ocr_carea' id='block_1_91' title="bbox 166 4561 1784 4641">
    <p class='ocr_par' dir='ltr' id='par_1_91' title="bbox 166 4567 1779 4641">
     <span class='ocr_line' id='line_1_91' title="bbox 166 4567 1779 4641; baseline 0.002 -17"><span class='ocrx_word' id='word_1_662' title='bbox 166 4568 371 4624; x_wconf 84' lang='lat' dir='ltr'><strong>nando</strong></span> <span class='ocrx_word' id='word_1_663' title='bbox 395 4583 518 4637; x_wconf 77' lang='lat' dir='ltr'><strong>qua:</strong></span> <span class='ocrx_word' id='word_1_664' title='bbox 545 4567 691 4634; x_wconf 85' lang='lat' dir='ltr'><strong>fecit,</strong></span> <span class='ocrx_word' id='word_1_665' title='bbox 717 4583 905 4623; x_wconf 89' lang='lat' dir='ltr'><strong>verum</strong></span> <span class='ocrx_word' id='word_1_666' title='bbox 928 4568 1091 4624; x_wconf 91' lang='lat' dir='ltr'><strong>etiam</strong></span> <span class='ocrx_word' id='word_1_667' title='bbox 1111 4569 1314 4640; x_wconf 88' lang='lat' dir='ltr'><strong>aliquid</strong></span> <span class='ocrx_word' id='word_1_668' title='bbox 1339 4586 1447 4625; x_wconf 89' lang='lat' dir='ltr'><strong>non</strong></span> <span class='ocrx_word' id='word_1_669' title='bbox 1470 4572 1616 4641; x_wconf 82' lang='lat' dir='ltr'><strong>quod</strong></span> <span class='ocrx_word' id='word_1_670' title='bbox 1639 4587 1779 4627; x_wconf 86' lang='lat' dir='ltr'><strong>non-</strong></span> 
     </span>
    </p>
   </div>
   <div class='ocr_carea' id='block_1_92' title="bbox 1888 4561 3469 4641">
    <p class='ocr_par' dir='ltr' id='par_1_92' title="bbox 1888 4561 3469 4637">
     <span class='ocr_line' id='line_1_92' title="bbox 1888 4561 3469 4637; baseline 0.008 -25"><span class='ocrx_word' id='word_1_671' title='bbox 1888 4567 1936 4613; x_wconf 86' lang='lat' dir='ltr'><strong>et</strong></span> <span class='ocrx_word' id='word_1_672' title='bbox 1973 4561 2273 4630; x_wconf 82' lang='lat' dir='ltr'><strong>assumpsit</strong></span> <span class='ocrx_word' id='word_1_673' title='bbox 2302 4562 2580 4618; x_wconf 88' lang='lat' dir='ltr'><strong>hominem</strong></span> <span class='ocrx_word' id='word_1_674' title='bbox 2622 4565 2977 4635; x_wconf 84' lang='lat' dir='ltr'><strong>purissimum</strong></span> <span class='ocrx_word' id='word_1_675' title='bbox 3038 4583 3199 4637; x_wconf 86' lang='lat' dir='ltr'><strong>quem</strong></span> <span class='ocrx_word' id='word_1_676' title='bbox 3246 4571 3469 4637; x_wconf 58' lang='lat' dir='ltr'><strong>creavit,</strong></span> 
     </span>
    </p>
   </div>
   <div class='ocr_carea' id='block_1_93' title="bbox 162 4661 1775 4731">
    <p class='ocr_par' dir='ltr' id='par_1_93' title="bbox 162 4661 1775 4731">
     <span class='ocr_line' id='line_1_93' title="bbox 162 4661 1775 4731; baseline 0.001 -13"><span class='ocrx_word' id='word_1_677' title='bbox 162 4662 335 4731; x_wconf 83' lang='lat' dir='ltr'><strong>dum,</strong></span> <span class='ocrx_word' id='word_1_678' title='bbox 366 4662 461 4717; x_wconf 88' lang='lat' dir='ltr'><strong>sed</strong></span> <span class='ocrx_word' id='word_1_679' title='bbox 487 4661 633 4731; x_wconf 84' lang='lat' dir='ltr'><strong>quod</strong></span> <span class='ocrx_word' id='word_1_680' title='bbox 658 4662 772 4730; x_wconf 92' lang='lat' dir='ltr'><strong>jam</strong></span> <span class='ocrx_word' id='word_1_681' title='bbox 805 4671 1085 4718; x_wconf 89' lang='lat' dir='ltr'><strong>creaverat</strong></span> <span class='ocrx_word' id='word_1_682' title='bbox 1126 4664 1473 4721; x_wconf 88' lang='lat' dir='ltr'><strong>numerosius</strong></span> <span class='ocrx_word' id='word_1_683' title='bbox 1516 4664 1775 4731; x_wconf 84' lang='lat' dir='ltr'><strong>creando,</strong></span> 
     </span>
    </p>
   </div>
   <div class='ocr_carea' id='block_1_94' title="bbox 162 4755 1781 4828">
    <p class='ocr_par' dir='ltr' id='par_1_94' title="bbox 162 4755 1781 4828">
     <span class='ocr_line' id='line_1_94' title="bbox 162 4755 1781 4828; baseline -0.001 -15"><span class='ocrx_word' id='word_1_684' title='bbox 162 4771 362 4827; x_wconf 90' lang='lat' dir='ltr'><strong>usque</strong></span> <span class='ocrx_word' id='word_1_685' title='bbox 395 4770 542 4809; x_wconf 88' lang='lat' dir='ltr'><strong>nunc</strong></span> <span class='ocrx_word' id='word_1_686' title='bbox 573 4765 853 4825; x_wconf 90' lang='lat' dir='ltr'><strong>operatur.</strong></span> <span class='ocrx_word' id='word_1_687' title='bbox 884 4755 1041 4822; x_wconf 88' lang='lat' dir='ltr'><strong>Quod</strong></span> <span class='ocrx_word' id='word_1_688' title='bbox 1069 4758 1113 4812; x_wconf 89' lang='lat' dir='ltr'><strong>si</strong></span> <span class='ocrx_word' id='word_1_689' title='bbox 1140 4758 1408 4827; x_wconf 82' lang='lat' dir='ltr'><strong>quaeritur</strong></span> <span class='ocrx_word' id='word_1_690' title='bbox 1446 4773 1617 4828; x_wconf 88' lang='lat' dir='ltr'><strong>quare</strong></span> <span class='ocrx_word' id='word_1_691' title='bbox 1652 4757 1781 4814; x_wconf 88' lang='lat' dir='ltr'><strong>fecit</strong></span> 
     </span>
    </p>
   </div>
   <div class='ocr_carea' id='block_1_95' title="bbox 158 4845 1777 4915">
    <p class='ocr_par' dir='ltr' id='par_1_95' title="bbox 158 4845 1777 4915">
     <span class='ocr_line' id='line_1_95' title="bbox 158 4845 1777 4915; baseline 0.001 -11"><span class='ocrx_word' id='word_1_692' title='bbox 158 4848 400 4904; x_wconf 77' lang='lat' dir='ltr'><strong>animas</strong></span> <span class='ocrx_word' id='word_1_693' title='bbox 423 4845 504 4900; x_wconf 89' lang='lat' dir='ltr'><strong>eis</strong></span> <span class='ocrx_word' id='word_1_694' title='bbox 529 4860 668 4915; x_wconf 91' lang='lat' dir='ltr'><strong>quos</strong></span> <span class='ocrx_word' id='word_1_695' title='bbox 694 4845 844 4901; x_wconf 86' lang='lat' dir='ltr'><strong>novit</strong></span> <span class='ocrx_word' id='word_1_696' title='bbox 872 4848 980 4901; x_wconf 77' lang='lat' dir='ltr'><strong>cito</strong></span> <span class='ocrx_word' id='word_1_697' title='bbox 1001 4848 1317 4912; x_wconf 85' lang='lat' dir='ltr'><strong>morituros,</strong></span> <span class='ocrx_word' id='word_1_698' title='bbox 1344 4863 1640 4914; x_wconf 87' lang='lat' dir='ltr'><strong>possumus</strong></span> <span class='ocrx_word' id='word_1_699' title='bbox 1687 4866 1777 4905; x_wconf 90' lang='lat' dir='ltr'><strong>re-</strong></span> 
     </span>
    </p>
   </div>
   <div class='ocr_carea' id='block_1_96' title="bbox 159 4938 1777 5011">
    <p class='ocr_par' dir='ltr' id='par_1_96' title="bbox 159 4938 1777 5011">
     <span class='ocr_line' id='line_1_96' title="bbox 159 4938 1777 5011; baseline -0.001 -15"><span class='ocrx_word' id='word_1_700' title='bbox 159 4938 454 5011; x_wconf 86' lang='lat' dir='ltr'><strong>spondere</strong></span> <span class='ocrx_word' id='word_1_701' title='bbox 505 4947 793 5007; x_wconf 85' lang='lat' dir='ltr'><strong>parentum</strong></span> <span class='ocrx_word' id='word_1_702' title='bbox 839 4938 968 4993; x_wconf 90' lang='lat' dir='ltr'><strong>hinc</strong></span> <span class='ocrx_word' id='word_1_703' title='bbox 1018 4948 1237 5008; x_wconf 87' lang='lat' dir='ltr'><strong>peccata</strong></span> <span class='ocrx_word' id='word_1_704' title='bbox 1286 4940 1372 4993; x_wconf 91' lang='lat' dir='ltr'><strong>vel</strong></span> <span class='ocrx_word' id='word_1_705' title='bbox 1411 4942 1661 4998; x_wconf 79' lang='lat' dir='ltr'><strong>convinci</strong></span> <span class='ocrx_word' id='word_1_706' title='bbox 1693 4941 1777 4996; x_wconf 86' lang='lat' dir='ltr'><strong>vel</strong></span> 
     </span>
    </p>
   </div>
   <div class='ocr_carea' id='block_1_97' title="bbox 157 5028 1779 5104">
    <p class='ocr_par' dir='ltr' id='par_1_97' title="bbox 157 5028 1779 5104">
     <span class='ocr_line' id='line_1_97' title="bbox 157 5028 1779 5104; baseline 0.001 -17"><span class='ocrx_word' id='word_1_707' title='bbox 157 5028 467 5104; x_wconf 84' lang='lat' dir='ltr'><strong>flagellari.</strong></span> <span class='ocrx_word' id='word_1_708' title='bbox 498 5028 792 5085; x_wconf 86' lang='lat' dir='ltr'><strong>Sciendum</strong></span> <span class='ocrx_word' id='word_1_709' title='bbox 818 5042 1079 5099; x_wconf 76' lang='lat' dir='ltr'><strong>praeterea</strong></span> <span class='ocrx_word' id='word_1_710' title='bbox 1104 5029 1358 5098; x_wconf 76' lang='lat' dir='ltr'><strong>originali</strong></span> <span class='ocrx_word' id='word_1_711' title='bbox 1410 5032 1624 5087; x_wconf 88' lang='lat' dir='ltr'><strong>animas</strong></span> <span class='ocrx_word' id='word_1_712' title='bbox 1652 5049 1779 5103; x_wconf 84' lang='lat' dir='ltr'><strong>pee—</strong></span> 
     </span>
    </p>
   </div>
   <div class='ocr_carea' id='block_1_98' title="bbox 156 5118 1779 5191">
    <p class='ocr_par' dir='ltr' id='par_1_98' title="bbox 156 5118 1779 5191">
     <span class='ocr_line' id='line_1_98' title="bbox 156 5118 1779 5191; baseline -0.002 -12"><span class='ocrx_word' id='word_1_713' title='bbox 156 5133 301 5179; x_wconf 84' lang='lat' dir='ltr'><strong>eato</strong></span> <span class='ocrx_word' id='word_1_714' title='bbox 336 5120 593 5188; x_wconf 84' lang='lat' dir='ltr'><strong>astringi,</strong></span> <span class='ocrx_word' id='word_1_715' title='bbox 622 5134 724 5174; x_wconf 88' lang='lat' dir='ltr'><strong>nec</strong></span> <span class='ocrx_word' id='word_1_716' title='bbox 746 5135 908 5189; x_wconf 88' lang='lat' dir='ltr'><strong>posse</strong></span> <span class='ocrx_word' id='word_1_717' title='bbox 933 5120 1003 5173; x_wconf 87' lang='lat' dir='ltr'><strong>ab</strong></span> <span class='ocrx_word' id='word_1_718' title='bbox 1032 5133 1099 5174; x_wconf 90' lang='lat' dir='ltr'><strong>eo</strong></span> <span class='ocrx_word' id='word_1_719' title='bbox 1120 5118 1360 5183; x_wconf 87' lang='lat' dir='ltr'><strong>liberari,</strong></span> <span class='ocrx_word' id='word_1_720' title='bbox 1391 5119 1495 5173; x_wconf 88' lang='lat' dir='ltr'><strong>nisi</strong></span> <span class='ocrx_word' id='word_1_721' title='bbox 1534 5135 1628 5191; x_wconf 83' lang='lat' dir='ltr'><strong>per</strong></span> <span class='ocrx_word' id='word_1_722' title='bbox 1656 5138 1779 5191; x_wconf 88' lang='lat' dir='ltr'><strong>gra-</strong></span> 
     </span>
    </p>
   </div>
   <div class='ocr_carea' id='block_1_99' title="bbox 156 5208 1776 5270">
    <p class='ocr_par' dir='ltr' id='par_1_99' title="bbox 156 5208 1776 5270">
     <span class='ocr_line' id='line_1_99' title="bbox 156 5208 1776 5270; baseline -0.004 0"><span class='ocrx_word' id='word_1_723' title='bbox 156 5217 307 5270; x_wconf 85' lang='lat' dir='ltr'><strong>tiam</strong></span> <span class='ocrx_word' id='word_1_724' title='bbox 344 5209 565 5264; x_wconf 89' lang='lat' dir='ltr'><strong>Domini</strong></span> <span class='ocrx_word' id='word_1_725' title='bbox 590 5211 764 5265; x_wconf 87' lang='lat' dir='ltr'><strong>nostri</strong></span> <span class='ocrx_word' id='word_1_726' title='bbox 817 5209 946 5264; x_wconf 82' lang='lat' dir='ltr'><strong>Jesu</strong></span> <span class='ocrx_word' id='word_1_727' title='bbox 998 5208 1223 5264; x_wconf 88' lang='lat' dir='ltr'><strong>Christi.</strong></span> <span class='ocrx_word' id='word_1_728' title='bbox 1275 5208 1412 5264; x_wconf 89' lang='lat' dir='ltr'><strong>Hinc</strong></span> <span class='ocrx_word' id='word_1_729' title='bbox 1441 5209 1632 5265; x_wconf 89' lang='lat' dir='ltr'><strong>beatus</strong></span> <span class='ocrx_word' id='word_1_730' title='bbox 1659 5211 1776 5265; x_wconf 81' lang='lat' dir='ltr'><strong>Au-</strong></span> 
     </span>
    </p>
   </div>
   <div class='ocr_carea' id='block_1_100' title="bbox 154 5300 1774 5381">
    <p class='ocr_par' dir='ltr' id='par_1_100' title="bbox 154 5300 1774 5381">
     <span class='ocr_line' id='line_1_100' title="bbox 154 5300 1774 5381; baseline -0.006 -16"><span class='ocrx_word' id='word_1_731' title='bbox 154 5307 441 5381; x_wconf 73' lang='lat' dir='ltr'><strong>gustinus</strong></span> <span class='ocrx_word' id='word_1_732' title='bbox 496 5322 510 5357; x_wconf 88' lang='lat'>:</span> <span class='ocrx_word' id='word_1_733' title='bbox 557 5303 755 5359; x_wconf 87' lang='lat' dir='ltr'><strong>Certus</strong></span> <span class='ocrx_word' id='word_1_734' title='bbox 815 5304 978 5356; x_wconf 76' lang='lat' dir='ltr'><strong>rtiatn</strong></span> <span class='ocrx_word' id='word_1_735' title='bbox 1023 5317 1146 5355; x_wconf 89' lang='lat' dir='ltr'><strong>sum</strong></span> <span class='ocrx_word' id='word_1_736' title='bbox 1191 5302 1431 5355; x_wconf 89' lang='lat' dir='ltr'><strong>animam</strong></span> <span class='ocrx_word' id='word_1_737' title='bbox 1476 5301 1622 5355; x_wconf 89' lang='lat' dir='ltr'><strong>nulla</strong></span> <span class='ocrx_word' id='word_1_738' title='bbox 1680 5300 1774 5356; x_wconf 85' lang='lat' dir='ltr'><strong>Dei</strong></span> 
     </span>
    </p>
   </div>
   <div class='ocr_carea' id='block_1_101' title="bbox 151 5393 1774 5472">
    <p class='ocr_par' dir='ltr' id='par_1_101' title="bbox 151 5393 1774 5472">
     <span class='ocr_line' id='line_1_101' title="bbox 151 5393 1774 5472; baseline -0.005 -17"><span class='ocrx_word' id='word_1_739' title='bbox 151 5404 360 5472; x_wconf 83' lang='lat' dir='ltr'><strong>culpa,</strong></span> <span class='ocrx_word' id='word_1_740' title='bbox 396 5396 546 5451; x_wconf 88' lang='lat' dir='ltr'><strong>nulla</strong></span> <span class='ocrx_word' id='word_1_741' title='bbox 600 5394 694 5450; x_wconf 89' lang='lat' dir='ltr'><strong>Dei</strong></span> <span class='ocrx_word' id='word_1_742' title='bbox 744 5396 1067 5449; x_wconf 86' lang='lat' dir='ltr'><strong>necessitate</strong></span> <span class='ocrx_word' id='word_1_743' title='bbox 1102 5393 1187 5447; x_wconf 89' lang='lat' dir='ltr'><strong>vel</strong></span> <span class='ocrx_word' id='word_1_744' title='bbox 1236 5409 1358 5459; x_wconf 87' lang='lat' dir='ltr'><strong>sua,</strong></span> <span class='ocrx_word' id='word_1_745' title='bbox 1416 5393 1509 5447; x_wconf 85' lang='lat' dir='ltr'><strong>sed</strong></span> <span class='ocrx_word' id='word_1_746' title='bbox 1556 5393 1774 5462; x_wconf 87' lang='lat' dir='ltr'><strong>propria</strong></span> 
     </span>
    </p>
   </div>
   <div class='ocr_carea' id='block_1_102' title="bbox 150 5485 1774 5558">
    <p class='ocr_par' dir='ltr' id='par_1_102' title="bbox 150 5485 1774 5558">
     <span class='ocr_line' id='line_1_102' title="bbox 150 5485 1774 5558; baseline -0.005 -11"><span class='ocrx_word' id='word_1_747' title='bbox 150 5495 457 5549; x_wconf 77' lang='lat' dir='ltr'><strong>voluntate</strong></span> <span class='ocrx_word' id='word_1_748' title='bbox 488 5490 541 5541; x_wconf 91' lang='lat' dir='ltr'><strong>in</strong></span> <span class='ocrx_word' id='word_1_749' title='bbox 578 5499 861 5558; x_wconf 87' lang='lat' dir='ltr'><strong>peccatum</strong></span> <span class='ocrx_word' id='word_1_750' title='bbox 902 5502 1024 5542; x_wconf 83' lang='lat' dir='ltr'><strong>esse</strong></span> <span class='ocrx_word' id='word_1_751' title='bbox 1067 5487 1385 5555; x_wconf 88' lang='lat' dir='ltr'><strong>collapsam,</strong></span> <span class='ocrx_word' id='word_1_752' title='bbox 1411 5499 1513 5539; x_wconf 89' lang='lat' dir='ltr'><strong>nec</strong></span> <span class='ocrx_word' id='word_1_753' title='bbox 1556 5485 1774 5539; x_wconf 84' lang='lat' dir='ltr'><strong>liberari</strong></span> 
     </span>
    </p>
   </div>
   <div class='ocr_carea' id='block_1_103' title="bbox 143 5574 1775 5654">
    <p class='ocr_par' dir='ltr' id='par_1_103' title="bbox 143 5574 1775 5654">
     <span class='ocr_line' id='line_1_103' title="bbox 143 5574 1775 5654; baseline -0.008 -12"><span class='ocrx_word' id='word_1_754' title='bbox 143 5599 334 5654; x_wconf 81' lang='lat' dir='ltr'><strong>posse</strong></span> <span class='ocrx_word' id='word_1_755' title='bbox 362 5582 433 5635; x_wconf 87' lang='lat' dir='ltr'><strong>de</strong></span> <span class='ocrx_word' id='word_1_756' title='bbox 460 5594 692 5648; x_wconf 88' lang='lat' dir='ltr'><strong>corpore</strong></span> <span class='ocrx_word' id='word_1_757' title='bbox 726 5579 919 5632; x_wconf 91' lang='lat' dir='ltr'><strong>mortis</strong></span> <span class='ocrx_word' id='word_1_758' title='bbox 965 5576 1151 5645; x_wconf 87' lang='lat' dir='ltr'><strong>hujus,</strong></span> <span class='ocrx_word' id='word_1_759' title='bbox 1184 5575 1268 5629; x_wconf 91' lang='lat' dir='ltr'><strong>vel</strong></span> <span class='ocrx_word' id='word_1_760' title='bbox 1316 5591 1428 5629; x_wconf 77' lang='lat' dir='ltr'><strong>sua:</strong></span> <span class='ocrx_word' id='word_1_761' title='bbox 1479 5574 1775 5629; x_wconf 89' lang='lat' dir='ltr'><strong>voluntatis</strong></span> 
     </span>
    </p>
   </div>
   <div class='ocr_carea' id='block_1_104' title="bbox 146 5666 1774 5742">
    <p class='ocr_par' dir='ltr' id='par_1_104' title="bbox 146 5666 1774 5742">
     <span class='ocr_line' id='line_1_104' title="bbox 146 5666 1774 5742; baseline -0.007 -9"><span class='ocrx_word' id='word_1_762' title='bbox 146 5683 398 5742; x_wconf 80' lang='lat' dir='ltr'><strong>virtute,</strong></span> <span class='ocrx_word' id='word_1_763' title='bbox 424 5685 687 5742; x_wconf 88' lang='lat' dir='ltr'><strong>tanquam</strong></span> <span class='ocrx_word' id='word_1_764' title='bbox 722 5671 825 5726; x_wconf 90' lang='lat' dir='ltr'><strong>sibi</strong></span> <span class='ocrx_word' id='word_1_765' title='bbox 853 5670 919 5724; x_wconf 82' lang='lat' dir='ltr'><strong>ad</strong></span> <span class='ocrx_word' id='word_1_766' title='bbox 963 5671 1064 5723; x_wconf 87' lang='lat' dir='ltr'><strong>hoc</strong></span> <span class='ocrx_word' id='word_1_767' title='bbox 1116 5668 1436 5729; x_wconf 72' lang='lat' dir='ltr'><strong>sufﬁciente,</strong></span> <span class='ocrx_word' id='word_1_768' title='bbox 1484 5667 1567 5721; x_wconf 89' lang='lat' dir='ltr'><strong>vel</strong></span> <span class='ocrx_word' id='word_1_769' title='bbox 1599 5666 1774 5734; x_wconf 85' lang='lat' dir='ltr'><strong>ipsius</strong></span> 
     </span>
    </p>
   </div>
   <div class='ocr_carea' id='block_1_105' title="bbox 143 5758 1771 5842">
    <p class='ocr_par' dir='ltr' id='par_1_105' title="bbox 143 5758 1771 5842">
     <span class='ocr_line' id='line_1_105' title="bbox 143 5758 1771 5842; baseline -0.008 -16"><span class='ocrx_word' id='word_1_770' title='bbox 143 5769 426 5842; x_wconf 70' lang='lat' dir='ltr'><strong>corporis</strong></span> <span class='ocrx_word' id='word_1_771' title='bbox 456 5774 656 5829; x_wconf 86' lang='lat' dir='ltr'><strong>morte,</strong></span> <span class='ocrx_word' id='word_1_772' title='bbox 695 5763 788 5818; x_wconf 91' lang='lat' dir='ltr'><strong>scd</strong></span> <span class='ocrx_word' id='word_1_773' title='bbox 813 5763 987 5833; x_wconf 87' lang='lat' dir='ltr'><strong>gratia</strong></span> <span class='ocrx_word' id='word_1_774' title='bbox 1019 5761 1108 5816; x_wconf 85' lang='lat' dir='ltr'><strong>Dei</strong></span> <span class='ocrx_word' id='word_1_775' title='bbox 1153 5775 1250 5831; x_wconf 88' lang='lat' dir='ltr'><strong>per</strong></span> <span class='ocrx_word' id='word_1_776' title='bbox 1275 5758 1461 5814; x_wconf 85' lang='lat' dir='ltr'><strong>.lesum</strong></span> <span class='ocrx_word' id='word_1_777' title='bbox 1491 5758 1771 5813; x_wconf 86' lang='lat' dir='ltr'><strong>Christum</strong></span> 
     </span>
    </p>
   </div>
   <div class='ocr_carea' id='block_1_106' title="bbox 143 5852 1769 5923">
    <p class='ocr_par' dir='ltr' id='par_1_106' title="bbox 143 5852 1769 5923">
     <span class='ocr_line' id='line_1_106' title="bbox 143 5852 1769 5923; baseline -0.008 0"><span class='ocrx_word' id='word_1_778' title='bbox 143 5862 477 5923; x_wconf 78' lang='lat' dir='ltr'><strong>Dominum</strong></span> <span class='ocrx_word' id='word_1_779' title='bbox 504 5868 777 5922; x_wconf 84' lang='lat' dir='ltr'><strong>nostrum,</strong></span> <span class='ocrx_word' id='word_1_780' title='bbox 810 5871 910 5911; x_wconf 82' lang='lat' dir='ltr'><strong>nec</strong></span> <span class='ocrx_word' id='word_1_781' title='bbox 943 5856 1169 5909; x_wconf 83' lang='lat' dir='ltr'><strong>omnino</strong></span> <span class='ocrx_word' id='word_1_782' title='bbox 1196 5868 1319 5911; x_wconf 85' lang='lat' dir='ltr'><strong>esse</strong></span> <span class='ocrx_word' id='word_1_783' title='bbox 1340 5853 1581 5908; x_wconf 86' lang='lat' dir='ltr'><strong>animam</strong></span> <span class='ocrx_word' id='word_1_784' title='bbox 1606 5852 1769 5910; x_wconf 87' lang='lat' dir='ltr'><strong>ullam</strong></span> 
     </span>
    </p>
   </div>
   <div class='ocr_carea' id='block_1_107' title="bbox 495 5948 1060 6014">
    <p class='ocr_par' dir='ltr' id='par_1_107' title="bbox 495 5948 1060 6014">
     <span class='ocr_line' id='line_1_107' title="bbox 495 5948 1060 6014; baseline -0.004 -2"><span class='ocrx_word' id='word_1_785' title='bbox 495 5953 773 6014; x_wconf 72' lang='grc' dir='ltr'><strong>ΡΔτιιοι.</strong></span> <span class='ocrx_word' id='word_1_786' title='bbox 818 5948 1060 6013; x_wconf 81' lang='lat' dir='ltr'><strong>CLVII.</strong></span> 
     </span>
    </p>
   </div>
   <div class='ocr_carea' id='block_1_108' title="bbox 1882 4654 3472 4727">
    <p class='ocr_par' dir='ltr' id='par_1_108' title="bbox 1882 4654 3472 4727">
     <span class='ocr_line' id='line_1_108' title="bbox 1882 4654 3472 4727; baseline 0.006 -23"><span class='ocrx_word' id='word_1_787' title='bbox 1882 4666 1989 4705; x_wconf 90' lang='lat' dir='ltr'><strong>non</strong></span> <span class='ocrx_word' id='word_1_788' title='bbox 2022 4660 2306 4721; x_wconf 85' lang='lat' dir='ltr'><strong>peccatum</strong></span> <span class='ocrx_word' id='word_1_789' title='bbox 2334 4654 2663 4723; x_wconf 87' lang='lat' dir='ltr'><strong>suscipiens,</strong></span> <span class='ocrx_word' id='word_1_790' title='bbox 2698 4655 2793 4710; x_wconf 87' lang='lat' dir='ltr'><strong>sed</strong></span> <span class='ocrx_word' id='word_1_791' title='bbox 2827 4672 3045 4711; x_wconf 78' lang='lat' dir='ltr'><strong>carnem</strong></span> <span class='ocrx_word' id='word_1_792' title='bbox 3092 4659 3296 4727; x_wconf 78' lang='lat' dir='ltr'><strong>peccati</strong></span> <span class='ocrx_word' id='word_1_793' title='bbox 3352 4660 3472 4714; x_wconf 87' lang='lat' dir='ltr'><strong>sine</strong></span> 
     </span>
    </p>
   </div>
   <div class='ocr_carea' id='block_1_109' title="bbox 1884 4742 3471 4814">
    <p class='ocr_par' dir='ltr' id='par_1_109' title="bbox 1884 4742 3471 4814">
     <span class='ocr_line' id='line_1_109' title="bbox 1884 4742 3471 4814; baseline 0.008 -20"><span class='ocrx_word' id='word_1_794' title='bbox 1884 4742 2065 4813; x_wconf 88' lang='lat' dir='ltr'><strong>aliqua</strong></span> <span class='ocrx_word' id='word_1_795' title='bbox 2114 4744 2316 4814; x_wconf 88' lang='lat' dir='ltr'><strong>injuria</strong></span> <span class='ocrx_word' id='word_1_796' title='bbox 2350 4744 2670 4814; x_wconf 87' lang='lat' dir='ltr'><strong>pollutionis</strong></span> <span class='ocrx_word' id='word_1_797' title='bbox 2713 4763 3019 4803; x_wconf 80' lang='lat' dir='ltr'><strong>assumens.</strong></span> <span class='ocrx_word' id='word_1_798' title='bbox 3071 4748 3146 4802; x_wconf 89' lang='lat' dir='ltr'><strong>De</strong></span> <span class='ocrx_word' id='word_1_799' title='bbox 3194 4749 3297 4805; x_wconf 91' lang='lat' dir='ltr'><strong>hoc</strong></span> <span class='ocrx_word' id='word_1_800' title='bbox 3341 4767 3471 4806; x_wconf 86' lang='lat' dir='ltr'><strong>vero</strong></span> 
     </span>
    </p>
   </div>
   <div class='ocr_carea' id='block_1_110' title="bbox 1882 4834 3471 4909">
    <p class='ocr_par' dir='ltr' id='par_1_110' title="bbox 1882 4834 3471 4909">
     <span class='ocr_line' id='line_1_110' title="bbox 1882 4834 3471 4909; baseline 0.005 -20"><span class='ocrx_word' id='word_1_801' title='bbox 1882 4834 1996 4890; x_wconf 92' lang='lat' dir='ltr'><strong>Deo</strong></span> <span class='ocrx_word' id='word_1_802' title='bbox 2017 4846 2070 4890; x_wconf 92' lang='lat' dir='ltr'><strong>et</strong></span> <span class='ocrx_word' id='word_1_803' title='bbox 2098 4837 2317 4891; x_wconf 89' lang='lat' dir='ltr'><strong>homine</strong></span> <span class='ocrx_word' id='word_1_804' title='bbox 2341 4839 2549 4907; x_wconf 88' lang='lat' dir='ltr'><strong>peccati</strong></span> <span class='ocrx_word' id='word_1_805' title='bbox 2585 4839 2926 4894; x_wconf 86' lang='lat' dir='ltr'><strong>destructore</strong></span> <span class='ocrx_word' id='word_1_806' title='bbox 2968 4840 3191 4909; x_wconf 87' lang='lat' dir='ltr'><strong>quidam</strong></span> <span class='ocrx_word' id='word_1_807' title='bbox 3244 4841 3471 4897; x_wconf 86' lang='lat' dir='ltr'><strong>Patrum</strong></span> 
     </span>
    </p>
   </div>
   <div class='ocr_carea' id='block_1_111' title="bbox 1883 4927 3477 4999">
    <p class='ocr_par' dir='ltr' id='par_1_111' title="bbox 1883 4927 3477 4999">
     <span class='ocr_line' id='line_1_111' title="bbox 1883 4927 3477 4999; baseline 0.005 -17"><span class='ocrx_word' id='word_1_808' title='bbox 1883 4928 1961 4983; x_wconf 89' lang='lat' dir='ltr'><strong>sic</strong></span> <span class='ocrx_word' id='word_1_809' title='bbox 1993 4928 2069 4981; x_wconf 88' lang='lat' dir='ltr'><strong>ait</strong></span> <span class='ocrx_word' id='word_1_810' title='bbox 2099 4946 2112 4981; x_wconf 91' lang='lat'>:</span> <span class='ocrx_word' id='word_1_811' title='bbox 2142 4927 2220 4982; x_wconf 91' lang='lat' dir='ltr'><strong>lta</strong></span> <span class='ocrx_word' id='word_1_812' title='bbox 2269 4944 2300 4984; x_wconf 90' lang='lat' dir='ltr'><strong>e</strong></span> <span class='ocrx_word' id='word_1_813' title='bbox 2353 4929 2658 4984; x_wconf 73' lang='lat' dir='ltr'><strong>visceribus</strong></span> <span class='ocrx_word' id='word_1_814' title='bbox 2703 4939 2833 4984; x_wconf 75' lang='lat' dir='ltr'><strong>mat:</strong></span> <span class='ocrx_word' id='word_1_815' title='bbox 2851 4930 2897 4985; x_wconf 91' lang='lat' dir='ltr'><strong>is</strong></span> <span class='ocrx_word' id='word_1_816' title='bbox 2926 4940 3008 4987; x_wconf 90' lang='lat' dir='ltr'><strong>est</strong></span> <span class='ocrx_word' id='word_1_817' title='bbox 3052 4932 3251 4999; x_wconf 73' lang='lat' dir='ltr'><strong>editus,</strong></span> <span class='ocrx_word' id='word_1_818' title='bbox 3292 4943 3350 4989; x_wconf 88' lang='lat' dir='ltr'><strong>ut</strong></span> <span class='ocrx_word' id='word_1_819' title='bbox 3401 4934 3477 4990; x_wconf 86' lang='lat' dir='ltr'><strong>fe-</strong></span> 
     </span>
    </p>
   </div>
   <div class='ocr_carea' id='block_1_112' title="bbox 1882 5020 3474 5092">
    <p class='ocr_par' dir='ltr' id='par_1_112' title="bbox 1882 5020 3474 5092">
     <span class='ocr_line' id='line_1_112' title="bbox 1882 5020 3474 5092; baseline 0.005 -17"><span class='ocrx_word' id='word_1_820' title='bbox 1882 5020 2133 5075; x_wconf 89' lang='lat' dir='ltr'><strong>cunditas</strong></span> <span class='ocrx_word' id='word_1_821' title='bbox 2164 5030 2379 5091; x_wconf 89' lang='lat' dir='ltr'><strong>pareret</strong></span> <span class='ocrx_word' id='word_1_822' title='bbox 2407 5029 2461 5076; x_wconf 87' lang='lat' dir='ltr'><strong>et</strong></span> <span class='ocrx_word' id='word_1_823' title='bbox 2486 5022 2770 5091; x_wconf 69' lang='lat' dir='ltr'><strong>virginitas</strong></span> <span class='ocrx_word' id='word_1_824' title='bbox 2799 5034 3140 5092; x_wconf 84' lang='lat' dir='ltr'><strong>permaneret</strong></span> <span class='ocrx_word' id='word_1_825' title='bbox 3190 5045 3203 5080; x_wconf 89' lang='lat'><strong>:</strong></span> <span class='ocrx_word' id='word_1_826' title='bbox 3252 5042 3359 5082; x_wconf 86' lang='lat' dir='ltr'><strong>non</strong></span> <span class='ocrx_word' id='word_1_827' title='bbox 3393 5029 3474 5082; x_wconf 69' lang='lat' dir='ltr'><strong>alo</strong></span> 
     </span>
    </p>
   </div>
   <div class='ocr_carea' id='block_1_113' title="bbox 1882 5112 3469 5188">
    <p class='ocr_par' dir='ltr' id='par_1_113' title="bbox 1882 5112 3469 5188">
     <span class='ocr_line' id='line_1_113' title="bbox 1882 5112 3469 5188; baseline 0.007 -23"><span class='ocrx_word' id='word_1_828' title='bbox 1882 5112 2051 5167; x_wconf 85' lang='lat' dir='ltr'><strong>terius</strong></span> <span class='ocrx_word' id='word_1_829' title='bbox 2100 5122 2281 5167; x_wconf 85' lang='lat' dir='ltr'><strong>tamen</strong></span> <span class='ocrx_word' id='word_1_830' title='bbox 2320 5123 2530 5169; x_wconf 83' lang='lat' dir='ltr'><strong>naturae</strong></span> <span class='ocrx_word' id='word_1_831' title='bbox 2570 5122 2687 5168; x_wconf 87' lang='lat' dir='ltr'><strong>erat</strong></span> <span class='ocrx_word' id='word_1_832' title='bbox 2717 5115 2837 5184; x_wconf 89' lang='lat' dir='ltr'><strong>ejus</strong></span> <span class='ocrx_word' id='word_1_833' title='bbox 2873 5131 3004 5172; x_wconf 90' lang='lat' dir='ltr'><strong>caro</strong></span> <span class='ocrx_word' id='word_1_834' title='bbox 3049 5134 3214 5188; x_wconf 85' lang='lat' dir='ltr'><strong>quam</strong></span> <span class='ocrx_word' id='word_1_835' title='bbox 3248 5114 3469 5176; x_wconf 57' lang='lat' dir='ltr'><strong>nostra}.</strong></span> 
     </span>
    </p>
   </div>
   <div class='ocr_carea' id='block_1_114' title="bbox 1880 5203 3475 5278">
    <p class='ocr_par' dir='ltr' id='par_1_114' title="bbox 1880 5203 3475 5278">
     <span class='ocr_line' id='line_1_114' title="bbox 1880 5203 3475 5278; baseline 0.006 -20"><span class='ocrx_word' id='word_1_836' title='bbox 1880 5203 1999 5259; x_wconf 86' lang='lat' dir='ltr'><strong>Non</strong></span> <span class='ocrx_word' id='word_1_837' title='bbox 2023 5206 2167 5260; x_wconf 70' lang='lat' dir='ltr'><strong>enim</strong></span> <span class='ocrx_word' id='word_1_838' title='bbox 2218 5206 2295 5260; x_wconf 90' lang='lat' dir='ltr'><strong>illi</strong></span> <span class='ocrx_word' id='word_1_839' title='bbox 2329 5208 2436 5261; x_wconf 90' lang='lat' dir='ltr'><strong>alio</strong></span> <span class='ocrx_word' id='word_1_840' title='bbox 2471 5224 2634 5278; x_wconf 89' lang='lat' dir='ltr'><strong>quam</strong></span> <span class='ocrx_word' id='word_1_841' title='bbox 2675 5210 2889 5265; x_wconf 80' lang='lat' dir='ltr'><strong>caeteris</strong></span> <span class='ocrx_word' id='word_1_842' title='bbox 2928 5211 3241 5267; x_wconf 89' lang='lat' dir='ltr'><strong>hominibus</strong></span> <span class='ocrx_word' id='word_1_843' title='bbox 3287 5214 3475 5268; x_wconf 77' lang='lat' dir='ltr'><strong>anima</strong></span> 
     </span>
    </p>
   </div>
   <div class='ocr_carea' id='block_1_115' title="bbox 1881 5299 3469 5372">
    <p class='ocr_par' dir='ltr' id='par_1_115' title="bbox 1881 5299 3469 5372">
     <span class='ocr_line' id='line_1_115' title="bbox 1881 5299 3469 5372; baseline 0.001 -19"><span class='ocrx_word' id='word_1_844' title='bbox 1881 5308 1964 5353; x_wconf 91' lang='lat' dir='ltr'><strong>est</strong></span> <span class='ocrx_word' id='word_1_845' title='bbox 1994 5299 2257 5369; x_wconf 88' lang='lat' dir='ltr'><strong>inspirata</strong></span> <span class='ocrx_word' id='word_1_846' title='bbox 2297 5300 2587 5371; x_wconf 80' lang='lat' dir='ltr'><strong>principio,</strong></span> <span class='ocrx_word' id='word_1_847' title='bbox 2614 5317 2736 5372; x_wconf 72' lang='lat' dir='ltr'><strong>quae</strong></span> <span class='ocrx_word' id='word_1_848' title='bbox 2765 5303 3056 5357; x_wconf 81' lang='lat' dir='ltr'><strong>excelleret</strong></span> <span class='ocrx_word' id='word_1_849' title='bbox 3095 5317 3203 5355; x_wconf 89' lang='lat' dir='ltr'><strong>non</strong></span> <span class='ocrx_word' id='word_1_850' title='bbox 3236 5302 3469 5356; x_wconf 80' lang='lat' dir='ltr'><strong>diversi-</strong></span> 
     </span>
    </p>
   </div>
   <div class='ocr_carea' id='block_1_116' title="bbox 1881 5389 3472 5462">
    <p class='ocr_par' dir='ltr' id='par_1_116' title="bbox 1881 5389 3472 5462">
     <span class='ocr_line' id='line_1_116' title="bbox 1881 5389 3472 5462; baseline 0 -17"><span class='ocrx_word' id='word_1_851' title='bbox 1881 5400 1991 5446; x_wconf 89' lang='lat' dir='ltr'><strong>tate</strong></span> <span class='ocrx_word' id='word_1_852' title='bbox 2015 5392 2403 5460; x_wconf 83' lang='lat' dir='ltr'><strong>generationis,</strong></span> <span class='ocrx_word' id='word_1_853' title='bbox 2434 5395 2525 5448; x_wconf 87' lang='lat' dir='ltr'><strong>sed</strong></span> <span class='ocrx_word' id='word_1_854' title='bbox 2570 5393 2904 5449; x_wconf 88' lang='lat' dir='ltr'><strong>sublimitate</strong></span> <span class='ocrx_word' id='word_1_855' title='bbox 2952 5393 3186 5447; x_wconf 87' lang='lat' dir='ltr'><strong>virtutis.</strong></span> <span class='ocrx_word' id='word_1_856' title='bbox 3243 5391 3322 5445; x_wconf 75' lang='lat' dir='ltr'><strong>Ex</strong></span> <span class='ocrx_word' id='word_1_857' title='bbox 3346 5389 3472 5462; x_wconf 56' lang='lat' dir='ltr'><strong>qui.</strong></span> 
     </span>
    </p>
   </div>
   <div class='ocr_carea' id='block_1_117' title="bbox 1878 5483 3467 5554">
    <p class='ocr_par' dir='ltr' id='par_1_117' title="bbox 1878 5483 3467 5554">
     <span class='ocr_line' id='line_1_117' title="bbox 1878 5483 3467 5554; baseline -0.001 -16"><span class='ocrx_word' id='word_1_858' title='bbox 1878 5483 1984 5538; x_wconf 87' lang='lat' dir='ltr'><strong>bus</strong></span> <span class='ocrx_word' id='word_1_859' title='bbox 2016 5484 2195 5538; x_wconf 87' lang='lat' dir='ltr'><strong>verbis</strong></span> <span class='ocrx_word' id='word_1_860' title='bbox 2245 5485 2636 5554; x_wconf 85' lang='lat' dir='ltr'><strong>perpendimus</strong></span> <span class='ocrx_word' id='word_1_861' title='bbox 2680 5487 2918 5540; x_wconf 88' lang='lat' dir='ltr'><strong>animam</strong></span> <span class='ocrx_word' id='word_1_862' title='bbox 2960 5484 3166 5539; x_wconf 87' lang='lat' dir='ltr'><strong>Christi</strong></span> <span class='ocrx_word' id='word_1_863' title='bbox 3223 5483 3467 5552; x_wconf 82' lang='lat' dir='ltr'><strong>ejusdeu.</strong></span> 
     </span>
    </p>
   </div>
   <div class='ocr_carea' id='block_1_118' title="bbox 1879 5573 3465 5645">
    <p class='ocr_par' dir='ltr' id='par_1_118' title="bbox 1879 5573 3465 5645">
     <span class='ocr_line' id='line_1_118' title="bbox 1879 5573 3465 5645; baseline -0.002 -15"><span class='ocrx_word' id='word_1_864' title='bbox 1879 5587 2088 5630; x_wconf 65' lang='lat' dir='ltr'><strong>naturae</strong></span> <span class='ocrx_word' id='word_1_865' title='bbox 2112 5591 2253 5639; x_wconf 88' lang='lat' dir='ltr'><strong>esse,</strong></span> <span class='ocrx_word' id='word_1_866' title='bbox 2283 5576 2442 5645; x_wconf 85' lang='lat' dir='ltr'><strong>cujus</strong></span> <span class='ocrx_word' id='word_1_867' title='bbox 2466 5585 2517 5630; x_wconf 89' lang='lat' dir='ltr'><strong>et</strong></span> <span class='ocrx_word' id='word_1_868' title='bbox 2560 5588 2763 5632; x_wconf 69' lang='lat' dir='ltr'><strong>nostrae</strong></span> <span class='ocrx_word' id='word_1_869' title='bbox 2804 5586 2932 5631; x_wconf 89' lang='lat' dir='ltr'><strong>sunt</strong></span> <span class='ocrx_word' id='word_1_870' title='bbox 2969 5576 3184 5639; x_wconf 62' lang='lat' dir='ltr'><strong>animai,</strong></span> <span class='ocrx_word' id='word_1_871' title='bbox 3213 5573 3308 5627; x_wconf 86' lang='lat' dir='ltr'><strong>sed</strong></span> <span class='ocrx_word' id='word_1_872' title='bbox 3340 5588 3465 5627; x_wconf 85' lang='lat' dir='ltr'><strong>cum</strong></span> 
     </span>
    </p>
   </div>
   <div class='ocr_carea' id='block_1_119' title="bbox 1878 5663 3469 5737">
    <p class='ocr_par' dir='ltr' id='par_1_119' title="bbox 1878 5663 3469 5737">
     <span class='ocr_line' id='line_1_119' title="bbox 1878 5663 3469 5737; baseline -0.001 -16"><span class='ocrx_word' id='word_1_873' title='bbox 1878 5676 2083 5722; x_wconf 66' lang='lat' dir='ltr'><strong>nostrae</strong></span> <span class='ocrx_word' id='word_1_874' title='bbox 2114 5676 2167 5721; x_wconf 88' lang='lat' dir='ltr'><strong>et</strong></span> <span class='ocrx_word' id='word_1_875' title='bbox 2198 5668 2449 5737; x_wconf 87' lang='lat' dir='ltr'><strong>originali</strong></span> <span class='ocrx_word' id='word_1_876' title='bbox 2479 5678 2707 5737; x_wconf 90' lang='lat' dir='ltr'><strong>peccato</strong></span> <span class='ocrx_word' id='word_1_877' title='bbox 2750 5678 2803 5722; x_wconf 89' lang='lat' dir='ltr'><strong>et</strong></span> <span class='ocrx_word' id='word_1_878' title='bbox 2851 5665 3049 5722; x_wconf 90' lang='lat' dir='ltr'><strong>actuali</strong></span> <span class='ocrx_word' id='word_1_879' title='bbox 3095 5667 3205 5721; x_wconf 89' lang='lat' dir='ltr'><strong>sint</strong></span> <span class='ocrx_word' id='word_1_880' title='bbox 3232 5663 3469 5730; x_wconf 57' lang='lat' dir='ltr'><strong>infecta,</strong></span> 
     </span>
    </p>
   </div>
   <div class='ocr_carea' id='block_1_120' title="bbox 1879 5754 3467 5816">
    <p class='ocr_par' dir='ltr' id='par_1_120' title="bbox 1879 5754 3467 5816">
     <span class='ocr_line' id='line_1_120' title="bbox 1879 5754 3467 5816; baseline -0.003 -1"><span class='ocrx_word' id='word_1_881' title='bbox 1879 5761 2026 5816; x_wconf 89' lang='lat' dir='ltr'><strong>illius</strong></span> <span class='ocrx_word' id='word_1_882' title='bbox 2049 5760 2287 5814; x_wconf 90' lang='lat' dir='ltr'><strong>animam</strong></span> <span class='ocrx_word' id='word_1_883' title='bbox 2324 5760 2601 5814; x_wconf 89' lang='lat' dir='ltr'><strong>credimus</strong></span> <span class='ocrx_word' id='word_1_884' title='bbox 2632 5761 2858 5816; x_wconf 80' lang='lat' dir='ltr'><strong>firmiter</strong></span> <span class='ocrx_word' id='word_1_885' title='bbox 2896 5767 2951 5814; x_wconf 84' lang='lat' dir='ltr'><strong>et</strong></span> <span class='ocrx_word' id='word_1_886' title='bbox 2996 5768 3246 5814; x_wconf 85' lang='lat' dir='ltr'><strong>tenemus</strong></span> <span class='ocrx_word' id='word_1_887' title='bbox 3283 5754 3467 5813; x_wconf 79' lang='lat' dir='ltr'><strong>omnis</strong></span> 
     </span>
    </p>
   </div>
   <div class='ocr_carea' id='block_1_121' title="bbox 1877 5850 2633 5927">
    <p class='ocr_par' dir='ltr' id='par_1_121' title="bbox 1877 5850 2633 5927">
     <span class='ocr_line' id='line_1_121' title="bbox 1877 5850 2633 5927; baseline -0.009 -15"><span class='ocrx_word' id='word_1_888' title='bbox 1877 5854 2090 5927; x_wconf 78' lang='lat' dir='ltr'><strong>peccati</strong></span> <span class='ocrx_word' id='word_1_889' title='bbox 2122 5860 2399 5924; x_wconf 79' lang='lat' dir='ltr'><strong>expertem</strong></span> <span class='ocrx_word' id='word_1_890' title='bbox 2437 5850 2633 5907; x_wconf 71' lang='lat' dir='ltr'><strong>fuisse.</strong></span> 
     </span>
    </p>
   </div>
  </div>
