3970 6452
152 424 286 480 “65

1084 417 1655 477 DEFLORATIONES
1696 417 1797 477 SS.
1837 416 2147 475 PATRUM.
2187 447 2257 461 -—
2296 414 2426 472 LIB.
2465 415 2528 472 ll.

3298 411 3432 468 H66

150 536 245 590 Det
293 534 632 605 pertinentia
679 548 937 591 exercere
978 548 1087 588 non
1133 534 1539 605 pertimescant.
1592 534 1744 590 Alios
1773 547 1820 605 Α
1846 548 2053 599 rerum,
2075 532 2249 603 ipsius
2272 547 2491 602 quoque
2517 531 2641 587 vita:
2665 545 2868 587 nosrrae
2898 528 3302 585 brevitatenrm
3329 529 3437 584 du-

148 642 298 693 vero,
328 641 471 697 quos
497 626 568 681 ad
612 636 727 681 tam
773 626 1035 681 scelerata
1086 626 1347 682 seducere
1381 640 1492 680 non
1541 634 1741 696 potest,

153 732 332 780 tamen
359 719 540 790 turpis
569 720 714 774 lucri
739 720 970 790 cupidos
1017 728 1074 774 et
1113 718 1455 773 insatiabiles
1486 717 1744 785 elliciens,

157 831 244 870 res
266 828 396 869 suas
426 812 614 867 usuris
642 821 697 866 et
726 810 1010 866 fenoribus
1037 810 1420 881 multiplicare,
1451 809 1747 865 mercimo-

158 907 263 961 niis
291 921 396 960 non
428 904 603 975 (equis
627 904 834 975 jugiter
862 904 1139 965 insudare,
1160 918 1354 958 omnes
1382 918 1565 971 curas,
1597 902 1749 958 labo-

159 1015 247 1054 res
274 1007 327 1053 et
356 997 738 1060 intentionem,
765 996 1050 1066 ipsamque
1072 995 1239 1049 vitam
1264 1011 1420 1049 suam
1458 1011 1553 1066 spe
1576 1005 1630 1051 et
1654 1011 1749 1067 ap—

157 1090 330 1160 petitu
365 1088 791 1158 multiplicandae
819 1087 897 1142 rei
931 1086 1215 1143 familiaris
1253 1087 1585 1157 impendere,
1621 1103 1751 1158 qua-

162 1184 208 1239 si
234 1185 443 1256 absque
466 1183 705 1255 proximi
732 1181 979 1247 laesione,
1012 1188 1068 1237 et
1098 1180 1220 1235 ideo
1241 1181 1407 1235 etiam
1439 1180 1605 1235 veluti
1630 1179 1750 1236 sine

161 1286 387 1350 peccato
411 1277 653 1346 instigat.
684 1274 839 1330 Alios
888 1273 984 1345 qui
1013 1273 1175 1328 etiam
1204 1272 1257 1326 in
1294 1272 1396 1328 hac
1425 1282 1577 1343 parte
1618 1287 1749 1327 sua-

161 1369 317 1427 denti
362 1368 656 1431 resistunt,
706 1381 818 1420 non
870 1365 1053 1419 adhuc
1083 1365 1374 1426 deserens,
1426 1363 1667 1434 suggerit
1694 1371 1753 1416 ut

163 1462 445 1533 ipsa,qute
467 1460 617 1514 dono
643 1456 761 1524 Dei,
793 1456 1108 1512 haereditate
1136 1464 1231 1510 aut
1255 1455 1489 1526 alicujus
1512 1454 1755 1510 liberali-

164 1562 278 1607 tate
327 1553 559 1607 honeste
608 1559 666 1606 et
710 1549 831 1605 sine
892 1557 1116 1620 peccato
1179 1555 1400 1617 accepta
1450 1548 1751 1617 possident,

163 1646 420 1718 quamvis
445 1645 809 1715 multiplicare
836 1659 932 1713 per
953 1642 1178 1713 aliquod
1205 1651 1489 1713 peccatum
1526 1642 1612 1698 vel
1656 1656 1756 1696 au-

165 1755 296 1811 gere
322 1754 435 1795 non
484 1744 764 1810 appetant,
796 1744 979 1791 tamen
1003 1736 1129 1806 plus
1151 1734 1302 1806 justo
1341 1735 1591 1807 diligant,
1621 1743 1675 1790 et
1700 1734 1755 1788 in

162 1831 246 1886 eis
274 1828 524 1885 fruendis
571 1844 723 1898 spem
766 1843 944 1894 suam,
976 1834 1032 1882 et
1054 1826 1470 1883 delectationem
1512 1826 1760 1882 consola—

1847 628 2102 683 bietatem
2140 626 2548 693 demonstrant,
2576 625 2706 681 dum
2740 635 2952 680 naturae
2987 626 3220 695 paucula
3250 636 3443 697 postu-

1846 721 2032 783 lantis,
2071 728 2126 775 et
2177 720 2321 775 victu
2378 728 2588 774 tantum
2643 721 2974 790 vestituque,
3008 720 3163 789 juxta
3204 720 3443 789 Aposto-

1849 812 1961 867 lum
1996 809 2050 882 (I
2084 810 2219 865 Tim.
2248 812 2348 879 vi),
2391 819 2663 867 contenta:
2701 812 3130 868 mediocritatem
3163 813 3470 875 intimant.'

1847 907 1970 977 pias
2008 913 2218 959 mentes
2251 903 2408 960 facile
2439 906 2737 973 adducunt,
2769 921 2838 961 ne
2864 921 2961 976 pro
2986 906 3078 960 vili
3122 906 3359 977 incoepta
3390 918 3448 963 et

1850 996 2127 1068 superflua
2177 997 2420 1067 qualibet
2457 1013 2537 1065 re,
2577 1014 2741 1069 grave
2790 1008 2997 1054 certum
3028 1009 3082 1055 et
3127 1001 3445 1057 damnabile

1853 1091 2077 1162 aliquod
2135 1092 2342 1147 crimen
2388 1109 2483 1148 seu
2543 1104 2827 1164 peccatum
2884 1094 3246 1163 incurrentes,
3297 1096 3448 1167 justo

1854 1184 2150 1240 damnandi
2197 1184 2508 1240 divinorum
2566 1195 3003 1257 transgressores
3047 1199 3448 1258 praeceptorum

1855 1276 2010 1332 fiant.
2042 1276 2174 1344 Quae
2196 1277 2359 1332 etiam
2387 1279 2517 1333 dum
2549 1280 2873 1334 stultissima
2903 1295 3024 1335 esse
3060 1280 3366 1348 docuerint,
3390 1290 3452 1337 ut

1855 1368 2210 1424 intentionem
2232 1381 2499 1438 nostram,
2519 1386 2701 1437 curas,
2718 1372 2919 1439 studia,
2952 1374 3196 1439 servitia,
3212 1375 3448 1439 labores,

1857 1461 2061 1531 quibus
2090 1461 2469 1517 etiamminus
2500 1463 2786 1533 impensis,
2818 1474 3076 1520 aeternam
3103 1466 3332 1537 gloriam
3368 1466 3453 1521 di-

1854 1552 2127 1623 vitiasque
2153 1553 2407 1624 perennis
2432 1554 2556 1611 vitae
2580 1555 2882 1625 promereri
2931 1556 3326 1626 potuissemus,
3354 1572 3455 1626 pro

1856 1644 2080 1700 caducae
2133 1654 2188 1700 et
2218 1644 2493 1701 fumatica:
2531 1646 2608 1701 rei
2639 1662 2780 1701 vana
2813 1662 2910 1717 spe
2947 1647 3226 1703 incassum
3260 1649 3456 1717 perda-

1857 1752 2016 1800 mus;
2047 1736 2316 1807 profecto,
2349 1737 2395 1794 si
2424 1738 2664 1809 sapiens,
2700 1740 2887 1795 minus
2916 1756 3016 1810 pro
3041 1740 3126 1795 bis
3151 1756 3455 1796 vanescen-

1859 1827 2008 1884 tibus
2042 1828 2202 1899 nugis
2232 1829 2467 1899 amplius
2495 1846 2659 1900 quam
2692 1846 2792 1901 pro
2821 1831 3268 1900 permanentibus
3294 1831 3457 1886 bonis

160 1923 487 1992 lienemque
512 1928 746 1993 ponant;
773 1928 851 1975 vel
876 1936 930 1974 in
961 1934 1152 1975 eorum
1175 1919 1546 1989 qualicunque
1592 1918 1760 1974 amis-
1789 1906 1832 1961 Β
1861 1927 2109 1992 satagere
2152 1929 2209 1975 et
2248 1910 2456 1976 servire
2507 1922 2869 1985 studebimus,
2908 1923 3147 1978 maxime
3178 1940 3302 1980 cum
3340 1924 3459 1994 ipse

157 2018 329 2072 sione
374 2031 471 2071 seu
500 2014 857 2071 diminutione
884 2013 1009 2084 plus
1057 2028 1217 2084 mque
1244 2012 1537 2067 tristentur
1561 2019 1617 2066 et
1653 2010 1757 2065 do-

158 2107 353 2174 leant;
382 2107 469 2162 vel
494 2106 547 2160 in
570 2121 759 2161 eorum
786 2105 1140 2175 repositione,
1164 2114 1259 2159 aut
1286 2104 1341 2158 in
1366 2111 1645 2175 posterum
1674 2117 1763 2159 re-

160 2198 485 2253 scrvatione
530 2196 695 2251 nimis
742 2205 962 2252 tenaces
988 2194 1136 2251 cauti
1186 2194 1445 2265 parcique
1507 2191 1763 2248 custodes

164 2289 547 2360 indigentibus
593 2304 659 2344 ea
703 2288 972 2359 proximis
1025 2287 1211 2359 largiri
1242 2304 1339 2359 pro
1368 2285 1626 2342 facultate
1663 2299 1764 2340 sua

163 2390 442 2449 renuant;
481 2382 567 2435 vel
597 2383 752 2452 quasi
784 2382 890 2437 sub
920 2382 1098 2452 specie
1148 2380 1478 2452 frugalitatis
1504 2389 1558 2434 et
1588 2378 1766 2449 parci-

163 2475 389 2539 monize,
435 2473 671 2545 fugaque
700 2474 1006 2542 cfl'usionis,
1057 2475 1253 2545 Opibus
1285 2475 1422 2529 adeo
1468 2472 1536 2529 ad
1591 2488 1754 2528 usum

165 2570 548 2623 necessarium
582 2575 693 2621 tam
742 2567 828 2623 sui
869 2583 1035 2638 quam
1059 2569 1435 2639 proximorum
1463 2568 1762 2632 concessis,

164 2657 333 2727 quasi
390 2656 564 2712 sacris
595 2665 650 2713 et
698 2672 807 2711 non
863 2660 1148 2728 tangendis
1191 2669 1446 2729 pareant;
1496 2660 1581 2714 vel
1622 2669 1767 2715 certe

165 2747 417 2804 futuram
469 2752 709 2819 inopiam
743 2758 933 2804 contra
990 2760 1320 2821 praeceptum
1371 2749 1589 2806 Domini
1644 2753 1768 2823 plus

168 2858 343 2912 quam
372 2858 593 2898 necesse
620 2852 704 2899 est
730 2841 1109 2912 formidantes,
1140 2853 1193 2899 et
1219 2845 1287 2899 de
1315 2846 1576 2912 crastino,
1607 2844 1660 2900 id
1684 2853 1771 2901 est

171 2936 368 2991 futuro
410 2944 654 3007 tempore
708 2937 942 2993 sollicite
1010 2947 1066 2993 et
1135 2939 1410 3009 superflue
1467 2939 1769 3010 cogitantes

172 3026 403 3096 (.llattli.
429 3027 530 3096 vi),
562 3028 1025 3098 promissionibus
1052 3028 1175 3099 ejus
1213 3032 1415 3101 quibus
1460 3033 1769 3087 necessaria

168 3121 455 3190 pollicitus
506 3130 592 3178 est
644 3122 909 3179 increduli
954 3124 1037 3180 vel
1083 3124 1386 3181 diffidentes
1450 3136 1768 3198 appareant.

170 3213 336 3286 Ipsos
379 3232 600 3288 quoque
647 3218 740 3289 qui
780 3219 1073 3274 consilium
1126 3218 1342 3275 Domini
1395 3222 1554 3291 quasi
1600 3221 1769 3277 secuti

1864 2006 2130 2065 Dominus
2151 2010 2296 2066 dicat
2330 2029 2343 2064 :
2381 2029 2400 2063 ι
2423 2009 2542 2065 Non
2567 2013 2796 2081 potestis
2822 2013 2930 2068 Deo
2965 2015 3169 2069 servire
3195 2024 3250 2070 et
3275 2031 3458 2070 mam-

1863 2115 2042 2156 mon'e
2064 2099 2216 2171 (Lac.
2251 2104 2419 2172 xvi),i
2452 2112 2506 2159 et
2535 2120 2660 2159 eum
2710 2103 2994 2176 Scriptura
3036 2107 3235 2163 iterum
3263 2107 3412 2163 dicat
3439 2125 3458 2164 :

1871 2210 1891 2245 ι
1919 2191 2023 2258 Qui
2047 2201 2195 2247 amat
2219 2194 2501 2264 pecunias,
2527 2194 2739 2251 fructus
2763 2212 2871 2252 non
2911 2197 3089 2268 capiet
3124 2214 3192 2254 ex
3218 2200 3300 2255 eis
3326 2197 3458 2270 (Ec-

1865 2283 1962 2339 εις.
1990 2284 2066 2356 v).
2101 2305 2119 2337 ι
2148 2285 2210 2340 Et
2237 2287 2435 2341 iterum
2470 2304 2483 2339 :
2520 2305 2539 2340 ε
2571 2287 2751 2342 Avaro
2775 2288 2913 2343 nihil
2938 2297 3021 2343 est
3043 2290 3350 2359 scelestius,
3375 2291 3462 2347 ni-

1867 2377 2054 2448 hilque
2097 2378 2338 2449 iniquius
2366 2396 2532 2450 quam
2565 2396 2751 2437 amare
2792 2384 3077 2453 pecuniam
3110 2382 3302 2457 (Eccli.
3324 2385 3405 2459 λ),
3435 2406 3458 2440 ι

1868 2476 1922 2522 et
1948 2470 2206 2538 quoniam
2238 2489 2256 2522 ι
2294 2472 2442 2526 avari
2473 2482 2527 2526 et
2557 2489 2781 2544 rapaces
2816 2490 3043 2545 regnum
3072 2474 3164 2531 Dei
3199 2492 3308 2533 non
3337 2494 3466 2550 pos~

1868 2559 2121 2614 sidebunt
2152 2559 2207 2629 (Ι
2230 2561 2354 2617 Cor.
2384 2564 2494 2633 vi);
2531 2583 2549 2616 ι
2587 2576 2641 2620 ct
2672 2582 2684 2616 :
2733 2585 2751 2618 ι
2774 2565 2866 2622 Va:
2890 2568 3046 2624 vobis
3071 2569 3332 2627 divitibus
3368 2574 3467 2644 qui

1870 2649 2082 2706 habetis
2108 2652 2541 2708 consolationem
2569 2664 2806 2710 vestram
2843 2656 2997 2723 (Luc.
3038 2659 3146 2727 vr)!
3182 2679 3201 2712 ι
3235 2660 3301 2716 Et
3337 2677 3466 2718 cum

1870 2742 2004 2812 ipsis
2026 2744 2428 2802 inculcantibus
2457 2746 2625 2802 ﬁxum
2653 2748 2819 2804 corde
2840 2758 3088 2808 tenemus
3108 2754 3256 2824 quod
3278 2756 3470 2826 quaéli-

1870 2834 1961 2889 bet
1982 2834 2122 2890 bona
2146 2838 2306 2893 nobis
2328 2854 2360 2893 a
2385 2838 2496 2895 Deo
2519 2855 2619 2910 pro
2636 2857 2799 2896 usura
2819 2843 2871 2896 in
2886 2846 3137 2914 praesenti
3156 2863 3470 2905 accommo-

1874 2926 2023 2995 data,
2058 2944 2167 2983 non
2224 2940 2283 2985 ut
2312 2947 2476 2987 avare
2507 2935 2871 2991 recondamus
2916 2939 3248 3007 accepimus,
3283 2942 3378 2998 sed
3409 2953 3472 2999 ut

1871 3021 2200 3077 necessariis
2250 3025 2441 3081 usibus
2498 3028 2703 3082 nostris
2765 3029 3039 3099 superflua
3098 3031 3471 3102 indigentibus

1873 3113 2137 3182 proximis
2186 3115 2415 3171 fideliter
2471 3117 2866 3175 distribuamus
2899 3161 2915 3187 ,
2970 3121 3188 3194 ipsique
3235 3124 3483 3182 Domino'

1874 3206 1999 3261 inde
2028 3210 2234 3263 servire
2272 3218 2608 3277 satagamus,
2638 3212 2919 3281 nimirum,
2953 3215 3096 3270 sicut
3137 3217 3253 3287 ipse
3272 3217 3467 3288 jussit,

172 3310 402 3365 cunctis
455 3327 580 3381 qua:
617 3313 919 3382 possident,
969 3314 1360 3370 abrenuntiare
1394 3316 1771 3371 videntnrim-

1879 3299 2259 3355 necessitatem
2308 3302 2685 3372 proximorum
2735 3318 2980 3361 neStram
3037 3318 3378 3378 reputantes,
3412 3323 3475 3366 ut

173 3401 360 3472 pellit,
391 3413 449 3457 ut
480 3411 576 3457 aut
606 3413 813 3474 partem
839 3404 943 3460 sibi
982 3406 1297 3476 imperfecte
1326 3408 1776 3464 abrenuntiantes

171 3495 478 3561 retineant,
509 3505 602 3550 aut
630 3511 694 3551 ea
725 3512 849 3567 qure
874 3513 1103 3567 prorsus
1131 3499 1453 3555 dimiserant
1479 3500 1661 3555 denuo
1688 3516 1779 3555 ve-

169 3601 318 3646 sana
350 3589 628 3658 apostasia
663 3590 1073 3660 concupiscant,
1108 3600 1201 3646 aut
1235 3601 1381 3648 certe
1412 3593 1567 3661 plura
1612 3608 1777 3663 quam

172 3680 263 3735 vel
293 3680 449 3751 prius
476 3680 780 3735 habuerant
810 3681 1080 3736 affectent.
1113 3682 1265 3738 Alios
1303 3682 1369 3737 ad
1404 3683 1510 3737 hoc
1535 3682 1777 3749 adducit,

172 3772 375 3827 uxsub
403 3772 626 3826 obtentu
673 3772 844 3828 relicti
894 3773 1079 3828 saeculi
1126 3774 1211 3828 vel
1257 3776 1436 3845 specie
1475 3774 1777 3845 religionis,

173 3862 265 3918 vel
321 3862 619 3917 occasione
672 3864 1026 3919 ecclesiastici
1068 3865 1297 3933 ordinis,
1351 3866 1434 3921 vel
1480 3866 1779 3919 multorum

172 3953 593 4024 procurationis
645 3953 728 4007 vel
782 3955 1249 4027 eleemosynarum
1301 3957 1641 4028 largitionis,
1695 3957 1780 4012 vel

174 4045 429 4115 alicujus
474 4045 688 4100 aediﬁcii
741 4046 809 4101 ad
843 4048 990 4117 pium
1031 4050 1237 4104 cultum
1282 4050 1626 4120 pertinentis,
1678 4050 1780 4120 ipsi

174 4138 402 4194 divitiis
424 4138 746 4208 locupletari
773 4150 1044 4210 appetant.

248 4231 514 4301 Denique
532 4232 803 4301 cupiditas
829 4242 994 4305 atque
1018 4235 1270 4305 superbia
1293 4236 1348 4290 in
1373 4244 1584 4293 tantum
1608 4253 1781 4292 unum

177 4335 326 4381 sunt
355 4324 586 4392 malum,
616 4335 675 4379 ut
706 4341 804 4380 nec
855 4327 1124 4397 superbus
1164 4330 1283 4384 sine
1320 4331 1633 4399 cupiditate,
1684 4347 1785 4386 nec

180 4421 315 4477 sine
339 4420 600 4490 superbia
628 4421 801 4490 possit
846 4422 1078 4477 inveniri
1112 4423 1362 4492 cupidus.
1409 4422 1466 4477 Si
1514 4426 1662 4479 enim
1693 4425 1789 4479 ali-

1878 3391 2063 3447 ﬁdeles
2118 3393 2527 3463 dispensatores
2582 3410 2650 3451 ex
2704 3399 3016 3454 communis
3049 3397 3268 3455 Domini
3310 3401 3473 3458 donis

1878 3485 1978 3550 eis,
2007 3492 2061 3538 ut
2094 3499 2411 3554 possumus,
2438 3502 2594 3557 opem
2645 3487 2893 3556 ferimus,
2927 3489 3118 3559 eisque
3149 3491 3331 3560 potius
3372 3507 3477 3547 sua

1878 3592 1947 3631 ex
1984 3578 2168 3633 debito
2219 3580 2500 3635 reddimus
2545 3597 2711 3651 quam
2752 3592 2941 3638 nostra
2990 3584 3304 3650 tribuimus,
3344 3586 3476 3656 quia

1884 3671 1931 3726 si
1958 3671 2062 3726 hoc
2120 3673 2342 3743 quidem
2394 3690 2504 3728 non
2535 3673 2850 3744 fecerimus,
2883 3692 2991 3733 non
3041 3690 3100 3733 ut
3126 3680 3481 3750 propriarum

1883 3778 2070 3817 rerum
2107 3765 2255 3818 cauti
2296 3776 2733 3835 conservatores,
2763 3770 2855 3824 sed
2885 3779 2943 3824 ut
2972 3770 3274 3825 alienarum
3302 3770 3479 3841 iniqui

1884 3854 2229 3911 fraudatorcs
2278 3865 2332 3911 et
2379 3858 2604 3912 violenti
2661 3871 2911 3930 raptores
2943 3878 3008 3917 ex
3039 3863 3228 3918 divino
3268 3864 3483 3934 judicia

1877 3949 2039 4019 justa:
2055 3948 2249 4003 ultioni
2276 3948 2703 4018 subjacebimus.
2748 3950 2879 4020 Ipsae
2904 3968 3124 4023 quoque
3147 3956 3483 4024 persuadent

1882 4040 2277 4111 perniciosiora
2309 4049 2364 4095 et
2394 4056 2425 4096 a
2456 4040 2715 4097 remediis
2755 4042 3137 4114 longinquiora
3169 4060 3292 4100 esse
3322 4046 3479 4113 vitia,

1884 4149 2006 4204 qua:
2038 4134 2140 4189 sub
2168 4134 2347 4204 specie
2375 4134 2641 4188 virtutum
2690 4145 2999 4205 emergunt,
3032 4151 3199 4206 quam
3235 4137 3325 4191 illa
3355 4152 3479 4206 qua-

1883 4244 1950 4283 ex
1982 4237 2171 4299 aperto
2195 4236 2396 4283 exeunt
2435 4242 2537 4298 pro
2580 4227 2785 4282 carnali
2814 4228 3110 4298 voluptate.
3145 4227 3207 4282 Hi
3242 4245 3481 4301 namque

1883 4321 2035 4375 velut
2093 4321 2272 4391 palam
2326 4321 2560 4391 expositi
2625 4337 2689 4377 ac
2733 4319 3006 4376 manifesti
3064 4321 3373 4391 languores,
3426 4333 3483 4378 et

1889 4423 2192 4485 arguuntur
2220 4415 2473 4469 cominus
2500 4422 2553 4468 et
2576 4422 2861 4470 sanantur.

181 4511 345 4583 quod
398 4520 685 4581 peccatum
725 4521 1038 4582 perpetrare
1074 4528 1184 4567 non
1222 4528 1470 4583 possum,
1504 4514 1609 4569 nisi
1653 4531 1787 4570 mea
1844 4524 1865 4549 ν
1959 4506 2097 4563 Illud
2144 4523 2383 4579 namque
2418 4509 2575 4564 valde
2609 4508 2965 4565 ridiculosum
3008 4516 3093 4564 est
3147 4506 3294 4580 quod
3342 4520 3484 4560 non-

181 4603 551 4660 delectatinni
580 4605 921 4658 consentiam
949 4605 1117 4675 (qunti
1171 4606 1485 4675 cupiditatis
1526 4617 1608 4662 est
1655 4622 1786 4678 pro-
1818 4632 1864 4687 ο
1892 4601 2026 4657 nulli
2049 4611 2173 4672 post
2229 4602 2381 4657 illum
2424 4603 2615 4673 prima:
2669 4602 3160 4657 abrenuntiationis
3205 4600 3482 4661 ardorem,

179 4693 430 4767 prium),
482 4703 535 4749 et
563 4694 657 4750 Dei
694 4703 955 4765 praecepta
996 4705 1343 4752 contemnam
1375 4699 1539 4769 (quod
1582 4709 1666 4755 est
1695 4716 1789 4755 su-

179 4787 405 4859 perbiai
458 4786 709 4856 malum),
763 4789 1042 4859 quomodo
1069 4805 1178 4845 non
1212 4806 1279 4845 ex
1306 4790 1621 4862 cupiditate,
1668 4808 1793 4862 quas

178 4892 266 4937 est
297 4880 471 4937 radix
513 4879 783 4935 malorum
810 4881 1056 4937 omnium
1100 4880 1153 4951 (1
1197 4881 1335 4938 Tim.
1366 4885 1465 4955 vi),
1505 4894 1560 4939 et
1585 4900 1653 4939 ex
1694 4901 1791 4941 su-

178 4971 384 5043 perbia
414 4971 791 5041 quwoinitium
818 4973 999 5028 omnis
1032 4973 1239 5043 peccati
1262 4973 1465 5029 dicitur
1487 4974 1683 5045 (Eccli.
1714 4977 1790 5044 ι),

180 5064 453 5136 procedit
489 5078 651 5119 omne
686 5073 992 5135 peccatum.
1042 5062 1099 5119 Si
1144 5065 1288 5121 enim
1329 5066 1601 5138 cupiditas
1638 5083 1794 5123 amor

178 5168 269 5214 est
320 5156 634 5227 cujuslibet
683 5158 762 5212 rei
815 5158 1021 5213 illicitae
1078 5159 1162 5213 vel
1207 5174 1364 5214 amor
1409 5158 1643 5215 habendi
1672 5161 1795 5231 plus

178 5266 362 5325 quam
418 5259 655 5319 oportet,
717 5252 929 5307 nullum
980 5262 1268 5323 peccatum
1321 5254 1440 5309 sine
1498 5253 1796 5323 cupiditate

176 5343 587 5399 committitur.
618 5344 758 5411 Quid
788 5361 920 5401 vero
956 5348 1176 5403 avarius
1202 5357 1287 5404 est
1314 5348 1407 5402 illo
1433 5347 1519 5403 cui
1548 5363 1656 5402 non
1681 5347 1797 5403 suf-

178 5435 304 5491 ficit
342 5434 521 5500 Deus,
555 5445 609 5489 et
629 5436 725 5506 qui
757 5437 904 5493 bono
936 5440 1191 5496 universo
1223 5440 1347 5511 plus
1374 5439 1595 5511 appetit.

256 5528 557 5587 Adversus
608 5527 751 5583 hanc
812 5528 979 5597 igitur
1033 5528 1255 5600 furiam,
1304 5531 1391 5587 his
1421 5540 1475 5587 et
1525 5530 1797 5587 similibus

176 5619 468 5677 versutiis
496 5628 787 5686 armatam,
823 5620 1087 5687 cbaritas,
1120 5622 1515 5688 misericordia,
1550 5622 1793 5694 largitas,

176 5713 538 5783 benignitas,
584 5722 930 5784 contemptus
973 5714 1307 5783 divitiarum,
1374 5726 1428 5771 et
1491 5716 1798 5771 voluntaria

176 5814 501 5877 paupertas
527 5813 765 5861 mentem
792 5806 1032 5861 hominis
1052 5806 1341 5863 defendere
1360 5816 1637 5877 parantes,
1666 5807 1796 5863 dum

177 5898 503 5953 vanitatem
563 5905 618 5951 et
674 5897 1113 5954 incertitudinern
1152 5897 1397 5955 omnium
1446 5898 1797 5969 praesentium

1894 4708 2005 4763 quo
2026 4709 2114 4749 res
2139 4692 2435 4748 familiares
2458 4693 2542 4749 vel
2560 4709 2691 4765 opes
2716 4695 2981 4764 plurimas
3003 4710 3065 4750 ac
3083 4694 3343 4773 malitiam
3374 4692 3497 4748 sae?

1895 4786 2004 4841 c‘uli
2051 4786 2411 4856 reliquerunt,
2458 4795 2612 4841 tanto
2660 4786 2843 4841 studio
2874 4786 2927 4840 in
2977 4786 3063 4841 bis
3100 4803 3222 4856 qua:
3264 4788 3495 4857 penitus

1895 4887 2175 4947 nequeunt
2218 4878 2270 4931 in
2300 4893 2402 4933 suo
2430 4879 2623 4933 ordine
2651 4894 2760 4933 non
2785 4878 2995 4945 haberi,
3033 4880 3283 4948 quamvis
3314 4895 3483 4949 parva

1895 4971 2134 5040 viliaque
2163 4970 2294 5037 sint,
2340 4986 2461 5026 esse
2481 4970 2783 5038 devinctos,
2812 4980 2873 5026 ut
2894 4972 3091 5026 borum
3122 4987 3255 5027 cura
3298 4972 3485 5043 pristi-

1895 5078 2094 5118 narum
2141 5063 2387 5118 omnium
2442 5063 2755 5119 facultatum
2804 5074 3024 5136 superet
3050 5066 3481 5136 possessionem.

1898 5152 2108 5222 Quibus
2136 5153 2385 5225 profecto
2415 5171 2607 5226 parum
2636 5156 2879 5227 proderit
2918 5159 3156 5228 majores
3184 5172 3319 5229 opes
3353 5174 3487 5215 con-

1902 5249 2207 5318 tempsisse,
2261 5249 2391 5319 quia
2446 5248 2673 5306 allectus
2702 5265 2893 5307 eorum
2945 5252 3018 5307 ob
3043 5267 3182 5324 quos
3226 5251 3330 5306 illae
3352 5265 3487 5306 con-

1901 5340 2204 5396 temnendae
2235 5350 2383 5408 sunt,
2409 5341 2463 5397 in
2494 5358 2583 5398 res
2609 5358 2804 5413 parvas
2837 5355 3000 5415 atque
3043 5344 3269 5412 exiguas
3304 5351 3487 5396 trans—

1900 5436 2160 5491 tulerunt.
2214 5433 2350 5491 Nam
2384 5437 2595 5503 ,vitium
2627 5439 2941 5508 cupiditatis
2973 5446 3026 5491 et
3053 5436 3294 5491 avaritiae
3336 5435 3482 5503 quod

1898 5543 2025 5599 erga
2103 5529 2315 5598 species
2366 5529 2635 5600 pretiosas
2705 5544 2959 5585 exercere
3021 5544 3132 5582 non
3209 5532 3482 5597 possunt,

1900 5620 2048 5676 circa
2076 5621 2300 5677 viliores
2351 5623 2612 5677 materias
2654 5622 2948 5676 retinentes
2996 5635 3107 5699 non
3159 5620 3480 5683 abscidisse,

1902 5713 1993 5769 sed
2022 5723 2387 5769 commutasse
2408 5729 2467 5769 se
2493 5714 2726 5784 probant
2746 5711 3032 5782 pristinam
3052 5713 3479 5782 possessionem.

1899 5802 2035 5860 Nam
2085 5806 2251 5860 nimia
2282 5806 2515 5862 devincti
2568 5804 2870 5875 diligentia,
2925 5818 3051 5876 erga
3105 5819 3295 5859 curam
3327 5819 3485 5875 spor-

1903 5897 2063 5967 tellae,
2109 5900 2314 5971 sagelli,
2349 5899 2572 5967 codicis,
2602 5899 2945 5967 aliarumque
2988 5898 3252 5954 similium
3278 5910 3484 5969 rerum,
