3970 6456
488 385 626 448 “67

1626 389 1955 451 unum
1989 362 2288 453 tuearis
2325 396 2382 455 s.
2426 396 2647 453 BLASll

3619 403 3749 461 “68

478 508 736 579 quamvis
788 507 1204 570 vilissimi-um,
1236 504 1425 559 eadem
1458 510 1638 559 tamen
1661 518 1774 583 qua
1800 519 1960 565 antea
2002 508 2072 565 li-
2100 517 2149 575 Α
2174 510 2305 565 tiam
2334 510 2563 581 adeptus
2586 509 2768 579 fuerit,
2797 520 3021 569 caeteros
3048 526 3160 569 non
3190 519 3529 570 contemnat.
3562 513 3748 576 Multos

477 600 667 656 hidine
713 599 1046 655 detinentur.
1108 596 1241 664 Quae
1287 596 1451 652 etiam
1507 604 1659 656 tanta
1724 603 2072 660 aemulatione

479 692 806 748 custodiunt
832 699 996 761 atque
1021 690 1340 757 defendunt,
1389 697 1451 748 ut
1479 706 1580 762 pro
1623 694 1756 764 ipsis
1807 694 2072 752 adversus

476 782 705 839 fratrem
730 784 1063 838 commoveri
1097 797 1179 850 se,
1205 791 1261 842 et
1280 782 1453 856 (quod
1481 793 1565 839 est
1592 786 1865 857 turpius!)
1904 788 2070 842 etiam

476 875 694 946 litigare
722 890 828 929 non
861 874 1084 945 pudeat.
1118 872 1176 932 ln
1212 878 1314 933 hoc
1342 892 1561 947 quoque
1599 878 1684 932 sui
1726 878 1909 935 cordis
1940 895 2071 934 ava-

475 965 667 1022 ritiam
693 963 1007 1038 designant,
1038 983 1162 1023 cum
1197 968 1279 1021 vel
1304 984 1366 1022 ca
1402 968 1602 1038 quibus
1631 969 1710 1022 uti
1740 984 1963 1024 necesse
1988 978 2073 1025 est

477 1060 808 1129 propensius
857 1059 1078 1113 student
1124 1058 1324 1113 habere
1355 1074 1520 1128 quam
1556 1060 1759 1126 caeteri,
1791 1061 1876 1114 vel
1907 1076 2069 1117 exce-

477 1152 670 1206 dentes
690 1149 983 1222 diligentia:
1012 1151 1233 1205 modum
1257 1151 1588 1221 peculiarius
1610 1168 1673 1207 ea
1704 1154 2073 1225 attentiusque

480 1246 797 1302 custodiunt
824 1254 877 1299 et
909 1245 979 1299 ab
1006 1245 1238 1300 aliorum
1280 1247 1708 1301 contrectatione
1737 1247 2070 1315 defendunt,

477 1354 604 1409 quae
646 1337 922 1393 universis
967 1336 1235 1392 fratribus
1269 1338 1533 1393 deberent
1566 1354 1689 1395 esse
1735 1340 2069 1408 communia,

477 1433 639 1505 quasi
687 1447 818 1488 vero
864 1431 1167 1486 dilferentia
1210 1433 1588 1487 tantummodo
1634 1434 1977 1489 metallorum
2020 1442 2074 1488 et

477 1540 590 1580 non
619 1525 735 1594 ipsa
761 1524 943 1594 passio
973 1522 1284 1595 cupiditatis
1309 1525 1572 1580 habeatur
1608 1526 1662 1581 in
1695 1543 1860 1591 nova,
1890 1540 1940 1582 et
1972 1541 2072 1597 pro

477 1618 647 1673 rebus
671 1617 890 1688 quidem
919 1617 1132 1687 magnis
1155 1617 1316 1672 irasci
1342 1634 1451 1671 non
1476 1619 1654 1686 liceat,
1672 1635 1772 1689 pro
1789 1620 2074 1677 vilioribus

481 1725 615 1765 vero
641 1710 746 1764 hoc
773 1710 950 1780 ipsum
979 1711 1175 1765 fecisse
1202 1710 1323 1765 sine
1354 1711 1512 1782 culpa
1536 1712 1626 1779 sit,
1651 1722 1705 1767 et
1730 1730 1839 1768 non
1867 1714 2073 1770 idcirco

482 1804 839 1874 pretiosiores
867 1803 1233 1874 abjecerimus
1257 1805 1513 1859 materias
1526 1821 1637 1876 quo
1660 1805 1880 1862 facilius
1898 1809 2074 1864 disce-

2174 601 2281 657 boc
2319 602 2541 673 decipit,
2573 603 2718 674 quod
2749 610 2876 659 ante
2920 613 3142 675 tempus
3170 606 3445 675 sapientes
3470 606 3640 661 videri
3670 624 3752 666 vo-

2174 693 2313 748 lunt.
2348 692 2488 748 Hinc
2526 710 2763 766 namque
2792 695 2847 749 in
2883 696 3175 766 quemdam
3207 697 3466 751 elationis
3495 705 3748 754 tumorem

2175 796 2559 856 prorumpunt,
2594 796 2654 842 ut
2673 788 2787 858 jam
2818 797 2873 842 et
2902 789 3163 843 simulare
3194 789 3460 858 incipiant
3484 791 3630 859 quod
3655 807 3748 848 non

2174 886 2323 944 sunt,
2377 887 2431 933 ct
2476 879 2623 949 quod
2679 888 2809 934 sunt
2859 880 3208 943 erubescere,
3250 894 3429 948 eoque
3480 880 3690 950 longius
3723 897 3751 939 ι

2173 968 2438 1037 sapientia
2467 969 2744 1034 recedunt,
2773 984 2883 1038 quo
2908 984 3017 1023 non
3050 983 3173 1023 esse
3211 970 3511 1036 sapientes,
3544 971 3636 1023 sed
3664 986 3749 1040 pu-

2173 1060 2276 1114 tari
2321 1061 2569 1131 cupiunt.
2615 1061 2940 1131 Cujusmodi
2992 1062 3146 1116 multi
3188 1062 3459 1117 hactenus
3493 1065 3749 1132 erantqui

2174 1166 2298 1207 cum
2342 1154 2533 1223 primis
2561 1153 2848 1209 elementis
2893 1154 3074 1209 adhuc
3118 1153 3446 1225 indigerent,
3501 1169 3611 1208 non
3658 1156 3747 1212 nisi

2175 1245 2407 1300 summis
2460 1247 2722 1301 interesse
2769 1246 3150 1316 dignarentur,
3197 1256 3252 1301 et
3287 1263 3356 1301 ex
3420 1247 3526 1302 hoc
3561 1248 3747 1302 solum-

2176 1337 2340 1391 modo
2373 1352 2431 1391 se
2458 1352 2686 1407 magnos
2715 1337 2829 1391 fieri
2858 1346 3136 1407 putarent,
3162 1340 3208 1392 si
3238 1354 3567 1410 magnorum
3598 1348 3649 1395 et
3674 1356 3749 1395 sa-

2174 1429 2419 1498 pientum
2464 1429 2548 1482 vel
2598 1429 2802 1498 scripta
2856 1430 3096 1499 legerent
3142 1431 3227 1484 vel
3288 1431 3455 1486 verba
3500 1432 3744 1487 audirent.

2173 1518 2307 1586 Nos,
2353 1520 2628 1590 inquiunt,
2660 1521 2899 1575 vidimus
2937 1522 3091 1589 illos;
3126 1538 3230 1577 nos
3256 1524 3327 1577 ah
3365 1524 3475 1578 illis
3505 1524 3744 1595 legimus;

2175 1628 2318 1684 saepe
2343 1614 2503 1668 nobis
2553 1613 2630 1667 illi
2660 1613 2810 1683 loqui
2860 1614 3129 1681 solebant,
3185 1615 3261 1669 illi
3302 1616 3527 1682 summi,
3567 1616 3639 1670 illi
3678 1615 3748 1673 fa-

2175 1706 2314 1762 mosi
2343 1715 2717 1776 cognoverunt
2755 1722 2880 1762 nos.
2910 1706 3017 1762 Sed
3046 1707 3260 1762 utinam
3293 1724 3383 1762 me
3411 1724 3566 1763 nemo
3591 1724 3746 1778 agno-

2178 1811 2314 1868 scat,
2345 1810 2399 1855 et
2423 1815 2524 1871 ego
2555 1810 2752 1854 cuncta
2784 1800 3061 1854 noverim!
3088 1799 3375 1854 Platonem
3407 1799 3624 1865 vidisse,
3652 1817 3743 1856 non

480 1914 668 1953 remus
698 1898 889 1953 viliora
923 1906 1297 1955 contemnere.
1323 1898 1462 1966 Quid
1492 1902 1640 1954 enim
1674 1900 1855 1957 ditt‘ert
1890 1911 2073 1956 utrum
2105 1875 2148 1929 Β
2178 1894 2511 1949 intellexisse
2556 1893 2884 1965 gloriamini.
2937 1891 3078 1947 Puto
3131 1893 3423 1963 indignum
3480 1902 3565 1948 est
3610 1894 3743 1951 vobis

479 1990 608 2061 quis
630 1989 1093 2059 perturbationem
1116 1990 1432 2060 cupiditatis
1462 2007 1589 2062 erga
1612 2008 1743 2062 opes
1766 1994 1974 2063 amplas
1993 2004 2076 2049 at-

479 2098 587 2154 que
612 2081 964 2152 magniﬁcas,
998 2096 1095 2137 seu
1121 2084 1263 2153 {erga
1292 2082 1514 2139 viliores
1543 2093 1795 2139 exerceat
1840 2085 2072 2154 species,

479 2176 588 2232 nisi
646 2176 794 2247 quod
843 2176 899 2230 in
971 2190 1037 2230 eo
1086 2177 1570 2245 reprehensibilior
1608 2178 1938 2248 judicandus
1991 2186 2076 2234 est

478 2268 628 2340 quod
660 2267 791 2322 dum
837 2269 1076 2322 maxima
1104 2269 1312 2338 sprevit
1351 2269 1476 2323 imis
1509 2270 1811 2341 obligetur;
1845 2271 2075 2342 ideoque

477 2359 873 2432 perfectionem
901 2359 1085 2416 cordis
1124 2362 1533 2417 abrenuntiatio
1566 2363 1670 2418 ista
1694 2379 1804 2417 non
1832 2364 2072 2430 obtinet,

481 2453 613 2524 quia
643 2468 768 2510 cum
794 2468 1021 2510 Censum
1050 2452 1251 2508 habeat
1279 2455 1557 2525 pauperis,
1580 2471 1686 2510 non
1710 2455 1908 2525 alijecit
1936 2456 2075 2511 divio

478 2549 555 2609 tis
579 2547 933 2602 voluntatem.

786 2640 859 2694 De
889 2641 1091 2695 duobus
1124 2640 1392 2710 generibus
1423 2641 1768 2697 humilitatis.

557 2731 672 2784 Duo
696 2740 823 2785 sunt
844 2747 1041 2801 genera
1068 2731 1413 2787 humilitatis.
1432 2730 1675 2786 Primum
1691 2733 1756 2787 ad
1776 2747 1854 2797 se,
1880 2747 2076 2787 secun-

481 2826 613 2880 dum
645 2824 709 2877 ad
749 2824 905 2878 alios.
950 2821 1242 2878 llumilitas
1283 2824 1350 2878 ad
1383 2839 1442 2878 se
1474 2835 1559 2879 est
1593 2840 1700 2895 qua
1735 2826 1971 2895 quisque
2008 2824 2075 2880 de

483 2917 777 2986 semetipso
812 2930 977 2986 parva
1007 2915 1318 2981 existimat;
1358 2915 1641 2971 humilitas
1684 2916 1915 2985 adalios
1967 2925 2073 2982 est,

481 3027 588 3080 qua
639 3010 778 3065 bona
848 3010 1068 3063 illorum
1138 3008 1306 3062 homo
1360 2994 1743 3064 sine'invidia
1794 3016 1849 3063 et
1904 3009 2074 3064 livore

480 3102 851 3159 commemini.
925 3100 1027 3157 l’er
1101 3102 1333 3173 primam
1411 3101 1773 3156 humilitatem
1840 3114 2077 3171 praeesse

482 3212 594 3249 non
626 3196 806 3264 cupit;
859 3208 955 3263 per
986 3192 1282 3249 secundam
1335 3193 1564 3247 subesse
1593 3209 1700 3247 non
1751 3195 2071 3247 contemnit.
2103 3234 2144 3290 Ο

484 3285 779 3341 llmnilitas
800 3284 929 3342 facit
963 3296 1019 3340 ut
1049 3301 1147 3342 sua
1180 3285 1392 3341 occulta
1417 3287 1583 3340 homo
1603 3301 1710 3341 non
1743 3284 2072 3351 abscondat;

482 3382 659 3451 pictas
696 3378 826 3434 facit
874 3388 929 3434 ut
964 3380 1141 3434 aliena
1181 3379 1396 3434 occulta
1439 3378 1686 3449 judicare
1715 3394 1821 3432 non
1866 3393 2076 3448 praesu—

484 3481 618 3527 mat.
652 3470 941 3527 llumilitas
987 3472 1117 3526 facit
1165 3482 1225 3527 ut
1269 3472 1409 3525 mala
1437 3488 1535 3526 sua
1570 3474 1736 3525 homo
1768 3486 1876 3525 non
1907 3486 2075 3524 excu-

486 3574 603 3633 set;
634 3564 806 3635 pietas
840 3564 969 3620 facit
1000 3573 1059 3618 ut
1098 3564 1239 3619 mala
1271 3564 1447 3618 aliena
1498 3578 1605 3617 non
1637 3572 1910 3633 aggravet.
1946 3561 2076 3618 Item

488 3655 776 3711 humilitas
811 3654 940 3709 facit
972 3663 1031 3709 ut
1062 3671 1184 3724 quae
1222 3655 1275 3709 in
1309 3669 1368 3709 se
1404 3655 1574 3709 latent
1605 3655 1907 3709 secundum
1944 3654 2081 3709 veri-

490 3750 923 3820 tatemjudicet;
953 3749 1129 3820 pietas
1160 3748 1287 3805 facit
1305 3757 1364 3803 ut
1388 3764 1511 3819 quae
1538 3749 1591 3803 in
1616 3749 1739 3803 aliis
1762 3763 1870 3803 non
1897 3756 2079 3819 patent

491 3842 559 3897 ad
588 3840 866 3895 meliorem
917 3847 1121 3909 partem
1161 3838 1406 3893 inclinet.
1440 3836 1577 3894 llinc
1610 3848 1693 3893 est
1722 3837 1871 3909 quod
1902 3838 2077 3893 sancti

488 3934 591 3990 viri
624 3932 951 4003 semetipsos
986 3941 1095 3985 tam
1126 3931 1371 3986 districto
1400 3931 1723 4000 dijudicant,
1768 3939 1821 3985 et
1852 3940 2079 3987 cunctos

488 4024 592 4081 sibi
653 4024 849 4079 merito
880 4023 1290 4094 anteponendos
1338 4031 1551 4094 putant.
1586 4020 1783 4077 Vident
1830 4022 1975 4076 enim
2025 4028 2081 4076 et

488 4134 615 4188 qua:
643 4116 927 4173 manifesta
976 4125 1103 4171 sunt
1153 4132 1252 4171 sua
1302 4125 1356 4171 et
1404 4131 1527 4186 quae
1555 4116 1801 4180 occulta;
1847 4116 2077 4170 aliorum

491 4221 675 4267 autem
728 4209 1018 4265 manifesta
1065 4217 1301 4263 tantum.
1364 4206 1501 4262 Cum
1539 4207 1723 4277 itaque
1776 4207 1842 4261 de
1889 4206 2081 4261 alienis

491 4300 723 4357 occultis
748 4300 995 4371 judicare
1020 4314 1128 4353 non
1156 4307 1513 4370 prtesumant,
1544 4297 1649 4353 nisi
1680 4305 1945 4367 quantum
1970 4296 2081 4366 pie—

494 4403 659 4449 tatem
706 4403 961 4448 monente
1006 4392 1149 4446 bona
1200 4407 1323 4446 esse
1361 4391 1697 4454 existimant,
1750 4389 1915 4459 plura-
1955 4396 2084 4443 sunt

492 4503 613 4557 qua:
640 4487 693 4541 in
739 4503 798 4541 se
825 4486 965 4539 mala
1016 4485 1200 4537 vident
1232 4483 1324 4537 ubi
1353 4491 1407 4537 et
1448 4481 1738 4537 manifesta
1770 4490 1825 4537 et
1870 4480 2082 4536 occulta

490 4683 608 4727 tum
649 4673 853 4726 vident.
907 4670 1067 4736 Nam,
1117 4678 1171 4724 et
1209 4670 1255 4725 si
1288 4667 1510 4739 quando
1568 4668 1817 4738 quaedam
1870 4666 2081 4722 occulta

490 4764 668 4818 aliena
728 4779 794 4817 ex
852 4760 1160 4816 manifestis
1232 4759 1663 4830 deprehendunt,
1739 4773 1838 4812 sua
1900 4767 2079 4813 tamen

492 4853 737 4909 districto
773 4869 868 4924 per
904 4853 1186 4907 veritatem
1212 4851 1489 4921 judicent;
1524 4851 1614 4905 illa
1640 4860 1821 4906 autem
1848 4866 1943 4920 per
1970 4850 2081 4921 pie-

490 4956 657 5002 tatem
705 4946 975 5015 jndicare,
1023 4945 1128 5000 nisi
1181 4945 1500 5000 excusando
1558 4960 1666 4999 non
1721 4955 2079 5015 praesumunt.

496 5037 639 5093 llinc
664 5053 795 5091 vero
841 5036 898 5090 fit
939 5046 997 5090 ut
1022 5036 1307 5091 inferiores
1337 5052 1394 5100 se
1428 5037 1643 5091 eunetis
1671 5037 2003 5102 existiment,
2029 5043 2085 5090 et

492 5132 601 5186 hoc
634 5130 740 5184 illis
764 5129 967 5184 sentire
1002 5129 1159 5184 dulce
1188 5130 1278 5194 sit,
1310 5129 1455 5199 quod
1485 5145 1583 5184 sua
1617 5130 1756 5185 mala
1787 5144 2084 5202 aggravare

492 5232 546 5278 ct
579 5223 811 5278 aliorum
845 5221 1094 5277 alleviare
1127 5224 1353 5292 possint.

567 5314 768 5370 Verum
793 5325 845 5370 et
880 5316 982 5369 hoc
1013 5316 1310 5370 notandum
1345 5325 1430 5371 est
1467 5317 1682 5385 qualem
1718 5317 2080 5372 humilitatem

494 5404 810 5478 Scripturas
863 5408 1102 5479 legentes
1148 5408 1384 5463 debeant
1447 5409 1667 5463 habere.
1741 5406 2082 5478 Principimn

495 5499 678 5571 itaque
707 5502 950 5556 liberatis
974 5501 1280 5571 disciplina:
1305 5500 1589 5556 humilitas
1615 5510 1718 5556 est.
1755 5500 1928 5570 Cujus
1956 5515 2081 5556 cum

493 5590 664 5650 multa
703 5594 815 5648 sint
843 5594 1194 5659 documenta,
1230 5593 1344 5648 haec
1369 5601 1549 5648 tamen
1577 5595 1677 5647 tria
1705 5595 1973 5665 prmcipue
2015 5594 2083 5648 ad

494 5685 754 5740 lectorem
787 5688 1093 5754 pertinent:
1121 5687 1381 5756 primum,
1435 5694 1495 5740 ut
1540 5686 1745 5740 nullam
1777 5687 2080 5753 scientiam,

494 5776 702 5830 nullam
766 5778 1091 5847 scripturam
1142 5779 1299 5833 vilem
1344 5787 1559 5845 teneat;
1597 5779 1919 5845 secundum,
1952 5789 2010 5833 ut
2052 5796 2084 5833 a

494 5870 711 5924 rumine
736 5870 945 5925 discere
970 5871 1292 5941 erubescat;
1330 5873 1572 5941 tertium,
1615 5881 1696 5939 ut,
1731 5888 1856 5928 cum
1900 5873 2081 5929 scien~

2176 1986 2434 2055 deinceps
2466 1995 2525 2041 ut
2559 2001 2646 2040 me
2698 1985 2955 2039 audiatis.
2988 1983 3106 2039 Non
3135 1999 3238 2055 ego
3285 2001 3413 2039 smn
3465 1983 3629 2051 Plato,
3657 2000 3742 2042 nec

2175 2076 2456 2132 Platonem
2486 2076 2670 2132 videre
2695 2077 2891 2131 merui.
2919 2074 3132 2131 Sullicit
3158 2076 3321 2131 vobis
3354 2076 3536 2145 ipsum
3570 2075 3742 2132 fontem

2177 2169 2535 2239 philosophiae
2588 2169 2838 2239 potaslis.
2889 2166 2995 2223 Sed
3045 2169 3255 2222 utinam
3302 2168 3487 2223 adhuc
3517 2168 3739 2225 sitiretisl

2177 2260 2291 2315 Rex
2324 2270 2447 2330 post
2476 2275 2643 2314 aurea
2693 2260 2886 2329 pocula
2919 2259 2985 2314 de
3029 2275 3158 2314 vase
3206 2259 3347 2313 bibit
3390 2266 3583 2313 testeo.
3626 2258 3744 2325 Quid

2176 2352 2546 2409 erubescitis?
2570 2351 2851 2407 Platonem
2882 2352 3134 2420 audistis,
3164 2353 3405 2407 audiatis
3435 2361 3489 2406 ct
3515 2351 3743 2423 Chrysip-

2175 2460 2327 2515 pum.
2372 2444 2428 2499 In
2468 2445 2757 2515 proverbio
2797 2445 3113 2500 dicitur

2283 2534 2436 2600 Quod
2460 2552 2563 2589 non
2592 2536 2753 2601 nosti,
2786 2534 3034 2605 fortassis
3058 2536 3199 2588 norit
3232 2533 3457 2590 asellus.

2175 2629 2348 2685 Nemo
2389 2638 2475 2685 est
2527 2631 2616 2684 cui
2658 2630 2798 2685 scire
2846 2630 3030 2684 omnia
3053 2628 3242 2683 datum
3283 2631 3379 2695 sit,
3413 2644 3587 2699 neque
3615 2628 3748 2698 quis-

2176 2737 2342 2792 quam
2390 2736 2585 2776 rursus
2633 2721 2723 2774 cui
2775 2719 2981 2792 aliquid
3027 2721 3264 2791 speciale
3305 2737 3336 2774 a
3376 2731 3569 2775 natura
3615 2735 3749 2774 acce-

2175 2815 2322 2885 pisse
2375 2830 2481 2868 non
2541 2814 2854 2884 contigerit.
2929 2813 3179 2868 Prudens
3236 2814 3406 2884 igitur
3451 2814 3612 2869 lector
3646 2828 3751 2868 om-

2177 2922 2274 2961 nes
2309 2908 2539 2961 libenter
2590 2907 2761 2972 audit,
2800 2906 2985 2961 omnia
3028 2907 3176 2977 legit,
3234 2924 3345 2961 non
3411 2908 3747 2978 scripturam,

2177 3014 2288 3054 non
2336 3015 2668 3070 personam,
2726 3016 2833 3055 non
2872 3000 3179 3055 doctrinam
3246 3000 3566 3071 cujusquam
3614 3014 3754 3070 sper-

2179 3093 2278 3147 nit.
2320 3091 2694 3147 lndilferenter
2737 3092 2807 3146 ab
2843 3093 3104 3148 omnibus
3149 3095 3299 3163 quod
3345 3094 3445 3148 sibi
3484 3094 3633 3147 desse
3668 3094 3753 3147 vi-

2179 3187 2270 3243 det
2309 3186 2524 3256 quterit,
2556 3201 2654 3241 nec
2691 3196 2956 3256 quantum
2988 3187 3149 3252 sciat,
3186 3188 3278 3242 sed
3315 3196 3570 3257 quantum
3602 3187 3758 3258 igno-

2179 3289 2263 3334 ret
2309 3280 2640 3335 considerat.
2680 3278 2819 3334 llinc
2844 3280 2975 3335 illud
3009 3279 3352 3335 Platonicum
3389 3282 3542 3334 aiunt
3582 3279 3758 3333 :Malo

2180 3373 2356 3428 aliena
2389 3372 2696 3426 verecunde
2742 3373 2980 3439 discere,
3034 3388 3201 3443 quam
3240 3389 3359 3427 mea
3404 3373 3757 3442 imprudenter

2180 3464 2446 3535 ingerere.
2509 3463 2622 3518 Cur
2664 3464 2810 3518 enim
2858 3465 3070 3519 discere
3123 3466 3435 3530 erubescis,
3479 3474 3529 3519 et
3560 3464 3756 3519 nescire

2180 3576 2289 3615 non
2345 3559 2765 3615 vcrecundaris?
2813 3558 3000 3615 Pudor
3031 3560 3135 3614 iste
3181 3569 3266 3615 est
3310 3561 3486 3631 major
3519 3559 3622 3613 illo.
3655 3558 3759 3612 Aut

2180 3657 2310 3727 quid
2345 3672 2561 3711 smnma
2586 3655 2808 3710 affectas
2838 3671 2964 3710 cum
2999 3666 3052 3709 tu
3081 3655 3272 3724 jaceas
3316 3654 3373 3707 in
3408 3654 3554 3708 imo?
3577 3650 3755 3707 Consi-

2180 3747 2312 3801 dera
2340 3747 2543 3817 potius,
2574 3746 2704 3815 quid
2740 3746 2885 3801 vires
2911 3756 3017 3800 true
3046 3745 3188 3799 ferre
3211 3744 3450 3798 valeant.
3486 3742 3759 3814 Aptissima

2182 3836 2401 3904 incedit,
2427 3839 2521 3908 qui
2553 3838 3044 3894 inceditordinate.
3077 3837 3313 3904 Quidam
3361 3837 3495 3891 dum
3520 3849 3756 3907 magnum

2181 3932 2380 3988 Saltum
2429 3932 2608 3989 facere
2646 3933 2862 3994 volunt,
2919 3933 3281 4003 praecipitium
3331 3932 3597 3987 incidunt.
3643 3926 3758 3982 Noli

2181 4042 2313 4097 ergo
2343 4026 2508 4081 nimis
2530 4024 2809 4081 festinare.
2838 4025 2953 4080 lloc
2983 4027 3145 4080 modo
3170 4026 3338 4079 citius
3360 4024 3429 4079 ad
3457 4023 3756 4094 sapientiam

2182 4120 2475 4189 pertinges.
2523 4118 2607 4173 Ah
2638 4120 2895 4173 omnibus
2957 4120 3189 4173 libenter
3233 4118 3473 4183 discere,
3512 4124 3755 4187 quantum

2182 4219 2240 4265 tu
2273 4210 2475 4276 nescis,
2512 4210 2640 4279 quia
2686 4208 2971 4265 humilitas
3009 4225 3307 4264 commune
3352 4210 3452 4264 tibi
3483 4209 3758 4277 facerepo-

2184 4312 2290 4358 test
2315 4303 2460 4373 quod
2491 4312 2688 4357 natura
2719 4303 3003 4373 proprium
3036 4303 3237 4372 cuique
3269 4300 3422 4357 fecit.
3470 4299 3755 4371 Sapientior

2183 4394 2443 4448 omnibus
2484 4395 2616 4459 cr's,
2653 4393 2696 4447 si
2722 4393 2792 4447 ab
2834 4393 3094 4447 omnibus
3123 4394 3341 4448 discere
3379 4392 3632 4447 volueris.
3659 4387 3754 4455 Qui

2133 4504 2145 4516 ·
2186 4488 2255 4541 ab
2277 4486 2535 4541 omnibus
2560 4485 2857 4555 accipiunt,
2889 4486 3148 4540 omnibus
3179 4486 3412 4541 ditiores
3443 4494 3590 4541 sunt.

488 4582 697 4646 vident,
720 4596 884 4651 quam
912 4579 1003 4649 qui
1048 4579 1100 4632 in
1134 4578 1255 4632 aliis
1286 4578 1468 4631 vident
1501 4576 1591 4631 ubi
1625 4574 1921 4630 manifesta
1955 4585 2074 4628 tan-
2113 4601 2157 4655 ι)

2253 4577 2469 4633 Nullam
2537 4578 2774 4647 denique
2845 4578 3128 4632 scientiam
3179 4578 3346 4631 vilem
3420 4576 3756 4646 teneas,quia

2186 4671 2367 4727 omnis
2385 4671 2610 4725 scientia
2626 4670 2766 4725 bona
2785 4680 2884 4724 est.
2899 4668 3137 4735 Nullam,
3160 4670 3205 4724 si
3229 4679 3412 4734 vacat,
3434 4670 3756 4741 scripturam,

2186 4767 2269 4821 vel
2307 4765 2499 4821 saltem
2531 4765 2708 4836 legere
2736 4774 3078 4819 contemnas.
3126 4762 3184 4817 Si
3216 4764 3353 4818 nihil
3387 4764 3642 4828 lucraris;
3665 4777 3760 4816 nec

2184 4860 2367 4931 perdis
2409 4858 2636 4929 aliquid,
2682 4859 2920 4912 maxime
2984 4873 3109 4912 cum
3161 4858 3314 4912 nulla
3364 4858 3629 4928 scriptura
3672 4855 3757 4920 sit,

2186 4953 2488 5009 secundum
2521 4966 2700 5006 meam
2741 4950 3182 5016 mstimationem,
3219 4965 3346 5021 qua:
3390 4950 3593 5019 aliquid
3612 4962 3763 5015 expe-

2187 5045 2406 5100 tendum
2435 5060 2541 5100 non
2585 5052 2875 5116 proponat,
2922 5044 2969 5098 si
2997 5044 3345 5099 eonvcnienti
3374 5045 3495 5098 loco
3515 5051 3569 5098 et
3584 5041 3764 5096 ordine

2183 5145 2508 5204 tractentur,
2535 5153 2657 5208 qute
2701 5151 2810 5191 non
2855 5136 3061 5205 aliquid
3099 5135 3265 5189 etiam
3298 5136 3538 5205 speciale
3581 5134 3766 5188 habeat

2184 5228 2331 5297 quod
2356 5228 2591 5299 diligens
2631 5228 2780 5282 verbi
2834 5235 3111 5282 scrutator
3150 5227 3281 5280 alibi
3333 5242 3444 5281 non
3477 5227 3765 5285 inventum,

2185 5328 2392 5390 quanto
2446 5321 2625 5377 rarius
2676 5329 2826 5375 tanto
2876 5320 3086 5391 gratius
3142 5328 3354 5389 carpat.
3409 5319 3552 5373 Nihil
3592 5328 3766 5372 tamen

2186 5423 2295 5466 tam
2347 5412 2551 5467 bonum
2583 5411 2845 5482 estquod
2890 5412 3057 5468 semel
3080 5411 3278 5466 melius
3300 5412 3459 5467 tollit.
3505 5410 3562 5466 Si
3592 5410 3769 5465 omnia

2187 5503 2364 5575 legere
2388 5520 2496 5559 non
2529 5515 2705 5576 potes,
2732 5521 2795 5559 ea
2815 5521 2937 5576 qua:
2966 5516 3095 5560 sunt
3141 5505 3364 5559 utiliora
3391 5506 3529 5577 lege,
3561 5501 3770 5559 etiamsi

2185 5597 2371 5651 omnia
2401 5597 2575 5669 legere
2619 5599 2888 5669 potueris,
2932 5612 3042 5652 non
3093 5606 3279 5651 tamen
3327 5598 3473 5653 idem
3521 5596 3769 5653 omnibus

2185 5689 2343 5746 labor
2387 5692 2781 5761 impendendus
2837 5698 2939 5747 est.
2992 5688 3096 5745 Sed
3147 5691 3404 5760 quzedam
3438 5691 3511 5746 ita
3555 5688 3770 5759 legenda

2188 5792 2335 5848 sunt,
2366 5798 2434 5838 ne
2460 5784 2571 5838 sint
2594 5784 2865 5856 incognita
2890 5801 2903 5848 ;
2929 5782 3180 5853 quadam
3209 5798 3364 5848 vero,
3390 5800 3460 5838 ne
3488 5783 3597 5839 sint
3622 5786 3769 5835 inau-

2186 5872 2318 5943 dita,
2353 5876 2480 5944 quia
2512 5875 2806 5946 aliquando
2837 5874 3005 5945 pluris
3035 5887 3156 5929 esse
3193 5874 3478 5932 credimus
3518 5873 3611 5946 qui
3661 5886 3775 5925 non
