3976 6356
4 0 13 87 [

497 351 628 408 ωτι
1635 350 1964 406 WEHNEBI
1999 350 2296 408 ABBATIS
2334 352 2392 408 Β.
2440 351 2659 407 BLASll
3650 346 3799 407 £171

1288 565 1891 660 DOMINICA
1963 567 2417 659 DECIMA
2485 566 2985 664 OCTAVA.

1744 759 2118 822 Secundum
2148 758 2543 822 Matthreum.

575 946 594 980 ε
622 928 991 985 Aceesserunt
1026 926 1094 981 ad
1121 922 1308 981 Iesum
1339 922 1655 991 Sadduczei;
1696 932 1752 980 et
1774 923 2079 994 interroga-
2106 929 2155 983 Α
2180 939 2311 994 ergo
2346 920 2517 978 David
2548 925 2602 978 in
2654 925 2796 982 libro
2841 923 3181 982 Psalmorum
3223 937 3383 985 vocat
3411 944 3549 986 eum
3596 928 3797 989 Domi-

497 1022 572 1076 vit
598 1036 723 1076 eum
750 1036 895 1076 unus
918 1035 986 1075 ex
1012 1020 1115 1081 eis,
1164 1027 1380 1074 tentans
1424 1033 1550 1075 eum
1584 1036 1596 1071 :
1629 1016 1905 1086 Magister,
1937 1016 2084 1073 ouod

495 1120 579 1168 est
611 1112 929 1166 mandatum
958 1126 1216 1182 magnum
1246 1127 1301 1164 in
1330 1110 1481 1180 lege?
1518 1127 1537 1162 ι
1573 1118 1678 1165 etc.
1708 1108 1926 1179 (Matth.
1965 1107 2083 1178 ‘22.)

494 1202 740 1259 Primum
768 1203 1017 1258 omnium
1046 1217 1155 1258 non
1191 1218 1292 1273 pro
1314 1201 1529 1269 ordine,
1575 1201 1669 1257 sed
1692 1215 1792 1271 pro
1819 1200 2085 1271 dignitate

494 1294 739 1365 intellige
806 1294 1037 1360 dictum,
1078 1294 1132 1349 id
1181 1302 1267 1350 est
1317 1293 1620 1348 maximum
1667 1292 1937 1358 omnium,
1968 1291 2085 1347 sive

490 1388 754 1458 primum,
790 1387 923 1458 quia
945 1395 1073 1442 ante
1124 1387 1307 1441 omnia
1363 1386 1625 1441 debemus
1677 1385 1871 1439 intimo
1922 1383 2084 1439 corde

495 1478 698 1549 singuli
735 1479 895 1549 quasi
935 1478 1161 1533 unicum
1190 1478 1408 1548 pietatis
1439 1476 1852 1532 fundamentum
1878 1475 2081 1532 locare.

493 1568 640 1642 Ergo
662 1572 901 1641 primum
939 1572 1184 1625 omnium
1220 1579 1279 1625 et
1305 1571 1607 1625 maximum
1639 1569 1954 1624 mandatum
2001 1576 2086 1623 est

497 1662 736 1733 cegnitio
750 1670 913 1731 atque
935 1661 1212 1717 confessio
1231 1661 1429 1716 divinae
1451 1659 1676 1715 unitatis
1705 1674 1828 1713 cum
1854 1672 2083 1714 exsecu-

494 1752 645 1808 tione
670 1753 829 1809 bona:
852 1753 1207 1824 operationis.
1266 1751 1414 1807 Bona
1443 1762 1624 1806 autem
1668 1749 1916 1820 operatio
1942 1748 2082 1803 dile-

494 1845 676 1900 ctione
722 1844 819 1900 Dei
872 1856 927 1902 et
990 1846 1227 1916 proximi
1278 1844 1578 1915 perﬁcitur.
1633 1842 1791 1910 Quod
1846 1843 2083 1899 breviter

493 1935 617 1991 aliis
638 1936 818 1992 verbis
844 1937 1195 1992 commendat
1214 1934 1509 2006 Apostolus
1537 1935 1727 1990 dicens
1755 1952 1768 1988 :
1793 1951 1812 1984 ι
1841 1932 1900 1988 ln
1922 1933 2085 1990 Chri-

494 2034 583 2080 sto
602 2024 750 2079 enim
779 2023 908 2081 Jesu
947 2041 1123 2097 neque
1175 2025 1532 2082 circumcisio
1563 2023 1768 2094 aliquid
1790 2022 1955 2091 valet,
1987 2039 2084 2080 ne-

491 2130 600 2187 que
626 2118 976 2187 praeputium,
1010 2118 1107 2174 sed
1134 2118 1266 2174 ﬁdes
1292 2133 1416 2189 quae
1440 2132 1537 2188 per
1561 2116 1909 2173 dilectionem
1946 2130 2080 2187 ope-

494 2217 652 2264 ratur
688 2206 834 2281 (Gal.
867 2211 944 2279 v).
991 2228 1011 2262 ι

2190 1032 2345 1083 num,
2385 1016 2575 1072 dicens
2602 1036 2621 1073 :
2650 1014 2797 1073 Dixit
2841 1015 3110 1076 Dominus
3144 1018 3379 1076 Domino
3410 1037 3542 1078 meo
3579 1042 3596 1078 :
3648 1023 3795 1080 Sede

2187 1121 2221 1161 a
2248 1106 2456 1161 dextris
2487 1107 2645 1175 meis,
2674 1107 2851 1164 donec
2882 1124 3082 1180 ponam
3116 1109 3375 1166 inimicos
3397 1119 3531 1168 tuos
3565 1113 3793 1169 scabel-

2187 1198 2299 1252 lum
2331 1198 2526 1268 pedum
2551 1200 2817 1254 tuorum?
2850 1222 2868 1251 ι

2256 1289 2405 1346 Istud
2445 1292 2625 1347 dicere
2662 1291 2882 1348 Domini
2938 1292 3172 1349 Domino
3227 1302 3313 1349 est
3364 1295 3650 1366 aequalem
3685 1294 3799 1355 sibi

2186 1396 2447 1450 generare
2475 1382 2693 1438 Filium.
2718 1382 2953 1439 Domino
2984 1400 3124 1439 meo.
3150 1385 3283 1439 dicit
3306 1383 3503 1452 David,
3560 1402 3677 1441 non
3706 1403 3797 1444 se-

2185 1476 2425 1529 cundum
2465 1475 2611 1545 quod
2641 1474 2709 1531 de
2731 1491 2796 1531 eo
2821 1485 2982 1531 natus
3025 1484 3131 1544 est,
3170 1478 3267 1533 sed
3298 1479 3618 1534 secundum
3642 1480 3792 1551 quod

2186 1565 2252 1619 de
2274 1563 2435 1619 Patre
2465 1581 2680 1636 semper
2710 1564 2836 1620 fuit.
2880 1566 3037 1633 Quod
3092 1576 3275 1622 autem
3331 1584 3364 1623 a
3405 1567 3577 1626 Patre
3612 1571 3796 1642 subji-

2185 1657 2406 1713 ciuntur
2432 1658 2659 1725 inimici,
2683 1657 2799 1715 sive
2829 1660 3073 1715 volentes
3098 1660 3213 1715 sive
3242 1661 3517 1727 nolentes,
3550 1679 3677 1718 non
3704 1665 3793 1719 in-

2185 1749 2500 1805 ﬁrmitatem
2535 1748 2683 1818 Filii,
2710 1753 2804 1807 sed
2838 1752 3100 1807 unitatem
3124 1763 3338 1809 naturae
3375 1770 3489 1824 qua
3522 1756 3582 1810 in
3616 1757 3791 1812 altera

2186 1840 2323 1896 alter
2344 1851 2599 1911 operatur
2627 1842 2919 1913 significat;
2950 1859 3076 1898 nam
3107 1853 3161 1899 et
3188 1843 3365 1900 Filius
3403 1845 3646 1916 subjicit
3676 1848 3788 1904 tui-

2186 1932 2362 1988 micos
2382 1931 2555 1999 Patri,
2601 1933 2728 2004 quia
2752 1933 2971 1989 Patrem
3020 1934 3287 1991 clariﬁcat
3335 1952 3514 2005 super
3560 1946 3780 1992 terram.

2188 2023 2281 2080 Sic
2309 2025 2665 2097 interrogatio
2692 2024 2821 2081 Iesu
2867 2027 3029 2082 nobis
3067 2027 3284 2097 proﬁcit
3314 2037 3519 2083 contra
3544 2027 3783 2086 Iudaeos.

2183 2114 2359 2197 Judaei
2392 2126 2575 2173 autem
2626 2116 2821 2173 frivola
2866 2118 3039 2173 multa
3083 2119 3409 2190 conﬁngunt
3471 2130 3788 2176 asserentes

2186 2208 2547 2264 centesimum
2574 2226 2782 2265 nonum
2813 2209 3108 2280 psalmum,
3165 2211 3439 2282 scriptum
3503 2212 3563 2266 in
3608 2227 3790 2283 perso-

568 2296 817 2357 Ostendit
846 2317 913 2357 ex
943 2303 1048 2357 hac
1075 2303 1435 2373 responsione
1462 2301 1670 2358 Seribae
1690 2316 1912 2373 gravem
1941 2314 2084 2370 saepe
2113 2303 2157 2358 B
2184 2316 2254 2355 na
2302 2297 2508 2355 Eliezer
2562 2299 2658 2355 ﬁlii
2704 2300 2983 2356 vernaculi
3018 2300 3279 2368 Abrahae,
3333 2303 3685 2357 revertentis
3726 2303 3788 2357 de

490 2391 636 2448 inter
674 2391 896 2451 Scribas
929 2404 985 2450 et
1010 2394 1317 2452 Pharisaeos
1341 2395 1701 2467 quaestionem
1747 2410 1868 2450 esse
1893 2409 2085 2450 versa-

490 2492 607 2538 tam
638 2485 785 2555 quod
828 2494 974 2541 esset
1003 2487 1320 2542 mandatum
1344 2487 1582 2557 primum
1630 2486 1746 2541 sive
1781 2486 2082 2540 maximum

492 2574 694 2631 divinae
716 2576 871 2647 legis,
917 2577 1246 2646 quibusdam
1271 2577 1523 2633 videlicet
1562 2577 1773 2632 hostias
1810 2585 1865 2631 et
1906 2575 2082 2631 sacri-

492 2672 619 2728 ﬁcia
646 2673 1022 2741 laudantibus,
1055 2675 1179 2730 aliis
1205 2689 1335 2730 vero
1364 2674 1573 2745 majore
1604 2674 1931 2730 auctoritate
1956 2673 2080 2729 ﬁdei

495 2777 553 2822 et
580 2764 895 2823 dilectionis
917 2783 1080 2839 opera
1108 2767 1546 2839 praeferentibus,
1571 2783 1638 2825 eo
1672 2769 1820 2839 quod
1857 2767 2081 2838 plurimi

488 2868 721 2928 'patrum
754 2867 881 2914 ante
915 2859 1089 2930 legem
1137 2860 1345 2931 absque
1379 2861 1625 2915 omnium
1650 2860 1999 2916 victimarum
2028 2867 2085 2914 et

493 2949 892 3006 sacriﬁciorum
918 2951 1313 3007 consuetudine
1340 2966 1408 3007 ex
1438 2951 1542 3007 ﬁde
1572 2960 1809 3018 tantum,
1834 2966 1957 3022 quae
1986 2965 2083 3020 per

494 3041 847 3099 dilectionem
894 3052 1177 3114 operatur,
1236 3045 1517 3115 placerent
1571 3043 1704 3112 Deo,
1768 3044 2083 3114 summique

495 3135 641 3206 apud
666 3136 845 3206 ipsum
873 3137 978 3193 loci
1016 3137 1373 3194 haberentur.
1407 3136 1581 3193 Nemo
1619 3145 1803 3193 autem
1836 3151 2080 3207 unquam

493 3228 705 3299 absque
754 3228 860 3284 ﬁde
890 3245 956 3286 ac
985 3230 1280 3287 dilectione
1321 3246 1420 3303 per
1450 3231 1770 3286 holocausta
1820 3230 1999 3285 solum
2027 3237 2081 3283 et

490 3320 765 3376 sacriﬁcia
795 3320 905 3378 Deo
930 3323 1206 3393 placuisse
1236 3323 1534 3379 invenitur.
1564 3321 1623 3377 In
1664 3336 1774 3392 qua
1809 3320 2079 3377 sententia

495 3411 690 3469 Scriba
717 3413 820 3470 iste
847 3414 1011 3471 etiam
1042 3432 1102 3472 se
1127 3415 1298 3473 fuisse
1322 3415 1636 3472 declaravit.

572 3523 592 3556 ι
633 3504 726 3561 Ait
764 3506 843 3561 illi
888 3505 1097 3564 Jesus:
1151 3507 1354 3579 Diliges
1380 3507 1671 3563 Dominum
1697 3504 1869 3561 Deum
1919 3514 2078 3562 tuum

2187 2391 2332 2445 caede
2375 2391 2619 2460 quinque
2648 2406 2836 2461 regam
2878 2410 2891 2446 :
2956 2390 3098 2447 Sede
3134 2402 3203 2446 ad
3252 2390 3553 2447 dexteram
3590 2410 3788 2449 meam.

2191 2480 2296 2537 Sed
2329 2482 2610 2552 sequentia
2640 2482 2836 2552 psalmi
2870 2498 2979 2537 non
3012 2473 3079 2538 ad
3126 2482 3232 2537 hoc
3257 2484 3643 2539 concordant.
3696 2484 3792 2541 Re-

2187 2583 2273 2629 cte
2323 2574 2506 2644 itaque
2559 2574 2874 2644 opponitur,
2932 2591 3041 2630 non
3085 2575 3215 2645 quia
3245 2574 3566 2641 Christum,
3631 2593 3791 2647 quem

2187 2667 2517 2723 conﬁtentur
2542 2681 2664 2722 esse
2693 2677 3008 2734 venturum,
3034 2667 3203 2723 David
3235 2669 3409 2723 ﬁlium
3437 2670 3670 2736 dicunt,
3702 2672 3790 2727 sed

2186 2758 2316 2829 quia
2364 2757 2686 2828 simpliciter
2728 2757 3008 2815 hominem
3038 2768 3232 2815 etnon
3275 2758 3373 2816 Dei
3418 2759 3641 2818 Filium
3678 2779 3790 2819 cre-

2185 2850 2339 2905 dunt.

2264 2962 2282 2994 ‹
2321 2941 2379 2998 Si
2429 2958 2560 3014 ergo
2583 2942 2754 2999 David
2783 2944 2838 2999 in
2867 2945 3061 3016 spiritu
3098 2955 3260 3001 vocat
3300 2961 3430 3001 cum
3458 2945 3785 3012 Domirum,

2185 3034 2464 3105 quomodo
2494 3035 2639 3091 illius
2684 3035 2805 3107 ejus
2834 3036 2952 3091 est?
3005 3035 3072 3091 Et
3115 3052 3281 3091 nemo
3334 3045 3558 3106 poterat
3596 3037 3652 3090 ei
3702 3053 3792 3091 re-

2186 3128 2457 3197 spondere
2490 3129 2741 3194 verbum,
2802 3143 2978 3199 neque
3016 3144 3185 3184 ausus
3231 3127 3339 3182 fuit
3388 3130 3688 3199 quisquam
3718 3144 3789 3183 ex

2184 3222 2274 3278 illa
2301 3223 2389 3279 die
2412 3240 2536 3279 eum
2565 3225 2801 3296 amplius
2832 3225 3187 3297 interrogare.
3218 3244 3237 3276 ι
3268 3223 3412 3292 Quia
3438 3225 3496 3280 in
3515 3224 3789 3281 sermoni-

2182 3315 2290 3372 bus
2314 3316 2689 3387 confutantur,
2718 3319 2861 3373 ultra
2914 3334 3023 3373 non
3049 3318 3413 3389 interrogant,
3456 3318 3559 3374 sed
3600 3331 3787 3388 aperte

2188 3409 2642 3479 comprehensum
2689 3410 2944 3479 potestati
2998 3409 3224 3465 tradunt
3272 3407 3567 3466 Romana.
3635 3407 3786 3463 [inde

2182 3511 2329 3571 patet
2359 3517 2567 3558 venena
2617 3503 2836 3559 invidiae
2880 3502 3126 3574 superari
3180 3517 3369 3573 posse,
3417 3502 3521 3558 sed
3570 3501 3786 3558 didit-ile

493 3612 561 3651 ex
594 3605 712 3654 toto
763 3599 929 3654 corde
956 3610 1073 3666 tuo,
1097 3598 1230 3654 etin
1287 3606 1400 3653 tota
1430 3599 1613 3653 anima
1656 3608 1771 3666 tua,
1798 3606 1854 3653 et
1877 3598 1934 3652 in
1965 3607 2077 3654 tota
2108 3638 2151 3697 α
2178 3586 2496 3667 quiescere.

490 3700 679 3745 mente
701 3697 815 3747 tua.
848 3689 964 3747 Hoc
986 3699 1069 3747 est
1116 3690 1420 3746 maximum
1470 3698 1524 3746 et
1573 3691 1814 3761 primum
1850 3690 2080 3745 manda-

490 3790 635 3836 tum.
665 3780 979 3838 Secundum
1009 3791 1189 3839 autem
1217 3783 1395 3839 simile
1415 3792 1500 3841 est
1525 3783 1692 3853 huic,:
1718 3782 1922 3856 Diliges
1949 3798 2083 3855 pro-

492 3872 706 3928 ximum
745 3884 898 3929 tuum
940 3875 1085 3931 sicut
1121 3883 1173 3930 te
1205 3875 1407 3946 ipsum.
1452 3874 1511 3930 ln
1539 3876 1628 3931 his
1671 3875 1886 3933 duobus
1926 3890 2083 3931 man-

482 3966 637 4023 datis
671 3974 785 4023 tota
815 3968 902 4024 lex
944 3968 1142 4040 pendet
1170 3975 1225 4023 et
1248 3968 1545 4040 prophetae.
1593 3988 1611 4020 ι

478 4100 487 4107 .
565 4056 759 4114 Totam
792 4059 1229 4130 magnitudinem
1287 4067 1342 4115 et
1376 4060 1722 4117 latitudinem
1767 4060 2078 4116 divinorum

488 4152 837 4222 eloquiorum
867 4167 1060 4208 secura
1084 4152 1329 4222 possidet
1354 4152 1616 4220 charitas,
1650 4168 1759 4224 qua
1783 4151 2078 4208 Dominum

486 4242 918 4314 proximumque
950 4244 1262 4316 diligamus.
1317 4243 1483 4300 Docet
1509 4245 1658 4301 enim
1692 4261 1792 4301 nos
1838 4246 2080 4302 caelestis

489 4349 638 4392 unus
663 4336 924 4408 magister
959 4345 1013 4392 et
1049 4336 1186 4392 dicit
1224 4355 1238 4390 :
1275 4354 1293 4387 ι
1341 4334 1545 4408 Diliges
1580 4336 1874 4393 Dominum
1906 4337 2077 4393 Deum

492 4435 651 4481 tuum
670 4442 740 4483 ex
764 4435 878 4482 toto
894 4427 1057 4483 corde
1096 4436 1212 4495 tuo,
1257 4446 1274 4480 ι
1304 4438 1410 4484 etc.
1432 4427 1843 4500 (Aucusrmus.)
1873 4429 1931 4485 Si
1951 4446 2081 4503 ergo

488 4532 607 4573 non
638 4527 797 4575 vacat
827 4534 1019 4575 omnes
1047 4520 1276 4591 paginas
1307 4530 1524 4576 sanctas
1575 4522 1931 4590 perscrutari,
1961 4538 2082 4578 om-

488 4611 584 4666 nia
618 4611 675 4666 in
731 4611 1009 4667 volumine
1041 4627 1393 4681 sermonum,
1450 4614 1597 4685 quod
1642 4614 1886 4671 volvitur
1927 4617 2079 4671 evol-

468 4716 642 4771 .vere,
698 4704 884 4759 omnia
914 4703 1320 4775 Scripturarum
1368 4714 1577 4760 secreta
1608 4713 1914 4775 penetrare,
1958 4715 2081 4762 tene

489 4797 815 4855 cbaritatem
847 4799 941 4856 ubi
968 4799 1205 4870 pendent
1232 4800 1441 4874 omnia.
1467 4797 1546 4854 fta
1571 4799 1802 4867 tenebis,
1843 4799 1970 4871 quia
2003 4801 2079 4856 ita

470 4889 755 4959 .didicisti,
815 4893 1028 4948 tenebis
1055 4894 1218 4949 etiam
1247 4892 1394 4967 quod
1418 4893 1681 4969 ,nondum
1712 4891 1970 4948 didicisti.
2021 4892 2078 4948 Si

470 4982 642 5038 .enim
682 4984 831 5039 nosti
871 4986 1217 5053 charilatcm,
1250 4987 1455 5057 aliquid
1486 4986 1654 5053 nosti,
1695 4986 1840 5041 unde
1865 4995 1921 5041 et
1946 4986 2078 5042 illud
2116 4990 2158 5046 D
2188 4990 2248 5037 ut
2289 4982 2474 5053 gaudii
2530 4981 2767 5040 socium.
2815 4982 2969 5039 Illum
3032 4993 3091 5040 ut
3143 4984 3393 5055 requiem
3422 5028 3438 5051 ,
3496 4984 3673 5040 istum
3726 4992 3785 5039 ut

466 5073 696 5145 .pendet
725 5075 872 5143 quod
902 5074 1045 5131 forte
1090 5078 1257 5143 nosti,
1291 5086 1347 5134 et
1379 5079 1434 5133 in
1460 5093 1528 5133 eo
1568 5079 1717 5150 quod
1766 5077 2079 5150 Scripturas

466 5178 608 5221 .non
643 5164 924 5237 intelligis,
956 5166 1195 5225 charitas
1246 5178 1411 5240 patet.
1464 5168 1560 5225 Illa
1592 5171 1782 5241 itaque
1827 5178 1974 5227 tenet
2025 5180 2081 5229 et

470 5257 645 5331 .quod
687 5267 838 5331 patet
871 5268 926 5315 et
980 5262 1127 5332 quod
1174 5263 1305 5318 latet
1337 5264 1392 5317 in
1450 5264 1652 5320 divinis
1707 5266 2076 5323 sermonibus.

488 5352 602 5421 Qui
667 5352 992 5411 charitatem
1049 5361 1196 5410 tenet
1240 5354 1294 5409 in
1343 5355 1612 5423 moribus,
1666 5356 1778 5414 hoc
1809 5367 1893 5415 est
1931 5359 2079 5430 quod

489 5443 801 5503 breviatum
864 5463 1174 5504 sermonem
1232 5446 1396 5504 faciet
1439 5446 1705 5505 Dominus
1753 5466 1918 5521 super
1966 5459 2078 5506 ter-

491 5551 636 5594 ram.
1202 5601 1251 5613 ψ

573 5648 596 5683 ι
627 5627 983 5703 Congregatis
1020 5641 1207 5688 autem
1243 5630 1560 5701 Pharisaeis,
1588 5632 1953 5707 interrogavit
1984 5649 2083 5690 eos

496 5718 681 5789 Iesus,
708 5722 899 5801 dicens
924 5723 1097 5794 :Quid
1120 5728 1277 5789 vobis
1300 5726 1518 5785 videtur
1538 5728 1606 5784 de
1635 5727 1891 5784 Christo?
1908 5727 2081 5800 Cujus

500 5805 648 5872 ﬁlius
670 5815 787 5872 est?
824 5813 1017 5876 Dicunt
1048 5820 1094 5877 ei
1131 5838 1143 5874 :
1201 5819 1393 5899 David.
1448 5819 1537 5877 Ait
1569 5819 1678 5876 illis
1737 5838 1749 5874 :
1791 5818 2078 5886 Quomodo

2777 3687 2854 3745 De
2886 3690 3167 3745 charitate.

2257 3776 2540 3834 Geminam
2565 3780 2726 3836 nobis
2754 3781 3040 3852 Scriptura
3071 3797 3229 3836 sacra
3266 3782 3605 3838 charitatem
3630 3797 3785 3838 cono

2172 3862 2437 3943 fmendat,
2472 3871 2563 3928 Dei
2587 3873 2839 3931 videlicet
2887 3885 2944 3932 et
2987 3875 3244 3947 proximi.
3284 3875 3636 3933 Charitatem
3666 3877 3783 3941 Dei.

2186 3964 2364 4019 utsic
2412 3964 2593 4035 ipsum
2628 3964 2943 4037 diligamus,
2995 3976 3056 4022 ut
3117 3968 3173 4023 iu
3226 3969 3344 4038 ipso
3402 3969 3785 4041 gaudeamus;

2185 4057 2503 4112 charitatem
2538 4058 2795 4129 proximi,
2826 4069 2888 4114 ut
2921 4060 3002 4116 sic
3019 4061 3196 4130 ipsum
3234 4060 3562 4131 diligamus,
3588 4072 3651 4116 ut
3680 4076 3787 4117 non

2185 4147 2242 4202 in
2282 4149 2422 4218 ipso,
2455 4149 2550 4205 sed
2579 4165 2706 4205 cum
2734 4149 2852 4221 ipso
2883 4151 2938 4205 in
2970 4150 3079 4207 Deo
3111 4149 3454 4223 gaudeamus
3492 4172 3508 4209 :
3556 4154 3669 4209 hoc
3708 4162 3789 4208 est

2185 4249 2245 4296 ut
2272 4240 2441 4296 Deum
2465 4240 2759 4313 diligamus
2792 4251 3017 4313 propter
3039 4258 3097 4298 se
3117 4244 3320 4314 ipsum,
3343 4245 3676 4315 proximum
3694 4262 3787 4301 δυο

2184 4341 2294 4387 tem
2352 4342 2578 4403 propter
2613 4333 2809 4390 Deum.
2865 4333 3013 4391 Deus
3053 4345 3236 4391 autem
3295 4337 3512 4393 ideirco
3567 4350 3788 4410 propter

2185 4439 2244 4479 se
2271 4424 2451 4493 ipsum
2484 4424 2796 4495 diligendus
2843 4434 2948 4493 est,
3006 4427 3137 4497 quia
3166 4427 3283 4496 ipse
3311 4436 3398 4483 est
3438 4429 3659 4484 bonum
3688 4446 3789 4485 no-

2185 4527 2397 4584 strum;
2447 4518 2733 4588 proximus
2782 4527 2965 4573 autem
3019 4520 3142 4574 ideo
3172 4529 3399 4590 prOpter
3448 4519 3631 4576 Deum
3666 4521 3789 4578 dili-

2188 4609 2420 4681 gendus,
2448 4610 2579 4680 quia
2620 4626 2743 4665 cum
2778 4611 2897 4681 ipso
2923 4610 2977 4666 in
3009 4609 3122 4666 Deo
3149 4620 3234 4667 est
3258 4611 3467 4666 bonum
3506 4622 3783 4669 nostrum.

2164 4703 2337 4769 ,lllum
2357 4704 2672 4775 diligamus,
2698 4705 2840 4760 utad
2861 4705 3042 4776 ipsum
3072 4704 3382 4772 veniamus,
3403 4708 3541 4761 etin
3564 4706 3787 4762 Christo

2182 4797 2543 4871 gaudeamus,
2567 4797 2730 4853 istum
2750 4798 3065 4868 diligamus,
3085 4808 3143 4853 ut
3167 4813 3292 4853 cum
3320 4799 3444 4867 ipso
3459 4813 3783 4862 curramus,

2181 4898 2235 4944 et
2263 4904 2385 4944 cum
2417 4890 2537 4959 ipso
2557 4888 2961 4961 perveniamus.
2990 4888 3148 4946 Illum
3182 4899 3245 4944 ut
3271 4890 3567 4962 gaudium,
3592 4892 3783 4955 istum.

2186 5074 2394 5145 requiei
2423 5086 2758 5132 consortem.
2792 5075 2933 5142 Quid
2955 5086 3038 5133 est
3063 5075 3234 5133 Deum
3271 5077 3537 5148 diligere?
3580 5078 3785 5134 habere

2184 5167 2342 5223 velle.
2397 5167 2538 5235 Quid
2592 5178 2676 5226 est
2722 5169 2895 5225 Deum
2920 5170 3145 5242 diligere
3189 5181 3411 5242 propter
3458 5187 3520 5228 se
3554 5173 3784 5244 ipsum!

2188 5263 2310 5318 ideo
2340 5262 2584 5335 diligere,
2626 5273 2688 5318 ut
2713 5264 2918 5320 habeas
2952 5265 3153 5335 ipsum.
3180 5265 3323 5332 Quid
3352 5275 3438 5321 est
3460 5265 3783 5335 proximum

2187 5356 2414 5427 diligere
2447 5366 2669 5427 propter
2720 5356 2928 5413 Deum?
2982 5357 3106 5414 ideo
3160 5359 3389 5431 diligere
3429 5361 3565 5430 quia
3618 5360 3783 5415 habet

2187 5448 2382 5505 Deum.
2417 5448 2571 5505 Sicut
2599 5448 2879 5521 diligimus
2920 5450 3197 5506 hominem
3230 5462 3454 5522 propter
3475 5452 3779 5523 justitiam,

2188 5541 2242 5598 id
2267 5551 2350 5598 est
2377 5541 2504 5614 quia
2541 5542 2705 5599 habet
2722 5543 3015 5613 justitiam,
3036 5553 3093 5600 et
3116 5545 3259 5601 sictt
3282 5543 3568 5616 diligimus
3599 5545 3781 5601 homi—

2182 5648 2308 5689 nem
2341 5642 2565 5705 propter
2600 5634 2947 5704 sapientiam,
2977 5635 3031 5691 id
3059 5644 3143 5692 est
3186 5636 3319 5708 quia
3348 5635 3514 5692 habet
3551 5635 3767 5706 sapien-

2180 5726 2338 5792 tiam,
2366 5728 2447 5784 sic
2476 5727 2758 5799 diligimus
2786 5727 3064 5785 hominem
3093 5737 3318 5801 prOpter
3356 5727 3531 5783 Deum
3556 5771 3572 5795 ,
3605 5728 3659 5783 id
3690 5737 3771 5783 est

2181 5819 2308 5891 quia
2333 5819 2491 5876 habet
2513 5818 2706 5889 Deum,
2741 5820 2824 5877 vel
2849 5821 2894 5881 si
2926 5819 3064 5879 forte
3092 5821 3334 5879 nondum
3367 5821 3557 5890 habet,
3583 5830 3767 5876 tamen
