3976 6356
238 365 378 424 H75

1162 359 1734 417 DEFLORATIUNES
1775 361 1874 418 SS.
1919 357 2228 415 PATRUM.
2267 387 2337 399 ——-
2372 357 2501 412 LIB.
2543 353 2608 412 Il.

3363 350 3504 404 “7S

235 489 364 558 quia
391 487 678 544 habiturus
701 496 925 544 estcum
950 486 1095 542 velut
1119 484 1318 539 habeat
1344 500 1490 538 eum.
1521 482 1611 538 Sic
1636 483 1817 552 itaque
1847 492 1893 545 Α
1924 482 2068 537 Deus
2089 482 2354 551 diligitur,
2387 481 2439 534 in
2465 488 2696 548 utroque
2730 492 2896 531 unum
2928 475 3202 545 impletur,
3227 488 3325 527 nec
3359 487 3498 541 opus

235 589 458 651 propter
478 579 646 635 Deum
670 581 847 634 homir
871 595 946 634 ‘m
970 580 1270 651 diligimus,
1295 594 1454 648 quem
1473 580 1662 648 utique
1683 593 1812 647 pro-

235 681 356 744 pter
374 672 543 728 Deum
561 690 668 728 non
682 674 1052 744 diligeremus,
1072 675 1116 729 si
1139 673 1302 728 Deum
1319 689 1426 727 non
1439 672 1811 743 diligeremus,

237 767 696 835 quemadmodum
724 784 848 823 eum
865 769 1139 824 hominem
1158 768 1704 838 proptersapientiam
1728 767 1815 821 di-

236 856 368 928 ligo,
388 859 509 914 ideo
533 861 718 932 diligo,
743 862 870 932 quia
891 863 1061 932 ipsam
1082 862 1404 930 sapientiam
1429 861 1594 931 diligo
1622 877 1814 930 :quem

237 950 482 1020 profecto
511 969 618 1006 non
641 953 942 1023 diligerem,
981 956 1025 1007 si
1051 954 1374 1022 sapientiam
1401 953 1571 1020 ipsam
1598 962 1818 1021 propter

238 1059 405 1114 quam
430 1045 607 1114 ipsum
627 1044 795 1115 diligo
811 1061 914 1099 non
938 1045 1238 1115 diligerem.
1259 1043 1335 1096 lta
1359 1059 1481 1098 cum
1508 1044 1814 1112 proximum

238 1145 461 1206 propter
493 1135 662 1191 Deum
694 1137 882 1206 diligo,
911 1136 1032 1191 ideo
1061 1137 1229 1207 diligo
1259 1137 1384 1206 quia
1410 1135 1578 1189 Deum
1610 1136 1774 1206 diligo
1800 1154 1813 1190 :

237 1243 402 1297 quem
433 1230 620 1299 utique
654 1246 760 1284 non
785 1230 1087 1299 diligerem,
1123 1230 1167 1284 si
1211 1229 1378 1282 Deum
1413 1237 1632 1298 propter
1653 1245 1816 1299 quem

239 1318 420 1388 ipsum
446 1320 614 1388 diligo
645 1337 752 1374 non
779 1322 1081 1393 diligerem.
1129 1321 1220 1376 Sic
1249 1322 1416 1392 igitur
1444 1340 1455 1374 :
1493 1322 1538 1374 si
1570 1321 1706 1375 bene
1737 1322 1818 1374 di-

240 1410 369 1479 ligo,
401 1421 452 1465 et
477 1411 678 1466 bonum
709 1413 893 1484 diligo.
955 1414 1070 1469 Non
1095 1417 1239 1471 enim
1273 1417 1410 1472 bene
1458 1416 1645 1485 diligo,
1709 1417 1817 1471 nisi

241 1516 364 1554 cum
391 1501 594 1556 bonum
625 1505 792 1575 diligo
819 1525 830 1559 :
863 1516 917 1560 et
951 1523 1075 1561 cum
1091 1508 1295 1563 bonum
1322 1510 1469 1580 quod
1494 1511 1681 1581 diligo,
1708 1525 1817 1564 non

241 1593 312 1648 ob
363 1595 508 1648 aliud
553 1612 716 1665 quam
759 1610 977 1668 propter
1000 1600 1300 1654 bonitatem
1353 1601 1430 1655 sic
1456 1602 1642 1672 diligo.
1671 1601 1820 1667 Quo-

244 1685 730 1742 modo?Amieum
778 1690 988 1755 inDeo,
1038 1692 1320 1746 inimicum
1371 1702 1591 1763 propter
1623 1693 1814 1749 Deum.

240 1777 382 1843 Quid
418 1787 502 1833 est
561 1782 803 1834 amicum
836 1783 1058 1854 diligere
1114 1784 1166 1837 in
1229 1783 1380 1838 Deo?
1427 1785 1548 1839 ideo
1593 1786 1819 1856 diligere

1918 574 2097 629 fuerat
2127 582 2452 643 prmceptum
2486 571 2751 642 geminari
2781 570 2847 624 de
2886 584 3050 638 opere
3082 583 3192 621 uno
3225 584 3238 621 :
3269 564 3508 620 Suﬂiee-v

1917 677 1999 723 ret
2029 666 2075 721 si
2107 666 2333 720 dixisset
2366 684 2377 719 :
2422 664 2593 733 Dilige
2643 662 2932 716 Dominum
2967 659 3136 716 Demn
3193 668 3381 724 tuum;
3440 655 3506 712 in

1919 756 2022 810 hoc
2045 756 2189 809 enim
2216 763 2386 808 totum
2409 763 2510 806 est.
2546 750 2650 817 Qui
2699 753 2843 805 enim
2882 748 3175 802 Dominum
3223 762 3348 801 vere
3375 748 3501 803 dili-

1918 850 2012 920 git,
2047 850 2250 918 ubique
2293 847 2485 913 diligit.
2531 843 2586 898 Si
2618 859 2744 899 vere
2776 843 3044 913 diligitur,
3094 841 3340 912 diligitur
3378 840 3500 895 ubi-

1918 957 2134 1009 cunque
2166 940 2459 993 invenitur.
2485 938 2542 992 ln
2575 955 2633 994 se
2657 937 2774 1006 ipso
2813 945 2866 990 et
2889 937 2942 989 in
2970 935 3245 1004 proximo,
3274 934 3424 987 intus
3443 929 3504 986 δι

1919 1030 2073 1097 foris,
2112 1046 2333 1085 sursum
2357 1039 2408 1084 et
2439 1030 2721 1097 deorsum,
2769 1029 2928 1101 longe
2965 1037 3019 1083 et
3051 1043 3236 1098 prope.
3296 1027 3353 1082 Si
3384 1026 3495 1080 mel

1919 1123 2075 1178 dulce
2100 1132 2202 1189 est,
2233 1123 2408 1177 dulcis
2434 1131 2517 1177 est
2542 1131 2594 1176 et
2621 1121 2795 1177 favus.
2841 1121 2897 1175 Si
2923 1121 3026 1175 mel
3055 1121 3267 1190 diligis,
3307 1118 3494 1190 diligis

1919 1228 1974 1272 et
2006 1217 2186 1274 favum
2220 1217 2621 1287 receptaculum
2646 1216 2841 1270 mellis.
2895 1212 2999 1269 Sed
3030 1230 3155 1270 cum
3181 1212 3286 1268 mel
3317 1211 3500 1283 diligi-

1923 1319 2028 1375 tur,
2053 1310 2173 1364 ideo
2202 1310 2465 1379 diligitur,
2489 1308 2862 1378 quiajdulcedo
2880 1309 3058 1377 ipsum
3081 1316 3185 1361 est.
3213 1305 3350 1361 Cum
3371 1321 3508 1360 vero

1920 1401 2076 1457 favus
2112 1401 2374 1471 diligitur,
2406 1402 2526 1456 ideo
2545 1400 2789 1470 diligitur
2868 1400 2994 1469 quia
3027 1397 3256 1453 dulcedo
3286 1396 3342 1450 in
3373 1396 3502 1466 ipso

1919 1504 2021 1550 est.
2057 1494 2156 1548 Mel
2181 1503 2398 1564 propter
2423 1510 2481 1549 se
2498 1495 2678 1564 ipsum
2698 1493 2960 1563 diligitur,
2989 1492 3144 1547 favus
3171 1499 3350 1545 autem
3373 1505 3510 1560 pro«

1920 1598 2040 1660 pter
2068 1589 2174 1641 mel
2211 1588 2475 1656 diligitur.
2515 1586 2583 1640 Et
2629 1589 2674 1642 si
2733 1586 2871 1641 forte
2917 1585 3118 1641 videris
3169 1583 3354 1638 favum
3393 1599 3503 1636 non

1921 1680 2211 1734 habentem
2255 1680 2380 1746 mel,
2414 1680 2563 1734 vides
2589 1679 2954 1749 receptacula,
2987 1677 3078 1732 ubi
3115 1676 3220 1731 mel
3257 1691 3379 1731 esse
3404 1675 3503 1730 de-

1921 1773 2132 1839 buerat,
2170 1781 2224 1826 et
2253 1773 2404 1828 doles
2429 1788 2550 1827 esse
2571 1788 2766 1838 vacua,
2800 1781 2976 1825 etnon
3005 1772 3219 1841 placent
3248 1770 3344 1824 tibi
3373 1769 3502 1840 quia

241 1871 368 1941 quia
393 1871 561 1926 Deum
596 1873 774 1927 habet.
814 1873 932 1928 Non
977 1875 1029 1928 in
1054 1876 1258 1931 divitiis
1289 1877 1403 1932 suis
1425 1919 1439 1943 ,
1489 1894 1597 1933 non
1631 1879 1683 1932 in
1712 1878 1819 1932 for-

1925 1865 2076 1918 arida
2100 1873 2251 1931 sunt,
2283 1873 2334 1919 et
2359 1865 2514 1934 cupis
2543 1865 2648 1918 mel
2675 1865 2784 1919 illic
2813 1880 2958 1928 esse,
3019 1864 3164 1933 quod
3198 1863 3380 1933 diligis
3411 1882 3422 1916 :
3451 1872 3505 1915 et

242 1961 474 2017 titudiue
505 1979 622 2028 sua,
651 1980 757 2017 non
788 1965 841 2018 in
868 1967 1273 2035 pulchritudine
1298 1985 1417 2033 sua,
1449 1969 1542 2023 sed
1573 1970 1624 2022 in
1664 1970 1822 2039 iusti-

244 2053 318 2106 tia
344 2069 465 2118 sua,
490 2054 542 2107 in
578 2056 865 2111 sanctitate
892 2073 1010 2120 sua,
1043 2058 1094 2112 in
1129 2059 1370 2114 bonitate
1395 2075 1514 2116 sua.
1537 2059 1630 2116 Illa
1651 2062 1821 2128 enim,

243 2144 345 2197 etsi
375 2160 403 2197 a
433 2143 543 2198 Deo
571 2155 717 2211 sunt,
747 2157 899 2202 extra
943 2148 1111 2204 Deum
1145 2152 1291 2222 diligi
1323 2162 1570 2222 possunt,
1605 2163 1658 2209 et
1681 2170 1823 2224 saepe

243 2249 365 2287 cum
391 2233 718 2304 diliguntur,
749 2248 997 2292 avertunt
1019 2250 1072 2294 et
1100 2252 1413 2310 pervertunt
1437 2256 1670 2299 mentem
1701 2247 1824 2300 dili-

244 2335 456 2395 gentem
488 2341 566 2392 se,
609 2337 666 2383 ut
712 2328 880 2383 Deum
910 2347 1016 2384 non
1053 2330 1300 2403 diligant.
1337 2334 1571 2406 Ideoque
1606 2354 1703 2407 pro
1735 2340 1822 2394 his

241 2424 327 2470 est
364 2417 688 2485 laudandus,
713 2422 840 2491 quia
881 2438 1005 2477 cum
1046 2424 1245 2480 dantur
1270 2426 1339 2480 ab
1373 2428 1490 2497 ipso
1518 2417 1824 2497 dantur,'et

241 2505 385 2562 dona
415 2508 534 2577 ejus
571 2520 716 2574 sunt,
746 2512 838 2565 sed
868 2513 920 2567 in
968 2513 1052 2568 his
1087 2526 1302 2572 nonest
1333 2521 1600 2575 amandus
1635 2523 1820 2592 proxi-

240 2612 389 2666 mus,
441 2602 569 2670 quia
612 2603 785 2658 virtus
816 2605 936 2674 ejus
967 2622 1075 2661 non
1120 2623 1268 2677 sunt,
1300 2627 1474 2682 neque
1505 2613 1709 2668 bonum
1740 2613 1821 2669 fa-

241 2691 396 2746 ciunt
423 2691 527 2747 ista
551 2695 849 2764 hominem,
881 2699 1045 2754 etiam
1077 2701 1122 2756 si
1153 2703 1543 2774 abundaverit,
1577 2724 1677 2764 nec
1713 2724 1821 2764 non

241 2783 288 2838 si
320 2784 553 2840 defuerit
585 2787 810 2843 malum.

315 2878 539 2935 Bonitas
568 2892 747 2937 autem
792 2884 995 2941 bonum
1026 2886 1152 2942 facit
1186 2899 1239 2944 et
1265 2891 1476 2960 justitia
1499 2894 1732 2964 justum,
1769 2903 1824 2951 et

241 2972 446 3026 veritas
491 2988 704 3041 verum,
735 2987 788 3030 et
842 2978 955 3034 hzec
1009 2996 1134 3035 cum
1191 2983 1412 3050 adsunt,
1453 2986 1606 3042 adest
1655 2987 1820 3054 Deus,

243 3065 369 3134 quia
401 3062 543 3120 Deus
589 3067 803 3124 bonitas
835 3081 938 3134 est,
971 3081 1026 3126 et
1064 3074 1279 3143 justitia
1322 3085 1376 3131 et
1423 3080 1644 3134 veritas.
1696 3078 1823 3135 Ideo

245 3154 298 3207 in
343 3154 603 3223 bonitate,
657 3167 712 3212 et
745 3159 978 3229 justitia,
1015 3173 1068 3218 et
1111 3167 1339 3222 veritate
1392 3169 1699 3240 diligendus
1740 3181 1823 3226 est

245 3247 429 3313 homo,
462 3258 516 3304 et
551 3253 770 3320 quando
802 3254 853 3307 in
888 3255 1008 3310 istis
1037 3258 1300 3328 diligitur,
1331 3261 1384 3315 in
1418 3262 1528 3317 Deo
1555 3264 1818 3334 diligitur,

244 3339 370 3406 quia
395 3339 536 3398 Deus
569 3345 784 3402 bonitas
814 3358 914 3413 est,
946 3360 1000 3404 et
1023 3351 1233 3419 justitia
1260 3364 1312 3409 et
1334 3356 1556 3411 veritas.
1606 3357 1662 3411 Si
1689 3374 1821 3428 ergo

244 3430 382 3486 bene
409 3435 708 3503 diligimus,
760 3448 813 3492 et
833 3439 1037 3495 bonum
1090 3444 1388 3514 diligimus,
1428 3448 1557 3502 boni
1607 3466 1819 3505 sumus.

241 3527 362 3584 Non
402 3531 545 3584 enim
588 3531 758 3587 bonos
780 3533 930 3600 facit,
979 3537 1082 3591 nisi
1115 3539 1333 3594 dilectio
1356 3541 1496 3596 bona
1528 3553 1580 3597 et
1608 3545 1823 3600 dilectio

241 3621 394 3676 boni.
431 3622 486 3677 Si
527 3635 707 3679 autem
739 3626 863 3680 boni
909 3644 1121 3695 smnus,
1181 3632 1363 3687 nullos
1412 3634 1622 3689 amicos
1651 3637 1822 3692 habe-

242 3731 368 3771 mus
393 3717 495 3771 nisi
520 3718 725 3785 honos;
759 3729 813 3774 et
842 3722 1021 3776 nullos
1045 3723 1318 3790 inimicos,
1345 3727 1448 3780 nisi
1486 3729 1823 3800 malos,quia

241 3805 290 3860 si
314 3806 442 3861 boni
480 3824 691 3876 sumus,
721 3812 856 3866 nihil
886 3814 988 3868 nisi
1024 3815 1226 3869 bonum
1273 3817 1575 3888 diligimus,
1611 3831 1664 3876 et
1689 3824 1826 3878 nihil

242 3905 440 3964 prieter
491 3901 693 3954 malum
751 3903 988 3959 tulimus.
1040 3905 1095 3960 Si
1153 3921 1336 3962 autem
1394 3912 1602 3967 amicos
1648 3914 1824 3971 bonos

243 3988 529 4057 habemus,
558 4002 610 4046 et
633 3993 884 4051 inimicos
928 3998 1124 4061 malos.
1157 4000 1363 4056 amicos
1391 4004 1608 4072 quidem
1637 4005 1688 4058 iu
1723 4007 1823 4061 bo-

242 4080 412 4136 nitate
443 4100 542 4139 sua
594 4087 819 4158 diligere
850 4089 1144 4157 debemus,
1197 4091 1248 4145 id
1289 4102 1374 4146 est
1415 4094 1466 4147 in
1514 4093 1642 4162 Deo,
1694 4099 1824 4168 quia

239 4173 371 4230 boni
401 4186 558 4244 sunt;
610 4178 862 4235 inimicos
891 4191 1097 4249 autem,
1161 4185 1288 4253 quia
1345 4186 1398 4242 in
1440 4186 1682 4244 bonitate
1708 4191 1826 4246 dili.

239 4285 366 4340 gere
418 4287 526 4326 non
555 4289 868 4356 possumus,
911 4279 1040 4348 quia
1086 4280 1216 4336 boni
1269 4298 1375 4335 non
1401 4291 1531 4338 sunt
1564 4302 1576 4338 :
1611 4291 1821 4338 tantum

238 4371 524 4433 propterea
551 4365 773 4436 diligere
793 4368 1074 4435 debemus,
1128 4383 1187 4425 ut
1227 4373 1526 4429 bonitatem
1565 4375 1820 4442 habeant,

240 4464 294 4510 et
328 4456 456 4510 boni
498 4458 627 4512 sint.
682 4459 746 4514 Et
795 4461 850 4514 in
912 4463 996 4518 bis
1020 4466 1277 4520 omnibus
1308 4483 1417 4522 non
1470 4469 1575 4523 nisi
1605 4469 1824 4524 bonitas

1923 1957 1968 2012 si
2000 1957 2229 2022 venerit,
2277 1957 2450 2027 magis
2498 1955 2700 2026 diligis.
2745 1955 2818 2010 Ita
2854 1956 3065 2026 diligito
3117 1953 3286 2008 Deum
3324 1962 3500 2017 tuum,

1923 2051 2053 2122 quia
2085 2050 2317 2105 dulcedo
2343 2058 2447 2115 est,
2479 2048 2595 2119 ipse
2625 2058 2678 2103 et
2706 2048 2920 2103 bonitas
2973 2057 3027 2102 et
3051 2047 3273 2102 veritas.
3307 2044 3504 2099 Proxi-

1923 2159 2074 2198 mum
2127 2151 2308 2197 autem
2357 2150 2510 2195 tuum
2548 2141 2729 2212 dilige,
2780 2140 2908 2211 quia
2967 2141 3371 2210 receptaculum
3421 2146 3508 2192 est

1923 2233 2230 2289 dulcedinis
2255 2242 2309 2287 ct
2361 2232 2626 2297 veritatis,
2683 2240 2736 2286 et
2773 2233 2820 2287 si
2858 2231 2912 2285 in
2950 2245 3016 2285 eo
3045 2231 3322 2285 inveneris
3352 2229 3505 2300 quod

1924 2326 2127 2380 habere
2166 2326 2344 2388 debet,
2377 2325 2720 2380 dulcedinem
2769 2334 2822 2380 et
2851 2325 3172 2390 bonitatem,
3226 2333 3279 2380 et
3303 2324 3506 2378 verita-

1926 2426 2054 2482 tem,
2081 2417 2242 2486 dilige
2261 2417 2314 2471 in
2336 2419 2454 2487 ipso
2478 2416 2620 2482 illas,
2650 2416 2881 2487 etdilige
2911 2417 3089 2486 ipsum
3117 2415 3501 2486 propterillas.

1926 2509 1982 2564 Si
2016 2520 2197 2564 autem
2242 2525 2476 2564 vacuum
2507 2509 2781 2565 inveneris
2811 2509 2970 2564 bonis
3019 2508 3157 2573 suis,
3207 2508 3331 2563 dole
3374 2508 3507 2578 quia

1925 2603 2328 2674 receptaculum
2375 2603 2538 2658 inane
2582 2603 2769 2668 vides,
2802 2611 2857 2658 et
2905 2611 3032 2672 Opta
3079 2611 3139 2656 ut
3168 2601 3390 2656 veniant
3437 2601 3507 2654 ad

1922 2712 2073 2763 eum,
2121 2703 2176 2750 et
2203 2697 2408 2751 intrent
2455 2696 2511 2750 in
2542 2711 2666 2750 eum
2697 2695 2839 2750 bona
2871 2710 2991 2760 sua,
3044 2703 3104 2749 ut
3134 2695 3227 2748 flat
3250 2694 3365 2764 ipse
3403 2693 3504 2746 bo-

1925 2806 2050 2855 nus,
2094 2791 2303 2846 habens
2339 2790 2480 2844 bona
2517 2804 2637 2853 sua,
2675 2789 2794 2843 sine
2816 2787 3014 2857 quibus
3037 2787 3216 2841 bonus
3245 2802 3364 2840 esse
3395 2801 3505 2840 non

1922 2889 2122 2951 potest.

2607 2991 2824 3030 DlVlSlO.

1995 3067 2169 3142 Dilige
2196 3069 2368 3125 Deum
2387 3112 2402 3134 ,
2433 3071 2559 3142 quia
2591 3070 2806 3125 bonitas
2835 3077 2948 3134 est;
2977 3067 3138 3138 dilige
3169 3065 3504 3136 proximum,

1930 3164 2059 3234 quia
2097 3179 2164 3218 ex
2200 3164 2443 3218 bonitate
2492 3162 2670 3218 bonus
2697 3172 2802 3229 est,
2851 3160 2935 3216 vel
2976 3162 3021 3215 si
3051 3160 3228 3213 bonus
3259 3174 3367 3212 non
3399 3167 3504 3221 est,

1927 3264 1986 3308 ut
2035 3255 2106 3310 sit
2156 3255 2250 3326 qui
2286 3255 2464 3310 bonus
2498 3270 2619 3309 esse
2667 3259 2865 3324 potest.
2923 3251 3026 3318 Qui
3060 3251 3206 3306 enim
3239 3250 3353 3319 jam
3383 3263 3508 3303 esse

1925 3363 2036 3403 non
2080 3357 2312 3418 possunt
2362 3349 2527 3412 boni,
2568 3348 2826 3419 diligendi
2869 3361 2979 3401 non
3027 3355 3176 3408 sunt,
3222 3345 3348 3415 quia
3405 3361 3509 3401 nec

1924 3442 2159 3511 proximi
2190 3451 2339 3508 sunt,
2376 3441 2469 3496 sed
2503 3441 2665 3496 alieni
2687 3451 2740 3498 et
2770 3440 2963 3496 remoti
2988 3451 3038 3494 et
3065 3440 3332 3494 extranei.
3369 3456 3388 3490 ι
3429 3436 3509 3494 Ne

1926 3533 2042 3596 des,
2077 3533 2276 3603 inquit,
2299 3533 2496 3587 alienis
2528 3533 2792 3587 honorem
2848 3540 3026 3594 tuum,
3073 3539 3124 3585 et
3155 3545 3331 3586 annos
3381 3540 3508 3585 tuos

1927 3624 2154 3692 crudeli,
2196 3642 2263 3680 ne
2294 3625 2434 3681 forte
2462 3626 2792 3696 impleantur
2817 3624 3060 3680 extranei
3086 3623 3294 3679 viribus
3321 3624 3429 3678 tuis
3454 3633 3511 3677 et

1926 3715 2142 3771 labores
2176 3717 2250 3770 tui
2277 3717 2384 3770 sint
2414 3717 2468 3771 in
2499 3717 2662 3772 domo
2685 3718 2860 3772 aliena
2883 3716 3061 3789 (Prov.
3098 3717 3173 3785 v).
3211 3736 3228 3768 ι
3259 3714 3348 3772 Isti
3377 3732 3509 3786 ergo

1928 3815 2057 3862 sunt
2091 3808 2256 3862 alieni
2284 3817 2337 3863 et
2365 3809 2614 3864 extranei
2637 3810 2799 3862 nimis
2831 3811 3048 3876 remoti,
3095 3819 3148 3864 et
3175 3809 3333 3880 longe
3378 3807 3505 3864 facti

1928 3897 2132 3967 quibus
2162 3898 2398 3968 amplius
2424 3913 2532 3952 non
2557 3907 2706 3967 patet
2735 3900 2944 3953 reditus
2998 3900 3063 3952 ad
3113 3901 3342 3964 bonum,
3387 3900 3506 3954 dw—

1926 4004 2121 4044 mones
2163 3990 2382 4044 scilicet
2418 3997 2473 4044 et
2517 3991 2645 4043 mali
2697 3991 2947 4044 homines
2990 4006 3113 4044 cum
3160 3992 3506 4046 daemonibus

1925 4081 2191 4136 damnati.
2219 4079 2323 4146 Qui
2355 4079 2558 4135 idcirco
2585 4096 2614 4134 a
2653 4080 2810 4134 nobis
2841 4080 3078 4150 amplius
3101 4079 3359 4149 diligendi
3395 4095 3506 4134 non

1927 4181 2076 4239 sunt,
2106 4173 2234 4243 quia
2278 4173 2347 4227 ab
2372 4173 2465 4228 illo
2491 4173 2636 4228 bono
2670 4182 2892 4244 propter
2937 4174 3084 4244 quod
3113 4173 3358 4245 diligitur
3388 4189 3508 4229 om-

1925 4267 2012 4321 nis
2047 4266 2140 4336 qui
2171 4266 2310 4321 bene
2332 4266 2598 4338 diligitur,
2626 4247 3121 4339 irrecuperabiliter
3152 4279 3505 4324 corruerunt.

1925 4355 2205 4427 Nusquam
2241 4359 2403 4413 nobis
2438 4360 2572 4415 dicit
2607 4358 2887 4430 Scriptura
2912 4368 2973 4415 ut
3004 4360 3281 4416 daemones
3311 4361 3509 4431 diliga-

1926 4467 2071 4518 mus,
2098 4467 2276 4522 neque
2301 4453 2423 4508 illos
2465 4454 2718 4509 homines
2743 4455 2837 4525 qui
2859 4454 2970 4524 jam
2996 4470 3122 4509 cum
3164 4455 3507 4510 daemonibus

240 4545 504 4617 diligitur,
538 4552 756 4619 quando
785 4553 920 4607 nihil
953 4555 1215 4626 diligitur,
1275 4558 1381 4612 nisi
1415 4569 1634 4630 propter
1661 4561 1819 4615 boui-
1850 4551 1894 4605 Ι)
1923 4542 2167 4597 damna”
2198 4551 2345 4598 δυυίο
2398 4543 2477 4598 mi
2502 4545 2648 4599 enim
2698 4546 2934 4615 Pr'mmi
2980 4561 3090 4600 ηοη
3122 4555 3268 4612 sum:
3297 4546 3390 4601 Sed
3417 4561 3507 4601 η’

240 4646 428 4693 tatem.
475 4640 650 4695 Simili
684 4643 846 4698 modo
876 4661 1002 4700 cum
1048 4646 1191 4703 Deus
1217 4649 1482 4722 diligitur,
1515 4665 1734 4723 propter
1759 4671 1818 4711 se

238 4729 501 4800 diligitur,
527 4734 654 4802 quia
705 4735 774 4790 ab
797 4737 904 4791 alio
949 4753 1056 4792 non
1081 4749 1184 4806 est,
1216 4758 1393 4813 neque
1431 4746 1577 4800 aliud
1601 4747 1668 4802 ab
1699 4747 1817 4816 ipso

237 4823 383 4895 quod
422 4826 668 4898 diligitur
695 4829 748 4882 in
787 4833 925 4900 ipso.
981 4831 1118 4887 Cum
1149 4850 1278 4890 vero
1327 4840 1612 4906 proximus
1634 4839 1815 4911 diligi-

237 4924 348 4981 tur,
377 4932 487 4972 non
537 4930 757 4988 propter
811 4937 869 4976 se
923 4923 1186 4994 diligitur,
1239 4928 1331 4982 sed
1369 4941 1588 5000 propter
1619 4932 1810 4998 Deum,

238 5009 378 5063 alter
402 5019 463 5065 ut
495 5012 711 5069 amicus
741 5015 835 5084 qui
869 5015 1036 5072 Deum
1065 5018 1250 5086 habet,
1297 5023 1434 5078 alter
1475 5036 1533 5079 ut
1565 5027 1817 5082 inimicus

237 5101 486 5157 utDeum
513 5105 730 5160 habeat.
764 5106 828 5162 Et
864 5109 917 5162 in
970 5111 1054 5166 his
1085 5115 1343 5170 omnibus
1385 5133 1492 5171 non
1532 5118 1636 5173 nisi
1674 5118 1818 5176 Deus

237 5192 505 5265 diligitur,
558 5198 684 5266 quia
721 5199 866 5254 aliud
897 5199 1004 5255 noti
1054 5212 1137 5257 est
1161 5219 1326 5273 quam
1357 5205 1528 5272 Deus,
1587 5208 1730 5276 quod
1763 5209 1817 5263 in

236 5285 334 5342 illo
357 5289 600 5360 diligitur
629 5293 757 5360 quia
785 5303 888 5358 est,
945 5294 997 5347 in
1034 5296 1138 5349 isto
1176 5297 1426 5368 diligitur
1453 5307 1512 5352 ut
1538 5299 1626 5352 sit.
1677 5298 1820 5372 Ergo

236 5395 367 5435 cum
419 5381 564 5439 Deus
620 5386 884 5456 diligitur,
941 5396 994 5442 et
1037 5405 1162 5443 eum
1216 5391 1500 5460 proximus
1551 5391 1816 5462 diligitur,

237 5471 386 5528 Deus
417 5475 677 5548 diligitur.
710 5476 891 5545 Quare
934 5495 1064 5550 ergo
1091 5479 1220 5536 dicit
1247 5480 1529 5552 Scriptura
1561 5501 1573 5536 :
1619 5503 1637 5535 ι
1667 5482 1737 5538 Ut
1767 5494 1821 5540 et

237 5564 413 5623 Deum
444 5570 662 5640 diligas,
693 5581 745 5626 et
789 5571 1100 5641 proximum
1147 5573 1368 5641 (Matth.
1401 5577 1558 5642 xxii).
1605 5595 1623 5628 υ
1658 5575 1715 5630 Si
1763 5577 1819 5631 in

237 5657 356 5715 Deo
383 5660 550 5715 Deum
578 5662 781 5731 diligis,
831 5673 887 5717 et
917 5664 969 5717 in
995 5665 1245 5733 proximo
1275 5665 1446 5720 Deum
1493 5668 1692 5737 diligis,
1720 5684 1820 5724 nec

238 5752 389 5808 aliud
428 5752 482 5805 in
514 5751 765 5822 proximo
802 5769 981 5832 quam
1005 5755 1150 5826 quod
1180 5755 1234 5809 in
1267 5754 1380 5811 Deo
1414 5759 1614 5830 diligis,
1649 5776 1820 5836 quare

241 5851 374 5903 sunt
401 5847 509 5904 duo
560 5855 829 5921 praecepta
855 5848 1138 5906 charitatis
1164 5848 1186 5902 ?
1241 5848 1296 5905 Si
1327 5852 1471 5908 enim
1530 5855 1819 5927 utrobique

1919 4636 2054 4690 moti
2078 4644 2134 4690 et
2161 4637 2324 4691 alieni
2379 4636 2508 4692 facti
2561 4654 2592 4693 a
2629 4639 2808 4694 nobis.
2863 4638 2974 4694 Nos
3002 4647 3184 4695 autem
3217 4639 3505 4709 proximos

1918 4729 2146 4796 diligere
2174 4730 2460 4794 debemus,
2492 4746 2600 4785 non
2633 4731 2863 4797 alienos,
2891 4731 2941 4786 id
2975 4741 3058 4786 est
3087 4731 3364 4797 homines,
3386 4746 3502 4785 non

1919 4823 2220 4888 daemones,
2279 4832 2333 4877 et
2375 4824 2498 4879 illos
2530 4824 2802 4889 homines,
2832 4825 2926 4894 qui
2948 4825 3032 4878 vel
3083 4840 3177 4894 per
3201 4824 3500 4879 bonitatem

1919 4930 2030 4969 non
2054 4925 2425 4982 recesserunt,
2460 4917 2545 4972 vel
2593 4933 2688 4986 per
2719 4916 2929 4970 arbitrii
2971 4917 3278 4972 libertatem
3319 4917 3503 4972 redire

1919 5017 2170 5078 possunt.
2222 5007 2342 5063 Non
2373 5009 2520 5064 enim
2564 5010 2791 5065 omnino
2838 5009 2998 5080 longe
3051 5019 3180 5064 sunt
3225 5009 3340 5080 qui,
3397 5010 3504 5067 etsi

1919 5103 2178 5171 abierint,
2233 5107 2413 5161 adhuc
2464 5105 2642 5161 redire
2678 5115 2928 5177 possunt.
2964 5105 3057 5160 lsti
3099 5113 3229 5160 sunt
3262 5107 3503 5176 proximi

1919 5215 2061 5270 quos
2089 5200 2316 5270 diligere
2342 5199 2625 5264 debemus,
2651 5200 2731 5255 vel
2769 5199 2822 5254 in
2874 5198 3006 5262 Deo.
3058 5199 3104 5254 si
3137 5207 3506 5262 recesserunt.

1919 5295 2003 5348 vel
2023 5302 2258 5364 propter
2291 5293 2484 5360 Deum,
2526 5294 2572 5349 si
2598 5293 2777 5350 redire
2802 5301 3054 5364 possunt.
3104 5293 3257 5359 Quos
3282 5292 3509 5363 quando

1921 5387 2221 5457 diligimus,
2250 5387 2334 5441 vel
2379 5387 2434 5440 in
2478 5386 2558 5442 eis
2587 5385 2757 5442 Deum
2795 5387 3077 5457 diligimus
3106 5385 3152 5440 si
3189 5385 3318 5439 boni
3351 5395 3505 5451 sunt,

1923 5480 2006 5536 vel
2035 5481 2116 5537 eis
2144 5481 2349 5536 bonum
2374 5481 2654 5553 diligimus
2687 5491 2740 5536 et
2763 5492 3034 5552 optamus,
3065 5494 3191 5536 cum
3218 5481 3363 5550 quod
3395 5497 3504 5536 non

1923 5584 2050 5629 sunt
2080 5575 2207 5630 boni
2243 5590 2365 5630 esse
2385 5583 2637 5645 possunt.

1992 5666 2218 5738 Propter
2247 5669 2352 5722 hoc
2393 5682 2523 5738 ergo
2570 5667 2679 5720 duo
2718 5675 2843 5719 sunt
2881 5673 3145 5734 praecepta
3189 5662 3499 5728 charitatis,

1927 5757 2016 5813 Dei
2046 5759 2291 5815 videlicet
2313 5769 2365 5815 et
2395 5759 2628 5831 proximi
2654 5767 2709 5812 ut
2735 5773 2829 5826 per
2851 5758 3168 5812 charitatem
3198 5746 3292 5812 Dei
3321 5757 3503 5827 ipsum

1924 5856 2126 5911 bonum
2154 5854 2370 5926 diligas,
2403 5871 2497 5928 per
2523 5853 2838 5912 charitatem
2867 5853 3096 5924 proximi
3125 5853 3326 5907 bonum
3355 5849 3503 5924 quod
