3970 6436
505 351 650 409 H75

1642 347 1970 404 WERNERI
2008 347 2304 404 ABBATIS
2344 348 2402 406 S.
2441 347 2664 406 BLASII
3626 349 3748 408 1176

501 466 688 539 diligis
712 465 966 538 proximo
1008 483 1118 522 non
1161 466 1424 520 Invideas.
1456 463 1678 519 Poteras
1710 463 1914 533 aliquid
1958 463 2080 518 dili-
2110 470 2157 525 Α
2184 463 2310 519 liter
2356 463 2647 518 valentem.
2688 460 2874 516 Tertio
2903 461 3158 532 spiritum
3192 459 3430 517 dicimus
3472 474 3569 530 per
3592 469 3748 519 totum

502 573 632 630 gere
656 565 711 612 et
739 557 991 629 proximo
1022 573 1129 612 non
1161 557 1422 626 diligere;
1457 567 1676 624 poteras
1705 554 1908 624 aliquid
1951 555 2089 610 velle

503 649 726 714 habere,
764 658 818 704 et
863 659 1043 704 tamen
1091 649 1234 704 nolle
1273 657 1332 703 ut
1381 648 1511 701 illud
1558 647 1781 702 haberet
1810 649 2090 718 proximus

502 752 634 798 tuus
666 762 679 797 :
713 743 767 797 in
809 743 922 798 Deo
951 753 1130 797 tamen
1170 761 1276 798 non
1326 754 1562 812 poteras.
1607 741 1723 796 Non
1755 745 1900 798 enim
1935 753 2083 813 poto-

502 851 597 890 ras
619 834 789 889 Deum
818 835 1062 906 diligere,
1087 837 1190 891 nisi
1218 837 1472 906 diligeres
1495 845 1547 890 et
1578 837 1885 906 proximum
1910 847 2088 902 tuum,

501 932 631 1002 quia
647 947 772 986 cum
793 932 994 986 invidia
1024 941 1078 986 et
1098 934 1222 987 odio
1239 933 1382 988 Deus
1401 934 1552 1004 diligi
1570 950 1674 987 non
1697 941 1890 1002 potest,
1911 941 2092 984 tamen

502 1024 632 1094 quia
681 1025 735 1078 in
783 1025 906 1080 aliis
956 1026 1121 1081 rebus
1158 1026 1262 1080 hoc
1311 1025 1491 1082 facere
1526 1036 1765 1096 poteras,
1795 1033 1856 1079 ut
1885 1023 2092 1094 aliquid

501 1119 668 1176 velles
713 1129 768 1174 et
795 1121 1047 1190 proximo
1079 1129 1174 1175 tuo
1198 1136 1307 1175 non
1343 1121 1530 1186 velles,
1563 1120 1880 1175 distinctum
1921 1127 2004 1172 est
2035 1124 2094 1171 ut

501 1221 802 1283 utrumque
859 1213 957 1268 tibi
1011 1213 1320 1269 faciendum
1352 1229 1473 1269 esse
1513 1213 1805 1283 intelligas,
1837 1210 2092 1282 quamvis

501 1308 735 1361 alterum
760 1305 880 1362 sine
912 1307 1084 1360 altero
1126 1306 1305 1361 lacere
1335 1321 1443 1360 non
1486 1305 1685 1374 possis.
1719 1303 1982 1370 Quamvis
2013 1301 2094 1356 si-

501 1398 619 1452 mul
668 1397 797 1462 sint,
834 1410 1014 1453 tamen
1059 1398 1168 1452 duo
1213 1407 1342 1452 sunt
1368 1397 1588 1452 dilectio
1624 1395 1717 1450 Dei
1750 1405 1800 1450 et
1831 1392 2091 1464 proximi.

501 1485 694 1558 Neque
749 1490 872 1543 ideo
921 1489 1228 1543 debuerunt
1284 1489 1337 1542 in
1395 1489 1760 1559 praeceptione
1807 1485 2092 1550 confundi,

501 1580 761 1650 quamvis
791 1596 898 1636 non
931 1581 1142 1651 possint
1171 1581 1226 1634 in
1250 1579 1468 1635 actione
1489 1578 1752 1648 separari.
1784 1575 1902 1631 Duo
1931 1577 2094 1646 igitur

503 1680 775 1740 praecepta
805 1681 935 1726 sunt
959 1671 1243 1726 charitatis
1276 1692 1290 1725 :
1324 1686 1496 1726 unum
1529 1685 1639 1740 quo
1666 1668 1836 1723 Deum
1863 1659 2093 1738 diligere

502 1761 894 1831 praecipimur;
924 1763 1156 1818 alterum
1199 1778 1310 1833 quo
1343 1763 1655 1833 proximum
1701 1776 1886 1815 amare
1927 1761 2091 1830 jube-

503 1862 653 1906 mur.
690 1849 796 1906 Sed
826 1852 966 1908 dicis
998 1871 1013 1909 :
1046 1852 1224 1919 Quare
1249 1854 1350 1908 tria
1378 1854 1503 1909 data
1537 1869 1644 1908 non
1671 1860 1800 1908 sunt
1823 1862 2092 1922 prazcepta

504 1941 793 2000 charitatis
837 1953 893 1999 ut
922 1946 1171 1999 similiter
1214 1945 1402 2016 diligat
1429 1949 1596 2001 homo
1639 1961 1696 2001 se
1721 1947 1922 2016 ipsum,
1951 1945 2096 1999 sicut

506 2038 735 2108 diligere
764 2038 989 2108 jubctur
1017 2039 1187 2095 Deum
1219 2051 1271 2096 et
1309 2042 1638 2110 proximum.
1672 2040 1778 2095 Sed
1807 2041 2095 2096 considera

505 2129 638 2198 quia
662 2129 998 2200 superﬂuum
1025 2131 1162 2188 foret
1185 2143 1241 2187 ut
1265 2133 1393 2187 illud
1420 2133 1534 2186 fieri
1555 2135 1836 2203 juberetur
1857 2134 1923 2189 ad
1947 2133 2095 2204 quod

507 2219 824 2276 faciendum
875 2222 954 2276 sic
984 2224 1150 2279 homo
1180 2239 1388 2294 pronus
1430 2225 1609 2280 fuerat
1637 2242 1702 2280 ex
1728 2241 1807 2293 se,
1855 2236 1914 2280 ut
1962 2225 2096 2280 illud

507 2321 602 2369 aut
625 2330 735 2369 non
763 2327 968 2386 posset,
985 2329 1080 2371 aut
1103 2333 1210 2372 non
1237 2318 1395 2374 vellet
1417 2319 1706 2386 dimittere,
1729 2319 1942 2375 etiamsi
1969 2333 2097 2388 pro-

508 2403 810 2462 hiberetur.
844 2406 963 2463 Non
993 2409 1158 2479 igitur
1186 2411 1609 2480 praecipiendum
1641 2422 1760 2464 erat
1801 2412 2006 2466 homini
2038 2420 2098 2466 ut

505 2509 572 2556 se
599 2496 871 2566 diligeret,
911 2501 1002 2555 sed
1028 2501 1328 2556 timendum
1351 2503 1434 2558 vel
1458 2503 1761 2558 cavendum
1788 2504 1961 2573 magis
1980 2513 2096 2558 erat

505 2601 580 2644 ne
629 2591 793 2647 nimis
839 2592 1103 2661 diligeret.
1153 2593 1266 2650 Iloc
1331 2596 1598 2666 siquidem
1633 2606 1839 2651 natura:
1870 2597 2092 2652 insitum

507 2693 649 2752 erat,
682 2694 742 2740 ut
766 2702 824 2742 se
851 2687 1003 2742 odire
1034 2704 1142 2742 non
1176 2699 1361 2759 posset
1392 2689 1694 2746 secundum
1723 2707 1886 2760 quam
1932 2706 2094 2747 nemo

509 2791 733 2834 carnem
764 2795 920 2834 suam
953 2781 1079 2833 odio
1103 2781 1293 2835 habuit
1317 2783 1476 2852 cujus
1504 2785 1847 2837 commodum
1874 2783 1966 2854 qui
2000 2801 2097 2838 na-

509 2879 650 2926 turae
696 2869 896 2926 insitus
940 2879 1023 2926 est
1055 2872 1324 2941 appetitus
1353 2874 1788 2943 inseparabiliter
1819 2874 2016 2944 diligit,
2044 2883 2097 2928 et

509 2963 658 3032 quod
688 2963 980 3017 adversum
1012 2971 1097 3018 est
1144 2963 1242 3030 illi,
1289 2981 1504 3036 semper
1530 2965 1831 3020 detestatur
1855 2977 1908 3020 et
1936 2966 2091 3037 Iugit.

507 3095 589 3150 De
619 3097 822 3151 anima.
863 3095 1041 3162 Quare
1091 3099 1167 3152 sic
1195 3101 1428 3154 dieatur.
1463 3099 1538 3152 De
1579 3100 1930 3168 appellatione
1973 3102 2096 3154 ani-

581 3169 676 3247 mi.
711 3169 788 3222 De
829 3171 1018 3222 mentis
1050 3171 1424 3239 appellatione,
1449 3180 1497 3223 et
1523 3171 1587 3223 de
1611 3173 1830 3240 spiritus
1861 3173 2096 3242 appella-

579 3248 741 3293 ιιοιιε.

581 3330 794 3385 Anima:
815 3347 1138 3387 concessum
1162 3341 1243 3387 est
1260 3348 1290 3387 a
1314 3331 1754 3403 Deoingenitium
1772 3333 1890 3404 (sic)
1918 3350 2099 3388 rerum

505 3431 718 3478 secreta
765 3431 1052 3492 penetrare
1093 3440 1156 3479 ac
1196 3433 1478 3494 penetrata
1509 3427 1816 3482 viventibus
1855 3443 1950 3497 per
1979 3443 2098 3481 eam

507 3529 776 3571 reserare.
831 3514 983 3572 Unde
1034 3516 1278 3587 ineptum
1330 3517 1549 3572 ducitur
1595 3519 1740 3573 illam
1795 3535 1891 3590 per
1934 3536 2098 3590 quam

509 3606 669 3677 plura
695 3607 1101 3676 cognoscimus,
1126 3607 1285 3676 quasi
1319 3623 1350 3662 a
1380 3610 1536 3664 nobis
1561 3609 1795 3665 alienam
1826 3628 1924 3666 nos
1947 3612 2100 3683 igno-

509 3713 652 3751 iare.
687 3696 746 3751 In
783 3699 976 3767 primis
1005 3714 1136 3768 ergo
1171 3700 1506 3767 insinuetur,
1539 3702 1700 3771 cujus
1743 3704 1928 3757 anima
1969 3720 2098 3773 pro-

507 3788 628 3862 prie
654 3789 869 3844 dicatur
895 3797 949 3844 et
983 3806 1153 3860 quare
1180 3791 1260 3846 sic
1290 3792 1614 3862 appelletur.
1663 3793 1890 3864 Proprie
1935 3795 2100 3866 igitur

506 3880 750 3936 hominis
791 3882 974 3936 anima
1019 3892 1222 3938 ct-non
1266 3886 1538 3954 pecudum
1576 3886 1794 3953 dicitur,
1834 3888 2096 3957 quoniam

505 3969 620 4025 vita
655 3971 926 4041 pecudum
954 3971 1009 4026 in
1041 3975 1309 4044 sanguine
1340 3983 1551 4030 tantum
1585 3975 1882 4032 constituta
1917 3977 2098 4031 nosci-

507 4071 620 4118 tur.
668 4061 794 4119 Ilaec
827 4078 977 4129 vero,
1026 4064 1154 4134 quia
1207 4066 1533 4122 immortalis
1581 4076 1684 4132 est,
1719 4069 1902 4122 anima
1950 4077 2098 4124 recte

504 4155 665 4226 quasi
693 4171 899 4210 anwma
930 4153 1163 4228 [ἁναῖμα]
1187 4199 1202 4221 ,
1235 4158 1286 4211 id
1318 4168 1399 4212 cst
1445 4174 1475 4212 a
1526 4161 1794 4231 sanguine
1823 4161 1982 4230 longe
2014 4161 2098 4215 di-

505 4258 685 4306 screta
714 4259 963 4318 vocatur,
989 4267 1113 4305 cum
1143 4261 1263 4320 post
1279 4259 1506 4304 mortem
1528 4252 1776 4321 corporis
1797 4251 2094 4322 perfectam

505 4342 628 4412 ejus
656 4351 1014 4398 constetesse
1046 4343 1429 4398 substantiam.
1464 4342 1694 4408 Quidam
1723 4345 1966 4399 animam
2007 4343 2095 4398 di--

505 4443 640 4491 cunt
671 4436 1020 4506 appellatam,
1047 4450 1114 4490 eo
1138 4436 1284 4506 quod
1321 4436 1521 4489 animet
1547 4444 1710 4506 atque
1741 4437 1976 4492 vivificet
2008 4436 2094 4491 sui

2191 569 2392 623 corpus
2441 553 2707 607 emissum
2762 559 2926 621 atque
2976 560 3280 622 receptum,
3339 565 3438 620 per
3456 566 3611 620 quem
3653 554 3749 611 vita

2192 645 2504 699 mortalium
2529 643 2866 708 continetur;
2899 658 2998 698 nec
3022 641 3322 713 aliquando
3345 642 3515 696 otium
3535 644 3747 713 capiens,

2187 738 2303 808 jugi
2334 737 2638 791 mobilitate
2664 749 2964 804 reparatur.

2267 831 2558 886 Sciendum
2587 839 2672 884 est
2714 831 2878 901 igitur
2908 829 3152 882 animum
3181 838 3234 883 et
3283 837 3520 882 mentem
3561 832 3750 900 proprie

2194 923 2432 976 animam
2483 938 2591 976 non
2641 923 2849 976 vocari.
2907 920 3029 975 Ilaec
3073 921 3461 975 Cassiodorus.
3511 919 3744 978 Caeterum

2195 1013 2436 1070 Isidorus
2465 1016 2544 1070 sic
2572 1015 2647 1068 ait
2685 1033 2700 1069 :
2744 1033 2760 1066 ι
2799 1012 2918 1068 Una
2962 1023 3047 1068 est
3085 1015 3268 1067 anima
3302 1030 3425 1083 quae
3468 1013 3590 1068 dum
3634 1031 3746 1070 con-

2195 1107 2767 1176 templatur,'spiritus
2808 1116 2913 1172 est,
2966 1107 3096 1160 dum
3153 1107 3340 1170 sentit,
3385 1121 3606 1173 sensus;
3635 1106 3744 1164 dum

2196 1199 2359 1268 sapit,
2387 1199 2633 1266 animus;
2666 1199 2794 1254 dum
2823 1199 3094 1267 intelligit,
3124 1214 3312 1264 mens;
3347 1197 3476 1251 dum
3501 1199 3742 1266 discernit,

2196 1289 2363 1355 ratio;
2415 1289 2543 1344 dum
2590 1291 2883 1356 consentit,
2932 1290 3222 1356 voluntas;
3271 1290 3401 1342 dum
3447 1291 3740 1360 recordatur,

2197 1383 2496 1450 memoria;
2546 1384 2675 1438 dum
2722 1384 2966 1438 membra
3002 1391 3240 1454 vegetat.
3270 1382 3454 1436 anima
3487 1393 3583 1437 est.
3607 1403 3624 1434 ι
3655 1382 3741 1438 IIo-

2197 1472 2364 1528 minis
2394 1489 2526 1543 ergo
2554 1475 2758 1540 anima,
2786 1483 2842 1528 ut
2873 1474 3150 1528 veracium
3190 1473 3476 1526 doctorum
3513 1476 3740 1529 consentit

2197 1566 2515 1631 auctoritas,
2557 1575 2641 1620 est
2683 1582 2714 1620 a
2764 1565 2876 1619 Deo
2907 1575 3089 1620 creata
3126 1564 3435 1634 spiritualis
3460 1567 3738 1636 propriaque

2197 1659 2503 1714 substantia
2525 1660 2608 1714 sui
2632 1659 2879 1729 corporis
2904 1657 3234 1712 viviticatrix
3265 1657 3530 1712 rationalis
3549 1660 3736 1728 quidem

2195 1759 2251 1806 ct
2277 1751 2619 1816 immortalis,
2648 1752 2740 1807 sed
2775 1751 2828 1805 in
2871 1751 3078 1806 bonum
3115 1749 3434 1819 malumque
3458 1753 3735 1806 convertibi-

2197 1846 2284 1902 lis.
2314 1846 2470 1901 Edita
2493 1856 2576 1902 est
2604 1847 2762 1916 quasi
2791 1845 3088 1916 parturialc
3114 1860 3309 1906 ovum,
3341 1844 3432 1896 ubi
3460 1844 3553 1896 vita
3580 1842 3733 1900 futura!

2197 1937 2314 1992 avis
2337 1954 2639 2007 pennarum
2668 1947 2822 2008 grata
2851 1937 3086 1991 varietas
3139 1935 3472 1990 continetur.
3505 1932 3728 2004 Insuper:

2198 2028 2310 2084 Deo
2339 2029 2455 2084 ﬁeri
2485 2031 2571 2085 vel
2614 2028 2790 2085 factas
2821 2030 3034 2084 animas
3079 2028 3434 2098 prudentiqu
3479 2029 3634 2082 nullus
3660 2045 3730 2082 ne-

2198 2123 2320 2188 scit,
2354 2124 2573 2192 quando
2610 2123 2838 2178 Crcator
2881 2131 2966 2176 est
3010 2132 3105 2176 aut
3149 2130 3403 2176 creatura
3440 2135 3583 2172 omne
3619 2121 3728 2188 quo]

2197 2215 2401 2268 existit.
2450 2214 2699 2269 Creatrix
2746 2215 2909 2285 igitur
2957 2213 3104 2267 nulla
3143 2221 3397 2267 creatura
3446 2221 3601 2281 potest
3639 2228 3730 2266 esse

2199 2308 2526 2375 substantia,
2555 2309 2815 2379 quoniam
2855 2316 2916 2362 ut
2964 2307 3078 2376 ipsa
3113 2305 3382 2361 subsistat
3423 2304 3604 2375 indiget
3633 2303 3729 2367 Deo.

2199 2410 2252 2456 et
2279 2403 2409 2457 dare
2439 2420 2546 2457 non
2576 2413 2752 2473 potest
2776 2401 3383 2465 alterisubsistenliam,
3403 2417 3554 2471 quam
3569 2409 3732 2452 tantum

2197 2495 2399 2549 habere
2423 2497 2652 2564 accepit.
2685 2495 2946 2566 Superest
2975 2504 3031 2548 ut
3054 2511 3178 2550 eam
3207 2492 3488 2548 verissime
3516 2508 3542 2546 a
3578 2493 3733 2545 divini-

2199 2596 2307 2642 tate
2337 2588 2612 2641 conditam
2641 2603 2763 2642 esse
2803 2587 3072 2642 fateamur
3097 2603 3225 2657 qua:
3253 2587 3368 2640 sola
3399 2594 3562 2655 potest
3586 2599 3734 2639 creare

2201 2680 2459 2734 mortalia
2514 2689 2566 2734 et
2599 2681 2951 2734 immortalia.
2994 2679 3291 2734 Evidenter
3319 2679 3461 2733 enim
3503 2678 3670 2750 legitur
3692 2678 3732 2731 in

2201 2773 2494 2828 Salomone
2517 2791 2528 2827 :
2559 2794 2575 2824 ι
2598 2772 2663 2828 Et
2682 2782 2981 2828 revertetur
3003 2773 3182 2843 pulvis
3201 2774 3252 2826 in
3275 2782 3470 2827 terram
3487 2774 3610 2828 sicut
3627 2780 3738 2837 erat,

2199 2881 2253 2927 ct
2315 2873 2543 2941 spiritus
2613 2881 2917 2926 revertetur
2966 2872 3032 2926 ad
3101 2886 3229 2926 cum
3284 2872 3379 2941 qui
3441 2870 3575 2926 dedit
3614 2872 3739 2926 illum

2202 2963 2395 3033 (Eccli.
2425 2963 2544 3033 xu).
2575 2985 2592 3016 ι
2630 2964 2844 3018 lit'alibi
2881 2984 2892 3018 :
2930 2983 2948 3016 ι
2981 2962 3213 3018 Omnem
3248 2965 3431 3018 ﬂatum
3457 2980 3547 3033 ego
3583 2962 3688 3017 feri.
3719 2981 3735 3014 ι

2199 3055 2333 3111 Illud
2367 3065 2546 3112 autem
2579 3058 2723 3127 quod
2767 3057 3007 3111 diximus
3038 3057 3124 3110 sui
3166 3057 3412 3126 corporis
3441 3055 3740 3118 virilicatrix,

2204 3149 2324 3204 ideo
2355 3151 2556 3204 dicitur
2588 3151 2717 3221 quia
2750 3166 2876 3204 mox
2917 3159 2977 3204 ut
3009 3150 3132 3204 data
3169 3147 3332 3204 fuerit
3365 3148 3596 3203 inell'abili
3624 3163 3742 3202 con—

2203 3243 2426 3308 ditione,
2455 3243 2630 3311 diligit
2674 3257 2948 3298 carcerem
2978 3258 3164 3305 suum,
3214 3249 3360 3295 amat
3393 3249 3596 3310 propter
3619 3237 3743 3308 quod

2205 3334 2372 3389 libera
2405 3350 2526 3390 esse
2568 3351 2674 3390 non
2718 3343 2916 3405 potest,
2950 3335 3238 3389 doloribus
3282 3335 3400 3403 ejus
3441 3333 3742 3386 vehementer

2203 3425 2451 3492 allicitur,
2485 3426 2742 3480 formidat
2779 3426 3057 3480 interitum
3100 3443 3226 3497 quae
3264 3443 3371 3480 non
3397 3435 3565 3495 potest
3594 3424 3740 3486 mori;

2201 3527 2255 3571 et
2286 3519 2365 3572 sic
2393 3529 2476 3574 est
2507 3519 2572 3573 ad
2606 3518 2855 3590 corporis
2888 3521 2972 3573 sui
3006 3536 3170 3574 casus
3205 3521 3436 3590 trepida,
3485 3529 3542 3573 ut
3583 3521 3740 3589 ipsam,

2201 3627 2321 3679 quae.
2351 3628 2457 3665 non
2492 3622 2667 3682 potest
2693 3612 2926 3666 deﬁcere
2951 3627 3046 3680 per
3075 3621 3356 3676 naturam,
3408 3612 3574 3681 magis
3613 3612 3738 3664 susti-

2202 3718 2330 3756 nere.
2378 3704 2570 3757 credas
2599 3711 2864 3758 extrema.
2906 3701 2971 3757 Ει
3023 3703 3148 3759 licet
3196 3703 3363 3757 rebus
3415 3701 3740 3771 corporalibus

2199 3793 2511 3848 nullatenus
2561 3792 2678 3862 ipsa
2728 3801 2980 3846 vescatur
3013 3792 3304 3847 subductis
3334 3801 3538 3846 tantum
3583 3790 3741 3844 talilus

2200 3885 2523 3956 gravissimo
2558 3901 2796 3940 mmrore
2831 3885 3142 3951 conficitur,
3169 3885 3494 3940 desiderans
3535 3898 3629 3936 non
3663 3881 3738 3935 sibi

2199 3976 2518 4030 naturaliter
2540 3976 2915 4039 accommoda,
2946 3977 3040 4032 sed
3083 3976 3360 4045 adjunctis
3403 3975 3620 4030 artubus
3641 3989 3739 4042 pro-

2200 4064 2405 4120 futura.
2445 4065 2564 4120 Vita
2595 4081 2726 4136 ergo
2759 4067 3003 4135 corporis
3036 4079 3302 4137 suscepta
3326 4066 3526 4122 animae
3546 4081 3740 4136 pra-sen-

2199 4158 2272 4214 tia
2305 4169 2408 4223 est,
2443 4175 2591 4213 mors
2619 4167 2802 4212 autem
2853 4159 2973 4229 ejus
3025 4160 3289 4230 probatur
3333 4161 3632 4215 abscessus.
3673 4156 3742 4210 Sic

2198 4250 2340 4304 diem
2365 4250 2600 4304 dicimus
2621 4250 2888 4304 Iustrante
2912 4251 3047 4315 sole,
3071 4254 3166 4320 qui
3194 4267 3317 4306 cum
3345 4251 3642 4306 discesserit
3657 4264 3738 4300 nos

2197 4352 2446 4398 vocatur.
2481 4341 2626 4397 Vivit
2655 4344 2840 4414 itaque
2874 4359 3073 4414 corpus
3107 4344 3304 4397 animm
3331 4345 3605 4413 prmsidio,
3628 4352 3669 4396 et
3689 4356 3736 4394 ex

2197 4435 2313 4505 ipsa
2361 4436 2622 4505 probatur
2679 4437 2949 4507 accipere,
3001 4436 3145 4491 unde
3189 4453 3246 4491 se
3305 4437 3592 4506 prtevalcat
3624 4450 3736 4489 com-

505 4529 758 4599 corporis
813 4527 1201 4582 substantiam.
1249 4526 1479 4582 Animus
1533 4537 1715 4583 autem
1767 4529 2090 4598 appellatur,
2124 4550 2168 4604 ι)
2198 4542 2437 4582 movere.
2485 4526 2588 4581 Per
2614 4536 2790 4582 totum
2823 4543 2955 4582 vero
2984 4543 3184 4598 corpus
3216 4527 3364 4597 quod
3419 4529 3630 4590 animat,
3655 4539 3736 4578 non

501 4621 635 4692 quia
691 4618 1042 4676 velocissima
1091 4618 1342 4688 cogitatio
1387 4619 1506 4687 ejus
1555 4619 1623 4674 ad
1678 4620 2090 4674 similitudinem

502 4714 651 4769 venti
698 4721 849 4768 motu
903 4712 1066 4768 celeri
1115 4719 1459 4780 pervagatur,
1492 4711 1587 4780 qui
1633 4710 1690 4765 Iit
1739 4727 1804 4765 ex
1850 4711 2089 4780 appetitu

506 4807 704 4861 anima:
733 4815 1010 4861 commoto
1039 4819 1138 4874 pro
1168 4802 1424 4856 desiderii
1469 4805 1587 4872 ejus
1624 4802 1905 4873 qualitate.
1938 4803 2090 4861 Mens

505 4897 707 4952 dicitur
736 4913 767 4952 a
796 4913 939 4951 mene
969 4893 1168 4967 [priva],
1195 4893 1244 4948 id
1271 4903 1352 4949 est
1373 4910 1403 4948 a
1437 4894 1584 4958 luna,
1607 4894 1734 4964 quia
1767 4895 1890 4950 licet
1915 4903 2090 4950 mute-

505 4997 597 5042 tur
620 4988 996 5044 vicissitudine
1019 4987 1192 5053 varia,
1218 5003 1274 5042 se
1305 4995 1483 5040 tamen
1508 4987 1748 5041 restituit
1777 4987 1830 5041 in
1864 4988 1912 5041 id
1944 4987 2086 5057 quod

506 5081 613 5138 fuit
657 5081 893 5151 quadam
930 5079 1168 5134 novitate
1218 5078 1476 5149 perfecta.
1516 5077 1751 5148 Spiritus
1787 5079 1948 5132 etiam
1995 5078 2088 5132 tri-

503 5173 632 5245 plici
661 5173 824 5227 modo
847 5171 1066 5226 dicitur.
1099 5171 1412 5242 Appellatur
1432 5171 1576 5225 enim
1604 5171 1868 5225 veraciter
1889 5181 1941 5225 et
1964 5188 2088 5240 pro-

503 5265 624 5338 prie
653 5263 856 5319 nullius
904 5264 1172 5334 indigens,
1203 5264 1317 5334 ipse
1349 5280 1478 5316 vero
1512 5280 1540 5316 a
1589 5262 1856 5316 creaturis
1905 5265 2086 5316 omni-

506 5355 611 5412 bus
655 5355 879 5428 indiget,
930 5353 1217 5425 inspirans
1277 5354 1422 5426 quod
1481 5354 1614 5418 vult,
1667 5361 1720 5408 ct
1763 5353 2087 5424 dispensans

505 5449 690 5503 omnia
724 5457 884 5518 prout
911 5448 1046 5515 vult,
1075 5448 1327 5502 universa
1359 5448 1656 5518 complens,
1692 5454 1836 5500 totus
1867 5447 1919 5500 in
1951 5456 2084 5512 toto,

504 5539 804 5594 immobilis
827 5539 968 5604 loco,
997 5549 1050 5593 et
1071 5539 1349 5594 voluntate
1371 5551 1605 5594 :ctcrnus
1635 5553 1942 5610 cunctaque
1967 5557 2088 5610 quze

505 5645 720 5688 summa
772 5639 900 5687 sunt
935 5632 1290 5704 singulariter
1335 5640 1543 5701 potens.
1595 5630 1868 5686 Vocamus
1897 5642 1949 5686 et
1979 5633 2088 5701 spi-

503 5723 671 5778 ritum
732 5723 1096 5779 substantiam
1141 5733 1356 5778 tenuem
1414 5723 1678 5781 nobisuue
1738 5724 2083 5789 invisibilem,

505 5823 812 5870 creaturam
837 5817 1220 5882 immortalem,
1249 5825 1510 5886 quantum
1539 5817 1611 5870 illi
1643 5818 1826 5872 datum
1853 5828 1954 5886 est,
1983 5819 2088 5874 uti-

2197 4618 2355 4673 Iocali
2385 4617 2696 4684 dill'usioue,
2728 4619 2821 4674 scd
2856 4619 3091 4688 quadam
3120 4618 3270 4672 vitali
3323 4618 3616 4672 intentione
3638 4629 3737 4684 por-

2193 4711 2409 4780 rigitur.
2442 4709 2576 4764 Nam
2606 4727 2701 4780 per
2729 4727 2920 4765 omnes
2961 4712 3081 4780 ejus
3127 4711 3432 4780 particulas
3484 4719 3585 4764 tota
3611 4704 3736 4762 simul

2192 4803 2369 4869 adest,
2401 4817 2502 4858 nec
2535 4802 2714 4857 minor
2741 4803 2794 4856 in
2843 4802 3172 4868 minoribus,
3225 4817 3329 4857 nec
3375 4802 3431 4856 in
3485 4797 3738 4871 majoribus

2192 4895 2390 4964 major,
2433 4893 2527 4950 sed
2561 4895 2763 4948 alicubi
2811 4894 3101 4959 intensius,
3147 4893 3348 4948 alicubi
3384 4892 3664 4956 remissius,
3697 4895 3740 4942 et

2192 4989 2247 5042 in
2277 4989 2537 5043 omnibus
2585 4996 2718 5053 tota,
2751 4996 2807 5040 et
2853 4987 2908 5041 in
2956 4986 3190 5055 singulis
3231 4996 3340 5040 tota
3383 4997 3486 5042 est.
3521 4984 3739 5056 Quamvis

2190 5080 2334 5134 enim
2380 5081 2436 5134 in
2463 5094 2691 5150 corpore
2721 5095 2828 5132 non
2861 5087 2975 5132 toto
3008 5078 3193 5143 sentit,
3229 5089 3416 5135 tamen
3453 5089 3558 5136 tota
3587 5079 3736 5134 sentit.

2187 5170 2325 5226 Nam
2357 5188 2481 5228 cum
2519 5172 2719 5242 exiguo
2746 5179 2948 5241 puncto
2972 5171 3026 5234 in
3055 5186 3224 5226 carne
3255 5173 3382 5227 viva
3419 5171 3610 5243 aliquid
3639 5179 3740 5224 tan-

2190 5265 2356 5336 gitur,
2381 5273 2436 5320 et
2465 5265 2510 5320 si
2543 5265 2696 5320 locus
2725 5264 2812 5319 ille
2841 5265 3010 5320 totius
3032 5265 3285 5336 corporis
3311 5282 3424 5321 non
3451 5267 3537 5331 sit,
3566 5264 3648 5319 sed
3667 5262 3740 5316 vix

2191 5357 2245 5412 in
2279 5373 2507 5428 corpore
2527 5358 2795 5424 videatur,
2825 5359 3065 5412 animam
3091 5366 3273 5412 tamen
3299 5368 3466 5413 totam
3494 5372 3592 5412 non
3615 5357 3739 5409 latet.

2190 5449 2379 5521 Neque
2404 5451 2454 5504 id
2488 5451 2632 5521 quod
2660 5451 2892 5505 sentitur
2923 5466 3019 5520 per
3055 5451 3304 5520 corporis
3335 5461 3528 5505 cuncta
3553 5450 3739 5502 discur~

2190 5542 2282 5607 rit,
2315 5543 2405 5597 sed
2452 5542 2525 5596 ibi
2568 5543 2799 5596 sentitur
2847 5551 3056 5597 tantum
3103 5543 3198 5597 ubi
3247 5541 3328 5596 ﬁt.
3362 5540 3515 5596 Unde
3541 5556 3662 5613 ergo
3687 5536 3738 5591 ad

2193 5645 2364 5691 totum
2397 5653 2518 5690 mox
2551 5636 2798 5706 pervenit
2829 5635 3012 5706 :quod
3050 5636 3102 5688 in
3135 5644 3249 5689 toto
3273 5653 3382 5690 non
3411 5636 3484 5700 lit,
3512 5635 3611 5689 nisi
3633 5629 3738 5702 quia

2192 5727 2263 5781 ibi
2299 5737 2408 5782 tota
2439 5737 2522 5782 est
2555 5729 2644 5783 ubi
2687 5728 2762 5782 tit.
2791 5725 2857 5781 Et
2897 5741 3020 5781 cum
3050 5735 3160 5782 tota
3199 5727 3274 5782 ibi
3315 5727 3406 5792 sit,
3448 5743 3548 5782 non
3586 5735 3738 5780 tamen

2191 5829 2382 5876 caetera
2411 5819 2632 5876 deserit.
2664 5818 2864 5874 Vivunt
2895 5819 3037 5874 enim
3065 5834 3126 5874 ex
3161 5818 3251 5874 illa
3285 5834 3346 5874 ea
3378 5825 3635 5892 pensante
3665 5810 3735 5868 ubi
