3970 6436
213 325 350 382 H77

1142 331 1717 394 DEFLORATIONES
1755 337 1858 396 SS.
1895 338 2210 398 PATRUM.
2249 371 2321 384 --
2357 340 2486 400 LIB.
2527 341 2592 400 Π.

3355 347 3499 420 ίιῖδ

211 441 346 497 nihil
380 438 586 498 factum
632 453 718 498 est
748 444 874 500 tale.
905 442 1060 510 Quod
1109 445 1156 501 si
1203 445 1358 502 ﬁeret
1403 457 1458 504 et
1503 457 1799 521 utrumque
1827 456 1876 514 Α
1902 453 2006 508 sibi
2031 455 2180 524 quod
2207 471 2307 512 sua
2333 455 2667 528 cogitatione
2681 457 2934 528 respicit,
2962 460 3130 516 modo
3151 458 3297 530 quod
3319 461 3500 516 oculis

211 535 376 589 simul
405 533 578 601 ﬁeret,
624 535 789 594 simul
827 546 1124 607 utrumque
1147 545 1317 594 totam
1348 539 1553 610 pariter
1576 557 1686 596 non
1719 543 1798 596 la-

213 637 370 682 teret.
411 626 648 682 Proinde
685 637 739 682 et
767 629 821 682 in
851 629 1109 685 omnibus
1154 631 1319 686 simul
1367 641 1422 687 et
1466 636 1520 688 in
1571 634 1804 705 singulis

211 718 499 788 particulis
545 719 795 788 corporis
829 720 913 774 sui
949 729 1058 774 tota
1094 722 1258 777 simul
1287 739 1408 778 esse
1439 740 1548 778 non
1589 735 1800 795 posset;

211 812 259 868 si
291 827 386 882 per
419 813 540 866 illas
581 814 654 865 ita
702 812 1121 880 diffunderetur,
1177 825 1236 870 ut
1281 817 1530 872 videmus
1573 833 1802 887 corpora

209 904 410 958 tliifusa
441 919 537 974 per
579 904 755 971 spatia
787 904 1033 958 locorum
1073 905 1381 960 minoribus
1411 907 1526 962 suis
1557 909 1804 978 partibus

209 996 424 1066 majora
461 1013 732 1067 occupare
777 1005 831 1051 et
883 998 1246 1068 amplioribus
1283 1001 1572 1070 ampliora.
1605 1000 1802 1056 Latum

210 1099 296 1146 est
334 1091 532 1144 animm
574 1089 984 1159 quodammodo
1012 1092 1371 1162 cogitationes
1401 1094 1808 1160 apprehendere

209 1191 261 1237 el
279 1197 374 1252 per
397 1182 722 1252 obsequium
758 1183 958 1253 linguae
990 1185 1231 1238 motione
1259 1185 1482 1240 volubili
1514 1185 1803 1241 disserere.

208 1271 270 1328 In
297 1290 530 1344 corpore.
554 1274 726 1344 posita
753 1291 916 1343 quam
939 1276 1107 1330 multa
1135 1276 1331 1339 cernit,
1369 1293 1398 1331 ιι
1431 1292 1490 1332 se
1523 1291 1632 1331 non
1653 1291 1809 1347 egre-

211 1365 374 1422 diens
397 1381 564 1436 quam
599 1364 813 1420 diversa
843 1367 1237 1436 circumspicit.
1272 1366 1484 1438 Ubique
1513 1368 1671 1438 quasi
1693 1367 1809 1422 dis-

212 1457 499 1524 tenditur.’,
543 1467 597 1513 et
641 1460 838 1513 animae
887 1459 1000 1514 fieri
1047 1461 1313 1515 discessio
1356 1477 1464 1515 non
1521 1461 1806 1531 probatur.

213 1549 486 1617 Movctnr,
511 1551 758 1621 erigitur,
787 1551 1036 1605 fluctuari
1060 1553 1430 1622 cognoscitur,
1453 1560 1506 1606 et
1529 1552 1582 1605 in
1609 1566 1668 1604 se
1691 1549 1808 1620 ipsa

213 1652 480 1713 tanquam
529 1644 584 1698 in
620 1658 816 1714 magno
863 1658 1095 1697 currens
1139 1645 1316 1714 spatio
1345 1651 1692 1714 pervagatur.
1724 1641 1808 1696 Ad

211 1751 414 1792 causas
463 1752 574 1792 non
621 1737 752 1804 exit,
797 1735 891 1793 sed
936 1737 1261 1792 tractatibus
1305 1737 1424 1793 suis
1450 1741 1810 1806 reprmsentat

1910 546 2230 604 carnalibus
2259 547 2414 612 vidit,
2446 547 2612 604 modo
2641 550 2787 620 quod
2833 550 3225 623 imaginatione
3259 551 3490 623 phanta-

1910 640 2046 694 stica
2077 640 2344 710 concepit.
2396 639 2549 696 Hanc
2580 643 2809 711 proinde
2851 643 3188 713 spiritualem
3239 644 3500 716 substan‘

1911 729 2041 784 tiam
2097 731 2392 800 probabilis
2439 739 2496 787 et
2545 732 2794 788 absoluta
2839 735 2982 788 ratio
3011 737 3322 799 conﬁtetur,
3366 733 3500 810 quia

1909 821 2040 877 dum
2069 824 2252 878 omnia
2285 825 2586 894 corporalia
2619 825 2794 881 tribus
2824 827 3139 882 noverimus
3175 827 3333 882 lineis
3359 841 3499 882 cuu-

1910 914 2069 968 tineri
2119 916 2476 986 longitudine,
2525 917 2844 984 latitudine,
2901 917 3305 988 profunditate,
3359 917 3500 976 nihil

1908 1004 2016 1058 tale
2048 1005 2315 1061 inanima
2361 1007 2623 1077 probatur
2661 1009 2910 1078 reperiri.
2957 1009 3158 1063 Deinde
3184 1009 3330 1080 quod
3374 1025 3500 1065 coro

1909 1095 2028 1164 peri
2060 1095 2288 1162 sociata,
2315 1098 2571 1166 quamvis
2600 1098 2772 1170 ipsius
2803 1100 2945 1154 mole
2969 1109 3356 1170 przegravelur,
3381 1100 3499 1170 opi-

1911 1185 2106 1240 niones
2129 1202 2310 1240 rerum
2339 1188 2568 1242 sollicita
2603 1190 2922 1244 curiositate
2949 1190 3231 1261 perpendit
3253 1192 3499 1246 caelestia

1910 1277 2181 1348 profunde
2212 1280 2436 1350 cogitat,
2482 1282 2754 1335 naturalia
2798 1282 2982 1336 subtili
3031 1281 3378 1352 indagatione
3411 1283 3498 1336 in-

1909 1370 2144 1441 vestigat
2199 1380 2252 1424 et
2314 1373 2380 1426 de
2435 1371 2556 1440 ipso
2615 1375 2762 1443 quod
2837 1375 3120 1428 conditore
3176 1390 3278 1428 suo
3327 1374 3501 1429 ardua

1912 1476 2076 1514 nosse
2105 1461 2400 1517 desiderat.
2448 1461 2606 1529 Quod
2651 1463 2698 1518 si
2745 1473 2890 1519 esset
2931 1465 3255 1533 corporalis,
3291 1465 3502 1535 cogita-

1910 1551 2154 1607 tionibus
2204 1553 2321 1610 suis
2370 1553 2678 1625 spiritualia
2734 1571 2836 1611 nec
2883 1565 3129 1612 cerneret
3176 1557 3364 1628 utique
3401 1571 3503 1614 nec

1909 1643 2136 1700 videret.

1077 2010 1471 2106 DOMIN
1495 2013 1676 2104 ICA
1753 2011 2204 2104 DECIMA
2275 2011 2644 2105 NONA.

1467 2206 1841 2268 Secundum
1873 2207 2270 2272 Matthteum.

289 2387 311 2424 ι
345 2366 662 2424 Ascendens
711 2364 870 2424 Iesus
919 2367 975 2422 in
998 2368 1331 2434 naviculam,
1358 2367 1728 2424 transfretavit
1759 2375 1810 2422 et
1843 2374 1886 2429 B
1916 2367 2163 2438 corporis
2194 2365 2606 2439 gravanturfut
2643 2365 2745 2423 Job
2785 2377 2839 2424 et
2885 2367 3088 2426 Tobias
3119 2379 3172 2426 et
3201 2379 3500 2444 martyres,

209 2461 365 2517 venit
394 2461 448 2515 in
463 2461 736 2516 civitatem
751 2477 906 2516 suam
929 2459 1148 2531 (Matth.
1169 2463 1267 2531 ix).
1295 2482 1312 2512 ι
1335 2460 1588 2516 Christus
1621 2460 1809 2516 Ecclc‘

209 2551 310 2610 site
343 2569 536 2607 navem
561 2567 774 2622 semper
797 2553 1146 2622 mitigaturus
1177 2551 1398 2606 fluctuat
1423 2552 1606 2607 saeculi
1632 2561 1812 2606 trans-

209 2645 420 2712 cendit,
455 2655 512 2700 ut
539 2645 822 2700 credentes
848 2645 900 2698 in
928 2661 984 2698 se
1011 2644 1078 2698 ad
1109 2646 1383 2699 cmlestem
1403 2644 1632 2714 patriam
1662 2654 1812 2698 tran-

209 2739 387 2810 quilla
411 2739 755 2810 navigatione
783 2737 1064 2807 perducat.
1103 2736 1318 2791 Marcus
1349 2736 1400 2790 in
1424 2737 1809 2806 Capharnaum

211 2829 418 2904 (Marc.
449 2835 531 2902 ιι),
572 2829 862 2884 Matthasus
895 2832 947 2884 in
982 2830 1200 2883 civitate
1233 2845 1353 2894 sua,
1390 2828 1679 2882 Dominum
1715 2846 1811 2882 cu-

209 2940 375 2980 rasse
406 2924 764 2994 paralyticum
801 2931 1047 2976 narrant.
1094 2921 1226 2988 ρυλε
1277 2922 1508 2991 qna-stin
1537 2921 1809 2975 diﬁicilius

209 3017 544 3082 solveretur,
573 3017 619 3071 si
650 3015 936 3069 Mattlneus
982 3016 1291 3068 nominaret
1328 2999 1616 3066 Nazareth.
1657 3011 1809 3068 Nunc

207 3125 350 3180 ergo
373 3110 498 3180 quis
525 3109 734 3164 dubitet
761 3107 1147 3178 Capharnaum
1181 3105 1348 3160 fuisse
1383 3106 1654 3160 civitatem
1703 3105 1811 3159 Do-

205 3204 374 3268 mini,
399 3219 564 3274 quam
592 3217 699 3257 noa
737 3201 1012 3255 nascendo
1055 3201 1147 3254 sed
1175 3199 1452 3253 miraculis
1485 3197 1809 3252 illustrando

209 3312 376 3352 suam
413 3295 635 3352 fecerat.
685 3293 926 3364 Denique
956 3294 1010 3347 in
1042 3292 1452 3364 comparatione
1495 3300 1806 3346 exterarum

206 3391 501 3461 regionum
557 3399 704 3444 recte
759 3390 1054 3453 diceretur,
1117 3386 1488 3457 quodcunque
1547 3385 1807 3456 oppidum

207 3481 456 3538 Calibea:
480 3483 672 3538 civitas
701 3481 940 3546 Domini,
972 3497 1039 3534 ne
1075 3481 1204 3534 dmn
1251 3477 1658 3546 Capharnaum,
1688 3493 1810 3548 quae

206 3573 282 3628 ita
329 3573 632 3628 excellebat
682 3574 736 3627 in
783 3571 1004 3627 Galilaea
1057 3581 1117 3626 ut
1173 3579 1434 3639 tanquam
1491 3568 1810 3638 metropolis

207 3665 516 3720 haberetur

1913 2469 2006 2514 aut
2035 2462 2100 2514 ad
2130 2461 2437 2515 custodiam
2469 2462 2729 2516 virtutum
2759 2503 2773 2525 ,
2813 2477 2880 2516 ne
2910 2463 3248 2532 superbiant,
3272 2472 3329 2519 ut
3354 2463 3503 2520 Pau-

1913 2551 2020 2618 lus,
2051 2553 2144 2622 qni
2173 2554 2244 2608 ait
2277 2570 2290 2604 :
2333 2573 2350 2605 ι
2387 2553 2464 2608 Ne
2490 2555 2808 2625 magnitudo
2840 2556 3235 2610 revelatiomnn
3276 2557 3505 2612 extollat

1913 2661 2000 2699 me
2029 2685 2044 2708 ,
2085 2646 2246 2700 datus
2287 2655 2371 2700 cst
2403 2646 2535 2700 mihi
2571 2647 2830 2703 stimulus
2877 2647 3062 2702 carnis
3093 2664 3230 2702 mea:
3275 2651 3503 2720 angelus

1915 2734 2130 2790 Satanae
2157 2745 2216 2790 ut
2239 2752 2323 2788 me
2346 2736 2648 2806 colaphizet
2675 2735 2764 2804 (11
2795 2736 2918 2791 Cor.
2952 2736 3078 2808 xu).
3111 2755 3129 2788 ι
3159 2737 3266 2790 Aut
3287 2739 3352 2792 ad
3378 2752 3506 2792 cor-

1912 2829 2132 2900 rigenda
2163 2839 2406 2898 peccata,
2441 2825 2581 2885 sicui
2605 2829 2774 2885 Maria
2805 2847 2966 2885 soror
2987 2831 3167 2885 Aaron
3203 2833 3255 2886 in
3314 2847 3503 2886 eremo

1912 2923 1983 2976 ob
2016 2923 2176 2976 verba
2206 2924 2531 2976 temeritatis
2571 2939 2831 2992 percussa
2863 2933 2946 2978 est
2983 2923 3128 2993 lepra
3155 2966 3170 2990 ,
3207 2933 3260 2978 et
3289 2924 3505 2996 paraly-

1913 3016 2054 3070 ticus
2102 3015 2206 3068 iste
2263 3025 2358 3070 aut
2395 3015 2460 3069 ad
2511 3015 2741 3085 gloriam
2775 3015 2866 3070 Dei
2912 3017 3175 3071 salvantis
3201 3057 3216 3082 ,
3253 3016 3377 3071 sivc'
3408 3031 3504 3086 per

1911 3110 2090 3180 ipsum
2117 3110 2232 3164 sive
2265 3125 2358 3180 per
2386 3109 2623 3165 famulos
2653 3125 2805 3175 suos,
2835 3110 2978 3165 sicut
2999 3127 3176 3165 caecus
3213 3119 3374 3164 natus
3406 3109 3503 3180 qui

1911 3217 2020 3256 non
2062 3203 2305 3272 peccavit
2329 3243 2342 3264 ,
2377 3218 2474 3256 nec
2503 3211 2757 3272 parentes
2785 3201 2925 3272 ejus,
2964 3202 3056 3257 sed
3089 3211 3147 3256 ut
3187 3199 3506 3256 manifesta-

1911 3303 2104 3348 rentur
2150 3311 2314 3364 opera
2351 3293 2440 3348 Dei
2481 3295 2534 3348 in
2577 3295 2669 3348 illo
2701 3293 2882 3366 (Joan.
2938 3295 3036 3366 Ix).
3075 3293 3316 3349 Lazarus
3364 3309 3506 3364 quo—

1911 3404 2018 3458 que
2068 3388 2227 3455 cujus
2282 3387 2574 3442 inﬁrmitas
2608 3402 2715 3442 non
2765 3385 2866 3441 fuit
2907 3387 2974 3440 ad
3024 3398 3291 3451 mortem,
3323 3384 3417 3439 sed
3445 3390 3506 3438 ut

1912 3479 2247 3550 gloriﬁcetur
2297 3478 2470 3534 Filius
2521 3477 2614 3532 Dei
2667 3495 2763 3548 per
2795 3495 2920 3533 eum
2955 3477 3138 3548 (Joan.
3173 3478 3273 3547 ιιι),
3307 3484 3403 3530 aut
3431 3471 3506 3547 ad

1913 3573 2317 3628 inchoationem
2344 3573 2719 3628 damnationis
2755 3582 3010 3626 aeternae:
3051 3569 3196 3641 quod
3243 3567 3506 3638 νυνι-υἱ)οο

1913 3681 2033 3719 rum
2059 3674 2143 3721 est
2175 3667 2478 3736 preprium,
2505 3665 2646 3720 sicut
2669 3665 2974 3719 Antiochus
3004 3672 3058 3718 et
3101 3661 3365 3725 Herodes,
3407 3657 3506 3730 qui

289 3776 311 3810 ι
355 3756 420 3812 Et
441 3772 569 3812 ecce
599 3765 836 3826 quatuor
859 3755 958 3810 viri
984 3764 1264 3826 portantes
1287 3755 1341 3810 in
1364 3755 1505 3809 lecto
1532 3753 1808 3808 hominem
1839 3736 1880 3793 Ο
1915 3761 2268 3815 aﬂlictionnm
2298 3759 2518 3814 miseria
2561 3759 2957 3824 ostenderunt,
2989 3757 3118 3827 quid
3160 3755 3374 3825 passuri
3416 3768 3508 3808 cs-

205 3850 304 3922 qui
332 3859 457 3904 erat
492 3849 844 3920 paralyticus,
869 3857 922 3901 et
966 3848 1282 3916 quzerebant
1331 3863 1454 3900 eum
1505 3844 1726 3910 inferre,
1757 3852 1812 3898 et

205 3957 426 4014 ponere
456 3951 583 3996 ante
626 3941 836 3996 Jcsum.
872 3939 937 3994 Et
984 3957 1091 3993 non
1140 3941 1484 3994 invenientes
1509 3954 1614 4008 qua
1658 3946 1811 4007 parte

205 4050 343 4090 cum
376 4033 641 4088 inferrent
671 4051 783 4105 pra:
810 4035 988 4099 turba,
1014 4035 1379 4089 ascenderunt
1411 4048 1575 4103 supra
1607 4041 1809 4086 tectum

202 4139 264 4185 et
313 4144 418 4198 per
480 4129 690 4199 tegulas
757 4129 1134 4183 sulnniserunt
1191 4128 1338 4181 illum
1391 4143 1515 4182 cum
1563 4128 1702 4182 lecto
1755 4126 1812 4180 in

205 4221 464 4276 medium
495 4231 620 4275 ante
646 4219 856 4276 Jesum.
885 4221 1132 4286 Quorum
1164 4220 1321 4275 ﬁdem
1358 4229 1416 4274 ut
1446 4219 1602 4285 vidit,
1626 4218 1765 4273 dixit
1794 4237 1808 4273 :

204 4313 481 4382 Conlide,
526 4315 622 4382 ﬁli,
656 4317 1006 4369 remittuntur
1039 4314 1135 4368 tibi
1189 4324 1410 4384 peccata
1441 4323 1554 4366 tua.
1588 4331 1607 4363 ι
1642 4311 1813 4366 Para-

207 4409 448 4481 lyticum
474 4425 637 4478 quem
669 4409 885 4463 sanavit
915 4424 1024 4461 non
1056 4423 1155 4477 pro
1197 4423 1294 4461 sua
1333 4407 1436 4460 ﬁde
1473 4422 1598 4461 cum
1644 4420 1811 4460 sensu

205 4511 475 4567 careret,
518 4502 610 4556 sed
652 4517 750 4571 pro
791 4502 896 4554 ﬁde
931 4500 1276 4554 offerentium
1335 4500 1550 4553 vocavit
1598 4498 1766 4552 ﬁlium
1795 4539 1810 4565 ,

208 4597 346 4651 ideo
381 4595 509 4665 quia
549 4595 780 4648 dimissa
811 4603 940 4647 sunt
972 4594 1018 4646 ei
1053 4600 1278 4663 peccata
1311 4608 1432 4647 sua.
1484 4591 1812 4646 Intuendum

201 4695 493 4758 quantum
531 4686 674 4739 valet
706 4686 839 4740 ﬁdes
864 4685 1116 4754 propria,
1150 4684 1194 4738 si
1223 4693 1431 4737 tantmn
1464 4682 1633 4737 valuit
1682 4682 1816 4736 alie-

207 4791 306 4831 na.
343 4774 452 4841 Qui
481 4790 612 4846 ergo
639 4784 864 4845 peccato
900 4787 1193 4845 gravatur,
1221 4773 1478 4828 adhibeat
1512 4771 1812 4828 Ecclesium

202 4883 344 4940 qua:
389 4884 490 4938 pro
515 4885 581 4922 eo
630 4877 900 4939 precetur.
932 4867 1030 4923 llic
1065 4870 1229 4922 datur
1273 4868 1497 4938 intelligi
1526 4867 1815 4938 plerasque

204 4977 520 5032 corporum
572 4961 882 5016 debilitates
935 4963 1156 5018 evenire
1200 4971 1424 5031 prepter
1474 4969 1714 5030 peccata.
1751 4959 1816 5012 Et

208 5054 347 5111 ideo
389 5053 618 5109 forsitan
655 5055 806 5124 prius
838 5056 1189 5109 dimittuntur
1240 5063 1486 5124 peccata,
1517 5061 1576 5106 ut
1628 5051 1812 5106 causis
1843 5082 1888 5137 ι)

203 5145 520 5202 debilitatis
549 5147 743 5202 ablatis
781 5147 990 5202 sanitas
1021 5147 1363 5201 restituatur.
1399 5143 1537 5199 llinc
1560 5143 1812 5214 estquod

205 5239 307 5295 hic
339 5240 678 5311 paralyticus
708 5240 761 5292 in
795 5237 942 5294 Luca
969 5248 1196 5294 vocatur
1220 5239 1384 5292 homo
1421 5238 1578 5308 quasi
1623 5253 1818 5308 pecea-

203 5339 304 5386 tor
358 5329 512 5402 (Luc.
552 5332 627 5400 v),
680 5341 732 5385 et
789 5330 898 5384 alio
928 5332 1226 5402 paralytico
1257 5332 1322 5385 ad
1357 5331 1623 5400 piscinam
1678 5329 1815 5384 dici-

205 5433 307 5481 tur
349 5441 364 5476 :
397 5443 415 5476 ι
446 5423 585 5478 Ecce
613 5439 785 5478 sanus
813 5423 990 5480 factus
1019 5440 1112 5490 es,
1150 5425 1262 5494 jam
1297 5424 1407 5478 noli
1445 5438 1671 5494 peccare
1695 5465 1710 5490 ,
1749 5437 1816 5476 ne

203 5517 468 5574 deterius
501 5517 599 5571 tibi
628 5517 835 5588 aliquid
865 5518 1147 5589 contingat
1173 5517 1358 5589 (Joun.
1392 5519 1467 5588 v).
1511 5536 1530 5568 ι
1563 5516 1817 5586 Quinque

201 5619 410 5666 autem
437 5617 567 5664 sunt
593 5608 913 5665 diil’erentia:
940 5624 1257 5676 causarmn,
1291 5625 1389 5680 pro
1418 5609 1618 5679 quibus
1638 5607 1692 5661 in
1714 5606 1818 5662 hac

204 5703 334 5762 vita
377 5702 648 5760 molestiis
674 5704 1054 5775 corporalibus
1078 5704 1390 5778 alIligimur.
1420 5702 1530 5758 Aut
1557 5702 1702 5757 enim
1747 5700 1818 5756 ad

203 5795 427 5855 merita
463 5796 713 5866 augenda
770 5812 868 5868 per
923 5797 1242 5868 patientiam
1303 5795 1440 5868 justi
1499 5794 1817 5852 inﬁrmitate

1914 3862 2036 3906 sent
2062 3860 2324 3921 perpetuo
2347 3852 2399 3904 in
2417 3851 2686 3920 gebenna.
2705 3850 2918 3916 Quibus
2939 3850 3193 3920 congruit
3219 3848 3351 3902 illud
3377 3861 3508 3917 pro-

1913 3945 2090 4014 phetae
2143 3961 2156 3996 :
2220 3960 2240 3993 ι
2300 3941 2514 4011 Duplici
2565 3942 2894 3996 contritione
2940 3951 3160 3994 contere
3213 3955 3315 3994 nos
3365 3936 3501 4007 (Jcr.

1913 4036 2070 4106 xvn).
2110 4055 2128 4086 ι

1991 4147 2008 4179 ι
2047 4127 2111 4182 Et
2135 4136 2420 4198 cmperunt
2453 4126 2695 4198 cogitare
2722 4123 2928 4179 Scribze
2959 4134 3012 4178 et
3032 4123 3294 4177 Pharisaei
3317 4123 3506 4178 dicen—

1915 4229 1994 4276 tes
2049 4239 2062 4274 :
2113 4220 2251 4286 Quis
2273 4229 2356 4273 est
2387 4217 2474 4272 hic
2505 4216 2597 4287 qui
2645 4215 2890 4287 loquitur
2936 4214 3338 4284 blasphemias?
3367 4212 3504 4280 Quis

1915 4320 2094 4383 potest
2133 4310 2407 4365 dimittere
2451 4319 2666 4378 peccata
2700 4307 2802 4362 nisi
2836 4308 2986 4362 solus
3024 4306 3200 4360 Deus?
3237 4327 3254 4358 ι
3300 4305 3504 4361 Verum

1915 4406 2104 4462 dicunt
2119 4402 2322 4458 Scriba:
2338 4402 2465 4474 quia
2488 4401 2602 4472 ipse
2625 4401 2774 4456 solus
2791 4410 2969 4471 potest
2991 4399 3264 4454 dimittere
3287 4399 3376 4467 qui
3409 4414 3505 4468 per

1916 4514 2257 4571 eosqueque
2299 4497 2526 4552 dimittit
2555 4495 2756 4566 quibus
2810 4501 3131 4563 potestatem
3191 4487 3503 4542 dimittendi

1917 4597 2128 4654 tribuit.
2154 4594 2424 4649 Putabant
2455 4591 2746 4645 Dominum
2775 4587 3174 4656 hlasphemare-
3194 4579 3505 4652 arrogando

1919 4689 2024 4744 sibi
2059 4687 2204 4758 quod
2241 4684 2334 4739 Dei
2375 4696 2482 4747 est,
2517 4683 2608 4737 sed
2639 4697 2826 4736 eorum
2861 4677 3219 4748 cogitationes
3260 4673 3508 4728 revelan-

1917 4782 1987 4836 do
2009 4789 2063 4835 et
2094 4779 2250 4849 signo
2289 4775 2490 4830 visibili
2517 4773 2660 4845 quod
2705 4780 2920 4828 constat
2943 4784 3158 4838 acquum
3183 4766 3380 4821 divina:
3409 4779 3509 4834 po-

1918 4871 2101 4926 teritne
2139 4883 2261 4922 esse
2313 4866 2457 4921 sicut
2504 4873 2725 4935 peccata
2782 4860 3060 4916 dimittere
3087 4857 3256 4912 Deum
3291 4871 3348 4911 se
3383 4869 3508 4911 esse

1913 4949 2146 5034 judicat.

1995 5075 2014 5106 ι
2054 5053 2120 5108 Ει
2167 5068 2292 5107 cum
2335 5048 2680 5121 cognovisset
2711 5044 2872 5102 Jesus
2895 5043 3254 5116 cogitationes
3279 5055 3504 5106 eorum,

1925 5147 2262 5216 respondens
2297 5145 2435 5199 dixit
2469 5143 2534 5197 ad
2562 5143 2684 5196 illos
2727 5159 2740 5196 :
2779 5140 2919 5206 Quid
2978 5138 3230 5210 cogitatis
3277 5136 3417 5190 mala
3450 5135 3505 5188 in

1919 5239 2179 5295 cordibus
2215 5235 2450 5291 vestris?
2499 5234 2629 5305 quid
2671 5241 2755 5288 est
2787 5231 3001 5288 facilius
3039 5233 3220 5286 dicere
3265 5247 3278 5282 :
3313 5225 3506 5279 Dimit-

1918 5340 2109 5386 tuntur
2135 5329 2227 5382 tibi
2263 5335 2505 5398 peccata,
2535 5342 2603 5380 an
2647 5325 2831 5380 dicere
2863 5366 2874 5378 .
2907 5324 3081 5393 Surge
3138 5331 3192 5376 et
3245 5319 3506 5374 ambula?

1921 5421 1994 5477 Ut
2022 5431 2203 5476 autem
2237 5420 2424 5476 sciatis
2477 5419 2606 5489 quia
2655 5415 2829 5472 Filius
2897 5416 3138 5470 hominis
3181 5418 3504 5482 potestatem

1922 5515 2084 5570 habet
2120 5514 2172 5566 in
2212 5522 2357 5566 terra
2405 5511 2677 5566 dimittere
2708 5517 2952 5580 peccata,
3004 5515 3135 5560 tunc
3164 5506 3238 5559 ait
3281 5502 3506 5573 paraly-

1922 5607 2072 5663 tico:
2105 5605 2226 5658 Tibi
2258 5604 2382 5658 dico
2414 5622 2426 5658 :
2463 5602 2658 5674 Surge,
2691 5601 2818 5656 tolle
2841 5600 3042 5653 lectum
3081 5609 3258 5662 tuum,
3288 5603 3344 5650 et
3367 5594 3507 5648 vade

1920 5701 1975 5755 in
2003 5698 2226 5752 domum
2272 5705 2444 5751 tuam.
2477 5713 2496 5746 ›
2534 5692 2726 5749 Utrum
2781 5691 2891 5747 sint
2934 5687 3234 5760 paralvtico
3279 5693 3505 5756 peccata

1923 5793 2149 5852 dimissa
2182 5792 2331 5850 solus
2357 5800 2586 5848 noverat
2622 5788 2715 5861 qui
2745 5785 3070 5844 dimittebat.
3123 5783 3359 5855 Surgere
3405 5796 3504 5837 au-
