3970 6440
479 351 620 409 ιιτθ

1615 347 1950 406 WERNERI
1986 349 2282 406 ABBATIS
2321 350 2380 408 S.
2421 350 2643 408 BLASll

3617 355 3759 412 “80

477 479 590 526 tem
621 475 677 523 et
691 467 973 524 ambulare
997 465 1352 524 manifestum
1377 474 1495 522 erat
1515 465 1776 521 omnibus
1797 465 1892 538 qui
1917 465 2066 522 vide-
2096 471 2143 526 Α
2174 467 2248 522 De
2277 485 2336 524 eo
2364 469 2492 539 quid
2529 469 2600 522 sit
2631 468 2783 539 ﬁdes,
2814 468 2942 537 quid
2967 469 3199 539 cognitio
3238 468 3386 538 ﬁdei,
3414 477 3466 522 et
3493 469 3562 523 de
3589 469 3760 529 tribus

479 559 632 616 bant.
663 558 750 616 Fit
772 559 938 630 igitur
967 559 1182 616 visibile
1211 559 1431 630 signum
1466 567 1528 614 ut
1575 559 1844 629 probetur
1875 559 2070 614 invisi-

477 651 610 708 bile.
641 650 868 706 Lectum
897 651 1023 706 tolle
1053 652 1280 721 utquod
1313 650 1416 706 fuit
1445 651 1821 707 testimonium
1845 651 2070 707 inﬁrmi-

475 744 606 800 tatis
635 743 708 800 sit
733 744 982 814 probatio
1013 744 1285 800 sanitatis.

557 854 574 886 ι
610 832 681 888 Ut
715 843 896 888 autem
933 835 1142 900 sciatis,
1169 855 1186 886 ι
1227 845 1336 890 etc.
1370 851 1544 906 usque
1572 835 1734 891 illuc:
1765 855 1784 888 ι
1815 837 2070 907 aitpara—

477 924 674 996 lytico;
697 946 715 977 ι
749 926 912 980 verba
937 934 1066 981 sunt
1093 927 1461 998 evangelistae,
1490 928 1647 998 quasi
1669 929 1817 984 dicat
1843 929 2066 984 lectori-

477 1015 584 1071 bus
615 1015 891 1087 Evangelii
922 1035 936 1072 :
964 1016 1043 1070 Illi
1070 1019 1490 1073 murmurahant
1524 1020 1592 1073 de
1623 1019 1727 1074 hoc
1750 1021 1894 1090 quod
1921 1021 2070 1076 dixe-

477 1117 564 1162 rat
591 1125 604 1161 :
634 1125 652 1158 ι
691 1106 1050 1164 Dimittuntur
1086 1111 1181 1164 tibi
1211 1121 1468 1180 peccata;
1504 1132 1522 1164 ι
1559 1113 1652 1168 sed
1685 1129 1788 1184 ego
1817 1115 1940 1170 dico
1968 1131 2066 1169 vo-

476 1197 564 1254 bis
589 1214 714 1253 eum
741 1199 948 1255 dixisse
965 1201 1298 1273 paralytico:
1329 1223 1346 1254 ι
1369 1202 1565 1274 Surge,
1596 1225 1614 1257 ι
1633 1214 1802 1276 utpcr
1831 1209 2068 1264 sanatio-

477 1307 604 1348 nem
631 1294 751 1364 ejus
779 1296 963 1351 sciatis
990 1297 1118 1366 quia
1145 1296 1316 1352 Filius
1335 1298 1596 1364 hominis,
1623 1308 1676 1354 et
1701 1308 1831 1356 tunc
1855 1303 2062 1370 habuit,

478 1397 536 1442 et
582 1388 750 1444 habet
797 1397 1123 1458 potestatem
1157 1391 1466 1446 dimittendi
1495 1403 1737 1462 peccata.
1774 1393 1870 1449 Vel
1903 1397 2065 1451 verba

476 1478 686 1536 Christi
725 1491 958 1552 possunt
989 1497 1113 1538 esse
1158 1483 1233 1538 ita
1265 1501 1278 1537 :
1321 1483 1426 1540 Vos
1469 1486 1719 1556 cogitatis
1757 1487 1902 1557 quod
1957 1504 2064 1543 non

476 1573 688 1646 possim
719 1575 994 1631 dimittere
1019 1586 1266 1646 peccata,
1299 1578 1392 1632 sed
1436 1587 1494 1632 ut
1522 1580 1710 1634 sciatis
1739 1581 1866 1649 quia
1893 1580 2066 1637 Filius

477 1665 741 1732 hominis,
775 1667 828 1722 id
867 1679 952 1722 est
980 1683 1082 1738 ego
1105 1707 1119 1730 ,
1155 1669 1259 1722 hoc
1283 1678 1482 1738 potest,
1515 1671 1622 1736 ait,
1675 1672 1780 1728 hoc
1820 1683 1906 1729 est
1933 1674 2066 1730 dicit

476 1757 596 1829 ipse
616 1757 790 1813 Filius
813 1759 1050 1816 hominis
1079 1761 1378 1832 paralytico
1413 1781 1426 1816 :
1468 1781 1486 1813 ι
1522 1761 1716 1835 Surge.
1750 1785 1768 1817 ι

553 1867 572 1901 ι
610 1849 676 1904 Et
706 1849 992 1906 confestim
1029 1867 1261 1922 surgens
1295 1868 1481 1909 coram
1519 1855 1656 1922 illis,
1710 1857 1832 1912 tulit
1861 1858 2061 1914 lectum

477 1941 533 1996 in
571 1957 682 2012 quo
706 1941 944 2010 jacehat,
977 1953 1030 1998 et
1059 1945 1195 1998 abiit
1226 1945 1281 1998 in
1327 1946 1551 2001 domum
1603 1963 1761 2004 suam
1816 1952 2066 2021 magniﬁ-

474 2049 613 2090 cans
640 2033 832 2090 Deum.
870 2035 936 2090 Et
965 2038 1154 2107 repleti
1203 2049 1332 2095 sunt
1373 2041 1591 2107 timore,
1641 2041 1886 2098 dicentes
1935 2045 2064 2113 quia

475 2126 718 2181 vidimus
749 2128 1021 2184 mirabilia
1067 2130 1248 2185 hodie.
1287 2129 1353 2186 Et
1397 2132 1842 2202 gloriﬁcaverunt
1891 2134 2062 2191 Deum

474 2221 571 2292 qui
627 2221 774 2278 dedit
824 2231 1146 2293 potestatem
1201 2226 1365 2280 talem
1419 2227 1757 2284 hominibus.
1805 2249 1824 2282 ι
1869 2229 2063 2302 Magna

475 2309 574 2368 Dei
611 2313 786 2368 virtus
817 2315 1146 2384 ostenditur,
1177 2318 1270 2372 ubi
1299 2319 1416 2374 sine
1450 2335 1602 2376 mora
1648 2322 1798 2378 salus
1825 2322 1879 2376 in
1901 2323 2061 2394 jussu

475 2405 598 2476 ejus
629 2407 959 2478 completur.
987 2405 1147 2465 Unde
1186 2411 1383 2467 merito
1436 2413 1530 2484 qui
1578 2415 1808 2470 aderant
1860 2417 2065 2472 relictis

474 2495 835 2568 blasphemiis
863 2509 1144 2572 stupentes
1175 2503 1240 2557 ad
1273 2503 1488 2560 laudem
1517 2515 1914 2562 convertuntur
1941 2517 2064 2563 tan-

477 2597 546 2644 tte
572 2591 900 2661 majestatis,
939 2609 1040 2650 nec
1069 2595 1326 2651 timerent
1349 2597 1394 2652 si
1420 2597 1706 2653 crederent
1734 2613 1866 2654 sane
1897 2609 1950 2654 et
1977 2600 2064 2655 di-

473 2681 705 2754 ligerent
732 2684 988 2756 perfecte.
1019 2686 1246 2743 Curatio
1291 2689 1571 2760 paralytici
1618 2690 1822 2745 indicat
1869 2691 2066 2748 anima:

474 2773 834 2832 salvetionem
868 2779 1199 2849 suspiranlis
1221 2780 1287 2834 ad
1310 2781 1592 2836 Christum
1642 2791 1766 2852 post
1797 2783 2065 2840 illecebrae

475 2865 662 2920 carnis
691 2865 966 2922 inertiam.
996 2867 1102 2936 Qui
1134 2871 1313 2940 primo
1363 2871 1571 2944 indiget
1623 2873 1927 2941 ministris,
1968 2875 2066 2944 qui

475 2971 599 3013 eam
623 2956 843 3014 Christo
873 2960 1126 3028 afferant,
1162 2963 1213 3017 id
1245 2971 1330 3018 est
1356 2963 1680 3020 doctoribus
1703 3008 1718 3034 ,
1767 2967 1860 3038 qui
1910 2983 2063 3038 spem

475 3048 890 3108 intercessionis
941 3063 1259 3125 suggerant.
1310 3054 1494 3112 Marco
1535 3067 1795 3114 narrante
1825 3068 2066 3130 quatuor

2675 539 2930 610 gradibus
2958 540 3248 618 utriusque.

2242 650 2570 721 Priusquam
2600 667 2722 722 quae
2752 650 2819 704 ad
2852 649 3012 705 ﬁdem
3044 649 3322 720 pertinent
3365 649 3650 704 discutere
3674 649 3759 709 in-

2172 746 2479 816 cipiamus,
2514 745 2645 816 quid
2680 747 2750 800 sit
2789 745 2926 800 ﬁdes
2976 745 3091 813 ipsa
3140 744 3411 813 inspicere
3466 743 3753 801 debemus.

2170 837 2463 908 Apostolus
2493 837 2575 893 sic
2604 836 2796 892 diﬂimt
2819 835 2978 891 ﬁdem
3017 855 3030 892 :
3064 854 3082 887 ι
3120 835 3281 890 Fides
3316 843 3402 890 est
3435 835 3750 893 substantia

2171 945 2356 984 rerum
2411 930 2808 1000 sperandarum
2837 969 2852 994 ,
2907 939 3299 998 argumentum
3339 945 3450 983 ιιοιι
3494 944 3754 999 apparen-

2171 1023 2310 1078 tium
2337 1022 2526 1094 (Hebr.
2552 1026 2636 1093 ιι).
2674 1042 2692 1074 ι
2724 1023 2863 1078 Cum
2889 1025 3039 1078 enim
3079 1039 3166 1079 res
3207 1023 3466 1093 qualibet
3489 1023 3636 1092 apud
3661 1038 3752 1080 nos

2169 1132 2268 1187 per
2299 1126 2504 1182 actum,
2530 1118 2751 1188 quando
2798 1118 3050 1173 videlicet
3080 1127 3378 1188 praesentes
3411 1133 3578 1173 sensu
3605 1133 3748 1173 com-

2167 1209 2602 1278 prehenduntur;
2629 1209 2712 1264 vel
2735 1225 2830 1280 per
2861 1210 3222 1276 intellectum,
3243 1209 3749 1280 quandoabsentes,

2170 1299 2254 1352 vel
2278 1301 2444 1353 etiam
2481 1316 2586 1354 non
2616 1301 2918 1355 existentes
2951 1300 3003 1354 in
3029 1301 3398 1355 similitudine
3423 1317 3519 1356 sua
3542 1311 3604 1355 et
3625 1300 3750 1354 ima-

2169 1390 2447 1462 ginatione
2476 1391 2801 1461 capiuntur;
2851 1392 2933 1447 vel
2961 1407 3058 1462 per
3092 1392 3509 1462 experientiam,
3536 1391 3748 1461 quando

2167 1495 2230 1536 ea
2271 1499 2392 1552 qua:
2427 1483 2480 1536 in
2519 1483 2679 1537 nobis
2732 1495 2862 1538 sunt
2911 1484 3226 1538 sentiuntur
3253 1500 3285 1537 a
3314 1483 3492 1548 nobis,
3529 1493 3592 1537 ut
3621 1499 3747 1554 gau—

2167 1573 2344 1638 dium,
2377 1573 2617 1637 tristitia,
2659 1591 2815 1628 amor
2843 1583 2898 1629 et
2926 1575 3094 1630 timor
3125 1595 3137 1629 :
3185 1591 3312 1646 qua:
3347 1575 3652 1630 subsistunt
3694 1575 3746 1630 in

2168 1666 2349 1728 nobis,
2375 1674 2430 1721 et
2453 1667 2764 1721 sentiuntur
2793 1683 2822 1721 a
2844 1667 3023 1733 nobis,
3059 1669 3211 1722 nullo
3242 1668 3438 1722 horum
3465 1669 3744 1723 modorum

2168 1757 2462 1813 invisibilia
2517 1757 2609 1812 Dei
2657 1760 2948 1828 rapiuntur
2985 1775 3016 1814 a
3051 1761 3234 1826 nobis,
3273 1776 3399 1830 qua:
3429 1761 3602 1814 solum
3631 1777 3745 1815 cre-

2166 1847 2373 1904 duntur
2401 1865 2430 1904 a
2462 1851 2642 1906 nobis.
2701 1849 2890 1921 Neque
2937 1853 3084 1906 enim
3122 1869 3219 1922 per
3258 1863 3442 1907 actum
3474 1855 3741 1922 praesentia

2167 1949 2324 2006 sunt,
2385 1956 2562 2012 neque
2613 1941 2668 1996 in
2721 1943 3082 1997 similitudine
3134 1943 3320 2014 aliqua
3374 1945 3740 2014 comprehendi

2166 2045 2429 2104 possunt,
2465 2051 2565 2090 nec
2593 2037 3059 2106 quemadmodum
3086 2037 3176 2092 illa
3200 2054 3324 2107 qua:
3350 2039 3406 2092 in
3432 2039 3590 2094 nobis
3607 2049 3741 2106 sunt,

2167 2135 2221 2181 et
2249 2127 2564 2182 sentiuntur
2594 2144 2625 2182 a
2658 2129 2836 2184 nobis.
2883 2128 3026 2200 Ergo
3071 2129 3176 2185 ﬁde
3207 2131 3323 2185 sola
3363 2131 3668 2186 subsistunt
3693 2133 3744 2186 in

2167 2221 2350 2287 nobis,
2379 2236 2433 2275 et
2465 2221 2822 2276 subsistentia
2843 2237 3038 2277 eorum
3061 2233 3146 2278 est
3170 2223 3307 2278 ﬁdes
3327 2240 3441 2294 qua
3469 2227 3744 2280 creduntur

2167 2313 2296 2383 quia
2327 2323 2476 2381 sunt,
2511 2313 2603 2370 sed
2658 2315 2840 2386 qualia
2876 2325 3004 2370 sunt
3033 2331 3143 2370 non
3196 2318 3740 2388 comprehenduntur.

2171 2406 2261 2462 Sic
2309 2407 2490 2478 itaque
2531 2423 2628 2478 per
2676 2410 2836 2462 ﬁdem
2870 2409 3039 2464 solam
3073 2409 3386 2465 subsistunt
3414 2411 3471 2465 in
3503 2412 3676 2476 nobis,
3700 2421 3748 2468 et

2169 2498 2282 2555 sola
2317 2497 2420 2552 ﬁde
2449 2498 2752 2568 probantur
2780 2514 2811 2552 a
2850 2499 3030 2565 nobis,
3060 2515 3161 2554 nec
3197 2499 3350 2553 aliud
3378 2510 3747 2570 argumentum

2169 2592 2372 2648 habere
2420 2608 2738 2662 possumus,
2771 2594 2876 2648 nisi
2913 2594 3040 2664 quia
3083 2595 3365 2650 credimus
3401 2596 3491 2650 illa
3519 2596 3620 2650 ﬁde
3644 2611 3744 2665 qua

2168 2683 2379 2738 ratione
2434 2699 2542 2738 non
2594 2685 3132 2754 comprehendimus.
3169 2683 3282 2741 Nec
3315 2687 3612 2756 descriptio
3637 2687 3747 2741 ﬁdei

2167 2775 2406 2831 ostendit
2436 2775 2567 2845 quid
2599 2775 2763 2830 faciat
2795 2776 2952 2842 ﬁdes,
3009 2777 3102 2832 sed
3153 2777 3208 2831 in
3251 2793 3319 2832 ca
3353 2794 3461 2833 non
3501 2777 3747 2833 diﬁinitur

2167 2867 2299 2938 quid
2329 2868 2399 2922 sit
2422 2867 2575 2922 ﬁdes.
2603 2866 2698 2923 Est
2723 2877 2907 2923 autem
2939 2867 3192 2924 diﬁinitio
3237 2871 3364 2924 ﬁdei
3401 2871 3534 2926 haec.
3595 2871 3748 2926 Fides

2167 2970 2252 3016 est
2279 2960 2587 3015 voluntaria
2616 2961 2868 3031 quaedam
2923 2962 3199 3016 certitudo
3227 2962 3536 3018 absentium
3587 2979 3746 3033 supra

2168 3053 2486 3124 opinionem
2519 3063 2573 3108 et
2604 3054 2748 3109 infra
2779 3053 3068 3110 scientiam
3106 3055 3422 3110 constituta.
3463 3055 3528 3108 Et
3569 3057 3747 3110 scieno

475 3141 776 3212 portitores
808 3141 1074 3212 fuerunt,
1115 3146 1231 3201 sive
1263 3147 1393 3216 quia
1427 3159 1665 3218 quatuor
1715 3151 2066 3221 evangelistis
2093 3173 2134 3229 (ς
2168 3148 2299 3203 dum
2339 3157 2423 3203 est
2455 3147 2584 3219 quia
2615 3147 2764 3202 aliud
2797 3147 3040 3218 cognitio
3073 3146 3222 3210 ﬁdei,
3255 3148 3392 3202 aliud
3417 3147 3569 3202 ﬁdes.
3598 3146 3742 3201 Cum

474 3233 893 3306 pra-dicentium
927 3237 1106 3292 virtus
1131 3237 1402 3305 ﬁrmatur,
1435 3241 1550 3296 sive
1587 3251 1825 3310 quatuor
1848 3244 2063 3298 virtuti-

474 3323 582 3382 bus
633 3327 834 3383 ﬁducia
893 3330 1094 3387 mentis
1145 3331 1212 3386 ad
1266 3333 1685 3402 promerendam
1742 3337 2061 3405 sOSpitatem

475 3417 724 3490 erigitur.
758 3419 835 3475 De
864 3423 1066 3492 quibus
1098 3423 1151 3477 in
1179 3431 1396 3478 reterna:
1423 3425 1704 3494 sapientia:
1739 3426 1898 3482 laude
1928 3429 2066 3484 dici-

477 3517 568 3565 tur
601 3529 613 3564 :
659 3529 677 3562 ‹
710 3510 1095 3580 Sohrietatem,
1127 3523 1182 3568 et
1213 3516 1539 3584 sapientiam
1571 3517 1750 3585 docet,
1801 3527 1855 3573 et
1893 3520 2064 3590 justi-

477 3603 636 3670 tiam,
661 3613 714 3658 et
737 3604 991 3658 virtutem
1028 3604 1182 3674 (Sap.
1215 3605 1358 3673 vm).
1398 3625 1416 3656 ι
1470 3605 1581 3661 Has
1633 3610 1882 3664 nonnulli
1929 3627 2062 3680 pru-

477 3693 754 3758 dentiam,
793 3693 1169 3750 fortitudinem
1200 3739 1215 3763 ,
1277 3698 1732 3767 temperantiam,
1789 3700 2060 3770 justitiam

465 3796 534 3868 .ct
557 3786 812 3842 virtutem
857 3788 1150 3858 appellant.
1199 3788 1652 3846 Desiderantibus
1697 3793 2061 3866 paralyticutn

477 3880 675 3937 oﬂ‘erre
699 3879 956 3950 Christo;
1014 3883 1173 3938 turba
1225 3884 1474 3952 obsistit,
1521 3887 1649 3957 quia
1700 3903 1842 3957 saepe
1880 3890 2062 3945 anima

476 3980 604 4044 post
634 3974 880 4044 corporis
911 3974 1174 4031 desidiam
1204 3993 1438 4048 superna
1463 3980 1636 4049 gratia
1673 3983 1925 4037 renovari
1963 4000 2064 4038 cu-

474 4065 636 4138 piens
680 4067 860 4137 prisca
897 4071 1300 4126 consuetudine
1341 4082 1689 4141 peccatorum
1732 4079 2062 4146 retardatur,

475 4173 623 4230 ntepe
654 4159 797 4215 inter
828 4162 1108 4218 orationes
1139 4173 1191 4218 et
1226 4179 1394 4218 suave
1420 4165 1754 4235 colloquium
1785 4184 1910 4222 cum
1949 4178 2066 4224 tur-

475 4249 546 4308 ba
588 4250 824 4307 Domino
854 4255 1248 4326 cogitationum
1279 4255 1452 4310 aciem
1481 4256 1680 4312 utentis
1705 4275 1772 4313 ne
1809 4258 2066 4316 Christus

475 4343 732 4402 videatur
775 4345 1114 4403 intercludit.
1167 4347 1326 4406 Tunc
1347 4368 1478 4424 ergo
1513 4362 1718 4408 tectum
1762 4353 1962 4409 domus
2009 4357 2065 4407 in

475 4455 589 4512 qua
617 4441 776 4498 docet
801 4441 1060 4500 Christus
1101 4453 1188 4500 est
1230 4448 1663 4513 ascendentium,
1693 4447 1745 4502 id
1785 4457 1868 4504 est
1895 4464 2066 4503 sacrae

463 4533 778 4607 ,Scriptura:
809 4537 1120 4594 sublimitas
1149 4541 1477 4610 appetenda,
1510 4542 1706 4614 lexque
1732 4541 1947 4595 Domini
1973 4539 2063 4596 die

477 4639 756 4700 noctuque
817 4630 1146 4686 meditando.
1207 4630 1486 4687 Patefacto
1535 4643 1716 4700 tecto,
1757 4649 1902 4706 aeger
1938 4643 2064 4691 ante

474 4719 662 4778 Jesum
694 4723 1055 4790 submittitur,
1079 4723 1207 4793 quia
1241 4724 1498 4780 reseratis
1527 4723 1824 4796 Scriptura:
1861 4736 2064 4799 myste-

477 4814 578 4871 riis
609 4814 678 4870 ad
709 4816 962 4872 nOtitiam
991 4815 1200 4871 Christi
1229 4816 1568 4887 pervenitur.
1597 4817 1806 4874 Domus
1833 4818 1960 4875 Jesu
1991 4829 2066 4875 te-

477 4909 620 4978 gulis
643 4917 892 4964 contecta
927 4909 1294 4975 describitur,
1325 4910 1455 4981 quia
1504 4911 1608 4966 sub
1633 4911 1722 4966 vili
1755 4911 2061 4967 litterarum

475 5001 784 5067 velamine,
826 5002 871 5056 si
901 5003 972 5058 sit
1001 5003 1094 5073 qui
1127 5017 1337 5060 reseret
1365 5005 1572 5072 divina,
1609 5007 1910 5076 spiritualis
1946 5023 2066 5077 gra-

476 5093 569 5149 tia:
617 5093 795 5147 virtus
843 5091 1141 5148 invenitur.
1189 5094 1348 5161 Quod
1383 5103 1567 5152 autem
1619 5112 1745 5152 cum
1797 5098 1939 5153 lecto
1975 5098 2067 5154 de-

474 5183 722 5254 ponitur,
752 5183 1024 5254 signiﬁcat
1065 5185 1135 5240 ab
1183 5186 1409 5243 homine
1439 5188 1621 5244 adhuc
1651 5189 1705 5244 in
1757 5189 1860 5244 ista
1897 5205 2063 5246 carne

472 5281 778 5335 constituto
813 5275 1093 5335 Christum
1130 5279 1328 5337 debere
1351 5282 1635 5354 cognosci.
1679 5282 1754 5338 De
1781 5285 1920 5340 lecto
1947 5301 2065 5341 sur-

473 5387 603 5446 gere
625 5382 709 5428 est
729 5374 972 5430 animam
1005 5389 1062 5429 se
1091 5390 1121 5430 a
1147 5376 1464 5432 carnalibus
1509 5376 1801 5432 desideriis
1854 5379 2065 5435 abstra-

475 5462 626 5518 here.
674 5462 820 5520 Dicit
867 5479 999 5536 ergo
1056 5482 1070 5518 :
1133 5463 1308 5536 Surge
1335 5467 1404 5521 de
1450 5475 1672 5537 torpore
1698 5468 2058 5539 negligentiae,

475 5565 530 5611 et
557 5571 760 5626 corpus
781 5557 836 5610 in
858 5557 1017 5627 cujus
1041 5558 1329 5615 desideriis
1350 5559 1573 5631 jacuisti
1600 5560 1655 5614 in
1681 5561 1942 5616 exercitia
1969 5563 2062 5617 ιω.

475 5661 675 5702 norum
717 5663 944 5719 operum
974 5653 1162 5707 attolle
1204 5661 1260 5708 et
1311 5653 1392 5708 sic
1432 5653 1659 5708 domum
1705 5654 2062 5711 habitationis

476 5749 700 5798 aeternae
729 5742 1036 5814 ingredere.
1082 5742 1180 5799 Vel
1223 5744 1301 5799 ire
1327 5743 1380 5798 in
1409 5743 1636 5800 domum
1669 5753 1755 5800 est
1787 5745 1966 5802 redire
1991 5745 2059 5803 ad

479 5831 751 5892 lnternam
784 5835 868 5892 sui
900 5834 1232 5906 custodiam,
1253 5852 1319 5896 ne
1342 5836 1540 5895 iterum
1567 5846 1773 5908 peccet.

2164 3244 2310 3302 enim
2343 3245 2400 3298 ﬁt
2429 3258 2614 3297 sermo
2638 3242 2692 3296 in
2735 3242 2964 3297 auribus
3008 3242 3281 3312 pluriutn,
3311 3257 3498 3296 omnes
3526 3241 3746 3310 aequali-

2165 3347 2248 3392 ter
2282 3336 2426 3407 quod
2444 3335 2646 3390 dicitur
2677 3335 3025 3404 intelligunt,
3055 3335 3150 3390 sed
3189 3350 3298 3388 non
3327 3333 3744 3403 onlnesaequali-

2168 3438 2249 3484 ter
2277 3429 2506 3484 credunt
2530 3447 2543 3482 :
2563 3436 2618 3482 et
2643 3427 3012 3500 cognitionem
3041 3427 3314 3482 dictorum
3329 3426 3739 3492 omneshabent,

2166 3521 2260 3577 sed
2293 3521 2452 3574 ﬁdem
2489 3534 2682 3575 omnes
2711 3535 2820 3573 non
2840 3519 3060 3574 trahent.
3092 3517 3283 3574 Potest
3311 3528 3495 3573 autem
3519 3517 3739 3588 cognitio

2166 3614 2287 3670 ﬁdei
2331 3629 2452 3670 esse
2480 3613 2598 3668 sine
2629 3612 2778 3666 omni
2824 3612 2959 3679 ﬁde;
3010 3613 3145 3667 ﬁdes
3192 3621 3379 3666 autem
3435 3611 3552 3666 sine
3603 3609 3738 3664 omni

2165 3706 2476 3778 cognitione
2515 3721 2637 3760 esse
2663 3719 2771 3759 non
2819 3712 3018 3774 potest.
3073 3701 3252 3770 Multi,
3284 3719 3411 3758 cum
3435 3703 3672 3768 credunt,
3693 3709 3738 3756 ct

2166 3817 2275 3856 non
2309 3799 2511 3854 habent
2555 3799 2926 3868 cognitionem
2961 3811 3153 3850 eorum
3188 3797 3440 3850 omnium
3473 3811 3590 3867 quae
3633 3809 3738 3849 cre-

2165 3896 2333 3960 dunt,
2385 3893 2514 3964 quia
2549 3892 2901 3947 credentibus
2923 3899 2978 3945 et
3010 3890 3478 3962 cognoscentibus
3507 3887 3733 3954 credunt,

2163 3995 2221 4039 et
2251 4001 2359 4039 non
2386 3992 2589 4038 norunt
2617 3983 2718 4053 ipsi
2747 3997 2912 4037 omne
2959 3981 3106 4052 quod
3136 3982 3402 4044 credunt,
3433 3981 3526 4036 sed
3554 3989 3736 4034 norunt

2167 4075 2243 4130 illi
2279 4075 2478 4146 quibus
2506 4073 2758 4128 credunt.
2794 4071 3077 4141 Ejusmodi
3127 4082 3212 4127 est
3263 4073 3401 4127 ﬁdes
3429 4072 3732 4142 simplicia

2166 4168 2222 4223 in
2257 4166 2522 4232 Ecclesia,
2581 4165 2676 4236 qui
2735 4164 3155 4234 perfectiorihus
3184 4163 3462 4219 credendo
3491 4173 3542 4218 et
3568 4162 3732 4216 adha-

2166 4261 2336 4315 rendo
2360 4259 2494 4316 salvi
2525 4257 2702 4322 ﬁunt,
2745 4258 2890 4313 sicut
2915 4258 3182 4326 scriptum
3223 4266 3342 4312 est:
3371 4276 3390 4308 ι
3427 4256 3594 4311 Boves
3624 4271 3733 4310 ara-

2165 4352 2318 4419 baut,
2351 4359 2406 4406 et
2433 4350 2602 4405 asina:
2631 4349 2997 4420 pascebantur
3023 4349 3181 4419 juxta
3217 4363 3314 4403 cos
3347 4345 3470 4416 (Job
3512 4347 3570 4417 ι).
3622 4365 3638 4397 ι
3670 4343 3728 4400 Hi

2166 4446 2312 4501 enim
2349 4445 2544 4500 inﬁde
2602 4443 2968 4516 perfecturum
3024 4443 3265 4512 amplius
3311 4443 3571 4507 credunt;
3599 4439 3727 4511 quod

2095 4529 2140 4584 Ι)
2169 4540 2441 4595 credendo
2491 4539 2546 4594 in
2583 4555 2642 4594 se
2679 4539 2862 4593 minus
2889 4547 3250 4608 cognoscunt.

2237 4631 2468 4702 Duobus
2495 4630 2676 4685 modis
2702 4629 2900 4685 crescit
2940 4631 3072 4684 lidcs
3105 4646 3117 4682 :
3151 4629 3446 4685 devotione
3479 4629 3587 4684 sive
3613 4642 3728 4682 con-

2167 4723 2390 4789 stantia,
2427 4731 2483 4777 et
2520 4722 2850 4793 cognitione.
2887 4719 3226 4775 Incrementa
3283 4721 3410 4775 ﬁdei
3460 4737 3549 4791 per
3583 4719 3727 4774 devo~

2165 4815 2369 4870 tionem
2400 4829 2497 4884 per
2527 4823 2639 4868 tres
2681 4814 2887 4886 gradus
2931 4813 3252 4883 procedunt.
3293 4813 3513 4868 Primus
3551 4812 3728 4883 gradus

2165 4917 2252 4964 est
2280 4909 2656 4979 acquiescere,
2691 4908 2968 4963 secundus
2989 4923 3056 4961 ex
3083 4907 3302 4973 timore,
3338 4907 3530 4962 tertius
3549 4903 3728 4977 gradus

2165 5009 2250 5056 est
2295 5010 2502 5056 certum
2552 5016 2694 5056 esse.
2759 4998 3070 5056 Secundum
3111 4999 3211 5055 hos
3271 5008 3383 5055 tres
3416 4998 3605 5064 gradus
3635 4996 3730 5050 tria

2167 5103 2298 5150 sunt
2323 5108 2522 5166 genera
2557 5093 2842 5147 hominum
2870 5134 2884 5157 ,
2923 5093 3018 5162 qui
3064 5091 3226 5147 ﬁdem
3269 5100 3614 5160 sequuntur:
3651 5094 3726 5140 est

2166 5187 2311 5241 eniln
2343 5185 2619 5256 quoddam
2651 5199 2826 5255 genus
2861 5183 3148 5238 hominum
3183 5182 3238 5236 in
3271 5191 3462 5236 sancta
3487 5177 3724 5243 Ecclesia,

2165 5279 2368 5351 quibus
2399 5277 2620 5334 credere
2656 5285 2742 5332 est
2768 5275 2970 5342 solum,
3018 5288 3132 5330 non
3179 5275 3554 5331 contradicere
3598 5271 3724 5326 ﬁdei.

2167 5371 2272 5439 Qui
2303 5371 2376 5426 ita
2409 5371 2600 5426 vivunt
2629 5379 2691 5424 ut
2723 5371 2834 5424 nati
2867 5376 3016 5435 sunt,
3069 5383 3179 5423 non
3223 5369 3483 5434 amando,
3533 5367 3618 5425 sed
3647 5379 3728 5434 ap-

2166 5463 2470 5534 probando,
2505 5462 2696 5530 inquo
2725 5459 3041 5526 natisunt,‘
3078 5460 3172 5530 qui
3215 5461 3321 5514 etsi
3374 5460 3429 5514 in
3481 5459 3587 5513 alio
3628 5455 3728 5510 nati

2165 5563 2372 5620 essent,
2405 5554 2589 5611 ﬁdeles
2621 5567 2729 5608 non
2756 5562 2941 5608 essent
2991 5569 3005 5607 :
3051 5553 3455 5608 consuetudine
3502 5551 3637 5606 enim
3665 5547 3728 5602 v13

2164 5649 2326 5704 vendi
2357 5649 2519 5704 ﬁdem
2558 5657 2762 5716 tenent,
2799 5664 2906 5704 non
2957 5661 3162 5702 amore.
3214 5644 3313 5700 Est
3366 5656 3547 5701 autem
3597 5640 3728 5699 aliud

2166 5759 2342 5814 genus
2373 5744 2662 5799 hominum
2715 5743 2976 5799 attentius
3013 5740 3491 5798 considerantium
3545 5745 3724 5796 statum

2170 5838 2294 5896 vita:
2323 5838 2580 5897 humanae
2603 5852 2726 5896 esse
2755 5837 3003 5907 dubium,
3047 5844 3100 5893 et
3129 5851 3196 5892 ex
3225 5850 3295 5893 eo
3339 5829 3725 5908 quodammodo
