3970 6444
221 349 351 404 illi!

1145 339 1718 400 DEFLOBATIONES
1756 337 1858 397 SS.
1897 338 2209 396 PATNII.
2250 369 2323 379 -
2354 336 2489 393 LIB.
2528 333 2593 392 ll.

3359 336 3500 393 H83

218 466 485 521 fluctuare
514 460 894 535 incipiendum
928 463 984 521 in
1008 459 1139 530 ﬁde,
1160 460 1425 532 quoniam
1454 458 1657 514 multos
1681 472 1809 514 con-
1836 461 1883 519 Α
1912 464 2133 525 peccata
2177 468 2279 515 sua
2317 450 2636 524 neglexerit,
2694 450 2852 521 quasi
2907 448 3265 507 institutionis
3306 449 3504 506 divinae

219 559 462 631 spiciunt
486 575 713 614 aversos
735 569 790 612 et
811 558 1020 612 alienos
1044 571 1075 610 a
1102 555 1227 623 fide,
1243 563 1299 609 et
1320 563 1502 609 tamen
1522 552 1670 607 ducti
1692 551 1805 622 pie—

220 662 333 708 tate
360 652 485 707 fidei
512 667 543 707 e
572 651 791 706 duobus
821 648 1004 705 dubiis
1038 648 1148 703 hoc
1181 646 1389 717 eligunt
1424 646 1569 716 quod
1601 644 1808 700 doctri-

224 764 297 805 na
322 746 606 802 Catholica
629 744 860 799 docente
889 742 1219 797 didicerunt.
1251 740 1377 796 lstis
1418 755 1523 811 pax
1552 754 1809 795 necessa-

224 840 310 895 ria
333 847 437 904 est,
463 834 744 892 tribulatio
768 833 1095 903 periculosa,
1129 848 1196 887 ne
1219 832 1360 887 forte
1385 832 1453 887 de
1486 831 1806 901 periclitan-

222 934 375 989 tibus
409 939 672 1002 negantes
698 928 1029 984 efIiciantur.
1088 926 1185 981 Est
1235 925 1383 980 aliud
1426 939 1598 995 genus
1628 923 1810 978 adhuc

223 1025 512 1081 hominum
542 1065 556 1089 ,
595 1023 687 1092 qui
715 1022 851 1077 certi
879 1030 1007 1076 sunt
1037 1027 1092 1075 et
1122 1017 1431 1073 confirmati
1456 1016 1509 1070 in
1545 1017 1648 1071 fide
1671 1031 1805 1072 sua:

223 1132 367 1188 quos
414 1116 559 1171 Deus
598 1115 683 1171 vel
728 1130 825 1184 per
881 1112 1155 1168 exteriora
1213 1111 1479 1165 miracula
1517 1109 1811 1164 confirma-

221 1211 344 1277 vit,
405 1208 487 1263 vel
556 1223 653 1278 per
718 1206 1034 1261 interiorem
1091 1202 1506 1272 inspirationem
1567 1202 1805 1258 edocuit.

223 1303 322 1360 Isti
360 1302 717 1358 tribulatione
768 1315 880 1355 non
930 1298 1349 1363 subvertuntur,
1397 1296 1491 1351 sed
1550 1311 1812 1351 exercen-

222 1407 335 1452 llll'.

297 1491 590 1547 Sciendum
622 1489 786 1544 etiam
810 1488 958 1558 quod
986 1486 1128 1542 sicut
1165 1495 1275 1541 tres
1319 1492 1447 1540 sunt
1482 1484 1681 1556 gradus
1717 1497 1814 1551 per

223 1599 365 1656 quos
382 1583 516 1639 fides
539 1583 757 1647 crescit,
793 1582 866 1635 ita
903 1590 1012 1635 tres
1034 1578 1238 1650 gradus
1259 1586 1389 1633 sunt
1408 1593 1504 1647 per
1530 1592 1669 1646 quos
1694 1589 1813 1629 cre-

225 1674 330 1730 scit
353 1675 591 1745 cognitio
611 1673 754 1727 fidei.
777 1671 995 1726 Primus
1013 1671 1212 1741 gradus
1233 1681 1314 1727 est
1329 1666 1811 1740 cognitionistidei,

226 1782 340 1836 quo
368 1767 509 1821 nihil
540 1765 722 1821 minus
769 1779 1010 1834 unquam
1059 1762 1192 1818 fides
1227 1763 1425 1817 habere
1464 1763 1661 1831 potuit,
1695 1776 1814 1815 cre-

226 1859 360 1913 dere
382 1858 635 1914 videlicet
671 1856 838 1911 Deum
876 1870 1019 1921 esse,
1047 1863 1101 1910 et
1126 1870 1250 1909 eum
1291 1853 1613 1909 salvatorem
1645 1861 1699 1907 et
1727 1867 1811 1905 rc-

225 1958 640 2004 muneratorem
667 1955 1000 2016 exspectare.
1028 1944 1154 2000 Haec
1184 1943 1421 2014 cognitio
1449 1943 1574 1997 fidei
1599 1942 1812 2012 simpli-

225 2040 389 2096 cibus
419 2051 546 2094 ante
576 2039 1003 2094 incarnationem
1033 2035 1248 2090 Domini
1278 2036 1346 2091 ad
1374 2035 1604 2090 salutem
1665 2032 1813 2090 squi-

225 2147 354 2189 cere
412 2130 609 2201 potuit,
652 2139 710 2185 ut
750 2140 803 2184 et
840 2127 1007 2183 Deum
1057 2127 1340 2182 crederent
1384 2132 1439 2179 et
1474 2123 1811 2181 Salvatorem

223 2229 626 2291 exspectarent,
663 2221 916 2291 quamvis
943 2219 1190 2289 ejusdem
1216 2217 1534 2275 salvationis
1557 2233 1671 2272 suae
1698 2232 1814 2272 mo-

227 2315 356 2371 dum
379 2321 435 2368 et
459 2322 674 2383 tempus
704 2328 812 2368 non
846 2320 1257 2383 cognoscerent.
1299 2309 1419 2365 Duo
1442 2310 1587 2365 enim
1631 2310 1685 2364 in
1711 2309 1813 2364 lio-

228 2409 377 2464 mine
405 2416 615 2462 tantum
654 2416 784 2461 sunt
813 2448 825 2461 .
860 2415 1055 2461 natura
1090 2415 1143 2460 et
1168 2405 1347 2474 culpa.
1388 2403 1452 2459 Et
1492 2402 1719 2459 Creator
1746 2404 1815 2458 ad

227 2510 482 2555 naturam
521 2498 778 2565 refertur,
829 2497 1079 2553 Salvator
1126 2497 1196 2552 ad
1243 2497 1482 2567 culpam.
1532 2494 1647 2550 Sub
1700 2496 1816 2566 lege

229 2600 411 2647 autem
437 2591 636 2661 scripta
660 2592 830 2647 erevit
854 2590 1092 2661 cognitio
1117 2590 1336 2661 quando
1353 2589 1468 2658 jam
1499 2589 1565 2643 de
1582 2604 1815 2659 persona

227 2680 610 2753 Redemptoris
653 2681 941 2737 manifeste
988 2683 1072 2753 agi
1116 2683 1301 2752 coepit,
1333 2691 1387 2737 et
1419 2680 1667 2736 Salvator
1721 2696 1817 2751 per

229 2774 405 2848 legem
436 2776 705 2846 promitti,
751 2784 807 2831 et
856 2783 980 2846 post
1008 2775 1432 2845 promissionem
1488 2773 1813 2844 exspectari.

231 2868 348 2926 Sub
376 2870 550 2941 gratia
580 2879 762 2925 autem
800 2869 980 2925 adhuc
1010 2868 1242 2937 amplius
1273 2868 1512 2924 excrevit
1557 2868 1815 2937 cognitio,

231 2980 358 3021 cum
377 2964 489 3035 jam
520 2965 635 3034 ipse
680 2962 950 3029 Salvator,
990 2979 1100 3017 non
1143 2971 1201 3016 ut
1242 2963 1395 3031 prius
1425 2977 1456 3017 a
1485 2962 1672 3016 multis
1714 2977 1817 3030 pu-

231 3058 451 3113 tabatur
479 3059 657 3114 solum
703 3057 888 3122 homo,
916 3056 1012 3112 sed
1042 3065 1095 3110 et
1121 3054 1267 3110 Deus
1296 3070 1457 3110 verus
1501 3052 1820 3109 manifesta-

231 3163 323 3208 tus
344 3160 448 3218 est,
479 3161 532 3206 et
562 3151 679 3221 ipse
718 3149 1107 3220 redemptionis
1146 3148 1341 3203 modus
1370 3163 1475 3202 non
1506 3146 1558 3200 in
1592 3155 1819 3201 terrenae

230 3244 473 3302 culmine
498 3243 802 3314 potestatis,
834 3240 929 3297 sed
969 3241 1025 3295 in
1075 3247 1249 3295 morte
1289 3238 1549 3310 probatus
1576 3245 1659 3293 est
1688 3251 1819 3292 con-

232 3346 379 3392 stare
407 3336 725 3391 Salvatoris.

231 3431 312 3487 De
353 3432 656 3487 remissione
695 3440 1062 3501 peccatorum,
1097 3439 1145 3484 et
1181 3432 1227 3483 si
1271 3430 1566 3484 sacerdotes
1601 3437 1819 3500 peccata

771 3503 1034 3556 dimittere
1061 3501 1283 3570 possint.

305 3594 637 3651 Potestatem
686 3594 994 3650 remittendi
1040 3605 1260 3663 peccata
1303 3595 1526 3665 quidam
1571 3596 1672 3650 soli
1710 3594 1819 3648 Deo

236 3686 313 3742 ita
342 3688 615 3742 ascribere
640 3688 1000 3752 conabantur,
1041 3694 1103 3740 ut
1141 3687 1195 3740 in
1234 3701 1297 3740 ea
1336 3685 1610 3740 hominem
1656 3684 1824 3754 parti-

235 3781 413 3852 cipem
445 3781 558 3835 fieri
584 3796 746 3852 posse
784 3781 933 3836 nullo
958 3780 1117 3836 modo
1148 3778 1470 3834 concedant.
1498 3777 1564 3832 Et
1590 3779 1658 3832 ad
1690 3792 1823 3832 cen-

235 3872 604 3928 firmationem
638 3873 801 3943 hujus
842 3872 1167 3928 assertionis
1197 3872 1474 3925 adducunt
1515 3869 1823 3923 mundatio-

236 3979 367 4021 nem
396 3966 544 4020 illius
573 3965 794 4035 leprosi,
822 3980 982 4035 quem
1010 3963 1275 4018 Dominus
1305 3963 1458 4031 prius
1502 3976 1596 4030 per
1625 3967 1825 4015 semet—

235 4056 421 4131 ipsum
464 4058 683 4114 sanitati
723 4057 977 4122 restituit,
1011 4072 1076 4111 ac
1104 4056 1149 4111 si
1172 4055 1366 4109 deinde
1401 4053 1466 4108 ad
1517 4053 1825 4107 sacerdotes

237 4151 416 4219 misit,
445 4167 552 4205 non
586 4160 645 4205 ut
674 4151 792 4220 ejus
822 4149 1102 4205 mundatio
1126 4149 1323 4202 virtute
1348 4147 1563 4201 illorum
1596 4144 1826 4215 perfice-

238 4253 417 4310 retur,
442 4243 536 4298 sed
564 4251 623 4297 ut
647 4241 1026 4298 tantummodo
1049 4240 1361 4295 testimonio
1386 4238 1603 4293 illorum
1627 4235 1828 4291 confir-

238 4348 486 4395 maretur
517 4336 671 4396 (Luc.
717 4337 793 4390 vl.
821 4333 995 4389 Simili
1023 4333 1187 4387 modo
1216 4333 1268 4387 in
1300 4330 1552 4403 praesenti
1584 4327 1828 4383 Ecclesia

237 4433 377 4489 dant
415 4430 714 4486 ministeria
754 4428 1094 4484 sacerdotum
1149 4426 1286 4479 nihil
1330 4424 1566 4493 amplius
1611 4420 1828 4476 virtutis

239 4527 447 4582 habere
488 4524 590 4579 nisi
633 4522 878 4592 qum-dam
915 4518 1292 4576 tantummodo
1321 4518 1474 4588 signa
1505 4532 1625 4571 esse
1654 4524 1715 4569 ut
1738 4514 1827 4568 ille

238 4620 514 4685 videlicet,
538 4618 629 4687 qui
660 4616 810 4685 prius
849 4630 946 4683 per
985 4610 1365 4666 contritionem
1402 4607 1584 4663 cordis
1631 4606 1831 4660 intusa

239 4712 482 4767 Domino
530 4709 849 4773 absolvitur,
903 4703 1249 4777 postmodum
1291 4702 1346 4755 in
1393 4699 1738 4755 confessione
1765 4698 1834 4752 ab

238 4804 325 4860 eis
373 4802 658 4858 absolutus
692 4816 814 4855 esse
850 4797 1187 4853 ostendatur.
1231 4793 1386 4860 Quod
1423 4803 1601 4847 autem
1632 4790 1685 4844 in
1719 4790 1833 4845 sola

240 4895 430 4952 cordis
458 4893 785 4949 contritione
806 4891 970 4945 etiam
998 4897 1124 4943 ante
1144 4886 1543 4942 confessionem
1575 4885 1686 4939 oris
1707 4898 1835 4952 pec-

241 4996 370 5043 cata
403 4986 767 5049 dimittantur,
797 4982 1114 5054 prophetico
1160 4980 1251 5033 illo
1300 4978 1611 5034 testimonio
1641 4991 1838 5047 appro-

244 5078 382 5133 bare
415 5076 604 5131 volunt
634 5076 779 5146 quod
809 5073 1051 5128 dicitur:
1086 5089 1104 5120 ι
1130 5067 1469 5137 Quacunque
1508 5068 1642 5121 hora
1682 5067 1837 5135 inge-

242 5171 455 5227 muerit
501 5178 774 5239 peccator,
820 5168 1003 5222 salvus
1045 5164 1146 5218 erit
1203 5161 1421 5230 (Ezerh.
1483 5162 1674 5229 xvm);
1705 5179 1725 5210 ι
1786 5167 1840 5215 et

245 5265 381 5321 alibi
442 5283 456 5320 :
516 5282 534 5315 ι
565 5262 701 5330 Quia
760 5261 940 5315 adhuc
1001 5269 1052 5313 te
1098 5258 1349 5327 loquente
1367 5298 1389 5325 ,Δ
1429 5256 1607 5311 dicam
1647 5296 1659 5308 .
1701 5252 1841 5308 Ecce

244 5361 448 5419 adsum
492 5357 630 5431 (Isa.
687 5355 833 5429 va).
862 5374 880 5405 ι
924 5351 991 5406 Et
1030 5351 1358 5406 Psalmista:
1397 5370 1414 5401 ‹
1453 5348 1596 5412 Dixi,
1642 5346 1839 5416 inquit,

244 5453 553 5513 confitebor
573 5451 862 5507 adversum
899 5463 986 5502 me
1022 5443 1345 5516 injustitiam
1385 5457 1561 5496 meam
1593 5439 1839 5503 Domino,

242 5556 307 5607 et
328 5556 386 5603 tu
412 5546 672 5602 remisisti
696 5544 1027 5613 impietatem
1052 5539 1259 5610 peccati
1283 5537 1388 5592 mei
1408 5534 1581 5607 (Psal.
1617 5532 1792 5601 xxxi).
1818 5551 1836 5583 ι

243 5640 465 5699 Idcirco
516 5648 698 5693 tamen
743 5644 868 5707 post
916 5633 1302 5689 contritionem
1337 5628 1541 5692 cordis,
1571 5623 1846 5680 confessio

242 5750 473 5811 quoque
502 5732 618 5790 oris
661 5738 747 5786 est
784 5726 1112 5793 necessaria,
1149 5723 1278 5795 quia
1310 5720 1359 5778 si
1389 5720 1516 5792 quis
1532 5718 1695 5773 etiam
1723 5724 1849 5787 post
1912 5766 1917 5770 .

245 5810 604 5904 impetratam
668 5824 884 5881 veniam
944 5827 1290 5893 peccatorum
1350 5813 1598 5875 confiteri
1657 5810 1847 5870 eadem

1841 1810 1885 1864 B

1846 3174 1887 3231 C

1910 556 2269 618 contemptor,
2302 544 2555 617 quamvis
2581 560 2691 601 non
2717 559 2817 614 pro
2853 543 3113 614 peccatis,
3141 559 3264 615 quae
3283 543 3397 614 jam
3424 540 3505 598 di-

1910 643 2080 699 tnissa
2128 651 2277 705 sunt,
2322 657 2451 697 reus
2510 648 2779 706 teneatur,
2833 645 3013 692 tamen
3045 653 3144 709 pro
3183 645 3500 708 contemptu

1909 750 2042 791 reus
2082 737 2208 790 erit.
2248 733 2344 788 Vel
2382 732 2652 798 fortassis,
2690 730 2820 802 quia
2867 739 3091 800 peccata
3128 729 3244 800 ipsa
3271 730 3384 799 jam
3433 729 3506 786 ad

1910 836 2286 883 contumacem
2318 826 2564 890 redeunt,
2591 840 2712 894 qua:
2731 823 2884 894 prius
2905 837 3002 893 per
3023 820 3503 891 compunctionem

1911 919 2195 975 humiliato
2225 917 2450 975 dimissa
2482 916 2719 971 fuerunt.

1983 1013 2096 1068 llac
2140 1028 2271 1083 ergo
2324 1012 2538 1066 ratione
2590 1011 2824 1081 probant
2872 1007 3123 1063 homines
3156 1006 3306 1061 nullo
3336 1004 3501 1059 modo

1912 1115 2233 1177 potestatem
2265 1105 2467 1159 habere
2495 1102 2802 1158 dimittendi
2831 1110 3077 1171 peccata,
3111 1100 3204 1156 sed
3236 1099 3378 1154 hanc
3407 1114 3501 1154 so-

1910 1200 2018 1254 lius
2062 1197 2155 1252 Dei
2204 1212 2346 1261 esse,
2384 1196 2526 1250 sicut
2567 1203 2620 1248 et
2665 1195 2718 1247 in
2756 1193 3048 1264 Evangelio
3090 1190 3260 1247 Judaei
3308 1199 3501 1245 contra

1911 1289 2205 1344 Dominum
2259 1299 2707 1350 murmurantes,
2762 1286 2891 1355 quia
2940 1284 3079 1339 dixit
3130 1283 3427 1353 paralytico
3483 1300 3499 1335 :

1918 1400 1938 1432 ι
1972 1380 2206 1435 Dimissa
2247 1386 2376 1434 sunt
2403 1385 2624 1447 peccata
2653 1386 2779 1440 tua,
2819 1395 2837 1427 ι
2872 1376 3088 1430 aierunt
3118 1374 3293 1428 solum
3327 1372 3500 1426 Deum

1915 1486 2073 1541 posse
2118 1479 2337 1540 peccata
2385 1468 2658 1522 dimittere
2703 1466 2921 1534 (Matth.
2959 1469 3056 1535 ix).
3096 1463 3202 1519 Sed
3253 1462 3505 1518 fortassis

1913 1562 2007 1632 qui
2035 1562 2139 1616 hoc
2165 1561 2231 1616 de
2255 1560 2595 1616 absolutione
2619 1567 2964 1629 peccatorum
2993 1557 3202 1621 dicunt,
3226 1555 3505 1626 quomodo

1915 1654 2205 1724 quisquam
2233 1661 2454 1723 peccato
2482 1651 2678 1723 ligetur
2708 1666 2818 1705 non
2846 1648 2979 1705 satis
3011 1649 3296 1719 diligenter
3322 1655 3502 1701 atten-

1918 1747 2074 1802 dunt.
2110 1745 2336 1802 Duobus
2365 1745 2511 1800 enim
2548 1743 2727 1798 modis
2764 1749 3016 1812 peccator
3042 1741 3241 1812 ligatus
3276 1747 3378 1794 est.
3413 1736 3507 1792 Li-

1915 1846 2073 1912 gatus
2106 1846 2190 1893 est
2224 1836 2583 1891 obduratione
2613 1834 2835 1896 mentis,
2868 1833 3064 1902 ligatus
3094 1840 3176 1885 est
3205 1830 3387 1884 debito
3419 1827 3506 1884 fu-

1916 1938 2050 1985 tura;
2096 1927 2466 1984 damnationis
2520 1945 2532 1980 :
2597 1925 2838 1997 quandiu
2895 1938 3132 1992 namque
3182 1921 3356 1993 gratia
3407 1917 3506 1975 Dci

1915 2038 2038 2078 cum
2068 2020 2285 2074 homine
2310 2028 2416 2085 est,
2445 2018 2659 2073 solutus
2698 2025 2782 2071 est
2810 2016 2998 2079 homo,
3027 2024 3082 2068 et
3111 2013 3177 2067 ad
3211 2012 3347 2066 bene
3374 2025 3508 2079 ope—

1914 2110 2499 2181 randtmrexpeditus.
2550 2106 2656 2162 Sed
2699 2123 2822 2160 eum
2870 2121 2966 2175 per
3000 2113 3294 2182 peccatum
3327 2100 3508 2173 gratia

1914 2202 2009 2256 Dei
2042 2200 2411 2267 subtrahitur,
2445 2198 2627 2255 statim
2679 2196 2795 2265 ipsa
2826 2211 2924 2251 sua
2951 2193 3315 2249 obduratione
3351 2203 3508 2245 mens

1916 2297 2248 2351 intrinsecus
2271 2295 2563 2365 obligatur.
2604 2291 2710 2346 Ista
2738 2288 3025 2344 ohduratio
3060 2286 3175 2342 sive
3214 2283 3511 2339 excaecatio

1916 2390 2114 2444 mentis
2169 2388 2457 2443 interiores
2514 2384 2749 2439 tenebrae
2797 2390 2944 2445 sunt,
2997 2380 3052 2433 in
3091 2379 3293 2449 quibus
3339 2376 3507 2431 homo

1916 2496 2016 2552 pro
2063 2489 2285 2550 peccato
2337 2493 2438 2533 suo
2474 2477 2527 2531 in
2575 2474 2831 2547 praesenti
2871 2472 3150 2543 obligatus
3186 2477 3422 2534 tenetur,
3452 2475 3508 2522 et

1917 2575 2022 2629 nisi
2068 2574 2136 2628 ab
2166 2574 2252 2627 his
2298 2572 2352 2625 in
2388 2571 2491 2625 hac
2521 2569 2627 2623 vita
2681 2568 2896 2623 solutus
2942 2564 3124 2627 fuerit,
3157 2560 3508 2632 postmodum

1918 2666 2098 2736 ligatis
2130 2664 2383 2718 manibus
2419 2671 2472 2715 ct
2522 2660 2751 2730 pedibus
2804 2659 2857 2711 in
2902 2655 3203 2710 exteriores
3251 2650 3509 2707 tenebras

1918 2758 2226 2827 projicitur.
2266 2755 2371 2810 Sed
2409 2755 2535 2826 quia
2570 2769 2730 2807 nemo
2771 2767 2869 2806 sua
2899 2750 3099 2804 virtute
3136 2755 3258 2818 post
3288 2746 3509 2800 ruinam

1919 2847 2126 2919 peccati
2188 2861 2411 2916 surgere
2465 2844 2689 2907 valeret,
2739 2841 2843 2895 nisi
2894 2839 3077 2894 divina
3132 2832 3511 2891 misericordia

1920 2940 2156 3010 gratuito
2180 2937 2516 3009 pra-veniens
2541 2950 2665 2989 eum
2691 2933 2999 2995 suscitaret,
3030 2929 3150 2983 ideo
3179 2940 3401 2981 necesse
3426 2932 3512 2980 est

1921 3039 1982 3083 ut
2028 3027 2171 3082 Deus
2225 3027 2456 3097 gratiam
2509 3038 2665 3079 suam
2713 3036 2876 3092 quam
2939 3017 3292 3090 peccantibus
3352 3015 3513 3068 nobs

1916 3124 2063 3195 juste
2116 3121 2483 3184 subtraxerat,
2534 3117 2753 3187 quando
2805 3115 2872 3169 ad
2924 3111 3298 3184 paenitentiam
3345 3106 3514 3162 viviﬁ-

1921 3215 2082 3271 candi
2112 3228 2327 3278 sumus,
2356 3212 2471 3265 sola
2503 3206 2880 3263 misericordia
2911 3204 3075 3259 nullis
3106 3201 3311 3257 nostris
3343 3198 3514 3254 meri—

1921 3308 1995 3363 tis
2029 3304 2461 3378 praecedentibus
2511 3302 2704 3357 reddat
2753 3309 3023 3370 quatenus
3054 3299 3171 3368 ipsa
3201 3295 3375 3365 gratia
3408 3294 3508 3349 ad-

1920 3401 2147 3456 veniens
2177 3414 2271 3454 cor
2296 3406 2543 3451 nostrum
2573 3410 2604 3449 a
2639 3402 2860 3463 torpore
2890 3389 3224 3445 infidelitatis
3251 3396 3305 3442 et
3326 3404 3356 3441 a
3384 3400 3515 3457 pec-

1921 3498 2029 3554 cati
2058 3504 2233 3552 morte
2273 3492 2591 3554 exsuscitet,
2622 3500 2683 3545 ut
2731 3488 2939 3544 scilicet
2964 3486 3058 3557 qui
3108 3484 3344 3555 primum
3393 3481 3516 3552 ipsa

1921 3594 2037 3650 sola
2064 3599 2322 3663 operante
2350 3587 2415 3643 ad
2448 3584 2825 3658 paenitentiam
2861 3578 3195 3650 compuncti,
3219 3593 3249 3631 a
3278 3573 3520 3632 vinculis

1922 3684 2157 3756 torporis
2186 3680 2546 3743 absolvimur,
2578 3677 2764 3741 etiam,
2791 3674 2908 3745 ipsa
2937 3671 3132 3726 deinde
3167 3673 3515 3739 cooperante.

1921 3776 2250 3847 paenitentes
2284 3788 2314 3826 a
2340 3771 2523 3825 debito
2546 3765 2916 3823 damnationis
2938 3760 3143 3818 absolvi
3183 3772 3484 3814 mereamur

1924 3867 2039 3923 Hoc
2074 3867 2210 3921 bene
2252 3866 2305 3918 in
2340 3860 2758 3918 resuscitatione
2793 3856 2986 3910 Lazari
3015 3852 3379 3926 significatum
3409 3857 3516 3916 est,

1924 3977 2085 4033 quem
2119 3962 2234 4030 ipse
2270 3958 2536 4013 Dominus
2568 3970 2662 4025 per
2692 3969 2751 4008 se
2780 3953 2932 4021 prius
2976 3950 3309 4004 intrinsecus
3337 3962 3367 4000 a
3398 3944 3522 3998 vin-

1925 4055 2049 4109 culo
2080 4052 2272 4107 mortis
2310 4049 2565 4112 absolvit,
2594 4045 2830 4099 vivificat
2867 4050 3050 4096 autem
3081 4040 3147 4094 de
3179 4038 3314 4092 foris
3354 4034 3521 4089 mini-

1926 4145 2093 4200 sterio
2149 4143 2391 4212 ipsorum
2449 4136 2818 4207 apostolorum
2878 4146 3004 4186 cum
3067 4127 3205 4183 solvi
3265 4123 3524 4195 praecepit

1928 4236 2110 4308 (loun.
2162 4234 2263 4304 ιι).
2314 4231 2404 4286 Sic
2454 4242 2690 4298 namque
2741 4225 2795 4279 in
2841 4229 3026 4278 sancta
3081 4217 3326 4274 Ecclesia
3375 4231 3525 4270 nunc

1928 4304 2174 4382 mortuos
2203 4321 2441 4394 peccatis
2468 4334 2563 4390 per
2604 4319 2778 4372 solam
2825 4311 3057 4384 gratiam
3103 4324 3259 4363 suam
3292 4304 3525 4361 interius

1927 4420 2211 4475 vivificans
2236 4416 2303 4471 ad
2338 4409 2816 4483 compunctionem
2848 4402 3116 4469 accendit,
3148 4409 3311 4470 atque
3338 4397 3519 4452 vivifi-

1858 4527 1903 4582 ι)
1931 4522 2084 4569 catos
2112 4527 2207 4583 per
2235 4507 2637 4566 confessionem
2672 4502 2821 4557 foras
2847 4498 3034 4554 venire
3061 4494 3325 4566 praecipit,
3354 4507 3418 4545 ac
3444 4489 3524 4545 sic

1934 4582 2128 4663 deinde
2173 4603 2493 4660 confitentes
2539 4613 2635 4669 per
2683 4591 3045 4650 ministerium
3078 4585 3423 4643 sacerdotum
3452 4582 3522 4636 ab

1934 4696 2194 4755 exteriori
2226 4692 2464 4757 vinculo,
2497 4691 2601 4745 hoc
2629 4697 2713 4744 est
2747 4702 2777 4740 a
2809 4685 2991 4741 debito
3024 4675 3390 4736 damnationis
3421 4675 3522 4729 ab-

1936 4791 2094 4847 solvi.
2147 4787 2293 4843 Bene
2340 4793 2520 4840 autem
2568 4780 2812 4835 debitum
2858 4771 3224 4829 damnationis
3284 4766 3526 4822 exterius

1936 4884 2216 4940 vinculum
2270 4880 2490 4942 dicitur,
2531 4875 2657 4945 quia
2696 4870 2949 4942 protinus
2995 4867 3062 4921 ad
3095 4861 3347 4918 tenebras
3378 4864 3529 4912 exte-

1938 4980 2109 5033 riores
2131 4990 2270 5045 quas
2287 4972 2515 5027 evadere
2537 4968 2791 5038 dignatus
2819 4959 2931 5016 non
2958 4969 3063 5025 est,
3095 4954 3347 5027 quisquis
3377 4950 3529 5021 prius

1916 5069 1996 5141 _in
2027 5068 2131 5122 hac
2158 5066 2267 5121 vita
2307 5079 2338 5118 a
2381 5060 2619 5117 tenebris
2659 5054 3014 5112 interioribus
3048 5049 3184 5106 solvi
3214 5063 3324 5102 non
3353 5056 3530 5098 mere-

1942 5170 2049 5216 tur.

2014 5250 2121 5306 Sed
2165 5247 2326 5313 male,
2367 5242 2639 5315 inquiunt,
2671 5238 2739 5295 de
2781 5235 3063 5292 sacerdote
3093 5229 3309 5288 Domini
3352 5224 3530 5281 facitis

1942 5345 2036 5416 qui
2067 5344 2117 5399 ei
2155 5332 2477 5412 potestatem
2508 5330 2815 5389 dimittendi
2848 5336 3089 5400 peccata,
3125 5338 3246 5391 quae
3285 5320 3397 5375 Deo
3427 5317 3531 5372 soli

1945 5409 2203 5506 competit
2252 5431 2446 5503 (Marc.
2492 5427 2579 5495 ιι),
2623 5421 2883 5479 tribuitis.
2920 5418 3038 5473 Non
3084 5430 3186 5486 ego
3223 5409 3535 5467 sacerdotes

1945 5529 2078 5584 deos
2113 5525 2276 5580 facio.
2321 5523 2514 5577 Sermo
2541 5519 2779 5581 divinus,
2810 5513 2903 5584 qui
2948 5508 3165 5565 mentiri
3195 5517 3302 5558 non
3332 5506 3533 5572 potest,

1947 5619 2258 5680 sacerdotes
2295 5616 2427 5671 deos
2454 5613 2588 5668 dicit
2619 5629 2632 5666 :
2665 5629 2683 5663 ς
2728 5607 2860 5672 Diis,
2893 5602 3091 5675 inquit,
3118 5614 3226 5653 non
3256 5591 3533 5659 detrahes,

1947 5723 2002 5770 et
2027 5709 2258 5785 principi
2286 5706 2474 5781 populi
2507 5705 2587 5761 tui
2624 5718 2733 5758 non
2768 5695 3056 5754 maledices
3086 5688 3285 5763 (Exod.
3319 5681 3476 5785 xxii).
3507 5700 3530 5736 ι

1951 5779 2045 5865 Isti
2088 5779 2221 5863 vero
2234 5877 2241 5883 _
2267 5779 2454 5861 contra
2503 5799 2637 5871 legis
2680 5799 3018 5868 praeceptum
3058 5785 3164 5845 diis
3206 5779 3535 5847 detrahunt.
