3970 6458
471 376 616 440 1183

467 591 687 648 auferre
713 592 921 646 volunt.
953 587 1140 659 Neque
1168 603 1295 642 vere
1338 603 1438 658 ego
1482 588 1858 644 sacerdotibus
1908 596 2062 658 pote-

468 695 663 741 statem
716 682 1022 737 dimittendi
1073 688 1293 752 peccata
1342 680 1545 746 tribui,
1597 681 1687 735 ille
1746 680 2062 735 hominibus

470 786 789 847 potestatem
820 776 1060 828 divinam
1098 774 1285 827 tribuit
1332 773 1426 843 qui
1472 772 1540 826 de
1591 773 1906 829 hominibus
1933 774 2062 828 deos

470 868 617 922 facit.
653 865 759 920 Sed
808 875 986 920 tamen
1021 865 1135 934 ipse
1166 865 1307 919 sicut
1334 880 1399 918 ex
1436 865 1732 933 semetipso
1780 865 1920 918 Deus
1959 874 2063 932 est,

468 960 542 1014 ita
573 960 733 1012 et?am
767 973 859 1027 per
892 958 1247 1027 semetipsum
1288 958 1507 1026 quando
1533 957 1645 1010 vult
1676 960 1794 1011 sine
1824 956 2063 1010 humana

469 1048 848 1116 cooperatione
900 1058 1118 1117 peccata
1166 1047 1438 1101 dimittere
1469 1056 1661 1116 potest.
1697 1046 1760 1101 Ili
1799 1062 1927 1101 vero
1971 1048 2065 1117 qui

469 1153 534 1192 ex
566 1139 880 1207 semetipsis
911 1139 982 1192 dii
1020 1154 1128 1191 non
1171 1151 1295 1193 sunt
1317 1182 1330 1204 ,
1372 1139 1445 1192 illi
1478 1140 1639 1193 etiam
1671 1139 1776 1193 nisi
1803 1155 1869 1193 eo
1899 1155 1927 1192 a
1956 1154 2067 1208 quo

469 1240 597 1285 sunt
640 1230 742 1284 hoc
783 1231 927 1300 quod
979 1238 1127 1294 sunt,
1159 1231 1210 1284 in
1250 1232 1329 1285 eis
1367 1240 1421 1285 et
1448 1247 1543 1300 per
1568 1247 1663 1286 eos
1703 1241 1983 1300 operante,
2016 1238 2068 1285 et

470 1322 552 1376 eis
577 1333 923 1391 coolierantc,
952 1331 1172 1391 peccata
1199 1323 1469 1377 dimittere
1498 1340 1604 1377 non
1634 1331 1882 1392 possunt.
1909 1322 2065 1389 Quod

464 1430 603 1485 ergo
632 1416 782 1469 solus
817 1414 957 1469 Deus
991 1424 1075 1469 est
1096 1416 1292 1481 bonus,
1329 1432 1427 1470 nec
1458 1425 1636 1470 tamen
1667 1417 1789 1470 inde
1818 1417 2068 1485 sequitur

471 1506 647 1562 bonos
683 1524 791 1562 non
825 1523 947 1562 esse
976 1509 1138 1562 etiam
1168 1524 1262 1563 eos
1284 1509 1411 1577 quia
1442 1507 1673 1562 Domino
1717 1509 1982 1573 serviunt,
2014 1517 2067 1564 et

472 1602 616 1671 quod
650 1601 802 1655 solus
838 1600 983 1655 Deus
1020 1602 1287 1654 mirabilia
1326 1599 1453 1655 facit
1486 1599 1660 1669 (Psal.
1692 1603 1863 1668 Lxxt),
1897 1610 1950 1655 et
1980 1610 2064 1654 ta-

472 1709 597 1747 men
628 1693 695 1747 de
715 1693 865 1761 justo
896 1694 1117 1747 homine
1151 1692 1351 1747 dicitur
1385 1709 1396 1745 :
1434 1712 1451 1743 ι
1488 1691 1635 1745 Fecit
1664 1693 1808 1746 enim
1845 1692 2067 1746 mirabi-

471 1782 548 1839 lia
587 1784 640 1837 in
673 1784 779 1837 vita
811 1800 909 1838 sua
946 1783 1139 1853 (Eccli.
1175 1785 1348 1849 χχιιι),
1387 1802 1405 1834 ι
1442 1784 1515 1837 ita
1546 1784 1708 1837 etiam
1744 1784 1894 1837 solus
1924 1783 2065 1837 Deus

472 1883 696 1944 peccata
723 1848 967 1937 dimittit,
1002 1883 1130 1928 tunc
1159 1890 1378 1944 quoque
1408 1874 1627 1944 quando
1660 1874 1969 1928 sacerdotes
1999 1874 2068 1927 ab
2102 1848 2140 1902 Β

474 1980 542 2019 eo
566 1976 619 2019 et
642 1982 739 2035 per
767 1982 891 2020 eum
932 1966 1233 2020 dimittunt.
1272 1966 1389 2035 Ipse
1419 1968 1563 2019 enim
1609 1966 1713 2021 hoc
1763 1967 1815 2020 in
1850 1967 2069 2021 homine

476 2054 607 2110 facit
633 2056 778 2125 quod
822 2057 984 2109 homo
1020 2073 1117 2126 per
1142 2072 1265 2111 eum
1312 2056 1459 2111 facit.
1493 2055 1603 2111 Nec
1630 2058 1749 2111 ideo
1777 2058 2068 2112 dicendum

473 2149 850 2202 esthominem
877 2149 947 2202 ibi
977 2149 1327 2215 nihilfacere,
1348 2151 1474 2220 quia
1499 2166 1594 2219 per
1608 2166 1731 2205 eum
1753 2149 1895 2204 Deus
1919 2149 2066 2217 facit,

476 2238 591 2293 imo
622 2256 749 2295 vero
789 2241 908 2294 ideo
934 2243 1103 2296 multo
1129 2243 1344 2306 melius,
1375 2251 1428 2296 et
1459 2243 1629 2296 multo
1657 2243 1841 2296 verius
1871 2241 2069 2309 facere,

476 2332 606 2399 quia
635 2348 731 2400 per
759 2349 882 2385 cum
920 2333 1060 2388 Deus
1089 2333 1236 2389 facit.
1268 2333 1405 2389 llinc
1443 2344 1525 2389 est
1550 2335 1693 2404 quod
1730 2333 1891 2389 Petro
1922 2336 2072 2405 prin-

478 2423 584 2492 cipi
620 2423 990 2492 apostolorum
1042 2425 1216 2479 dicit:
1254 2444 1271 2477 ι
1328 2425 1449 2479 Tibi
1501 2427 1643 2480 dabo
1695 2428 1875 2481 claves
1918 2427 2070 2498 regni

477 2514 766 2568 caelorum.
798 2512 1175 2583 Quodcunque
1213 2514 1465 2585 ligaveris
1501 2531 1664 2585 super
1705 2525 1928 2580 terram,
1969 2516 2072 2569 erit

478 2604 704 2677 ligatum
727 2614 775 2660 el
798 2607 849 2659 in
876 2607 1094 2660 eteliset
1116 2608 1483 2676 quo-lcunque
1516 2608 1746 2663 solveris
1776 2624 1941 2677 super
1965 2618 2072 2661 ter-

476 2711 598 2754 ram
623 2697 725 2750 erit
744 2696 981 2752 solutum
1007 2706 1060 2750 et
1084 2699 1135 2750 in
1159 2698 1312 2752 ctrlis
1342 2697 1556 2767 (Matth.
1581 2700 1712 2755 xvi).
1753 2718 1770 2748 ι
1794 2696 1908 2751 Non
1936 2696 2073 2751 dixit

480 2791 850 2862 quodcunque
886 2790 1179 2855 solveritis,
1214 2792 1315 2844 hoc
1351 2799 1453 2856 cst,
1501 2800 1560 2845 ut
1608 2792 1682 2844 illi
1714 2792 1886 2853 aiunt,
1921 2793 2067 2846 solu-

482 2891 601 2938 tum
648 2884 1015 2948 ostenderitis,
1061 2883 1225 2937 fuerit
1257 2884 1516 2948 solutum,
1555 2884 1647 2937 sed
1679 2884 1780 2937 crit
1808 2884 2069 2946 solutum,

478 2977 614 3047 quia
649 2979 971 3031 sententiam
1018 2975 1161 3031 l’ctri
1216 2992 1322 3030 non
1374 2976 1645 3046 praecedit,
1686 2976 1777 3030 sed
1828 2977 2074 3045 sequitur

481 3069 751 3126 sententia
784 3069 928 3123 cmli.
971 3067 1047 3123 Ne
1088 3078 1268 3122 autem
1301 3069 1404 3121 hoc
1433 3068 1532 3123 soli
1567 3069 1723 3121 Petro
1749 3083 2073 3122 concessum

481 3171 643 3233 putes
666 3177 809 3227 esse,
835 3161 961 3216 audi
994 3161 1120 3228 quid
1155 3160 1412 3215 omuilms
1456 3160 1717 3229 apostolis
1753 3176 1817 3213 ac
1848 3177 1942 3229 per
1975 3161 2074 3213 hoc
2102 3193 2143 3249 C

482 3253 742 3309 omnibus
780 3254 1151 3323 apostolorum
1186 3253 1593 3307 successoribus
1619 3262 1672 3306 et
1701 3256 2072 3321 apostolorum

483 3344 606 3399 vice
636 3343 987 3414 fungentibus
1011 3345 1157 3399 dicat
1185 3367 1197 3398 ;
1235 3366 1252 3395 ι
1287 3345 1551 3415 Accipite,
1586 3347 1782 3415 inquit,
1810 3346 2074 3415 Spiritum

486 3444 786 3491 sanctum:
832 3452 1067 3506 quorum
1121 3437 1438 3492 remiseritis
1489 3448 1729 3507 peccata,
1794 3438 2079 3491 remittun-

485 3534 580 3582 tur
615 3527 715 3591 cis,
744 3536 799 3581 et
826 3544 1060 3597 quorum
1113 3528 1445 3583 retinueritis
1488 3538 1694 3582 retenta
1741 3538 1867 3582 sunt
1895 3527 2074 3598 (Joan.

486 3619 605 3685 xx).
644 3638 661 3669 ι
691 3617 793 3673 Ubi
826 3620 983 3681 dixit,
1013 3621 1058 3673 si
1088 3621 1457 3686 ostenderitis,
1491 3620 1629 3675 fuit?
1658 3619 1937 3692 Nusquam
1974 3624 2078 3678 hoc

488 3705 658 3771 dixit,
691 3708 785 3761 sed
814 3709 951 3761 dixit
979 3723 991 3758 ε
1032 3706 1086 3760 Si
1120 3706 1377 3774 feceritis,
1409 3709 1530 3764 erit.
1579 3710 1986 3781 Audiantcrgo
2026 3720 2080 3767 et

488 3798 822 3865 intelligant:
856 3815 875 3847 ι
911 3797 1153 3863 Quorum
1180 3800 1497 3856 remiseritis
1523 3812 1760 3871 peccata,
1790 3808 2081 3859 remittun-

486 3897 583 3945 tur
610 3889 709 3944 eis.
741 3909 758 3939 ι
786 3888 996 3955 Quibus
1021 3891 1122 3945 hoc
1149 3892 1429 3946 dicebatur
1454 3894 1607 3963 prius
1633 3894 1837 3950 dictum
1872 3895 2075 3951 fuerat:

492 4000 518 4033 4
538 3982 780 4052 Accipite
795 3983 1056 4053 Spiritum
1082 3996 1329 4040 sanctum
1351 3988 1550 4056 (ibid.),
1574 4009 1591 4039 ι
1613 4005 1701 4057 ne,
1722 3990 1807 4044 vel
1829 3993 1972 4060 quod
1992 3997 2083 4045 da-

488 4073 655 4132 batur
683 4072 994 4132 crederetur
1023 4080 1449 4148 contemptibile,
1477 4081 1560 4134 vel
1586 4083 1727 4151 quod
1754 4084 2082 4152 accipientes

483 4175 787 4234 operantur
818 4168 1161 4222 existimetur
1180 4184 1245 4223 ex
1270 4169 1507 4223 humana
1544 4171 1741 4225 virtute
1764 4173 2078 4241 precedcre.

490 4253 613 4312 Non
644 4274 773 4329 ergo
819 4260 1017 4313 mirum
1072 4270 1174 4322 est,
1207 4260 1253 4314 si
1310 4262 1557 4316 homines
1591 4273 1811 4332 peccata
1838 4264 2082 4319 dimitte-

487 4365 553 4405 re
602 4361 851 4420 possunt,
894 4354 1021 4423 quia
1064 4361 1123 4406 ut
1163 4354 1267 4406 hoc
1299 4356 1529 4422 possint,
1566 4371 1674 4408 non
1713 4370 1778 4409 ex
1828 4372 1946 4420 sua,
1992 4356 2083 4410 sed

484 4456 561 4497 ex
589 4441 770 4497 divina
794 4446 990 4498 virtute
1022 4444 1314 4514 aceipiunt.
1355 4454 1408 4499 ct
1438 4447 1541 4501 hoc
1569 4447 1885 4503 hominibus
1917 4448 2083 4503 Deum

1614 378 1944 437 WERNEBI
1979 376 2279 438 ABBATIS
2318 379 2377 437 Β.
2420 381 2643 438 BLASII

467 501 600 572 quia
669 507 994 571 potestatem
1042 495 1309 552 divinitus
1376 496 1629 553 collatam
1691 495 2065 553 sacerdotibus
2093 498 2141 557 Α

3628 388 3766 445 1188

2843 512 3063 554 DIVISIO.

2232 581 2543 640 Notandum
2591 600 2811 656 quoque
2862 596 2949 642 est
2992 597 3047 642 et
3104 588 3237 644 illud
3296 590 3446 660 quod
3497 591 3706 649 dicitur
3749 612 3762 650 ;

2169 697 2188 729 ι
2253 677 2592 748 Quacunque
2662 679 2796 733 hora
2869 680 3198 750 ingemuerit
3263 692 3539 752 peccator,
3584 687 3764 743 salvus

2164 770 2269 823 erit
2313 769 2527 838 (Ezecli.
2560 771 2737 838 xvm).
2786 789 2805 823 ι
2840 770 2951 842 Ego
2998 773 3066 827 de
3110 773 3197 827 his
3240 775 3513 845 praecipue
3559 777 3761 835 dictum

2165 862 2401 926 aestimo,
2425 862 2517 931 qui
2559 871 2727 916 totam
2763 862 2932 916 vitam
2966 879 3121 919 suam
3170 865 3223 918 in
3257 869 3495 935 peccatis
3520 880 3762 939 agentes,

2168 952 2221 1006 in
2246 953 2350 1007 line
2373 954 2654 1022 pmnitcnt,
2672 963 2868 1008 ettunc
2888 967 3105 1025 peccata
3120 972 3218 1010 sua
3246 957 3527 1023 deserunt,
3548 962 3763 1030 quando

2162 1042 2275 1112 jam
2309 1045 2360 1097 in
2401 1045 2502 1099 hac
2551 1047 2661 1100 vita
2700 1056 2915 1116 tempus
2967 1048 3363 1105 satisfactionis
3410 1053 3614 1107 habere
3661 1071 3760 1113 non

2168 1146 2415 1205 possunt.
2446 1136 2655 1203 Quibus
2685 1139 2905 1205 dicitur,
2945 1155 3013 1195 ne
3042 1151 3225 1195 tamen
3257 1142 3369 1196 ullo
3400 1146 3563 1198 modo
3592 1145 3659 1200 de
3676 1163 3760 1202 ve-

2170 1226 2259 1279 nia
2291 1226 2598 1295 desperent,
2631 1229 2761 1297 quia
2797 1237 2852 1282 et
2895 1238 3026 1285 tunc
3067 1247 3291 1301 quoque
3329 1233 3375 1286 si
3426 1250 3552 1289 vere
3594 1237 3759 1306 paeni-

2169 1320 2391 1381 tuerint,
2442 1320 2874 1375 misericordiam
2923 1323 3191 1391 consequi
3241 1325 3444 1379 valent.
3490 1324 3605 1381 Hoc
3659 1338 3755 1395 est,

2168 1425 2496 1480 quacunque
2536 1411 2691 1475 hora,
2737 1414 2946 1467 scilicet
2985 1414 3152 1468 etiam
3201 1416 3255 1468 in
3287 1418 3567 1481 extremis,
3601 1419 3754 1474 etiam

2170 1502 2223 1555 in
2257 1502 2489 1557 articulo
2520 1505 2882 1570 necessitatis,
2914 1506 2958 1560 si
2994 1516 3251 1575 peccator
3281 1508 3627 1578 ingemuerit.
3661 1511 3756 1568 hoe

2169 1603 2273 1661 est,
2305 1612 2371 1649 ex
2398 1605 2510 1650 tota
2543 1597 2723 1652 cordis
2751 1598 3080 1652 contritione
3112 1614 3414 1654 conversus
3441 1598 3619 1664 fuerit,
3650 1603 3754 1656 sal-

2168 1701 2270 1740 vus
2298 1686 2422 1752 erit,
2446 1688 2516 1741 ab
2544 1696 2744 1743 περι-[ιιι
2778 1691 2987 1744 scilicet
3013 1689 3391 1745 damnatione.
3431 1690 3590 1758 Quasi
3634 1695 3756 1748 aliis

2169 1778 2354 1833 verbis
2398 1780 2671 1835 diceretur
2701 1797 2715 1832 :
2749 1781 3089 1852 Quacunque
3122 1783 3258 1837 hora
3290 1784 3345 1836 in
3373 1787 3620 1853 praesenti
3653 1787 3755 1840 vita

2174 1881 2424 1941 peccator
2452 1887 2579 1927 vere
2612 1874 2946 1942 paenituerit,
2975 1875 3029 1928 in
3061 1874 3243 1929 futura
3277 1876 3390 1929 vita
3421 1892 3526 1931 non
3550 1878 3750 1946 peribit.

2172 1962 2326 2030 Quod
2373 1964 2417 2017 si
2484 1964 2610 2033 quis
2664 1966 2959 2020 contendat
3014 1966 3144 2021 illud
3189 1968 3337 2037 quod
3391 1968 3595 2023 dictum
3639 1980 3751 2036 est,

2179 2072 2196 2105 ι
2231 2055 2416 2109 salvus
2443 2056 2567 2118 erit,
2607 2074 2626 2106 ι
2663 2071 2771 2111 ιιοιι
2801 2072 2924 2112 esse
2973 2058 3180 2112 dictum
3222 2059 3292 2112 de
3320 2059 3621 2114 salvatione
3644 2076 3753 2131 qua

2173 2146 2227 2201 in
2279 2146 2465 2202 futuro
2507 2149 2787 2214 tribuitur,
2819 2150 2911 2204 sed
2939 2151 3007 2204 de
3047 2150 3136 2204 illa
3179 2152 3368 2219 potius
3397 2168 3520 2221 qua:
3548 2153 3602 2205 in
3631 2169 3753 2223 pr:-

2173 2237 2312 2290 senti
2342 2237 2688 2293 absolutione
2733 2249 3081 2307 peccatorum
3116 2241 3486 2295 condonatur.
3530 2239 3642 2296 Non
3671 2258 3754 2297 ne-

2174 2344 2327 2384 cesse
2351 2339 2435 2385 est
2464 2340 2643 2384 tamen
2695 2346 2798 2385 nos
2831 2332 3014 2385 dicere
3049 2333 3197 2402 quod
3223 2345 3486 2402 peccator
3511 2335 3579 2388 ab
3617 2333 3754 2388 omni

2173 2420 2357 2475 debito
2385 2437 2487 2476 suo
2516 2422 2850 2482 absolvatur.
2886 2425 3068 2477 statim
3096 2440 3163 2478 ex
3193 2441 3305 2495 quo
3334 2441 3551 2496 gemere
3586 2428 3753 2497 coepit,

2176 2514 2350 2568 donec
2401 2521 2572 2567 totum
2627 2526 2958 2570 consecutus
3015 2515 3181 2570 fuerit
3245 2517 3570 2581 remedium,
3621 2519 3753 2589 quod

2176 2601 2319 2658 Deus
2340 2605 2404 2657 ad
2429 2606 2779 2660 obtinendam
2808 2608 3023 2662 veniam
3055 2609 3313 2663 instituit.
3343 2609 3458 2665 IIoc
3480 2621 3561 2666 est
3586 2623 3753 2668 autem

2174 2696 2501 2762 remedium,
2553 2707 2611 2751 ut
2660 2699 2824 2752 corde
2874 2700 3157 2768 pmniteat,
3211 2710 3269 2755 et
3310 2717 3406 2755 ore
3448 2703 3753 2758 confiteatur

2175 2786 2430 2840 delictum
2464 2812 2478 2840 .-
2509 2788 2653 2856 quod
2702 2804 2826 2842 cum
2872 2788 3079 2855 fecerit,
3116 2792 3229 2860 jam
3275 2792 3513 2861 amplius
3553 2793 3754 2848 debitor

2175 2876 2545 2933 damnationis
2594 2895 2702 2933 non
2758 2880 2879 2944 erit,
2917 2882 3079 2935 etiam
3130 2884 3175 2937 si
3225 2883 3524 2938 satisfactio
3574 2893 3752 2949 restat,

2176 2984 2339 3038 quam
2378 2985 2476 3038 pro
2504 2978 2726 3039 peccato
2760 2973 3032 3041 persolvit.
3075 2973 3230 3040 Quod
3271 2976 3317 3029 si
3352 2974 3488 3030 forte
3514 2985 3755 3044 peccatur

2176 3074 2302 3114 vere
2338 3062 2619 3129 pmniteat,
2649 3064 2742 3117 sed
2786 3064 3186 3121 intercurrente
3213 3068 3436 3121 articulo
3463 3069 3756 3123 necessita-

2177 3151 2247 3205 tis
2276 3151 2342 3205 ad
2388 3151 2792 3207 confessionem
2841 3156 3025 3209 venire
3070 3172 3182 3211 non
3218 3160 3396 3227 possit,
3423 3159 3757 3216 confidenter

2179 3247 2474 3313 pronuntio
2503 3246 2648 3315 quod
2703 3247 2759 3300 in
2803 3264 2869 3302 eo
2912 3265 3166 3303 summus
3216 3252 3462 3307 sacerdos
3503 3253 3753 3321 complet,

2178 3336 2323 3406 quod
2353 3338 2598 3395 mortalis
2622 3355 2729 3393 non
2762 3341 2956 3409 potuit,
2981 3350 3035 3395 et
3065 3342 3211 3411 apud
3238 3342 3407 3397 Deum
3428 3344 3535 3413 jam
3558 3343 3751 3398 factum

2180 3436 2395 3481 constat
2414 3428 2560 3497 quod
2583 3428 2746 3483 homo
2768 3430 2988 3498 quidem
3005 3446 3132 3485 vere
3157 3433 3351 3498 voluit,
3371 3433 3463 3488 sed
3479 3450 3580 3488 non
3598 3434 3754 3488 valuit

2180 3518 2508 3587 adimplere,
2550 3521 2677 3589 quia
2710 3521 3111 3578 confessionem
3156 3541 3264 3579 non
3309 3535 3641 3596 contemptus
3665 3541 3753 3580 ex-

2182 3612 2366 3679 clusit,
2394 3613 2488 3667 sed
2545 3613 2830 3683 impedivit
2861 3617 3183 3671 necessitas.
3230 3616 3470 3673 Proinde
3507 3619 3577 3683 id,
3621 3618 3749 3688 quod

2182 3702 2389 3757 dictum
2425 3713 2509 3757 est
2542 3723 2554 3757 :
2587 3724 2605 3756 ι
2659 3705 2998 3778 Quacunque
3039 3707 3172 3763 hora
3214 3711 3541 3781 ingemuerit
3582 3727 3753 3781 pecca-

2185 3802 2270 3848 tor
2296 3796 2480 3850 salvus
2502 3796 2661 3863 erit,»
2700 3798 2744 3853 si
2775 3798 2843 3853 de
2876 3800 3127 3867 prrcscnti
3160 3800 3338 3855 salute
3369 3802 3640 3872 accipitur,
3679 3803 3753 3857 sic

2183 3886 2593 3957 intelligendum
2626 3900 2731 3955 est,
2768 3906 2831 3945 ac
2855 3892 2900 3946 si
2933 3891 3248 3947 diceretur.
3278 3892 3437 3949 Tunc
3478 3895 3752 3965 peccatoris

2185 3979 2337 4034 salus
2368 3980 2577 4050 incipit,
2608 3984 2829 4052 quando
2858 3986 3128 4039 veraciter
3163 4002 3263 4055 pro
3305 3988 3521 4042 delictis
3546 3988 3647 4042 suis
3670 3988 3750 4040 in-

2186 4073 2462 4143 gemiscit;
2508 4091 2631 4145 quae
2679 4084 2863 4132 tamen
2911 4078 3060 4133 salus
3106 4089 3235 4134 tunc
3282 4081 3442 4150 plene
3482 4080 3748 4150 perﬁcitur,

2186 4164 2407 4232 quando
2439 4165 2489 4219 id
2540 4167 2683 4220 unde
2731 4168 3059 4239 ingemuerit
3104 4169 3270 4222 etiam
3328 4185 3426 4225 ore
3470 4170 3747 4225 confitetur.

2186 4255 2318 4311 Item
2363 4257 2492 4311 illud
2536 4259 2682 4329 quod
2722 4261 2923 4315 dicitur
2958 4262 3084 4332 quia
3126 4264 3308 4317 adhuc
3334 4275 3389 4318 te
3420 4264 3658 4332 loquente
3681 4261 3753 4315 di-

2188 4366 2307 4404 cam
2342 4369 2355 4404 :
2388 4369 2406 4401 ‹
2445 4350 2582 4407 Ecce
2613 4354 2804 4407 adsum
2839 4353 2977 4419 (lsa.
3007 4357 3154 4425 va).
3209 4375 3227 4406 ι
3268 4354 3363 4410 Sic
3400 4356 3751 4410 convenienter

2188 4450 2372 4510 potest
2401 4442 2572 4511 aceipi
2615 4444 2742 4513 quia
2774 4443 2918 4499 Deus
2963 4448 3085 4515 pius
3126 4449 3284 4500 adest
3312 4461 3410 4515 per
3450 4446 3677 4516 gratiam,
3702 4451 3751 4497 ut

486 4535 646 4594 dare.
674 4534 811 4588 nihil
841 4544 924 4588 est
974 4537 1121 4589 aliud
1168 4553 1329 4606 quam
1375 4537 1542 4592 Deum
1578 4540 1680 4593 hoc
1711 4556 1806 4609 per
1835 4542 2086 4595 homines
2119 4543 2162 4596 D
2192 4548 2290 4587 (ἓοΓ
2333 4534 2399 4588 ad
2446 4535 2819 4602 ρωιιίιθιιιίιιηι
2868 4548 3222 4607 compungat.
3266 4539 3466 4594 deinde
3516 4539 3671 4601 adesi.
3703 4543 3753 4588 ιιι

488 4629 693 4685 facere.
714 4629 868 4696 Quod
888 4640 1066 4685 autem
1092 4632 1158 4685 de
1183 4633 1532 4688 mundatione
1554 4635 1753 4703 leprosi
1778 4643 2081 4704 oppo:iunt,

490 4720 720 4774 minime
759 4722 1088 4790 Oppositioui
1121 4738 1310 4775 eorum
1346 4724 1691 4795 suffragatur,
1730 4727 1858 4795 quia
1893 4727 1937 4781 si
1964 4727 2084 4780 ideo

489 4821 751 4882 peccator
794 4822 919 4867 ante
968 4813 1366 4871 confessionem
1411 4818 1618 4871 absolvi
1650 4820 1953 4874 credendus
1980 4827 2083 4885 est,

493 4904 627 4974 quia
665 4905 910 4973 leprosos
942 4908 1236 4962 mundatus
1266 4918 1350 4963 est
1392 4918 1518 4964 ante
1561 4911 2083 4967 demonstrationem

488 4996 683 5050 eadem
711 4998 920 5051 ratione
952 5010 1201 5065 peccator
1235 5009 1355 5069 post
1392 5006 1866 5072 coznpuuctiouem
1901 5003 1966 5057 ad
2000 5018 2088 5059 sa-

490 5086 772 5142 cerdotem
808 5088 884 5142 ire
933 5104 1040 5143 non
1087 5090 1244 5145 debet
1292 5103 1570 5161 peccatum
1620 5112 1779 5148 suum
1812 5096 2085 5166 plangere,

492 5177 593 5232 sed
626 5178 896 5248 justitiam
935 5181 1331 5247 demonstrare,
1365 5186 1492 5254 quia
1525 5194 1579 5239 ct
1622 5187 1709 5239 ille
1738 5188 1802 5241 ad
1836 5189 2090 5243 sacerdo-

495 5276 580 5327 tes
624 5271 829 5327 missus
861 5281 964 5330 est.
1001 5289 1106 5327 non
1144 5284 1205 5328 ut
1245 5260 1533 5330 sanitatdm
1569 5278 1849 5347 reciperet,
1886 5280 1978 5333 sed
2031 5289 2091 5334 ut

497 5367 787 5419 sanitatem
835 5367 1237 5422 demonstraret
1270 5387 1282 5420 :
1312 5369 1456 5437 quod
1491 5370 1716 5424 omnino
1755 5371 1887 5425 Iidcs
1931 5370 2092 5425 Chri-

500 5457 677 5512 stiana
710 5458 986 5513 abhorret.
1022 5458 1311 5529 Propterea
1344 5462 1389 5514 si
1435 5463 1780 5526 miraculum,
1806 5463 1949 5532 quod
1986 5462 2091 5518 Do-

500 5549 687 5604 minus
721 5558 979 5619 operatus
1007 5560 1111 5616 est,
1160 5551 1538 5606 sacerdotibus
1583 5569 1690 5607 non
1722 5554 1792 5608 ob
1841 5569 2093 5608 reveren-

500 5638 633 5693 tiam
665 5639 849 5707 oliicii,
879 5642 974 5697 sed
1022 5642 1090 5698 ad
1140 5642 1532 5712 improperium
1577 5646 1917 5713 ostenditur,
1959 5646 2089 5716 quid

496 5731 651 5787 aliud
678 5748 897 5803 quoque
921 5751 1086 5806 quam
1118 5735 1245 5790 novi
1277 5736 1566 5793 sacerdotii
1598 5738 1652 5794 in
1679 5737 1906 5808 spiritali
1933 5755 2095 5795 cura»

498 5821 653 5880 tione
679 5834 1023 5897 contemptus
1061 5828 1384 5899 generatur?

2186 4633 2537 4693 peccatorum
2572 4625 2962 4694 indulgentiam
2997 4630 3281 4684 confitenti
3310 4631 3517 4685 tribuat

2258 4717 2542 4773 Postremo
2586 4719 2638 4773 id
2666 4721 2812 4789 quod
2856 4722 2923 4776 de
2946 4723 3160 4791 psalmo
3201 4733 3490 4793 opponunt
3518 4742 3531 4778 :
3563 4743 3580 4773 ι
3614 4719 3748 4774 Dixi:

2187 4809 2503 4865 Coufitcbor
2534 4812 2823 4867 adversum
2852 4830 2938 4868 me
2972 4814 3297 4883 injustitiam
3322 4832 3499 4892 meam
3535 4814 3748 4875 Domino,

2189 4914 2313 4959 ettu
2335 4906 2591 4961 remisisti
2622 4906 2954 4977 impietatem
2989 4911 3192 4978 peccati
3226 4912 3331 4965 mei
3362 4910 3538 4977 (Psal.
3573 4907 3749 4976 xxxx)»

2190 5009 2416 5054 sanctus
2453 4999 2753 5071 Gregorius
2777 5001 2843 5055 de.
2871 5003 3027 5072 culpa
3070 5003 3423 5073 cogitationis
3454 5010 3754 5057 tantummo-

2189 5090 2260 5145 do
2295 5090 2480 5144 decem
2533 5106 2656 5146 esse
2700 5094 2936 5147 asseruit
2960 5095 3011 5148 in
3048 5095 3162 5149 hzcc
3193 5095 3357 5149 verba
3391 5110 3405 5146 :
3438 5093 3585 5164 Sznpe
3615 5093 3757 5146 mise-

2190 5184 2367 5237 ricors
2400 5182 2540 5238 Deus
2565 5200 2630 5238 eo
2654 5185 2818 5240 citius
2844 5195 3065 5255 peccata
3091 5172 3272 5242 cordis
3301 5188 3499 5251 abluit,
3530 5201 3632 5257 quo
3659 5185 3760 5239 hac

2190 5277 2340 5331 exire
2375 5278 2441 5331 ad
2468 5293 2630 5345 opera
2672 5280 3102 5348 non'permittit.
3151 5277 3303 5335 Unde
3348 5289 3496 5335 recte
3527 5295 3615 5349 per
3636 5274 3761 5330 Psal-

2193 5368 2414 5423 mistam
2490 5369 2690 5424 dicitur
2746 5388 2759 5425 :
2808 5389 2828 5423 ι
2882 5370 3002 5425 Dixi
3049 5391 3061 5425 :
3113 5370 3432 5427 Coulitebor
3498 5371 3760 5424 adversum

2194 5478 2281 5516 me
2321 5462 2643 5531 iniustitiam
2682 5479 2858 5517 meam
2905 5463 3171 5531 Domino;
3206 5474 3259 5518 et
3289 5473 3347 5518 tu
3400 5461 3644 5519 remisisti
3671 5462 3759 5515 ira—

2195 5554 2448 5624 pietatem
2481 5555 2685 5623 peccati
2718 5555 2845 5609 mei.
2885 5574 2904 5606 ι
2946 5553 3013 5611 Et
3047 5556 3209 5626 paulo
3232 5566 3376 5625 post,
3414 5570 3574 5627 quam
3605 5550 3757 5607 facilis

2196 5662 2360 5716 super
2409 5647 2526 5702 haec
2557 5647 2717 5702 venia
2761 5648 2834 5703 sit
2880 5649 3138 5714 ostendit,
3187 5648 3284 5719 qui
3325 5649 3459 5704 dum
3500 5663 3559 5703 se
3602 5644 3758 5699 adhuc

2197 5740 2462 5811 permittit
2501 5749 2720 5810 petere,
2763 5740 2867 5797 hoc
2911 5741 3055 5811 quod
3098 5756 3163 5798 se
3208 5752 3397 5811 petere
3442 5739 3756 5811 permittebat

2198 5833 2454 5900 obtinuit,
2497 5845 2770 5906 quatenus
2819 5833 2947 5905 quia
2988 5849 3112 5892 cuin
3147 5849 3326 5905 usque
3372 5836 3442 5891 ad
3488 5848 3617 5906 opus
3658 5842 3753 5884 non
