3970 6428
168 387 306 441 “35

1096 367 1673 429 DEFI.ORATIONES
1714 365 1817 424 SS.

1858 361 2170 419 PATRUM.
2209 389 2281 402 —-
2318 359 2448 415 LIB.
2487 356 2550 414 II.
3307 353 3463 413 1186-

162 506 386 554 venerat
417 496 579 565 culpa
630 507 806 563 usque
847 489 914 545 ad
966 486 1271 543 cruciatum
1316 501 1424 541 non
1457 480 1761 554 perveniret
1789 484 1836 541 Α
1863 478 1981 533 vice
2030 475 2126 531 Dei
2174 473 2481 545 fungentes,
2518 485 2642 526 cum
2684 471 2886 542 qulbus
2939 469 3160 526 interim
3221 483 3448 524 causam

165 589 506 662 poenitentia,
554 586 649 642 sed
680 584 918 655 cogitata
958 580 1177 636 aﬁlictio
1223 586 1459 634 mentem
1503 580 1754 645 tergeret,

166 697 330 755 quam
364 681 627 736 nimirum
660 673 1044 731 tantummodo
1091 673 1324 742 cogitata
1376 667 1634 737 iniquitas
1672 664 1758 719 in—

100 802 113 819 ~
169 776 451 848 quinasse.
503 771 661 840 Quod
710 768 755 825 si
807 767 932 838 quis
980 766 1083 819 hoc
1141 767 1208 817 de
1258 761 1502 832 quolibet
1563 758 1761 813 delicio

170 868 297 923 velit
353 866 621 935 accipere,
670 861 808 916 sciat
859 867 1038 911 tamen
1087 854 1235 908 aliud
1285 859 1567 923 peccatum
1617 862 1759 910 esse,

174 963 320 1017 aliud
347 960 680 1030 impietatem
715 950 946 1023 peccati.
980 946 1237 1016 Impietas
1278 956 1514 1011 namque
1556 937 1761 1009 peccati

174 1057 291 1128 ipsa
317 1052 620 1109 rectissime
649 1044 940 1102 obduratio
975 1040 1157 1094 cordis
1187 1036 1471 1105 accipitur,
1495 1049 1617 1103 qua:
1644 1032 1763 1101 pri-

175 1164 325 1205 mum
359 1148 414 1201 in
447 1139 869 1213 compunctione
920 1133 1170 1197 solvitur,
1218 1138 1278 1183 ut
1310 1125 1657 1198 postmodum
1707 1123 1764 1177 in

177 1238 523 1297 confessione
564 1241 847 1305 peccatum
883 1230 1084 1299 ipsum,
1117 1223 1169 1277 id
1217 1230 1302 1276 est
1335 1219 1576 1274 debitum
1608 1217 1765 1271 dam-

177 1332 416 1389 nationis
448 1328 781 1384 absolvatur.
825 1321 927 1376 Sed
959 1320 1074 1376 sive
1106 1318 1213 1371 hoc
1244 1315 1358 1369 sive
1384 1313 1490 1367 alio
1522 1326 1769 1381 quocun-

178 1443 287 1499 que
336 1424 499 1479 modo
538 1418 811 1491 praedictae
859 1413 1213 1469 auctoritates
1258 1413 1620 1476 exponantur,
1667 1415 1770 1456 nos

178 1514 465 1575 verissime
488 1509 813 1567 conﬁtemur
846 1502 1156 1559 sacerdotes
1194 1497 1288 1551 Dei
1319 1497 1374 1550 in
1404 1494 1645 1549 Ecclesia
1673 1507 1773 1561 po-

178 1617 433 1664 testatem
472 1604 673 1658 habere
718 1596 920 1669 ligandi
966 1605 1129 1664 atque
1178 1588 1444 1655 solvendi,
1495 1600 1606 1641 non
1648 1598 1774 1654 per-

181 1699 457 1756 functorie
488 1695 751 1750 inusitato
791 1687 1026 1760 quodam
1069 1697 1267 1755 genere
1302 1678 1557 1750 loquendi
1599 1674 1776 1746 signi-

183 1795 429 1855 licatam,
475 1788 570 1843 sed
620 1782 881 1838 veraciter
926 1794 956 1832 a
1012 1776 1124 1831 Deo
1171 1786 1526 1836 concessam,
1574 1767 1776 1837 quibus

1860 585 2016 626 suam
2042 569 2161 623 sine
2185 564 2428 637 periculo
2455 579 2614 634 agere
2644 572 2897 634 possunt.
2926 564 3129 618 Ament
3174 561 3451 616 interces-

1862 677 2038 728 sores,
2072 668 2126 715 et
2149 660 2375 714 timeant
2394 657 2627 727 judices.

2536 745 2762 800 Dmsro.

1935 843 2306 911 Quorumdam
2340 839 2622 910 inquisitio
2650 846 2733 892 est
2778 835 2908 906 quid
2953 849 3091 904 opus
3114 833 3186 888 sit
3228 830 3339 886 Deo
3383 828 3451 886 ad

1865 935 2119 993 solvenda
2169 942 2388 1004 peccata
2429 931 2714 985 hominum
2779 928 3025 981 homines
3069 931 3455 994 coOperatores

1867 1044 2132 1103 quaerere,
2193 1026 2349 1097 quasi
2396 1039 2490 1095 per
2534 1039 2593 1078 sc
2644 1019 2791 1091 quod
2838 1019 3071 1074 voluerit
3123 1032 3232 1070 non
3275 1015 3457 1069 valeat

1868 1123 2186 1192 adimplere.
2235 1114 2338 1173 sed
2368 1116 2676 1177 certissime
2727 1113 2868 1169 scire
2913 1113 3176 1167 debemus
3216 1108 3453 1181 quodin

1870 1210 2217 1268 absolvendis
2236 1208 2473 1279 peccatis
2506 1221 2849 1275 nequaquam
2868 1203 2977 1257 Deo
2997 1206 3234 1256 humana
3258 1214 3460 1270 coope-

1869 1303 2011 1357 ratio
2035 1301 2385 1369 suﬁ‘ragetur.
2426 1296 2552 1352 Ideo
2591 1305 2772 1350 tamen
2814 1295 3090 1348 hominem
3136 1299 3456 1361 cooperato-

1872 1409 1990 1449 rem
2025 1392 2166 1457 ﬁeri,
2197 1392 2326 1460 quia
2359 1390 2509 1444 salus
2532 1388 2838 1457 peccatoris
2868 1402 2933 1441 eo
2955 1385 3120 1440 modo
3148 1391 3459 1452 competen.

1874 1486 1983 1541 tius
2011 1483 2311 1554 perlicitur.
2341 1479 2481 1547 Quid
2509 1480 2656 1534 enim
2688 1485 2933 1547 peccata,
2966 1476 3074 1530 nisi
3116 1475 3287 1544 plaga:
3314 1489 3466 1543 qua:—

1875 1577 2001 1633 dam
2035 1573 2202 1629 sunt?
2222 1581 2278 1627 et
2302 1570 2432 1642 quid
2454 1578 2536 1625 est
2568 1566 2910 1639 prenitentia,
2935 1566 3039 1620 nisi
3066 1564 3367 1619 medicina?
3398 1561 3466 1617 Et

1878 1671 2085 1727 scimus
2111 1666 2331 1737 quidem
2371 1665 2425 1718 in
2476 1660 2738 1718 sanandis
2768 1660 3082 1715 vulneribus
3115 1659 3319 1723 carnis,
3358 1655 3468 1712 nisi

1844 1776 2188 1837 'congruum
2245 1759 2573 1815 adhibeatur
2624 1754 2925 1809 remedium
3005 1751 3203 1817 dolori,
3258 1763 3471 1821 nequa-

180 1885 395 1938 dictum
422 1891 505 1935 est
530 1897 543 1933 :
564 1898 583 1929 ι
612 1877 852 1943 Quorum
880 1869 1202 1925 remiseritis
1223 1874 1463 1936 peccata,
1487 1861 1775 1916 remittun-
1809 1835 1853 1890 Β
1880 1869 2045 1926 quam
2090 1851 2340 1921 sequitur
2373 1847 2600 1903 eﬁ‘ecrus
2640 1843 2965 1899 curationis.
2996 1841 3134 1909 Quia
3184 1855 3317 1911 ergo
3371 1852 3473 1910 per

182 1984 277 2030 tur
307 1974 389 2028 eis
416 1991 430 2026 :
453 1980 507 2025 et
536 1976 767 2040 ‘quorum
793 1958 1144 2026 rctinueritis,
1172 1967 1385 2012 retenta
1409 1962 1569 2009 erunt
1592 1950 1780 2022 (Joan.

177 2068 305 2137 xx).
342 2085 361 2118 ›
393 2063 497 2119 Sed
523 2062 659 2116 forte
682 2058 805 2129 quis
832 2060 1068 2125 opponet
1088 2052 1215 2120 quia
1240 2045 1554 2105 sacerdotes
1578 2043 1779 2098 multos

182 2161 358 2232 ligant
404 2159 458 2212 in
504 2153 767 2216 Ecclesia,
801 2152 896 2215 qui
937 2147 1078 2217 apud
1129 2144 1298 2198 Deum
1329 2157 1436 2195 non
1488 2139 1724 2209 ligantur
1764 2154 1778 2190 :

182 2230 428 2321 itemque
459 2246 662 2301 multos
697 2244 937 2306 solvunt,
968 2238 1059 2310 qui
1099 2236 1241 2307 apud
1276 2234 1445 2288 Deum
1477 2230 1625 2303 ligati
1658 2244 1783 2300 per-

185 2351 434 2402 manent.
468 2339 573 2395 Sed
614 2352 756 2407 saepe
798 2343 850 2390 et
895 2334 1212 2387 innocentes
1238 2330 1426 2398 ligant,
1456 2333 1511 2379 et
1540 2324 1594 2377 in
1629 2330 1783 2376 reatu

184 2444 570 2511 permanentes
589 2432 898 2492 absolvunt,
924 2436 977 2481 et
999 2425 1079 2481 sic
1099 2438 1285 2478 verum
1311 2436 1422 2475 non
1442 2420 1576 2474 erit:
1599 2437 1616 2469 ι
1638 2416 1785 2484 Quo-

185 2547 315 2587 rum
343 2527 665 2584 remiseritis
702 2533 922 2593 peccata
951 2518 1294 2573 remittentur
1326 2515 1426 2581 eis,
1455 2521 1510 2568 et
1547 2526 1785 2582 quorum

186 2619 532 2680 retinueritis
562 2626 771 2672 retenta
805 2620 963 2669 erunt
999 2608 1179 2682 (Joan.
1213 2607 1329 2671 xx).
1367 2623 1386 2657 ι

270 2712 379 2768 Sed
405 2710 687 2766 sciendum
722 2714 807 2760 cst
843 2703 990 2774 quod
1022 2715 1164 2769 saepe
1213 2712 1368 2752 sacra
1398 2694 1681 2765 Scriptura
1708 2694 1788 2749 sic

192 2809 267 2865 de
292 2822 352 2862 re
374 2806 555 2875 aliqua
582 2801 822 2871 loquitur
845 2807 903 2851 ut
925 2794 1055 2866 quid
1090 2792 1214 2847 inde
1244 2797 1533 2844 venturum
1566 2788 1639 2842 sit
1665 2802 1790 2857 pro-

188 2902 455 2958 nuntiare
504 2896 772 2958 videatur,
813 2900 868 2946 et
904 2899 1083 2944 tamen
1130 2885 1385 2938 virtutem
1438 2880 1558 2949 ejus
1613 2878 1789 2949 magis

191 3009 367 3066 quam
389 2997 642 3047 eventum
674 2985 964 3055 exprimat,
996 2978 1124 3050 quia
1150 2992 1254 3031 non
1294 2972 1425 3045 quid
1457 2972 1674 3027 evenire
1695 2972 1791 3025 de-

192 3062 347 3151 beat,
380 3083 474 3139 sed
497 3080 628 3152 quid
659 3078 879 3133 evenire
906 3072 1080 3144 possit
1102 3069 1371 3124 ostendat.
1402 3064 1564 3120 Verbi
1592 3062 1786 3134 gratia,

193 3178 336 3234 dicit
381 3175 619 3246 quodam
668 3171 790 3224 loco
836 3165 1165 3235 Scriptura:
1202 3179 1219 3211 ι
1265 3158 1370 3225 Qui
1400 3155 1692 3213 crediderit
1738 3162 1792 3209 et

194 3272 514 3342 baptizatus
545 3265 706 3321 fuerit
737 3262 921 3317 salvus
947 3259 1052 3313 erit
1081 3254 1276 3325 (Marc.
1309 3252 1498 3321 “1);:
1533 3258 1585 3304 et
1609 3258 1793 3302 tamen

196 3363 413 3418 scimus
457 3356 586 3427 quia
628 3353 785 3408 multi
814 3349 1100 3406 credentes
1127 3344 1461 3414 baptismum
1497 3339 1792 3409 accipiunt,

195 3456 297 3526 qui
320 3460 509 3524 postea
551 3447 728 3516 culpis
755 3444 872 3500 suis
913 3438 1256 3511 exigentibus
1294 3433 1569 3504 reprobati
1606 3431 1672 3485 ad
1708 3446 1796 3486 sa-

195 3551 372 3605 lutem
400 3555 662 3601 aeternam
700 3553 809 3593 non
853 3534 1189 3606 pertingunt.
1220 3529 1349 3582 Item
1389 3528 1443 3580 in
1476 3526 1585 3580 alio
1631 3525 1794 3578 loco:

202 3661 221 3695 ς
271 3639 377 3706 Qui
406 3635 700 3691 manducat
727 3642 946 3686 carnem
978 3638 1155 3679 meam
1200 3630 1255 3675 et
1297 3619 1435 3674 bibit
1476 3616 1799 3687 sanguinem

195 3748 394 3787 meum
440 3729 605 3783 habet
648 3726 816 3779 vitam
871 3729 1153 3780 aeternam,
1203 3722 1258 3769 et
1302 3713 1355 3766 in
1385 3710 1653 3782 judicium
1687 3721 1798 3761 non

195 3824 412 3888 veniet,
445 3820 540 3876 sed
577 3816 801 3872 transiet
828 3814 894 3868 de
923 3820 1095 3865 morte
1117 3809 1185 3862 ad
1218 3808 1385 3860 vitam
1426 3802 1607 3872 (Joan.
1639 3800 1739 3870 γι).
1773 3818 1792 3852 ι

198 3918 270 3971 Et
307 3926 494 3971 tamen
522 3912 727 3966 Paulus
748 3906 881 3961 dicit
914 3923 926 3958 ε
962 3924 980 3954 ε
1010 3902 1149 3969 Quia
1175 3897 1428 3969 quisquis
1458 3908 1660 3964 corpus
1692 3890 1800 3947 Do-

200 4007 347 4064 mini
380 4004 601 4073 indigne
623 3999 955 4054 manducare
980 4003 1034 4047 et
1067 3991 1294 4046 calicem
1329 3987 1513 4041 bibere
1538 3996 1806 4053 praasum-

199 4099 406 4171 pscrit,
431 4094 697 4166 judicium
723 4090 824 4145 sibi
853 4086 1145 4143 manducat
1170 4092 1224 4137 et
1246 4080 1382 4135 bibit
1411 4075 1464 4147 (1
1489 4075 1616 4132 Cor.
1649 4073 1748 4144 xl).
1779 4091 1800 4125 ι

201 4191 434 4260 Ubique
455 4201 587 4257 ergo
623 4183 796 4253 magis
830 4181 1006 4234 virtus
1028 4181 1498 4233 sacramentorum
1545 4165 1812 4236 exprimi-

202 4256 443 4350 tur,—ne
469 4278 615 4350 quod
642 4292 736 4346 per
764 4290 826 4329 ea
859 4272 1087 4343 quilibet
1127 4265 1516 4337 participautes
1562 4256 1811 4315 salvandi

205 4348 350 4442 sint,
410 4348 505 4429 sed
550 4370 697 4441 quod
733 4366 932 4423 salvari
974 4362 1188 4433 possint
1231 4355 1594 4428 signiﬁcatur.
1640 4348 1810 4416 Quasi

206 4472 534 4527 diceretur:
575 4462 747 4517 Tanta
775 4459 950 4515 virtus
992 4464 1076 4511 est
1124 4450 1401 4522 baptismi,
1450 4455 1511 4501 ut
1560 4442 1812 4514 quisquis

205 4564 358 4623 illud
376 4560 604 4639 ﬁdeliter
621 4566 674 4611 et
688 4556 880 4611 devote
894 4548 1182 4620 acceperit,
1201 4560 1296 4615 per
1317 4543 1447 4597 illud
1466 4539 1533 4595 ad
1554 4546 1812 4593 aeternam
1847 4558 1891 4614 ι)

208 4636 806 4723 εαιιιῑοιήρεινιίηςριθε
849 4644 1041 4715 possit.
1087 4641 1217 4695 Item
1264 4646 1413 4692 tanta
1459 4633 1629 4687 virtus
1654 4637 1736 4684 est
1765 4627 1819 4680 in

209 4717 544 4818 sumptione
575 4717 821 4811 corporis
863 4744 918 4791 et
969 4731 1253 4804 sanguinis
1289 4728 1418 4793 mei,
1448 4735 1509 4780 ut
1553 4738 1647 4793 per
1682 4717 1815 4773 illud

215 4843 553 4916 quicunque
579 4834 742 4901 digne
790 4825 1084 4897 sumpserit
1123 4831 1384 4877 :eternam
1424 4817 1593 4871 vitam
1629 4825 1825 4867 conse-

213 4899 333 5009 qlui.
352 4899 547 5002 possit.
582 4899 760 4978 Simili
792 4918 954 4975 modo
983 4916 1089 4971 hoc
1112 4913 1320 4968 dictum
1343 4907 1593 4965 aestimo:
1633 4921 1652 4954 ι
1683 4899 1827 4968 Quo-

211 4999 712 5083 remiseritis
748 5019 996 5085 peccata,
1037 5006 1394 5061 remittuntur
1444 4999 1545 5064 eis,
1585 5003 1640 5049 et
1684 5006 1826 5062 quo-

214 5134 363 5177 rum
416 5108 774 5171 retinueritis,
811 5110 1023 5159 retenta
1063 5105 1245 5154 erunt.
1294 5112 1312 5145 ι
1364 5090 1443 5145 Ac
1487 5089 1532 5143 si
1584 5084 1829 5155 apertius

218 5214 555 5269 diceretur:
594 5202 824 5257 Tantam
860 5195 1016 5252 vobis
1045 5197 1366 5262 potestatem
1408 5183 1463 5237 in
1494 5177 1730 5252 ligandis
1777 5184 1831 5230 et

221 5300 522 5361 solvendis
554 5293 792 5367 peccatis
819 5288 1023 5349 tribuo,
1054 5290 1114 5337 ut
1136 5277 1388 5350 quisquis
1424 5289 1456 5328 a
1482 5271 1643 5326 vobis
1675 5266 1833 5337 ligari

223 5391 532 5456 meruerit,
560 5386 705 5457 apud
730 5397 817 5438 me
841 5381 1054 5435 solutus
1080 5387 1201 5429 esse
1237 5387 1345 5426 non
1370 5365 1569 5438 possit,
1600 5369 1657 5417 et
1678 5358 1837 5429 quis-

226 5490 378 5562 quis
410 5502 442 5541 a
466 5483 623 5539 vobis
665 5476 803 5533 solvi
841 5469 1123 5534 meruerit,
1167 5467 1280 5536 jam
1308 5460 1455 5531 apud
1499 5472 1585 5511 me
1636 5454 1836 5523 ligatus

228 5554 366 5640 non
391 5580 482 5635 sit.
508 5574 750 5630 Audiant
773 5567 1047 5627 homines,
1081 5569 1137 5617 et
1172 5556 1475 5625 intelligant
1521 5554 1839 5620 peccatores

231 5673 402 5750 quod
434 5666 749 5742 praesidium
772 5662 853 5716 eis
886 5675 918 5715 a
947 5658 1058 5712 Deo
1080 5650 1421 5712 conceditur,
1439 5642 1586 5715 quod
1618 5652 1839 5694 rursum

229 5729 521 5841 {udicium
552 5763 911 5831 praeparatur.
950 5745 1228 5805 Fortassis
1260 5742 1432 5796 Deum
1479 5732 1717 5791 necdum
1759 5729 1844 5782 in-

234 5824 935 5930 terpcilarc-prtesumunt.
987 5840 1198 5897 Habent
1234 5833 1485 5892 homines
1536 5824 1846 5885 sacerdotes

1882 1942 2194 2014 superbiam
2219 1954 2437 1994 omnem
2472 1944 2753 2006 peccatum
2784 1934 3010 2004 geritur,
3039 1947 3262 1987 necesse
3292 1940 3376 1986 est
3408 1935 3471 1984 ut

1882 2052 1979 2108 per
2013 2033 2374 2088 humilitatem
2409 2029 2590 2083 omnis
2640 2025 2964 2098 paenitentia
3004 2023 3312 2086 condiatur,
3334 2037 3472 2092 qua-

1885 2139 2042 2213 tenus
2087 2126 2512 2183 inobcdientiam
2576 2120 2883 2177 obedientia
2937 2118 3169 2187 frangat.
3198 2127 3252 2170 et
3276 2115 3471 2170 elatio-

1884 2204 1972 2276 nis
2024 2229 2292 2274 tumorem
2346 2213 2670 2270 humilitatis
2710 2210 2925 2265 devotio
2973 2214 3201 2278 premat.
3262 2204 3480 2259 Conve-

1885 2312 2045 2366 niens
2073 2323 2204 2380 ergo
2227 2307 2383 2362 valde
2410 2314 2514 2371 est,
2550 2311 2610 2357 ut
2634 2316 2736 2356 nos
2767 2301 2862 2371 qui
2894 2298 3173 2369 peccando
3203 2294 3314 2349 Deo
3342 2309 3479 2349 con-

1888 2414 2132 2459 tumaces
2168 2400 2373 2457 fuimus
2402 2394 2717 2468 pmnitendo
2739 2394 2903 2448 etiam
2940 2390 3113 2445 servis
3145 2387 3240 2442 Dei
3268 2384 3483 2457 suppli-

1887 2514 1978 2554 ccs
2001 2496 2195 2559 simus,
2223 2503 2277 2547 et
2324 2492 2489 2545 homo
2519 2487 2611 2557 qui
2654 2485 2721 2539 ad
2768 2483 2862 2537 Dei
2890 2480 3120 2552 gratiam
3147 2491 3483 2533 conservan-

1888 2592 2014 2647 dam
2077 2588 2377 2642 mediatore
2422 2599 2529 2637 non
2580 2581 2750 2651 eguit,
2805 2578 2920 2646 jam
2982 2590 3103 2627 eam
3150 2583 3487 2640 recuperare

1889 2697 1998 2737 non
2024 2677 2127 2733 nisi
2153 2693 2247 2747 per
2292 2674 2569 2729 hominem
2617 2670 2973 2724 mediatorem
3022 2664 3214 2735 possit.
3250 2660 3385 2717 Nam
3413 2668 3473 2717 ct

1891 2775 1998 2829 hoc
2052 2767 2475 2825 saluberrimum
2511 2772 2595 2817 est
2638 2758 2936 2832 peccatori,
2992 2764 3053 2810 ut
3091 2755 3267 2809 discat
3313 2769 3479 2824 quam

1890 2864 2051 2931 longe
2074 2856 2350 2932 peccando
2386 2871 2417 2909 a
2448 2853 2559 2908 Deo
2623 2848 2935 2909 recesserit.
2964 2846 3102 2901 Cum
3132 2854 3313 2898 autem
3346 2843 3484 2900 diﬁ‘t-

1892 2956 2066 3012 culter
2091 2949 2406 3023 pmnilendo
2432 2945 2500 3000 ad
2534 2944 2705 2998 Deum
2748 2940 2909 3004 redit,
2940 2938 3069 3008 quia
3093 2945 3147 2990 et
3173 2935 3386 2990 cautior
3417 2935 3489 2990 de

1892 3050 2105 3119 reliquo
2131 3045 2384 3105 efﬁcitur,
2418 3054 2546 3095 cum
2582 3052 2690 3091 non
2734 3036 2855 3089 sine
2894 3029 3045 3103 gravi
3075 3030 3262 3083 labore
3305 3025 3485 3096 poeni.

1895 3140 2030 3196 tenti
2058 3137 2240 3192 aditus
2270 3128 2620 3200 indulgentia:
2661 3126 2924 3196 aperitur.
2954 3121 3151 3177 Gemat
3199 3134 3329 3189 ergo
3356 3132 3486 3188 pec-

1897 3242 2070 3297 cator,
2116 3235 2172 3283 et
2222 3227 2481 3296 suspiret,
2528 3230 2581 3275 et
2627 3219 2825 3273 anxius
2860 3232 2959 3287 pro
2995 3221 3220 3286 peccato
3261 3226 3364 3267 suo
3411 3210 3486 3266 ti-

1900 3334 2067 3392 meat,
2096 3331 2150 3378 et
2179 3324 2525 3390 expavescat,
2565 3312 2836 3368 sollicitus
2862 3310 3158 3374 discurrat,
3191 3305 3452 3360 auxiliata
3471 3330 3487 3344 -

1901 3436 1989 3476 res
2013 3427 2066 3473 et
2089 3418 2482 3471 intercessores
2504 3416 2735 3479 quaerat,
2761 3412 3076 3476 prosternat
3110 3416 3170 3456 se
3208 3400 3491 3456 humiliter

1900 3510 2107 3568 homini
2132 3507 2226 3579 qui
2275 3503 2453 3559 uoluit
2490 3500 2770 3556 humiliter
2819 3503 3001 3550 astare
3047 3491 3322 3555 Creatori,
3353 3489 3491 3544 utin

1903 3606 2008 3660 hoc
2037 3602 2200 3657 etiam
2247 3597 2393 3653 facto
2423 3589 2832 3665 quodammodo
2874 3587 2942 3640 ad
2979 3584 3150 3638 Deum
3182 3583 3400 3646 clamet,
3437 3591 3494 3634 et

1902 3695 2087 3751 dicat:
2148 3689 2314 3755 Vide,
2367 3686 2631 3750 Domine,
2693 3688 2748 3736 et
2787 3677 3110 3740 considera,
3161 3682 3215 3728 et
3274 3671 3495 3726 attende

1903 3785 2052 3855 quod
2095 3781 2258 3835 facio.
2295 3777 2422 3832 Scio
2467 3774 2713 3845 quidem,
2743 3769 2991 3833 Domine,
3038 3774 3094 3820 et
3140 3764 3311 3818 fateor
3355 3760 3495 3831 quia

1905 3852 2005 3931 tibi
2052 3871 2249 3941 subjici
2280 3869 2424 3923 nolle
2474 3862 2804 3919 damnabilis
2854 3858 2958 3912 fuit
3004 3856 3204 3918 elatio,
3235 3854 3329 3908 sed
3375 3852 3496 3923 jam

1906 3975 2125 4040 propter
2155 3974 2205 4018 te
2237 3974 2422 4016 coram
2455 3956 2678 4010 homine
2703 3948 2975 4022 prosterni
3022 3962 3131 3999 non
3164 3946 3256 4007 sit,
3285 3957 3495 4013 quaeso,

1910 4032 2381 4125 tibi—despicabilis
2407 4048 2644 4104 devotio.
2684 4043 2939 4113 Magnum
2976 4044 3061 4092 est
3095 4036 3242 4104 quod
3269 4032 3498 4101 abstuli,

1909 4167 2014 4208 nec
2051 4122 2245 4218 parum
2291 4152 2374 4197 est
2417 4138 2566 4209 quod
2603 4132 2791 4189 reddo.
2824 4128 2868 4183 Ο
2906 4142 3071 4198 quam
3114 4125 3301 4179 suavis
3329 4130 3384 4177 et
3408 4122 3501 4192 ju-

1912 4242 2091 4300 cunda
2116 4238 2212 4292 Dei
2250 4233 2424 4289 nostri
2454 4228 2733 4285 miseratio
2760 4232 2935 4278 totum
2992 4220 3196 4275 bonum
3245 4217 3360 4287 ipse
3398 4228 3503 4270 no-

1913 4346 2088 4393 strum
2120 4332 2175 4386 in
2211 4328 2372 4384 nobis
2396 4332 2674 4394 operatur,
2717 4326 2770 4372 et
2798 4316 2946 4370 velut
2974 4319 3131 4383 pater
3166 4309 3414 4363 alludens
3443 4306 3504 4361 in

1915 4427 2043 4483 ﬁliis
2064 4424 2146 4481 sic
2174 4430 2349 4476 totum
2376 4416 2526 4477 facit,
2557 4422 2616 4466 ut
2646 4408 2805 4480 quasi
2838 4404 2976 4460 nihil
3009 4402 3191 4456 facere
3220 4396 3502 4453 videatur!

1919 4520 2060 4576 Ecce
2085 4523 2339 4590 peccator
2373 4511 2760 4576 compunctus,
2790 4497 2981 4570 gemit,
3024 4492 3289 4561 suspirat,
3317 4488 3502 4557 lacry-

1922 4623 2128 4677 matur,
2161 4606 2454 4663 conﬁtetur
2492 4610 2701 4653 reatum
2756 4606 2939 4657 suum,
2968 4585 3207 4658 postulat
3260 4578 3505 4646 veniam,

1922 4706 2132 4778 ﬂagitat
2162 4693 2618 4756 misericordiam,
2654 4696 2709 4742 et
2747 4687 2852 4740 hoc
2884 4691 3058 4737 totum
3103 4674 3262 4747 quasi
3304 4688 3371 4727 ex
3409 4672 3509 4726 hoe

1925 4800 2074 4855 mine
2096 4809 2217 4850 esse
2247 4789 2507 4847 creditur.
2545 4782 2651 4838 Sed
2683 4779 2829 4851 quis,
2858 4787 3068 4846 qureso,
3100 4770 3205 4825 hoc
3231 4765 3381 4831 facit,
3402 4761 3510 4820 nisi

1926 4891 2017 4945 ille
2051 4886 2146 4958 qui
2190 4884 2338 4938 intus
2375 4874 2650 4949 praesidet,
2684 4880 2738 4925 et
2769 4883 2863 4924 cor
2912 4861 3151 4919 hominis
3192 4857 3262 4913 ad
3299 4858 3403 4913 hoc
3430 4854 3515 4910 fa-

1928 4980 2185 5040 ciendum
2236 4971 2457 5031 movet?
2514 4965 2756 5022 Obsecro
2807 4968 2867 5014 ut
2919 4972 3030 5012 non
3079 4954 3153 5009 sit
3195 4963 3511 5014 onerosum,

1932 5078 1979 5133 si
2032 5076 2196 5129 breve
2275 5065 2440 5136 hujus
2490 5060 2569 5117 rei
2618 5054 2895 5128 quoddam
2939 5045 3251 5117 exemplum
3315 5054 3518 5113 propo—

1933 5186 1996 5227 SI]
2003 5182 2096 5223 81⁸0
2130 5182 2144 5218 2

2006 5260 2167 5314 Pater
2198 5250 2421 5323 quidam
2459 5242 2751 5316 quemdam
2781 5244 3161 5293 contumacem
3192 5227 3365 5283 ﬁlium
3393 5236 3519 5278 cum

1939 5364 2140 5421 magno
2166 5310 2349 5400 furore
2378 5310 2607 5409 expulit,
2643 5340 2702 5386 ut
2736 5330 2809 5383 ita
2841 5326 3073 5382 alllictus
3125 5314 3406 5375 humiliari
3436 5310 3523 5365 di-

1940 5452 2134 5502 sceret.
2162 5437 2271 5494 Sed
2300 5435 2394 5488 illo
2418 5432 2471 5485 in
2504 5422 2848 5484 contumacia
2882 5434 2983 5473 sua
3014 5413 3342 5485 persistente
3380 5419 3521 5475 qua-

1942 5539 2068 5593 dam
2095 5533 2330 5588 discreta
2385 5517 2793 5592 dispensatione
2824 5509 3038 5568 consilii
3073 5522 3104 5559 a
3149 5512 3303 5574 patre
3349 5504 3529 5553 mater

1944 5628 2199 5686 mittitur,
2232 5630 2292 5676 ut
2317 5634 2423 5673 non
2448 5613 2608 5686 quasi
2640 5627 2672 5664 a
2693 5615 2847 5678 patre
2891 5602 3080 5663 missa,
3100 5596 3195 5652 sed
3219 5591 3380 5664 quasi
3408 5604 3529 5645 ma-

1947 5732 2100 5779 terna
2137 5681 2235 5787 per
2260 5728 2323 5769 se
2345 5681 2545 5781 pietate
2571 5706 2734 5760 ducta
2766 5695 2992 5752 veniens
3018 5682 3275 5746 muliebri
3305 5681 3527 5738 levitate

1949 5776 2286 5874 obstinatum
2311 5776 2637 5865 demulceat,
2659 5800 3039 5850 contumacem
3065 5782 3136 5839 ad
3165 5776 3534 5836 humilitatem
