3970 6466
467 415 607 473 1187

1597 400 1925 459 WEBNERI
1962 397 2257 456 ABBATIS
2297 394 2355 449 S.
2398 392 2615 449 BLASll

3618 388 3753 445 1188

463 535 669 601 flectat,
698 533 1046 589 vehementer
1067 536 1279 599 patrem
1305 525 1501 580 iratum
1527 523 1760 589 nuntiet,
1781 539 1841 578 se
1868 531 2051 577 tamen
2082 524 2130 581 Α
2157 519 2295 584 haec,
2328 525 2382 572 et
2403 514 2675 571 custodiet
2696 511 3103 567 misericordias
3131 507 3395 601 Domini?
3424 506 3602 577 (Psal.
3623 497 3756 568 ert.)

466 630 900 682 iuterventuram
956 621 1239 692 spondeat,
1271 617 1484 672 veniam
1541 616 1844 686 promittat,
1873 613 2055 669 cousi-

465 718 601 775 lium
625 717 819 773 salutis
840 723 1114 785 suggerat,
1131 714 1784 779 intercessoreaquaarere
1802 705 2053 771 suadeat,

471 827 579 867 non
615 810 719 865 nisi
748 808 960 879 magnis
990 805 1243 877 precibus
1279 813 1487 874 patrem
1540 803 1743 874 placari
1777 817 1941 872 posse
1971 801 2054 855 di-

469 911 579 968 cat,
626 916 850 956 causam
901 910 1082 953 tamen
1117 896 1195 951 rei
1227 911 1285 950 se
1323 905 1703 965 suscepturam
1737 901 1971 958 asserat,
2001 902 2059 947 et

469 995 536 1048 ad
570 995 775 1048 bonum
825 993 988 1046 finem
1023 1005 1138 1045 rem
1167 1004 1385 1044 omnem
1432 1003 1492 1042 se
1519 987 1901 1057 perducturam
1934 1000 2058 1055 pro-

471 1088 669 1141 mittat.
712 1083 920 1149 Videte,
952 1098 1161 1155 quatso,
1194 1082 1240 1137 si
1265 1096 1372 1135 non
1404 1081 1478 1135 ita
1522 1096 1690 1135 causa
1723 1087 1909 1133 nostra
1942 1077 2058 1147 agi-

470 1189 580 1233 tur.
639 1177 961 1232 Peccantem
1010 1174 1181 1228 filium
1237 1171 1381 1227 Deus
1432 1169 1595 1224 Pater
1644 1168 1803 1239 quasi
1853 1167 2060 1237 expulit

470 1271 673 1336 iratus;
708 1271 795 1325 cui
829 1277 1009 1323 tamen
1043 1267 1096 1320 in
1125 1266 1405 1335 proposito
1432 1265 1590 1319 bona:
1619 1263 1919 1317 voluntatis
1945 1275 2059 1316 suae

471 1362 726 1417 fortassis
768 1375 1049 1430 nunquam
1099 1360 1274 1412 iratus
1318 1357 1439 1412 fuit.
1475 1354 1581 1411 Sed
1615 1355 1742 1425 quia
1770 1354 2059 1407 infirmitas

481 1454 723 1507 humana
761 1468 857 1521 per
883 1466 939 1505 se
971 1451 1038 1506 de
1079 1452 1234 1520 lapsu
1268 1464 1493 1519 surgere
1521 1463 1630 1502 non
1667 1448 1826 1510 valet,
1866 1446 1931 1500 ad
1964 1459 2060 1499 eor

471 1546 781 1617 peccatoris
833 1546 971 1599 mira
1016 1546 1188 1615 gratia
1225 1543 1476 1609 mittitur,
1506 1541 1764 1597 sacerdos
1800 1540 2059 1593 interces-

474 1654 568 1694 sor
595 1641 877 1709 quzeritur,
912 1650 968 1695 ut
1012 1639 1154 1694 Deus
1200 1640 1289 1693 cui
1320 1640 1493 1692 iratus
1534 1652 1642 1690 non
1698 1635 1875 1689 fuerat
1902 1648 2055 1687 com-

473 1730 737 1802 placetur.
793 1731 932 1800 Quid
987 1731 1206 1788 dicam?
1259 1729 1393 1797 Quis
1435 1728 1653 1798 sapiens
1697 1734 1750 1781 et
1796 1723 2060 1796 intelliget

2158 608 2418 681 Nunquid
2471 608 2617 663 enim
2674 604 2949 674 superfluo
3007 604 3132 657 ideo
3184 600 3400 656 factum
3460 608 3546 654 est
3616 601 3755 670 quod

2160 701 2363 756 factum
2389 708 2499 767 est,
2530 700 2656 771 quia
2696 697 2839 751 Deus
2880 697 2950 750 ab
2980 696 3120 749 irato
3151 696 3206 749 in
3240 692 3544 764 propitium
3578 703 3755 748 muta-

2160 803 2251 849 tus
2283 810 2393 849 non
2416 803 2522 858 est,
2553 793 2647 863 qui
2689 791 2808 846 suis
2852 804 3134 859 nunquam
3177 787 3459 858 propitius
3496 801 3608 840 non
3643 786 3758 841 est?

2160 886 2357 942 Absit!
2403 884 2511 941 Sed
2561 900 2787 940 necesse
2810 890 2892 939 est
2918 884 2999 938 sic
3036 881 3179 947 fieri,
3208 880 3345 950 quia
3394 879 3553 934 aliter
3579 889 3757 935 reatus

2163 980 2343 1035 meriti
2386 979 2606 1035 sceleris
2636 993 2747 1033 non
2781 985 2963 1047 potest
2989 976 3225 1046 expiari.
3258 972 3501 1029 Necesse
3525 982 3614 1028 est
3637 989 3759 1044 ergo

2165 1075 2246 1130 sic
2281 1074 2419 1141 fieri,
2452 1074 2581 1144 quia
2610 1072 2754 1128 Deus
2780 1073 2886 1127 hoc
2924 1070 3089 1125 etiam
3127 1070 3277 1140 quod
3308 1070 3448 1123 dare
3470 1068 3751 1135 desiderat,

2164 1183 2193 1222 a
2229 1182 2286 1223 se
2316 1168 2561 1237 praecipit
2593 1167 2880 1237 postulari.
2911 1165 3151 1221 Necesse
3189 1174 3279 1219 est
3314 1179 3450 1233 ergo
3494 1163 3572 1218 sic
3626 1163 3765 1232 fieri,

2166 1260 2294 1330 quia
2352 1260 2455 1315 etsi
2503 1260 2557 1313 in
2590 1260 2702 1314 Deo
2749 1265 3052 1316 secundum
3101 1258 3457 1328 propositum
3494 1271 3619 1327 erga
3660 1271 3751 1312 nos

2166 1351 2246 1406 rei
2291 1367 2400 1406 non
2434 1351 2633 1417 fuerat,
2680 1353 2733 1406 in
2778 1353 2939 1407 nobis
2982 1362 3166 1406 tamen
3218 1350 3525 1405 secundum
3554 1359 3748 1404 reatum

2165 1443 2244 1498 ira
2272 1446 2545 1500 manebat.
2577 1445 2709 1512 Qua:
2731 1461 2853 1500 cum
2878 1445 3060 1499 debita
3094 1442 3484 1500 satisfactione
3508 1443 3739 1509 solvitur,

2166 1546 2224 1592 ut
2254 1537 2328 1592 ita
2372 1537 2573 1604 dicam,
2610 1554 2719 1593 non
2764 1536 2909 1593 Deus
2939 1537 3174 1604 homini,
3210 1534 3316 1591 sed
3346 1533 3459 1590 Deo
3488 1534 3644 1589 homo
3666 1548 3746 1589 re-

2168 1631 2511 1687 conciliatur.

2099 1845 2169 1858 ..Δ

1454 1988 2056 2083 DOMINICA
2152 1985 2773 2080 VIGESIMA.

1728 2182 2106 2247 Secundum
2138 2181 2534 2245 Matthteum.

555 2359 947 2430 eloquebatur
974 2353 1134 2410 Jesus
1156 2368 1281 2410 eum
1314 2350 1598 2423 discipulis
1620 2351 1736 2408 suis
1757 2350 1810 2404 in
1835 2349 2069 2419 parabo-
2098 2357 2141 2413 B
2172 2348 2320 2403 tione
2344 2348 2429 2404 lac
2454 2357 2507 2404 et
2538 2350 2645 2404 mel
2675 2356 3085 2420 processerunt.
3124 2346 3262 2414 Lac,
3293 2347 3349 2402 id
3389 2356 3475 2402 est
3504 2363 3629 2418 opus
3649 2350 3745 2404 mi.

473 2450 566 2520 lis,
584 2454 800 2507 dicens:
822 2449 1009 2504 Simile
1029 2446 1231 2503 factum
1255 2455 1339 2501 est
1357 2460 1581 2516 regnum
1600 2444 1864 2499 caelorum
1890 2442 2069 2497 homi-

476 2545 533 2599 ni
551 2545 683 2615 regi,
706 2542 801 2613 qui
826 2540 950 2596 feeit
968 2541 1185 2608 nuptias
1206 2539 1316 2593 tilio
1339 2552 1463 2603 suo,
1490 2555 1508 2588 ι
1528 2545 1633 2591 etc.
1655 2534 1873 2608 (Matth.
1895 2532 2062 2603 xxii.)

475 2635 534 2689 ln
554 2634 826 2705 parabolis
849 2633 1077 2687 audiunt
1100 2632 1246 2702 quod
1270 2639 1453 2701 aperte
1474 2645 1581 2684 non
1604 2629 1951 2683 merebantur
1972 2643 2070 2681 au-

476 2729 614 2783 dire.
647 2726 838 2781 Sciens
869 2725 1132 2779 Dominus
1155 2731 1490 2777 voluntatem
1510 2722 1847 2777 saevientium
1877 2727 2067 2774 contra

482 2834 562 2882 se,
592 2818 951 2872 nihilominus
974 2826 1152 2871 tamen
1184 2816 1430 2885 increpat
1463 2816 1606 2869 illos.
1635 2814 1747 2869 Rex
1791 2814 1892 2868 iste
1923 2811 2068 2866 Deus

477 2909 644 2965 Pater
684 2920 786 2964 est.
838 2908 941 2976 Qui
987 2908 1116 2963 fecit
1157 2910 1377 2978 nuptias
1418 2908 1528 2964 filio
1575 2924 1706 2975 suo,
1754 2907 1974 2978 quando
2014 2907 2068 2961 in

478 3006 635 3055 utero
659 2998 900 3070 Virginis
924 3015 1048 3053 eum
1083 3000 1338 3055 humana:
1360 3010 1569 3055 naturte
1597 3000 1901 3069 conjunxit.
1936 2997 2069 3066 Quae

478 3093 799 3162 coniunctio
823 3109 890 3148 ex
926 3093 1139 3147 duabus
1168 3093 1379 3147 exstitit
1429 3094 1662 3158 naturis,
1694 3108 1802 3146 non
1835 3107 1900 3146 ex
1930 3092 2068 3147 dua-

479 3186 584 3241 bus
625 3185 896 3257 personis.
952 3184 1207 3256 Apertius
1261 3185 1368 3239 diei
1410 3193 1631 3255 potest:
1672 3182 1883 3254 Nuptiae
1940 3192 2069 3239 sunt

480 3278 716 3332 societas
743 3276 945 3331 Christi
969 3286 1021 3329 et
1054 3275 1329 3342 Ecclesizc,
1353 3284 1461 3329 tam
1487 3291 1552 3330 ex
1578 3274 1779 3329 Judaeis
1810 3290 1973 3344 quam
2001 3290 2062 3327 ex

480 3370 735 3440 gentibus
778 3380 1139 3441 congregatae.
1190 3366 1364 3437 Hujus
1408 3367 1605 3438 Sponsi
1663 3367 1934 3423 thalamus
1968 3366 2070 3422 fuit

480 3467 673 3513 uterus
693 3456 954 3528 Virginis.
991 3458 1355 3529 Cougregatio
1380 3459 1659 3529 justorum
1694 3475 1923 3528 regnum
1956 3474 2069 3514 coe-

479 3550 660 3605 lorum
691 3549 912 3616 dicitur,
946 3551 1075 3619 quia
1101 3551 1151 3603 iu
1180 3566 1242 3604 ea
1281 3550 1531 3605 cmlestes
1553 3550 1781 3605 virtutes
1814 3560 2063 3621 regnant.

485 3641 620 3710 Qua:
648 3643 701 3696 in
721 3643 829 3696 hoc
849 3642 1046 3699 similis
1072 3652 1153 3697 est
1172 3641 1280 3697 Deo
1301 3640 1470 3707 Patri,
1495 3643 1623 3712 quia
1648 3643 1788 3698 sicut
1812 3643 1901 3698 ille
1929 3643 2068 3698 Filio

2170 2440 2507 2506 raculorum,
2535 2456 2631 2512 per
2658 2441 2805 2512 quod
2838 2441 3002 2498 rudes
3030 2440 3195 2512 quasi
3244 2441 3407 2511 pueri
3458 2450 3746 2498 sustentan-

2173 2540 2288 2597 tur;
2315 2532 2440 2597 mel,
2461 2533 2512 2587 id
2541 2541 2627 2588 est
2658 2533 2937 2603 eloquium
2964 2533 3255 2599 doctrinae,
3276 2541 3339 2587 ut
3362 2532 3439 2587 ait
3466 2532 3742 2604 Propheta:

2177 2643 2197 2676 ι
2228 2622 2402 2691 Quam
2432 2625 2613 2681 dulcia
2646 2625 2898 2681 faucibus
2928 2626 3066 2680 meis
3095 2626 3321 2696 eloquia
3356 2634 3451 2679 tua
3478 2641 3635 2697 super
3653 2627 3744 2682 me!

2171 2725 2226 2770 ct
2260 2716 2442 2770 favum
2474 2716 2555 2771 ori
2582 2732 2706 2772 meo
2735 2716 2913 2787 (Psaf.
2936 2717 3155 2789 cxvnt).
3186 2736 3205 2769 ι
3242 2716 3393 2773 Bene
3412 2734 3539 2789 ergo
3559 2719 3741 2774 dictum

2172 2808 2275 2864 fuit
2315 2810 2584 2865 Abrahae:
2620 2829 2639 2862 ‹
2682 2809 2780 2864 Exi
2807 2811 2875 2866 de
2903 2820 3048 2865 terra
3078 2820 3195 2878 tua,
3223 2822 3281 2866 et
3325 2810 3396 2867 de
3442 2814 3745 2884 cognatione

2170 2913 2284 2969 tua,
2320 2923 2338 2956 ι
2382 2902 2435 2958 id
2470 2912 2554 2958 est
2583 2904 2650 2959 de
2691 2903 3000 2971 Judaismo,
3031 2914 3085 2959 et
3115 2904 3182 2960 de
3204 2894 3630 2962 circumcisione
3668 2907 3743 2962 in-

2172 2995 2349 3061 tellige
2374 2996 2683 3050 exeundum
2717 3012 2839 3052 esse
2881 2997 2974 3067 qui
3021 2999 3224 3053 salvari
3258 3001 3393 3056 vult.
3438 2999 3546 3056 Nec
3577 3002 3744 3056 solum

2169 3083 2363 3152 Judaei,
2393 3088 2485 3141 sed
2513 3094 2566 3141 et
2604 3087 2789 3142 nullus
2837 3088 3007 3142 homo
3048 3097 3233 3157 potest
3291 3092 3611 3146 manducare
3664 3091 3746 3146 lac

2170 3190 2223 3235 et
2250 3180 2356 3235 mel
2379 3179 2496 3247 Dei,
2531 3181 2638 3235 nisi
2664 3190 2863 3236 terram
2902 3192 2957 3236 et
2977 3184 3354 3252 cognationem
3400 3201 3555 3239 suam
3580 3185 3745 3240 relino

2170 3281 2323 3342 quat,
2356 3281 2416 3327 ut
2453 3281 2537 3328 est
2561 3273 2694 3327 illud
2728 3292 2742 3328 :
2783 3293 2801 3325 ι
2840 3273 2956 3328 Nisi
3000 3275 3126 3344 quis
3156 3276 3438 3345 reliquerit
3464 3286 3672 3346 patrem
3697 3286 3747 3332 et

2171 3372 2424 3431 matrem,
2457 3374 2590 3432 etc.,
2615 3381 2722 3419 non
2748 3374 2930 3436 potest
2947 3381 3069 3422 esse
3095 3383 3253 3423 meus
3280 3369 3577 3439 discipulus
3600 3369 3740 3441 (Luc.

2170 3458 2304 3526 xw).
2341 3478 2359 3509 ι
2389 3457 2519 3512 Item
2557 3476 2569 3510 :
2602 3477 2619 3510 ί
2659 3457 2761 3525 Qui
2794 3459 2911 3514 vult
2941 3475 3103 3515 meus
3143 3476 3267 3516 esse
3306 3462 3625 3533 discipulus,
3655 3465 3743 3519 ab—

2170 3559 2329 3620 neget
2349 3550 2701 3618 semetipsum
2736 3550 2889 3621 (Luc.
2919 3552 3019 3621 ix).
3051 3571 3071 3603 ι
3101 3551 3383 3622 Relinquit
3404 3569 3532 3625 ergo
3557 3570 3742 3626 cogna-

2177 3640 2380 3695 tionem
2414 3657 2595 3705 suam,
2621 3641 2717 3711 qui
2752 3657 2861 3696 non
2887 3645 3194 3698 contemnit
3221 3661 3367 3710 eam,
3393 3646 3485 3701 sed
3514 3648 3604 3717 qui
3630 3647 3741 3717 plus

485 3749 589 3791 suo
624 3735 909 3804 conjunxit
932 3733 1257 3801 Ecclesiam,
1293 3735 1368 3789 ita
1419 3735 1508 3789 illa
1541 3736 1892 3806 congregatio
1927 3735 2068 3792 filios
2096 3712 2137 3769 (ἶ
2171 3730 2348 3802 diligit
2372 3730 2541 3786 Deum
2564 3747 2729 3802 quam
2751 3742 3035 3802 parentes;
3063 3735 3324 3807 relinquit
3356 3712 3551 3792 terram
3577 3712 3737 3807 suam,

483 3839 616 3881 suos
654 3839 793 3893 quos
817 3823 927 3878 Deo
966 3834 1187 3895 generat
1244 3841 1340 3895 per
1382 3826 1608 3879 verbum
1639 3826 2067 3895 praedicationis,

482 3931 583 3987 per
605 3916 727 3970 fidei
761 3925 1102 3971 sacramenta
1136 3916 1427 3986 conjunxit
1452 3916 1709 3972 Ecclesia:
1735 3918 1996 3973 fidelium.

560 4027 579 4059 ι
617 4006 682 4061 Et
709 4008 924 4061 vocavit
950 4008 1155 4077 plures,
1201 4018 1253 4062 et
1283 4008 1416 4063 hora
1450 4023 1621 4063 etena:
1676 4009 1825 4063 misit
1878 4024 2068 4064 servos

488 4113 618 4154 suos
655 4113 851 4154 vocare
880 4099 1138 4155 invitatos
1194 4100 1261 4154 ad
1306 4101 1546 4169 nuptias,
1583 4111 1635 4154 et
1681 4100 1940 4155 uolebant
1977 4117 2070 4157 ve-

484 4190 624 4246 nire.
657 4210 676 4243 »
708 4189 886 4246 Lucas
911 4191 1171 4245 describit
1191 4191 1295 4246 sub
1321 4191 1685 4261 appellatione
1715 4207 1886 4247 creua;
1911 4191 2063 4263 (Luc.

481 4286 596 4356 xw)
621 4286 767 4356 quod
793 4285 1081 4341 Matthteus
1109 4286 1241 4340 dicit
1265 4286 1555 4355 prandium
1587 4301 1728 4352 esse,
1758 4302 1880 4341 cum
1924 4286 2068 4357 apud

481 4379 737 4447 antiquos
762 4378 1007 4447 quotidie
1037 4378 1102 4431 ad
1130 4380 1318 4431 horam
1349 4393 1547 4431 nonam
1573 4379 1860 4448 prandium
1892 4379 2065 4447 ﬂeret,

481 4468 625 4537 quod
650 4483 805 4522 etena
825 4468 1140 4522 vocabatur.
1172 4466 1466 4521 Prandium
1499 4483 1594 4523 seu
1637 4485 1793 4524 caena
1822 4470 2066 4525 doctrina

479 4560 815 4630 estjustitia:
843 4569 897 4613 et
919 4560 1085 4614 verba
1115 4559 1323 4614 divina.
1366 4559 1562 4615 Manna
1598 4562 1825 4632 figuram
1859 4563 2067 4619 habens

482 4653 637 4707 verbi
668 4654 722 4706 in
757 4653 973 4707 deserto
996 4652 1118 4707 ideo
1157 4652 1441 4707 dicebatur
1473 4669 1673 4709 manna
1699 4653 1897 4725 (Exod.
1927 4657 2064 4727 xvi),

477 4746 623 4817 quod
679 4745 943 4801 llebraiee
997 4746 1199 4801 dicitur
1247 4746 1374 4816 quid
1427 4755 1505 4801 est
1556 4747 1683 4814 hoc,
1716 4757 1777 4802 ut
1824 4749 2067 4818 quoties-

480 4852 700 4908 cunque
759 4839 1015 4893 audimus
1071 4838 1298 4892 verbum
1376 4839 1667 4894 admoneat
1734 4855 1836 4895 nos
1887 4841 2065 4912 ipsum

483 4946 682 4985 nomen
717 4930 995 5001 requirere
1030 4949 1041 4984 :
1074 4929 1215 4997 Quid
1248 4939 1331 4985 est
1374 4931 1481 4986 hoc
1511 4932 1655 5002 quod
1682 4932 1972 4989 audimus?
2000 4932 2067 4989 Et

2171 3823 2265 3892 qui
2292 3823 2474 3878 carnis
2504 3838 2619 3878 sua:
2662 3839 2770 3879 non
2802 3826 3053 3894 sequitur
3084 3827 3442 3896 voluptatem.
3498 3827 3570 3883 Ex
3615 3840 3737 3884 tem-

2171 3929 2304 3984 pore
2324 3913 2495 3986 Moysi
2525 3915 2691 3985 ςωρίι
2715 3917 3027 3971 convivium
3053 3918 3199 3973 istud
3223 3921 3519 3989 praeparari
3539 3922 3737 3992 quando

2172 4006 2258 4061 lex
2284 4006 2408 4061 data
2435 4017 2535 4061 est.
2572 4007 2727 4074 Quod
2760 4008 3071 4063 convivium
3106 4011 3181 4064 ita
3205 4012 3443 4069 diversis
3472 4015 3736 4084 Speciebus

2166 4098 2395 4169 justitiae
2420 4100 2736 4153 decoratum
2762 4109 2866 4167 est,
2886 4102 3029 4155 sicut
3055 4103 3238 4173 regale
3269 4106 3556 4174 prandium
3582 4106 3737 4161 diver-

2172 4192 2249 4246 sis
2269 4191 2406 4246 cibis
2435 4201 2681 4246 ornatur.
2715 4191 2792 4246 Ex
2816 4193 3008 4247 eodem
3040 4205 3288 4266 tempore
3324 4197 3573 4252 exierunt
3610 4198 3733 4252 invi-

2172 4293 2392 4350 tatores,
2424 4283 2476 4338 id
2508 4293 2593 4338 est
2625 4285 2921 4354 prophetae.

2250 4396 2269 4428 ε
2296 4376 2495 4432 lterum
2526 4377 2678 4432 misit
2706 4379 2844 4433 alios
2883 4394 3095 4446 servos,
3134 4380 3367 4437 dicens:
3402 4383 3572 4439 Dicite
3610 4384 3730 4438 invi-

2170 4469 2336 4526 tatis:
2365 4469 2503 4526 Ecce
2552 4472 2841 4541 prandium
2894 4488 3079 4527 meum
3126 4474 3342 4543 paravi,
3379 4476 3520 4530 tauri
3559 4476 3725 4530 meiet

2170 4563 2339 4617 altilia
2362 4565 2567 4631 occisa,
2600 4573 2655 4618 et
2689 4565 2874 4619 omnia
2906 4572 3119 4634 parata.
3147 4563 3343 4621 Venite
3374 4568 3443 4622 ad
3473 4569 3721 4638 nuptias.»

2172 4653 2324 4710 Servi
2354 4656 2515 4725 primi
2554 4655 2779 4711 fuerunt
2796 4657 3076 4726 prophetae
3106 4658 3404 4727 przenuutii
3432 4659 3734 4715 incarnatio-

2169 4748 2289 4814 nis;
2315 4748 2539 4802 seeundi
2571 4757 2699 4803 sunt
2721 4750 3089 4819 apostoli,qui
3119 4749 3260 4804 facta
3292 4765 3567 4808 asserunt.
3596 4750 3727 4807 Unde

2169 4840 2259 4895 hic
2290 4840 2492 4894 dicitur
2515 4839 2805 4910 prandium
2858 4851 3133 4921 paratum,
3181 4843 3232 4897 id
3296 4853 3383 4899 est
3434 4845 3726 4917 mysterium

2168 4932 2562 4988 incarnationis
2600 4934 2954 5004 completum,
2987 4943 3041 4989 et
3061 4935 3319 4992 introitus
3351 4939 3509 5009 regni
3535 4947 3728 5008 apertus

476 5021 621 5076 sicut
666 5022 846 5075 cibum
903 5038 1028 5078 cum
1091 5024 1590 5092 mastieaverimus,
1627 5025 1956 5082 dimittimus
2006 5026 2061 5080 in
2094 5057 2139 5111 ι)
2169 5023 2262 5093 qui
2309 5031 2435 5078 ante
2469 5022 2651 5079 fuerat
2679 5026 2923 5081 clausus.
2962 5023 3132 5081 Tauri
3179 5039 3235 5082 et
3282 5030 3532 5100 saginata
3569 5029 3728 5086 occisa

475 5113 844 5179 stomachum,
876 5115 950 5168 ita
1001 5122 1057 5169 et
1108 5115 1336 5171 verbum
1396 5116 1535 5172 bene
1586 5123 1881 5173 tractatum
1911 5134 2064 5173 com-

475 5203 845 5259 mendandum
876 5213 956 5259 est
992 5207 1268 5262 memoriae
1288 5208 1447 5277 quasi
1480 5209 1784 5263 stomacho.
1812 5208 2063 5264 luvitatio

472 5292 580 5350 fuit
614 5295 835 5366 quando
862 5294 1124 5352 Dominus
1167 5298 1307 5354 dixit
1344 5300 1411 5354 ad
1448 5299 1722 5354 Abraham
1756 5320 1770 5354 :
1811 5319 1829 5352 α
1870 5300 1967 5356 Exi
1994 5301 2062 5357 de

472 5390 618 5441 terra
661 5396 752 5442 tua
795 5396 849 5442 et
875 5388 944 5442 de
985 5391 1313 5460 cognatione
1344 5401 1465 5458 tua,
1507 5400 1561 5447 et
1616 5393 1736 5447 veni
1778 5392 1831 5447 in
1860 5403 2060 5448 terram

471 5495 637 5550 quam
679 5491 1063 5537 monstravero
1090 5484 1206 5548 tibi,
1238 5494 1291 5538 et
1317 5485 1458 5538 dabo
1490 5484 1587 5538 tibi
1615 5484 1760 5538 illam
1790 5495 1843 5540 et
1865 5485 2059 5541 semini

471 5579 567 5627 tuo
600 5570 751 5642 (Gen.
786 5574 927 5644 xm).
970 5594 988 5626 ο
1025 5573 1200 5640 Quam
1236 5577 1476 5629 terram?
1505 5575 1860 5644 Orientalem,
1888 5577 2060 5633 fluen-

471 5672 580 5717 tem
615 5664 697 5718 lac
727 5674 779 5719 et
810 5666 938 5719 mel.
972 5664 1130 5731 Quod
1159 5682 1348 5720 verum
1398 5683 1508 5721 non
1568 5677 1654 5722 est
1682 5670 1750 5724 de
1775 5679 1920 5725 terra
1961 5668 2059 5723 Ju-

472 5758 622 5813 daeze.
651 5756 942 5829 Nunquam
968 5761 1112 5814 enim
1139 5760 1231 5814 illa
1262 5759 1418 5813 fluxit
1451 5759 1536 5814 lac
1561 5769 1615 5815 et
1644 5762 1769 5815 mel.
1822 5760 1927 5817 Sed
1974 5768 2058 5816 est

471 5849 752 5907 rationalis
781 5865 891 5921 qua
915 5849 1169 5907 Christus
1196 5851 1454 5921 suscepit,
1484 5852 1551 5907 de
1596 5852 1754 5922 cujus
1800 5854 2056 5909 iucarna~

2168 5115 2544 5187 intelliguntur
2573 5118 2747 5172 sancti
2777 5118 2965 5173 occisi.
2990 5117 3195 5175 Omnes
3212 5122 3491 5191 prophetae
3517 5131 3568 5178 et
3589 5121 3730 5178 Chri—

2168 5217 2287 5261 stus
2321 5206 2442 5261 ideo
2470 5208 2636 5262 occisi
2669 5216 2821 5273 sunt,
2852 5217 2912 5262 ut
2962 5210 3066 5264 hoc
3112 5212 3402 5280 spirituale
3427 5215 3729 5269 tabernacu-

2168 5298 2279 5352 lum
2321 5296 2551 5353 firmiter
2601 5301 2876 5369 figeretur.
2910 5299 3046 5355 Nam
3084 5302 3227 5357 sicut
3276 5305 3488 5361 viscera
3515 5306 3651 5377 agni,
3677 5303 3728 5360 id

2166 5397 2250 5445 cst
2288 5390 2504 5460 eloquia
2533 5390 2736 5447 Christi
2788 5393 3040 5449 homines
3090 5411 3201 5450 non
3257 5400 3723 5462 manducaverunt,

2169 5482 2275 5537 nisi
2327 5492 2617 5552 postquam
2666 5484 2887 5539 occisus
2921 5493 3024 5548 est,
3056 5487 3149 5541 sed
3183 5496 3310 5556 post
3361 5501 3587 5545 mortem
3618 5491 3726 5559 ejus

2169 5573 2459 5645 Evangelia
2489 5575 2944 5645 praedicaverunt.
2975 5578 3057 5634 sic
3086 5588 3141 5634 et
3169 5581 3407 5648 viscera,
3439 5582 3492 5637 id
3521 5591 3601 5637 est
3622 5582 3724 5636 elo-

2169 5668 2296 5737 quia
2319 5669 2704 5739 prophetarum
2729 5684 2839 5725 non
2865 5679 2991 5725 sunt
3013 5681 3288 5743 suscepta,
3319 5675 3430 5731 nisi
3459 5686 3719 5746 postquam

2170 5760 2340 5815 occisi
2366 5769 2513 5815 sunt.
2563 5760 2620 5814 Si
2649 5760 2796 5816 enim
2821 5763 3195 5832 suscepissent
3243 5780 3527 5822 sermones
3566 5765 3716 5828 Isaiae,

2170 5868 2451 5925 nunquam
2471 5865 2779 5912 serrasscnt
2806 5871 2953 5923 eum,
2969 5857 3061 5912 sed
3079 5866 3371 5929 postquam
3397 5862 3605 5917 occisus
3624 5866 3715 5923 est,
