3970 6484
230 391 375 447 ΗΒΩ

1169 384 1740 448 DEFLORATIONES
1779 392 1878 449 SS.
1921 392 2232 449 PATRUM.
2272 425 2340 434 —
2381 392 2510 450 LIB.
2555 393 2619 449 11.

3371 399 3512 456 H90

229 506 400 562 Judaei
432 511 722 575 cmperunt
766 519 894 558 cum
946 505 1150 576 lugere.
1217 503 1368 560 Sicut
1421 507 1566 560 enim
1618 506 1820 563 nullius
1849 515 1897 572 Α
1924 507 2257 562 exercitibus
2291 508 2409 564 suis
2451 507 2685 579 perdidit
2729 508 3034 566 homicidas
3077 511 3199 568 illos
3230 519 3285 568 et
3315 513 3502 569 civita-

231 601 466 654 viventis
523 599 781 654 animalis
817 599 1026 654 viscera
1068 598 1492 665 manducantnr,
1533 600 1605 654 ita
1638 601 1826 655 viven-

195 684 366 746 ‘tinm
399 692 796 761 prophetarum
831 707 1117 746 sermones
1149 707 1311 744 nemo
1351 693 1612 761 suscepit.
1667 692 1823 763 Sagi-

230 792 359 838 nata
417 792 546 837 sunt
600 781 774 852 gratia
808 782 906 834 Dei
937 781 1115 850 plena.
1149 777 1259 834 Nec
1299 781 1418 834 ideo
1457 782 1593 836 dixit
1633 790 1822 836 lauros

229 884 284 929 et
333 875 582 944 saginata
623 873 756 942 quin
815 874 958 926 tauri
1005 872 1230 926 fuerunt
1276 873 1532 943 saginati,
1581 874 1674 928 sed
1712 890 1821 929 non

227 981 422 1020 omnes
451 965 682 1034 saginati
715 963 938 1018 fuerunt
975 963 1138 1018 tauri.
1168 963 1399 1030 Quidam
1431 964 1575 1019 enim
1607 973 1819 1020 tantum

228 1056 773 1129 prophetmjfuerunt,
803 1057 1024 1126 quidam
1049 1064 1228 1110 autem
1256 1057 1532 1126 prophetae
1559 1067 1614 1112 et
1638 1074 1822 1114 sacer-

230 1152 406 1215 dotes,
433 1151 576 1206 sicut
605 1148 875 1204 Jeremias
908 1158 962 1203 et
986 1149 1256 1204 Ezechiel.
1286 1149 1430 1220 Ergo
1462 1153 1711 1222 saginata
1733 1153 1817 1209 di-

231 1243 306 1298 cit
362 1243 658 1312 prophetas
707 1243 1108 1308 tantummodo,
1165 1243 1293 1312 quia
1339 1244 1527 1313 repleti
1599 1245 1821 1302 fuerunt

233 1334 439 1404 Spiritu
471 1345 695 1401 sancto;
732 1343 924 1388 tauros
955 1344 1136 1388 autem
1188 1335 1280 1404 qui
1305 1345 1360 1390 et
1389 1338 1664 1406 propheta:
1700 1339 1820 1394 fue-

228 1437 360 1482 runt
386 1437 439 1482 et
465 1428 796 1483 sacerdotes.
833 1425 988 1482 Sicut
1017 1427 1161 1482 enim
1189 1429 1329 1482 tauri
1361 1431 1527 1485 duces
1555 1441 1683 1486 sunt
1706 1448 1821 1502 gre-

230 1521 335 1590 gis,
357 1521 429 1574 ita
459 1530 512 1575 et
533 1519 848 1575 sacerdotes
873 1521 1146 1590 principes
1171 1522 1377 1590 p0puli.
1397 1522 1570 1578 Aliter
1603 1544 1616 1578 :
1645 1524 1812 1579 Tauri

230 1622 361 1669 sunt
388 1613 578 1667 Patres
617 1612 825 1668 Veteris
854 1612 1210 1679 Testamenti,
1239 1614 1333 1684 qui
1378 1614 1636 1672 inimicos
1687 1633 1818 1673 suos

226 1722 294 1760 ex
324 1705 688 1775 permissione
720 1706 854 1776 legis
876 1707 1030 1775 quasi
1054 1706 1314 1761 cornibus
1341 1707 1538 1762 virium
1563 1724 1819 1777 repercu—

223 1798 458 1852 tiebant.
495 1797 679 1852 Altilia
707 1813 834 1852 vero
866 1797 1173 1868 significant
1212 1797 1404 1854 Patres
1446 1799 1581 1856 Novi
1623 1800 1816 1857 Testa-

222 1890 423 1954 menti,
453 1891 762 1960 evangelica
782 1899 1050 1960 pra’cepta
1081 1889 1337 1957 ferentes,
1372 1902 1426 1947 et
1451 1894 1647 1962 pennis
1677 1911 1810 1949 san-

221 1989 342 2036 οιαὶ.
359 1983 838 2052 contemplationis
865 1983 930 2036 ad
965 1985 1220 2038 sublimia
1256 1986 1429 2040 elatos
1459 2001 1556 2055 per
1578 1987 1809 2057 gratiam

220 2082 448 2130 aeternae
479 2074 826 2146 pinguedinis
851 2086 1158 2145 perceptam
1191 2079 1493 2149 saginatos,
1523 2080 1668 2134 sicut
1694 2081 1811 2137 alti—

222 2166 302 2220 lia
348 2168 594 2238 saginata
623 2168 878 2232 dicimus,
930 2168 999 2223 ab
1040 2185 1105 2225 eo
1144 2172 1291 2240 quod
1330 2181 1414 2226 est
1461 2173 1629 2228 alere.
1669 2171 1809 2228 Nota

221 2260 372 2331 quod
396 2260 451 2314 in
478 2261 646 2330 priori
674 2261 996 2316 invitatione
1028 2263 1164 2316 nihil
1191 2263 1258 2317 de
1283 2265 1455 2320 tauris
1484 2274 1538 2319 et
1566 2265 1811 2322 altilihus

219 2353 458 2420 dicitur,
513 2354 608 2409 sed
653 2356 708 2408 in
760 2355 1029 2420 secunda,
1083 2356 1212 2425 quia
1264 2356 1439 2420 Deus,
1481 2374 1605 2413 cum
1644 2359 1810 2414 verba

218 2446 343 2514 ejus
384 2446 574 2501 audire
623 2447 902 2512 nolumus,
945 2449 1191 2518 adjungit
1229 2451 1497 2519 exempla.
1543 2470 1560 2502 ο
1590 2450 1807 2519 Omnia,

217 2539 422 2609 inquit,
440 2548 628 2607 parata
654 2550 804 2604 sunt,
827 2559 845 2591 ι
873 2541 1001 2610 quia
1029 2541 1294 2612 quidquid
1325 2543 1392 2596 ad
1410 2544 1643 2598 salutem
1667 2561 1812 2614 qure-

218 2630 386 2697 ritur,
401 2641 581 2686 totum
612 2631 727 2700 jam
760 2632 1118 2702 adimpletum
1158 2644 1241 2688 est
1269 2635 1323 2688 in
1355 2634 1677 2705 Scripturis.
1703 2636 1808 2705 Qui

218 2722 450 2793 ignarus
478 2731 580 2790 est,
617 2723 858 2779 inveniet
888 2725 960 2777 ibi
993 2725 1124 2794 quid
1157 2725 1365 2793 discat;
1393 2729 1484 2796 qui
1509 2737 1808 2785 contumax

217 2825 386 2871 estet
418 2826 692 2886 peccator,
737 2816 1075 2870 invenietibi
1122 2815 1294 2871 futuri
1339 2819 1532 2888 judicii
1575 2819 1804 2891 ﬂagella.

216 2907 426 2964 Omnes
458 2909 562 2964 cibi
590 2910 942 2964 inveniuntur
965 2909 1021 2962 in
1048 2907 1350 2981 Scripturis
1373 2921 1426 2966 et
1451 2913 1807 2982 parvulorum

215 3010 274 3054 et
296 3001 588 3070 majorum.
1760 3072 1764 3076 ι

298 3112 316 3144 α
357 3093 435 3146 Illi
483 3102 662 3148 autem
714 3094 1087 3164 neglexerunt,
1138 3104 1192 3150 et
1237 3095 1510 3160 abierunt,
1550 3096 1691 3153 alius
1749 3097 1807 3152 in

213 3186 404 3239 villam
452 3201 630 3252 suam,
661 3185 802 3240 alius
841 3201 970 3240 vero
1011 3188 1076 3241 ad
1110 3187 1532 3258 negotiationem
1569 3204 1746 3242 suam.
1782 3207 1800 3241 ι

213 3275 339 3330 Non
365 3277 504 3332 dixit
528 3279 811 3349 malignali
835 3287 984 3346 sunt,
1010 3281 1103 3335 sed
1136 3281 1513 3350 neglexerunt,
1538 3282 1664 3351 quia
1696 3297 1804 3336 non

213 3385 413 3425 omnes
441 3369 613 3425 Judaei
646 3373 1038 3427 crucitixerunt
1071 3373 1375 3439 Christum,
1409 3383 1504 3428 aut
1542 3375 1595 3428 in
1634 3384 1809 3430 morte

212 3461 340 3530 ejus
389 3475 810 3519 consenserunt.
857 3464 1050 3519 Omnis
1097 3475 1253 3520 actus
1295 3466 1572 3522 humanus
1605 3468 1807 3538 duplex

213 3561 322 3619 est,
357 3562 454 3606 aut
487 3554 613 3608 villa
645 3555 852 3609 scilicet
881 3565 976 3610 aut
1004 3557 1320 3626 negotiatio.
1348 3557 1406 3612 In
1450 3559 1574 3612 villa
1603 3559 1806 3613 intelli-

212 3644 368 3713 gitur
396 3660 560 3700 omne
603 3663 741 3717 opus
785 3658 1084 3714 terrenum,
1131 3650 1246 3703 sive
1294 3650 1347 3703 in
1399 3666 1553 3720 agro,
1600 3651 1715 3705 sive
1751 3651 1807 3705 in

209 3735 398 3800 vinea,
437 3737 554 3790 sive
592 3737 648 3791 in
699 3738 866 3806 ferro,
909 3749 963 3794 et
1005 3741 1268 3810 quidquid
1306 3740 1494 3798 labore
1543 3760 1806 3800 manuum

209 3829 294 3881 fit.
349 3827 507 3894 Quod
563 3839 744 3884 autem
796 3831 850 3884 in
896 3831 1082 3887 labore
1123 3849 1408 3900 manuum,
1457 3836 1552 3889 sed
1591 3845 1644 3890 et
1685 3837 1808 3892 aliis

209 3921 391 3976 lucris
441 3923 851 3992 consequimur,
897 3934 955 3978 ut
1003 3925 1059 3979 in
1106 3927 1408 3983 honoribus
1460 3944 1802 3998 permanere,

210 4023 310 4068 aut
371 4014 424 4068 in
491 4015 706 4081 militia,
765 4025 860 4070 aut
925 4017 980 4071 in
1050 4019 1422 4087 mercatione,
1494 4035 1654 4074 omne
1701 4021 1808 4076 hoc

209 4109 516 4180 negotiatio
566 4109 887 4179 appellatur.
949 4110 1175 4166 Duobus
1227 4114 1589 4183 ergojverbis
1643 4130 1806 4170 omne

209 4215 362 4272 opus
411 4201 713 4255 humanum
765 4203 1035 4258 conclusit
1086 4202 1201 4257 sive
1251 4204 1576 4270 honestum,
1625 4214 1684 4260 ut
1724 4214 1807 4261 est

207 4294 363 4348 villa:
387 4293 624 4350 cultura.
653 4291 806 4348 Unde
835 4293 1088 4348 Salomon
1119 4313 1133 4350 :
1171 4313 1188 4346 ι
1221 4293 1297 4350 Ne
1324 4296 1505 4350 oderis
1533 4296 1807 4366 operatio-

210 4401 343 4440 nem
388 4387 651 4440 rusticam
701 4385 892 4456 (Eccli.
924 4386 1055 4456 vn),
1114 4406 1132 4438 ι
1182 4387 1296 4442 sive
1338 4387 1706 4457 inhonestam,
1748 4401 1805 4445 ut

208 4487 296 4531 est
329 4478 628 4546 negotiatio
659 4478 958 4548 dignitatis,
991 4481 1104 4533 sive
1153 4479 1382 4546 militiae,
1426 4481 1545 4550 sive
1588 4497 1804 4536 merca-

207 4578 399 4623 turae:
436 4570 576 4624 unde
617 4571 752 4624 nihil
791 4581 951 4626 antea
981 4571 1153 4627 Judaei
1185 4574 1459 4628 tenebant.
1513 4573 1618 4629 Sed
1661 4574 1802 4630 forte
1834 4598 1878 4651 D

208 4664 358 4718 dicis
386 4681 398 4717 :
426 4661 491 4717 Et
524 4663 703 4717 villam
738 4665 916 4719 colere
960 4675 1241 4735 peceatum
1278 4675 1380 4732 est,
1412 4666 1541 4736 quia
1571 4666 1802 4736 impedi--

207 4763 464 4812 mentum
496 4755 771 4822 est?,Non
817 4769 899 4813 est
934 4772 1147 4812 cuttura
1185 4759 1324 4814 villae
1367 4769 1677 4829 peccatum,
1708 4761 1804 4816 sed

207 4849 266 4902 in
299 4847 647 4918 praeferendo
690 4865 811 4903 eam
848 4849 959 4905 Deo
990 4849 1125 4904 facis
1170 4866 1291 4906 esse
1342 4861 1649 4920 peccatum.
1695 4854 1806 4907 Aut

207 4942 285 4996 ita
322 4960 337 4995 ε
373 4939 511 4996 Villa
553 4951 636 4997 est
669 4943 907 4998 mundus
965 4943 1088 5008 iste,
1123 4943 1266 4997 circa
1317 4959 1481 5014 quem
1527 4953 1803 5000 amatores

207 5035 412 5089 mundi
473 5045 848 5106 occupantur;
895 5037 1194 5107 negoriatio
1248 5047 1428 5091 autem
1489 5037 1802 5106 praedicatio

206 5129 355 5199 legis
392 5138 445 5182 et
475 5131 786 5199 procuratio
817 5130 1000 5200 templi
1030 5146 1193 5199 quam
1228 5131 1377 5185 avari
1407 5132 1717 5186 sacerdotes
1749 5139 1804 5186 et

207 5219 399 5274 czuteri
445 5221 686 5275 ministri
726 5222 911 5291 templi
953 5224 1112 5292 quasi
1160 5223 1584 5294 negotiationem
1615 5223 1802 5278 existi-

205 5323 390 5370 mant.
421 5313 679 5386 Sequitur
703 5335 717 5371 :

289 5427 311 5459 ι
349 5404 566 5476 Reliqui
605 5423 735 5463 vero
767 5417 1060 5465 tenuerunt
1103 5424 1296 5465 servos
1325 5410 1475 5480 ejus;
1519 5417 1574 5463 et
1606 5417 1802 5463 contu-

205 5500 381 5556 melia
426 5501 650 5557 affectos
696 5502 1036 5557 occiderunt.
1078 5521 1095 5554 ι
1141 5501 1216 5555 De
1271 5518 1369 5556 sua
1414 5510 1588 5556 morte
1636 5507 1796 5566 tacet,

204 5594 429 5665 quiain
454 5595 622 5665 priori
644 5595 902 5664 parabola
921 5595 1045 5649 inde
1062 5596 1302 5649 dixerat:
1327 5605 1380 5650 et
1396 5593 1635 5648 ostendit
1656 5608 1800 5646 mor-

203 5696 326 5741 tem
375 5687 769 5759 discipulorum
828 5701 1092 5752 suorum,
1144 5702 1286 5759 quos
1342 5695 1465 5758 post
1506 5701 1796 5741 ascensum

202 5795 378 5834 suum
409 5781 730 5836 occiderunt
751 5777 942 5836 Judaei.

290 5894 309 5924 ι
352 5872 456 5928 Rex
508 5883 689 5930 autem
719 5888 841 5927 cum
890 5872 1114 5928 vidisset
1155 5872 1330 5927 iratus
1367 5879 1470 5942 ut,
1510 5879 1563 5927 et
1610 5870 1794 5928 minis

1928 607 2036 653 teni
2063 599 2282 653 illorum
2327 600 2629 656 succendit.
2665 621 2682 652 ι
2717 600 2895 672 Magni
2923 603 3172 660 criminis
3203 616 3514 678 arguuntur

1925 691 2018 761 qui
2052 706 2241 746 servos
2270 693 2413 764 regis
2438 694 2776 748 occiderunt.
2805 693 3036 760 Quando
3066 697 3210 752 venit
3241 698 3306 752 ad
3342 698 3511 752 ultio-

1925 798 2049 836 nem
2085 784 2249 838 homo
2273 785 2484 851 siletur,
2515 794 2568 839 et
2607 801 2700 840 rex
2733 794 2944 841 tantum
2979 788 3195 843 dicitur.
3239 791 3510 844 Exerciti-

1923 874 2049 940 bus,
2083 875 2136 928 id
2178 885 2262 929 est
2295 877 2454 930 malis
2489 877 2695 946 angelis
2737 893 2832 932 seu
2866 877 3130 935 Romanis
3162 882 3264 936 sub
3295 880 3508 943 Vespa-

1924 965 2080 1020 siano
2107 975 2160 1021 et
2187 966 2308 1024 Tito
2334 967 2552 1025 Iudaeos
2591 971 2885 1038 interemit,
2913 981 2965 1026 et
3010 976 3507 1042 praevaricatricem

1924 1059 2209 1114 succendit
2252 1060 2548 1114 civitatem.
2606 1059 2702 1115 Vel
2752 1061 2824 1116 ita
2859 1061 3269 1130 :Exereitibus,
3316 1065 3366 1119 id
3422 1073 3507 1119 est

1924 1149 2130 1204 sanctis
2164 1150 2371 1218 angelis
2413 1167 2509 1220 per
2533 1167 2672 1220 quos
2694 1151 2960 1221 judicium
2991 1156 3284 1222 exercebit,
3324 1173 3507 1225 perse-

1921 1252 2154 1313 qucntcs
2195 1243 2402 1310 perdet,
2437 1251 2490 1296 et
2513 1244 2810 1310 civitatem,
2845 1245 2894 1300 id
2927 1255 3010 1301 est
3047 1265 3264 1303 carnem
3299 1250 3352 1303 in
3395 1265 3510 1321 qua

1923 1336 2303 1390 habitaverant
2333 1351 2456 1388 cum
2493 1338 2673 1391 anima
2707 1339 2760 1391 in
2791 1340 3036 1405 gehenna
3068 1343 3350 1396 cremabit.

2000 1445 2017 1476 ‹
2045 1424 2196 1480 Tunc
2210 1427 2282 1479 ait
2300 1428 2470 1481 servis
2493 1428 2638 1482 suis:
2657 1426 2868 1497 Nuptiae
2884 1432 3100 1498 quidem
3127 1442 3329 1500 paratae
3346 1442 3504 1500 sunt;

1922 1517 2016 1572 sed
2049 1516 2142 1586 qui
2167 1517 2371 1570 invitati
2398 1527 2554 1571 erant
2582 1535 2688 1572 non
2723 1518 2940 1573 fuerunt
2971 1521 3137 1590 digni.
3165 1521 3238 1575 lte
3277 1539 3406 1592 ergo
3436 1526 3506 1580 ad

1926 1609 2104 1664 exitus
2136 1609 2371 1676 viarum,
2404 1619 2457 1665 et
2489 1626 2848 1682 quoscunque
2877 1613 3191 1668 inveneritis
3221 1625 3409 1670 vocate
3437 1617 3505 1671 ad

1920 1700 2158 1770 nuptias.
2205 1719 2222 1751 ›
2258 1700 2315 1754 Si
2350 1700 2401 1754 in
2439 1699 2720 1772 Scriptura
2745 1719 2900 1758 sacra
2936 1704 3053 1759 vias
3089 1705 3332 1761 actiones
3361 1709 3506 1763 acci-

1920 1793 2132 1862 pimus,
2167 1793 2348 1847 exitus
2389 1793 2601 1847 viarum
2636 1795 2992 1864 intelligimus
3043 1796 3288 1851 defectus
3336 1799 3506 1853 actio-

1846 1869 1889 1924 Β
1919 1902 2071 1952 num,
2103 1887 2231 1956 quia
2279 1887 2353 1940 illi
2401 1887 2720 1958 plerumque
2762 1887 2918 1943 facile
2963 1889 3028 1943 ad
3080 1888 3372 1944 Dominum
3413 1907 3505 1946 ve-

1917 1978 2100 2045 niunt,
2149 1995 2289 2050 quos
2331 1981 2385 2034 in
2417 1981 2649 2038 terrenis
2680 1983 2892 2038 actibus
2922 1999 3184 2056 prospera
3223 1986 3371 2040 nulla
3404 1999 3502 2040 co-

1912 2069 2196 2124 mitantur.

1990 2181 2008 2214 ¢
2042 2162 2106 2217 Et
2127 2165 2330 2234 egressi
2357 2165 2500 2220 servi
2524 2166 2642 2238 ejus
2668 2167 2721 2220 in
2749 2168 2863 2224 vias
2893 2181 3361 2242 congregaverunt
3383 2188 3504 2230 om-

1912 2268 2010 2308 nes
2051 2270 2191 2325 quos
2241 2255 2566 2312 invenerunt
2615 2259 2789 2314 malos
2834 2268 2888 2314 et
2935 2261 3138 2328 bonos,
3181 2271 3235 2317 et
3265 2264 3504 2334 impleta:

1911 2359 2040 2402 sunt
2077 2348 2280 2418 nuptiae
2315 2349 2801 2406 discumbentium.
2836 2372 2854 2404 ι
2885 2352 2991 2408 Per
3021 2354 3194 2410 malos
3237 2365 3292 2411 et
3327 2357 3504 2414 bonos

1911 2448 2097 2508 aperte
2120 2441 2428 2495 ostenditur
2457 2443 2586 2512 quia
2611 2459 2708 2513 per
2732 2445 2950 2514 nuptias
2974 2444 3218 2502 Ecclesia
3249 2449 3502 2520 designa-

1913 2541 2019 2599 tur,
2045 2549 2168 2603 qua:
2197 2551 2343 2590 nunc
2377 2545 2431 2591 et
2459 2537 2754 2592 indiscreta
2783 2540 3034 2608 suscipit,
3065 2549 3118 2595 et
3149 2543 3499 2610 postmodum

1911 2628 1966 2682 in
1992 2628 2306 2699 egressione
2337 2630 2640 2685 discernit:
2674 2630 2798 2686 Mali
2831 2633 3132 2688 miscentur
3159 2635 3337 2700 bonis,
3370 2635 3500 2706 quia

1911 2739 2258 2793 nequaquam
2292 2723 2542 2793 perducit
2571 2722 2777 2779 ferrum
2817 2725 3012 2780 animae
3042 2727 3106 2781 ad
3141 2728 3501 2784 subtilitatem

1911 2815 2181 2870 acuminis
2213 2815 2259 2871 si
2288 2816 2344 2870 in
2387 2816 2490 2871 hoc
2518 2831 2629 2870 non
2671 2821 2902 2871 eraserit
2943 2817 3072 2872 lima
3104 2819 3295 2874 aliena:
3320 2821 3502 2890 pravi-

1911 2906 2057 2960 tatis.
2107 2905 2314 2962 Debent
2367 2909 2513 2962 enim
2560 2908 2687 2962 boni
2743 2909 2978 2962 tolerare
3027 2911 3204 2965 malos
3259 2914 3402 2967 sicut
3444 2911 3499 2966 in

1911 3011 2036 3052 arca
2074 2995 2188 3052 Noe
2214 2999 2430 3054 diversa
2480 2999 2701 3054 fuerunt
2733 3015 2931 3070 genera
2979 3001 3323 3071 animalium,
3361 3014 3416 3060 et
3442 3005 3500 3059 in

1911 3091 2109 3145 horreo
2143 3100 2273 3146 sunt
2297 3107 2465 3162 grana
2496 3109 2622 3148 cum
2650 3093 2838 3162 paleis.

1920 3211 1940 3236 .-
1991 3201 2008 3234 ι
2041 3182 2473 3238 lntravitautem
2516 3200 2609 3239 rex
2641 3186 2925 3240 utvideret
2969 3187 3394 3244 discumbentes.
3433 3189 3502 3243 Et

1914 3274 2045 3328 vidit
2090 3275 2162 3328 ibi
2203 3276 2480 3330 hominem
2515 3293 2624 3330 non
2658 3281 2914 3332 vestitum
2960 3290 3110 3334 veste
3160 3281 3413 3350 nuptiali,
3445 3289 3500 3335 et

1912 3369 1983 3423 ait
2034 3369 2107 3422 illi
2144 3388 2154 3422 :
2189 3368 2398 3435 Amice,
2435 3372 2712 3440 quomodo
2742 3371 2847 3426 huc
2876 3373 3089 3427 intrasti
3133 3389 3242 3427 non
3288 3375 3500 3428 habens

1910 3466 2117 3513 vestem
2146 3460 2484 3528 nuptialem?
2519 3459 2682 3526 )RCX,
2705 3462 2757 3515 id
2789 3472 2872 3516 est
2916 3463 3058 3517 Deus
3114 3465 3354 3530 intravit,
3386 3482 3496 3522 non

1912 3551 2044 3619 quin
2095 3552 2296 3620 ubique
2336 3552 2427 3617 sit,
2461 3553 2555 3607 sed
2588 3554 2678 3606 ubi
2729 3554 2844 3607 vult
2888 3557 3134 3624 aspicere
3181 3557 3252 3610 ibi
3296 3558 3499 3613 dicitur

1910 3657 2186 3710 praesens;
2222 3644 2313 3697 ubi
2358 3653 2540 3699 autem
2581 3660 2688 3700 non
2736 3647 2870 3712 vult,
2903 3647 3105 3702 dicitur
3153 3649 3375 3704 absens.
3411 3649 3501 3704 ln-

1911 3736 2076 3789 travit
2117 3744 2172 3790 ut
2229 3735 2454 3802 videret,
2501 3737 2555 3792 id
2601 3748 2684 3793 est
2725 3739 2896 3794 videri
2944 3739 3108 3795 faciat
3152 3741 3498 3812 singulorum

1910 3829 2126 3882 merita.
2159 3828 2234 3884 De
2251 3829 2438 3884 futuro
2471 3831 2712 3900 loquitur
2743 3833 2833 3887 hic
2862 3849 2959 3902 per
2990 3843 3235 3904 tempora
3272 3845 3500 3906 praeter-

1910 3919 2003 3973 ita.
2044 3919 2168 3974 Dies
2204 3921 2535 3990 aspectionis
2574 3922 2691 3978 dies
2723 3932 2808 3978 est
2830 3925 3024 3993 judicii
3053 3928 3273 3995 quando
3307 3929 3499 3984 visita-

1909 4021 2067 4067 turus
2092 4023 2174 4068 est
2203 4012 2545 4069 Christianos
2573 4016 2664 4084 qui
2712 4029 2877 4085 super
2901 4033 3148 4071 mensam
3184 4018 3499 4089 Scriptura-

1909 4119 2030 4156 rum
2075 4103 2420 4170 recumbunt,
2454 4104 2506 4158 id
2549 4113 2633 4158 est
2677 4106 3048 4174 requiescunt,
3091 4117 3148 4161 et
3174 4110 3496 4168 cmlestibus

1909 4197 2190 4265 replentur
2230 4196 2516 4252 doctrinis.
2549 4196 2766 4252 Vestem
2803 4199 3101 4268 nuptialem
3131 4203 3317 4272 accipe
3362 4219 3496 4273 pra:—

1909 4298 2062 4358 cepta
2091 4288 2308 4342 Domini
2337 4308 2348 4343 :
2377 4288 2432 4343 Si
2457 4290 2583 4360 quis
2611 4291 2777 4360 igitur
2804 4291 2857 4344 in
2884 4301 3126 4362 tempore
3147 4293 3340 4362 judicii
3369 4294 3492 4351 fue-

1908 4381 1979 4434 rit
2009 4382 2282 4445 inventus,
2313 4382 2416 4436 sub
2441 4383 2661 4438 nomine
2685 4382 3002 4439 Christiano
3031 4385 3254 4441 indutus
3277 4388 3493 4445 exuviis

1907 4475 2106 4529 veteris
2154 4474 2395 4530 hominis
2445 4477 2630 4531 audiet
2672 4477 2844 4530 illud:
2897 4496 2915 4528 ι
2955 4477 3164 4545 Amice,
3210 4480 3491 4548 quomodo

1909 4567 2018 4623 huc
2050 4567 2297 4622 intrasti?
2326 4587 2343 4618 ι
2377 4569 2628 4624 Amicum
2677 4580 2854 4636 vocat,
2889 4569 3019 4640 quia
3069 4571 3333 4627 invitatus
3362 4571 3486 4626 fuit.

1909 4660 2198 4730 Amplius:
2235 4659 2412 4716 Vestis
2457 4663 2718 4730 nuptialis
2759 4672 2844 4718 est
2890 4663 3152 4727 Charitas,
3191 4679 3356 4733 quam
3391 4664 3493 4719 ha-

1906 4753 2035 4808 bere
2062 4755 2219 4809 debet
2241 4754 2421 4810 omnis
2452 4756 2778 4824 baptizatus,
2820 4764 2873 4810 et
2901 4772 3022 4826 quae
3065 4758 3138 4811 ita
3175 4757 3404 4810 habetur
3431 4757 3489 4812 in

1906 4846 2122 4902 duobus
2140 4848 2443 4917 praeceptis,
2469 4847 2521 4901 id
2538 4857 2623 4903 est
2641 4849 2694 4901 in
2720 4848 3010 4902 dilectione
3029 4847 3123 4902 Dei
3153 4858 3206 4902 et
3227 4849 3486 4918 proximi,

1906 4942 2050 4996 sicut
2079 4943 2132 4996 in
2161 4943 2375 4996 duobus
2407 4942 2568 5011 lignis
2611 4942 2881 5011 superiori
2925 4951 2980 4996 et
3027 4940 3272 4996 inferiori
3319 4943 3489 4999 vestis

1907 5033 2127 5088 texitur.
2159 5033 2369 5100 Amice,
2403 5035 2554 5100 dicit,
2599 5049 2664 5089 ac
2690 5034 2736 5088 si
2765 5043 2950 5102 aperte
2977 5035 3162 5091 dicat:
3195 5037 3406 5105 Amice,
3433 5046 3488 5094 et

1907 5141 2016 5180 non
2061 5127 2273 5182 amice:
2307 5126 2481 5182 amice
2521 5143 2617 5197 per
2647 5127 2830 5196 tidem,
2876 5127 2971 5183 sed
3022 5144 3131 5184 non
3172 5131 3348 5187 amice
3390 5146 3488 5202 per

1906 5219 2300 5287 Operationem.
2347 5219 2416 5273 At
2456 5219 2546 5274 ille
2589 5220 2895 5276 obmutuit:
2945 5219 3045 5276 Hic
3095 5221 3486 5278 abscondimus

1905 5322 2090 5377 opera,
2137 5317 2191 5363 et
2238 5309 2481 5365 celamus
2525 5312 2688 5366 corda
2743 5320 2960 5379 nostra;
3013 5313 3105 5366 sed
3156 5312 3210 5365 in
3257 5313 3352 5365 illo
3398 5312 3486 5368 die

1903 5400 2124 5471 quando
2165 5402 2247 5456 sol
2293 5409 2346 5456 et
2375 5402 2502 5456 luna
2547 5413 2601 5458 et
2635 5411 2780 5458 totus
2815 5406 3054 5458 mundus
3097 5405 3261 5457 stabit
3293 5403 3486 5457 adver-

1903 5509 2025 5549 sum
2071 5511 2170 5550 nos
2198 5495 2253 5548 in
2289 5496 2660 5551 testimonium
2703 5507 3072 5566 peccatorum,
3110 5504 3164 5550 et
3205 5496 3255 5551 si
3297 5496 3484 5551 omnia

1902 5598 2138 5655 taceant,
2193 5589 2324 5659 ipsa:
2375 5598 2555 5645 tamen
2608 5591 2968 5660 cogitationes
3016 5597 3217 5643 nostra:
3262 5597 3318 5642 et
3363 5589 3483 5660 ipsa

1901 5698 2063 5752 opera
2105 5683 2416 5752 Specialiter
2447 5683 2670 5738 stabunt
2706 5693 2831 5737 ante
2871 5681 3061 5736 oculos
3105 5689 3328 5737 nostros
3355 5690 3483 5736 ante

1901 5773 2102 5842 Deum,
2127 5775 2340 5832 dicente
2388 5776 2652 5846 Apostolo
2679 5794 2692 5829 :
2735 5795 2752 5826 ι
2780 5773 3217 5846 COgitationibns
3247 5775 3480 5830 invicem

1901 5869 2286 5928 accusantibus
2314 5878 2407 5925 aut
2431 5870 2595 5926 etiam
2623 5867 3036 5926 defendentibus
3067 5869 3120 5924 in
3144 5869 3233 5926 die
3258 5870 3479 5940 quando
