3970 6446
479 399 612 455 1191

1611 382 1938 441 WERNERI
1977 378 2272 437 ABBATIS
2313 379 2370 435 S.
2413 377 2635 433 BLASII

3610 371 3753 431 “9%

476 514 805 585 iudicaverit
835 512 1100 567 Dommus
1147 507 1360 561 occuita
1404 501 1692 557 hominum
1738 513 1834 569 per
1873 494 2061 552 Jesum
2091 496 2139 556 Α
2170 490 2506 558 exteriores;
2537 496 2723 560 postea
2754 487 3027 559 patientur
3048 484 3212 540 ﬂetus
3239 491 3295 539 et
3323 482 3591 539 stridores
3615 482 3754 540 den.

480 606 761 661 Christum
791 603 964 673 (Rom.
1004 602 1086 669 ιι).
1117 615 1136 649 ι

558 724 577 756 ε
613 703 767 756 Tunc
792 700 929 754 dixit
959 714 1049 752 rex
1084 694 1351 751 ministris
1373 713 1385 747 :
1407 690 1615 763 Ligatis
1643 688 1903 744 manibus
1940 688 2061 757 ejus

479 804 534 850 et
577 793 825 863 pedibus,
860 790 1056 844 mittite
1102 789 1154 841 in
1195 786 1446 841 tenebras
1476 782 1795 845 exteriores,
1824 780 1914 834 ubi
1958 779 2064 833 erit

481 885 639 937 fletus
670 891 721 936 et
751 880 954 935 staidor
983 877 1250 933 dentium.
1294 894 1310 926 ι
1342 874 1561 944 Ligutas
1590 886 1786 925 manus
1819 880 1870 925 et
1899 869 2062 938 pedes

480 974 776 1041 ﬂetumque
807 972 1091 1025 oculorum
1125 977 1178 1022 et
1226 966 1515 1021 stridorem
1564 963 1831 1027 dentium,
1878 960 1964 1014 vel
1994 959 2061 1013 ad

482 1064 944 1134 comprobandum
995 1058 1419 1115 resurrectionis
1461 1056 1746 1109 veritatem
1800 1052 2059 1120 inteilige,

482 1158 566 1212 vel
595 1167 741 1211 certe
772 1156 894 1209 ideo
921 1153 1157 1222 ligantur
1188 1166 1384 1204 manus
1410 1158 1465 1203 et
1487 1148 1672 1217 pedes,
1699 1156 1758 1199 ut
1799 1143 2064 1198 desistant

480 1252 621 1304 male
642 1248 876 1317 operari,
900 1254 953 1299 et
975 1259 1194 1300 currere
1216 1242 1282 1297 ad
1306 1240 1690 1297 effundendum
1716 1236 2057 1307 sanguinem.

480 1345 614 1411 Qua:
642 1360 786 1397 nunc
816 1348 1009 1411 sponte
1031 1339 1268 1409 ligantur
1295 1338 1347 1390 in
1372 1338 1526 1401 vitio,
1554 1344 1685 1389 tunc
1708 1333 1762 1388 in
1794 1332 2062 1402 supplicio

481 1437 800 1505 ligabuntur
840 1433 1089 1488 dolendo.
1136 1429 1194 1483 In
1245 1428 1372 1483 ﬂetu
1414 1442 1634 1497 quoque
1683 1426 1965 1479 oculorum
2010 1434 2063 1479 et

483 1529 717 1583 stridore
747 1526 991 1580 dentium
1023 1539 1116 1592 per
1144 1521 1522 1590 metaphoram
1549 1518 1919 1572 membrorum
1947 1531 2067 1571 cor-

482 1622 749 1693 poralium
779 1619 1095 1689 magnitudo
1121 1615 1425 1669 ostenditur
1458 1620 1877 1666 tormentorum.
1903 1608 2066 1663 Exte-

482 1729 658 1769 riores
688 1712 921 1766 tenebrae
961 1718 1089 1764 sunt
1135 1707 1473 1771 novissimze,
1510 1704 1677 1759 idest
1723 1712 1923 1757 aeterna
1955 1717 2063 1755 nox

483 1807 875 1867 damnationis,
919 1802 1047 1872 quia
1098 1800 1387 1854 interiores
1432 1805 1561 1851 sunt
1610 1795 1827 1850 caecitas
1859 1794 2063 1850 cordis.

486 1898 725 1968 Repulso
753 1912 864 1951 uno
911 1895 1102 1965 iniquo
1145 1908 1307 1947 omne
1337 1905 1536 1959 corpus
1575 1888 1847 1943 malorum
1881 1886 2067 1957 expri-

485 1992 674 2054 mitur,
710 1996 763 2043 et
792 1986 1059 2059 generalis
1087 1983 1353 2038 sententia
1385 1980 1638 2035 infertur.

562 2107 580 2141 c
617 2086 769 2141 Multi
813 2095 994 2141 autem
1043 2092 1171 2139 sunt
1218 2081 1419 2146 vocati,
1464 2079 1623 2149 pauci
1653 2093 1783 2132 vero
1828 2076 2004 2132 electi.
2043 2096 2062 2129 ι

483 2179 615 2234 Tale
658 2187 740 2233 est
780 2177 926 2247 quod
964 2176 1132 2230 dicit:
1161 2171 1280 2227 Non
1314 2187 1456 2225 unus
1499 2177 1712 2223 tantum
1751 2168 1818 2222 de
1860 2168 2070 2223 vocatis

483 2282 570 2328 est
597 2271 805 2341 ejectus
835 2269 902 2323 de
946 2268 1170 2336 nuptiis,
1201 2264 1295 2320 sed
1322 2263 1388 2317 de
1431 2262 1619 2316 multis
1649 2268 1732 2314 est
1763 2259 2069 2328 intelligen-

484 2363 639 2416 dum.
678 2359 856 2413 Divini
885 2359 1029 2414 enim
1062 2356 1211 2411 verbi
1259 2371 1406 2409 nunc
1434 2354 1622 2423 epulas
1653 2351 1945 2415 sumimus,
1975 2348 2069 2404 sed

485 2453 542 2507 iit
571 2451 657 2506 die
683 2450 876 2520 judicii
909 2465 1002 2503 rex
1027 2449 1239 2501 intrans
1270 2460 1370 2499 nos
1403 2446 1714 2515 distinguet.
1749 2442 1955 2495 Aliter:
1991 2440 2067 2493 Ex

484 2544 591 2599 hoc
634 2544 780 2613 quod
812 2557 919 2596 non
963 2540 1122 2605 dixit,
1175 2538 1398 2593 intravit
1440 2552 1534 2591 rex
1576 2544 1634 2589 ut
1674 2540 2067 2596 remunerarct,

485 2637 600 2701 sed,
631 2644 690 2689 ut
722 2633 951 2699 videret,
998 2632 1159 2685 datur
1186 2631 1427 2700 suspicio
1457 2645 1525 2683 ne
1554 2627 1695 2682 forte
1724 2628 1829 2682 hoc
1860 2641 1968 2681 non
2000 2625 2069 2681 de

483 2725 723 2780 vindicta
747 2723 943 2795 judicii
974 2722 1327 2791 intelligatur.
1356 2719 1542 2789 Neque
1567 2720 1711 2772 enim
1739 2719 1873 2772 dixit
1903 2736 1917 2772 :
1942 2716 2067 2770 Mit-

485 2819 582 2873 tite
623 2833 746 2871 eum
792 2816 846 2869 in
877 2814 1129 2869 tenebras
1164 2810 1473 2877 inferiores,
1513 2811 1565 2865 id
1597 2820 1681 2865 est
1712 2811 1765 2865 in
1802 2809 2062 2864 inferiora

483 2907 606 2963 loca
657 2906 874 2961 inferni.
925 2902 1078 2959 Unde
1133 2904 1302 2958 alibi:
1350 2922 1369 2954 ι
1413 2902 1479 2957 Et
1529 2903 1776 2973 eripuisti
1824 2904 2065 2956 animum

485 3017 663 3055 meum
697 3017 761 3055 ex
791 2998 1003 3053 inferno
1026 2996 1270 3051 inferiori
1298 2995 1469 3067 (Psal.
1498 2998 1722 3068 Lxxxv),
1756 3015 1775 3049 ι
1811 2996 1905 3051 sed
1929 2996 2067 3050 dixit

482 3094 800 3149 exteriores.
846 3091 989 3163 Ergo
1036 3090 1336 3146 secundum
1387 3091 1529 3146 hanc
1573 3091 1899 3146 sententiam
1948 3090 2066 3145 dies

2163 588 2321 643 tittm.

2657 674 2939 744 Expositio
2966 675 3031 727 de
3058 672 3262 727 eodem.

2240 790 2259 822 ε
2297 769 2446 825 Beati
2486 768 2577 838 qui
2626 767 2856 821 audiunt
2903 766 3131 819 verbum
3179 762 3297 828 Dei,
3338 770 3394 817 et
3439 761 3755 819 custodiunt

2164 862 2328 918 illud!
2356 882 2373 913 ι
2403 860 2555 929 (Luc.
2586 861 2688 927 xi.)
2714 858 2865 912 Multi
2885 866 3034 923 sunt,
3053 856 3393 919 cbarissimi,
3418 856 3750 926 quiverbum

2163 952 2258 1005 Dei
2296 966 2396 1006 nec
2439 966 2576 1004 aure
2599 946 2848 1017 corporis
2882 946 3073 999 audire
3113 946 3324 999 volunt.
3350 944 3611 1014 Plerique
3628 961 3752 1000 vero

2164 1043 2270 1097 hoc
2297 1058 2429 1096 aure
2470 1041 2688 1111 quidem
2726 1040 2979 1103 audiunt,
3025 1037 3119 1091 sed
3166 1038 3398 1090 minime
3435 1036 3577 1090 beati
3608 1046 3749 1101 sunt,

2164 1133 2293 1202 quia
2326 1131 2460 1185 illud
2492 1130 2812 1200 operatione
2840 1143 2947 1182 non
2983 1128 3240 1196 diligunt.
3280 1125 3387 1192 Qui
3414 1134 3596 1179 autem
3626 1126 3751 1181 illud

2164 1227 2398 1284 sollicita
2441 1240 2571 1280 aure
2626 1224 2879 1286 audiunt,
2950 1223 3162 1276 intento
3207 1222 3374 1276 corde
3421 1222 3749 1287 custodiunt,

2164 1320 2363 1374 devoto
2396 1330 2559 1386 opere
2583 1316 2809 1384 implere
2854 1322 3131 1386 satagunt.
3164 1312 3227 1366 Hi
3260 1314 3404 1367 beati
3452 1323 3600 1379 sunt,
3630 1316 3749 1384 quia

2163 1426 2288 1466 cum
2320 1409 2485 1463 verbo
2510 1407 2603 1461 Dei
2636 1408 2689 1460 in
2713 1417 2978 1461 aeternum
3005 1407 3381 1461 exsultabant.

2238 1500 2383 1555 ldem
2417 1499 2654 1553 Verbum
2688 1498 2853 1553 refert
2883 1500 3047 1553 hodie
3074 1500 3126 1553 in
3153 1499 3439 1569 evangelio
3464 1499 3607 1569 quod
3633 1498 3750 1570 qui-

2165 1593 2290 1647 dam
2332 1608 2430 1646 rex
2471 1590 2599 1645 fecit
2636 1591 2855 1660 nuptias
2888 1592 3000 1655 tilio
3043 1607 3168 1645 suo.
3217 1589 3325 1656 Qui
3371 1591 3517 1645 misit
3560 1607 3749 1646 servos

2168 1699 2298 1739 suos
2334 1683 2592 1737 invitatos
2646 1696 2863 1747 vocare,
2895 1692 2949 1737 et
2991 1683 3255 1737 nolebant
3307 1683 3505 1736 venire.
3544 1682 3747 1738 lterum

2170 1777 2307 1831 alios
2337 1776 2526 1830 misit:
2551 1774 2752 1843 quibus
2779 1782 2839 1827 ut
2884 1774 3128 1828 invitatis
3153 1774 3447 1843 prandium
3480 1786 3744 1843 paratum,

2171 1878 2361 1923 tauros
2398 1878 2451 1923 et
2499 1869 2667 1923 altilia
2706 1869 2910 1933 occisa,
2956 1876 3011 1921 et
3047 1866 3232 1920 omnia
3283 1876 3476 1935 parata
3516 1867 3748 1921 dicerent

2171 1960 2447 2030 prwcepit.
2477 1958 2546 2014 At
2591 1960 2668 2013 illi
2712 1960 3070 2030 negligentes,
3101 1959 3243 2012 alius
3290 1958 3345 2011 in
3375 1958 3577 2022 villam,
3615 1959 3747 2013 alius

2172 2052 2239 2105 ad
2276 2052 2704 2123 negotiationem
2735 2068 2888 2106 suam
2917 2052 3203 2115 abierunt;
3235 2050 3330 2104 alii
3370 2060 3549 2105 tentus
3572 2066 3745 2105 servos

2172 2152 2225 2197 et
2256 2143 2604 2198 contumeliis
2631 2144 2855 2197 affectos
2892 2142 3239 2197 occiderunt.
3269 2141 3428 2207 Quos
3457 2158 3545 2195 rex
3574 2144 3745 2198 missis

2171 2236 2500 2291 exercitibus
2529 2235 2784 2305 perdidit,
2810 2244 2865 2290 et
2894 2236 3169 2290 civitatem
3202 2238 3425 2289 illorum
3458 2239 3741 2292 succendit.

2172 2326 2378 2381 Deinde
2410 2328 2477 2381 ad
2507 2330 2688 2383 exitus
2713 2330 2927 2382 viarum
2966 2329 3133 2395 misit,
3180 2337 3235 2381 et
3281 2327 3559 2397 queslibet
3587 2330 3743 2382 advo-

2170 2419 2285 2474 cari
2316 2419 2506 2489 jussit.
2551 2418 2848 2489 Postquam
2892 2431 3076 2473 autem
3114 2420 3351 2489 impleta:
3396 2430 3524 2474 sunt
3554 2423 3750 2490 nuptiae

2170 2513 2655 2577 discumbentium,
2683 2512 2895 2565 intrans
2924 2527 3015 2565 rex
3048 2511 3183 2564 vidit
3205 2513 3502 2580 quemdam
3530 2528 3634 2564 non
3663 2512 3751 2565 ha-

2171 2606 2299 2660 bere
2329 2615 2534 2659 vestem
2569 2604 2624 2658 in
2657 2605 2863 2673 nuptiis
2895 2605 3188 2671 utentium,
3213 2605 3385 2673 jussit
3418 2619 3543 2658 eum
3578 2604 3749 2675 ligatis

2171 2698 2428 2753 manibus
2461 2708 2515 2751 et
2554 2697 2783 2766 pedibus
2812 2696 3005 2766 projici
3046 2698 3099 2748 in
3148 2697 3746 2763 tenebrasexteriores,

2170 2790 2263 2844 ubi
2293 2800 2439 2845 esset
2470 2791 2631 2844 ﬂetus
2659 2798 2711 2843 et
2735 2790 2939 2843 stridor
2968 2789 3247 2853 dentium;
3280 2789 3530 2858 dixitque
3554 2791 3748 2845 multos

2168 2897 2292 2938 esse
2318 2893 2562 2947 vocatos,
2590 2897 2796 2951 paucos
2817 2896 2944 2935 vero
2972 2880 3177 2936 electos
3200 2880 3424 2951 (Matth.
3452 2889 3605 2949 xxn).
3634 2882 3747 2937 Rex

2170 2975 2263 3045 qui
2292 2974 2515 3044 nuptias
2543 2975 2653 3028 tilio
2681 2974 2809 3028 fecit
2829 2984 2915 3028 est
2938 2972 3083 3027 Deus
3107 2972 3290 3039 Pater,
3323 2974 3417 3044 qui
3440 2973 3565 3028 Jesu
3593 2973 3750 3028 Chri-

2169 3078 2255 3126 sto
2280 3068 2420 3125 Filio
2450 3085 2551 3125 suo
2595 3084 2855 3139 Sponsam
2890 3068 3187 3124 Ecclesium
3227 3070 3522 3139 conjunxit.
3568 3068 3749 3137 Hujus

482 3184 813 3253 aspectionis
842 3160 958 3238 dies
983 3181 1295 3237 tentationis
1318 3190 1421 3248 est,
1451 3182 1672 3252 quando
1700 3182 1957 3252 dignatus
1982 3190 2066 3236 est

2173 3164 2431 3234 nuptialis
2488 3164 2762 3219 thalamus
2820 3173 2938 3218 erat
2989 3179 3164 3218 sacra:
3224 3160 3453 3231 Virginis
3514 3173 3736 3217 uterus.

484 3295 695 3339 tentare
723 3283 1022 3339 Ecclesium
1046 3298 1224 3349 suum,
1258 3292 1316 3337 ut
1349 3282 1531 3337 videat
1556 3282 1650 3352 qui
1677 3283 1838 3336 tidem
1870 3281 2067 3336 habeat

483 3398 539 3443 et
568 3404 754 3460 opera.
789 3387 1014 3454 Quoties
1038 3402 1167 3458 ergo
1211 3395 1382 3441 tentat
1422 3385 1724 3440 Ecclesium
1762 3385 2067 3456 ingreditur

480 3487 552 3543 ad
583 3503 724 3552 eam,
754 3497 811 3541 ut
834 3486 1014 3540 videat
1038 3486 1132 3555 qui
1157 3494 1286 3540 sunt
1312 3484 1461 3555 digni
1491 3485 1697 3554 nuptiis
1727 3486 2065 3554 ccelestibus,

486 3590 537 3633 et
561 3581 605 3635 si
629 3590 761 3634 tunc
784 3579 990 3633 invenit
1008 3578 1290 3647 indignum
1314 3577 1576 3646 aliquem,
1598 3577 1895 3648 interrogat
1915 3593 2062 3633 eum.

486 3670 622 3735 Quia
661 3671 900 3724 humana
933 3672 1254 3740 simplicitas
1279 3671 1495 3726 diiiicile
1528 3671 1953 3728 fraudulentiam
1986 3674 2065 3729 si-

487 3760 707 3813 mulata:
764 3760 961 3814 mentis
1010 3760 1290 3830 intelligit,
1338 3761 1543 3816 idcirco
1597 3763 1742 3817 hunc
1780 3764 2064 3833 indignum

487 3859 633 3904 custu
681 3850 909 3919 nuptiaii
952 3849 1096 3906 Deus
1131 3853 1282 3908 solus
1321 3854 1547 3910 invenit.
1592 3853 1842 3924 Nuptiale
1884 3865 2068 3910 autem

487 3943 875 3996 vestimentum
923 3952 1007 3998 est
1056 3945 1189 4001 fides
1233 3962 1377 4001 vera.
1428 3946 1581 4002 Unde
1621 3947 1915 4018 Apostolus
1947 3950 2064 4003 ait:

491 4049 512 4083 ι
538 4031 850 4102 Exspoliate
874 4049 969 4090 vos
993 4046 1227 4091 veterem
1255 4039 1527 4092 hominem
1546 4055 1668 4093 cum
1697 4040 1909 4094 actibus
1927 4042 2066 4109 ejus,

488 4126 785 4183 vesticntes
808 4141 904 4182 vos
939 4144 1139 4183 novum
1180 4131 1273 4200 qui
1307 4130 1609 4186 secundum
1646 4130 1816 4186 Deum
1852 4141 2070 4187 creatus

488 4229 574 4274 est
602 4220 656 4272 in
695 4218 908 4288 justitia
949 4233 1002 4274 et
1033 4223 1319 4277 sanctitate
1349 4224 1597 4278 veritatis
1641 4223 1867 4294 (Coloss.
1898 4226 2002 4296 ιιι).
2046 4245 2064 4279 ι

486 4307 710 4367 Iustitia
741 4312 974 4381 pertinet
1004 4314 1072 4368 ad
1111 4315 1524 4369 conversionem
1557 4316 1776 4383 bonum,
1808 4320 2071 4374 sanctitas

488 4409 734 4465 veritatis
763 4411 830 4465 ad
876 4412 1037 4467 ﬁdem
1083 4428 1290 4468 verum.
1320 4411 1678 4486 Interrogatio
1710 4425 1891 4472 autem
1928 4418 1987 4473 ﬁt
2014 4418 2069 4472 in

490 4510 916 4604 cegitationibus
947 4513 1120 4582 impii,
1170 4514 1328 4583 quasi
1357 4514 1501 4569 dicat
1528 4533 1540 4568 :
1577 4514 1778 4586 thuid
1804 4516 2069 4571 Christia-
2100 4526 2145 4580 D

476 4617 596 4658 .nus
617 4619 676 4658 es
704 4602 913 4658 factus?
938 4604 1115 4673 Opera
1144 4614 1234 4659 tua
1261 4622 1367 4660 non
1397 4616 1524 4662 sunt
1548 4606 1866 4663 Christiani.
1898 4608 2071 4664 Habet

491 4694 620 4762 tale,
650 4711 774 4750 cum
805 4695 1000 4749 viderit
1031 4694 1173 4752 Deus
1209 4714 1319 4751 non
1365 4699 1649 4754 habentem
1680 4702 1809 4771 quid
1842 4717 2073 4771 respon-

490 4786 618 4842 deat
657 4788 1010 4843 conscientiae
1038 4804 1172 4854 suae,
1213 4791 1381 4846 tradit
1409 4807 1535 4846 eum
1579 4793 1863 4862 spiritibus
1908 4795 2071 4850 indu-

491 4880 758 4937 ctionum.
791 4878 927 4935 Nam
975 4882 1117 4936 mala
1147 4898 1243 4952 per
1275 4884 1451 4939 malos
1480 4885 1759 4940 ministres
1792 4887 1987 4954 reddit,
2019 4897 2073 4943 et

491 4968 664 5041 ligant
687 4974 736 5026 ei
767 4988 982 5038 manus,
1008 4974 1058 5027 id
1087 4984 1171 5028 est
1216 4991 1380 5045 opera
1408 4978 1773 5045 rectitudinis,
1803 4981 2070 5049 etpedes,

493 5062 548 5118 id
578 5072 662 5118 est
702 5074 882 5120 motus
909 5068 1127 5132 animae,
1156 5069 1357 5137 quibus
1389 5070 1593 5125 incedit
1621 5086 1729 5124 non
1761 5072 1828 5125 de
1856 5073 1977 5127 loco
2005 5073 2073 5127 ad

493 5164 696 5230 locum,
727 5166 821 5219 sed
863 5166 930 5219 de
965 5167 1108 5221 malo
1142 5169 1209 5223 ad
1239 5170 1464 5237 bonum,
1502 5171 1649 5225 etde
1674 5172 1820 5225 bono
1849 5173 1913 5226 ad
1957 5187 2070 5226 mar

496 5256 629 5321 lum,
678 5266 736 5310 ut
781 5258 860 5311 sic
911 5258 1163 5328 laqueum
1218 5262 1535 5329 perditionis
1582 5262 1846 5318 incurrat.
1893 5263 1959 5317 Et
2000 5264 2074 5319 ita

496 5357 730 5410 mittitur
767 5359 821 5411 in
865 5368 1162 5414 exteriores
1204 5362 1476 5425 tenebras,
1524 5362 1608 5415 vel
1664 5364 1942 5431 gentilium
1992 5362 2076 5417 vel

493 5449 806 5504 Iudaeorum
858 5452 940 5505 vel
989 5453 1391 5507 haereticorum.
1444 5453 1507 5508 Et
1564 5454 1794 5510 forsitan
1854 5458 2078 5526 propin-

496 5543 720 5610 quiures
747 5555 875 5598 sunt
904 5548 1137 5600 tenebrae
1168 5550 1447 5617 gentilium
1488 5550 1581 5618 qui
1616 5552 1897 5606 veritatem
1927 5568 2079 5622 sper-

504 5643 640 5685 nunt
687 5650 852 5704 quant
889 5653 994 5689 non
1042 5640 1367 5706 audierunt;
1419 5642 1722 5699 exteriores
1762 5654 1942 5698 autem
1982 5644 2079 5699 Ju-

500 5720 742 5779 datorum
755 5728 851 5796 qui
874 5744 983 5782 non
1008 5730 1375 5796 crediderunt,
1395 5733 1569 5804 magis
1586 5736 1885 5790 exteriores
1910 5737 2079 5792 haere-

506 5817 734 5879 ticorum
764 5826 857 5896 qui
881 5827 1210 5885 didicerunt.
1244 5831 1405 5887 Modo
1430 5833 1722 5889 mittuntur
1742 5835 1797 5889 in
1826 5837 2079 5893 tenebras

2172 3257 2327 3311 Servi
2354 3256 2450 3326 qui
2478 3255 2734 3310 invitatos
2760 3264 3119 3321 vocaverunt,
3149 3265 3305 3309 erant
3327 3256 3626 3324 prophetae,
3653 3255 3751 3323 qui

2167 3347 2371 3403 Judaeis
2406 3363 2500 3418 per
2544 3348 2885 3418 patriarchas
2934 3348 3196 3402 invitatos
3242 3346 3519 3401 Christum
3566 3348 3748 3400 incar-

2170 3442 2412 3497 nandutn
2478 3442 3005 3511 praenuntiaverunt.
3063 3441 3169 3506 Qui
3225 3442 3415 3495 venire
3473 3441 3745 3505 nolebant,

2168 3544 2326 3591 erant
2352 3536 2405 3589 hi
2429 3536 2522 3604 qui
2546 3537 2826 3604 prophetis
2855 3550 2963 3588 non
2987 3535 3302 3589 credebant.
3337 3533 3492 3587 Servi
3518 3533 3747 3587 secundo

2168 3629 2324 3683 missi
2349 3627 2585 3696 apostoli
2628 3626 2852 3681 fuerunt
2881 3627 2975 3696 qui
3003 3641 3099 3696 per
3128 3634 3300 3679 totam
3332 3623 3575 3679 Iuda-am
3596 3623 3748 3678 Chri-

2171 3731 2315 3776 stum
2345 3737 2444 3790 pio
2492 3720 2650 3774 nobis
2698 3720 3045 3774 ineat-natum
3093 3720 3549 3790 przedicaverunt.
3593 3718 3745 3772 Pran-

2169 3812 2321 3866 dium
2370 3822 2620 3881 paratunt
2653 3821 2771 3865 erat
2820 3812 3053 3881 saginati
3095 3812 3275 3875 vituli,
3310 3812 3521 3865 scilicet
3559 3826 3745 3879 corpus

2172 3920 2272 3975 pro
2292 3905 2449 3959 nobis
2472 3904 2585 3974 jam
2608 3904 2871 3958 oblatum.
2905 3902 3071 3957 Tauri
3101 3904 3317 3958 feroces
3344 3908 3557 3975 tyranni
3586 3903 3744 3958 exsti-

2171 4004 2355 4050 terunt
2374 3996 2468 4065 qui
2496 4005 2690 4050 cuncta
2718 3997 2869 4050 orbis
2899 4011 3063 4065 regna
3092 3996 3547 4064 perdomuerunt.
3574 3993 3743 4049 Altitia

2168 4103 2302 4143 vero
2337 4097 2492 4142 erant
2514 4089 2845 4158 philosophi,
2878 4088 2973 4155 qui
3009 4089 3194 4141 omnia
3230 4089 3620 4156 perscrutanda
3654 4103 3744 4140 vo-

2173 4183 2423 4237 laverunt
2472 4194 2652 4236 mente
2699 4197 2876 4252 usque
2925 4182 2990 4235 ad
3037 4181 3216 4236 sidera
3268 4183 3416 4236 cteli.
3468 4181 3533 4235 lii
3587 4181 3737 4236 occisi

2174 4283 2352 4339 erant,
2384 4274 2514 4328 dum
2548 4273 2642 4327 Dei
2685 4272 2953 4342 sapientia
2989 4273 3355 4342 superborum
3393 4274 3553 4338 colla,
3586 4282 3637 4327 et
3656 4288 3738 4327 su-

2172 4366 2421 4422 blimium
2462 4367 2768 4421 culcaverat
2817 4366 3052 4419 humiles
3094 4375 3149 4419 et
3194 4381 3468 4436 pauperes
3509 4376 3737 4435 parentes

2173 4459 2427 4529 elegerat,
2460 4458 2785 4528 sapientiam
2817 4459 3167 4526 prudentium
3194 4460 3599 4528 reprobaverat,
3622 4458 3738 4511 idio-

2289 4558 2344 4604 et
2384 4549 2657 4619 simplices
2689 4550 2939 4605 homines
2978 4551 3047 4604 ad
3096 4552 3511 4620 przedicandum
3551 4551 3734 4606 consti-

2176 4649 2372 4695 tuerat.
2400 4640 2595 4695 Omnia
2624 4652 2778 4695 erant
2806 4652 3016 4713 parata,
3044 4645 3172 4713 quia
3204 4655 3402 4698 cuncta
3436 4645 3502 4698 ad
3528 4646 3736 4700 salutem

2174 4731 2503 4801 pertinentia
2552 4731 2769 4785 fuerant
2825 4732 3055 4802 prolatu.
3112 4730 3459 4801 Scriptorum
3503 4733 3738 4787 omnibus

2175 4833 2482 4894 aperuerat,
2511 4825 2816 4893 buptisntus
2844 4836 2898 4878 et
2922 4825 3241 4895 poenitentia
3274 4829 3488 4881 cunctis
3520 4827 3736 4896 patebat.

2174 4917 2244 4971 At
2288 4917 2366 4971 illi
2414 4918 2655 4986 neglecta
2700 4919 2894 4983 salute,
2942 4918 3007 4971 ad
3050 4920 3272 4988 nuptias
3317 4918 3533 4973 Domini
3574 4919 3743 4972 venire

2176 5011 2492 5076 noluerunt,
2538 5010 2631 5064 sed
2661 5012 2802 5065 alius
2830 5011 2880 5063 in
2917 5011 3122 5078 villam,
3146 5011 3287 5066 alius
3329 5012 3396 5066 ad
3440 5011 3743 5081 negotiatio-

2176 5114 2301 5152 nem
2337 5100 2607 5163 abierunt,
2654 5100 2781 5167 quia
2813 5107 3021 5151 tantum
3056 5101 3289 5151 terrenis
3318 5098 3485 5152 lucris
3517 5098 3743 5149 inhiare-

2176 5199 2325 5257 runt,
2360 5201 2414 5244 et
2448 5192 2568 5245 ideo
2606 5191 2845 5245 coelestia
2883 5206 3068 5243 amare
3119 5208 3225 5244 non
3260 5199 3571 5258 potuerunt.
3611 5187 3743 5242 Reli-

2179 5284 2275 5351 qui
2304 5298 2434 5337 vero
2481 5299 2667 5336 servos
2719 5283 2863 5349 regis
2894 5282 3245 5335 COlllllllitliiS
3287 5284 3508 5335 allectos
3540 5282 3743 5334 occide—

2178 5382 2327 5439 runt,
2368 5375 2495 5442 quia
2529 5373 2789 5428 Pharisaai
2838 5382 2892 5428 et
2926 5374 3201 5443 principes
3238 5376 3584 5429 sacerdotum
3614 5387 3742 5440 apo—

2179 5468 2348 5522 stolos
2373 5481 2612 5525 carcere.
2636 5467 2890 5533 vinculis,
2910 5468 3228 5520 verberibus
3252 5468 3567 5530 atlecerunt,
3589 5480 3734 5534 quiis

2180 5563 2303 5615 dam
2331 5576 2399 5614 ex
2419 5561 2499 5615 eis
2519 5562 2854 5627 Ot‘CiJel'lllt‘t,
2876 5562 3015 5615 alios
3036 5563 3102 5615 de
3126 5563 3329 5615 tinibus
3352 5562 3468 5614 suis
3482 5575 3603 5614 eum
3622 5572 3728 5613 con

2183 5652 2403 5705 tumelia
2431 5651 2807 5718 propulerunt.

2259 5760 2276 5793 ι
2309 5741 2421 5795 Rex
2452 5751 2629 5796 autem
2680 5742 2865 5797 missis
2908 5743 3237 5797 exercitibus
3295 5743 3598 5798 homicidas
3629 5739 3743 5795 illo!

2181 5836 2434 5905 perdidit,
2470 5844 2525 5890 et
2566 5845 2841 5893 etv'ttatem
2887 5838 3097 5893 illorum
3148 5842 3457 5907 succendit,
3493 5858 3513 5892 ι
3540 5835 3744 5910 quando
