3970 6436
199 355 341 410 ιιθδ

1121 350 1697 413 DEFLORATIONES
1735 355 1838 413 SS.
1879 357 2189 415 PATRUM.
2222 392 2292 402 —
2333 357 2461 416 LIB.
2500 360 2564 415 ll.

3342 367 3480 426 H93

194 474 332 521 nutu
375 462 469 517 Dei
516 460 751 516 Romani
795 460 1072 533 principes
1133 477 1259 518 cum
1302 466 1635 525 exercitibus
1693 468 1791 525 «Ια-
1820 486 1867 543 Α
1893 480 2041 527 sunt.
2093 469 2160 526 Et
2201 473 2332 543 quia
2385 473 2502 529 hate
2543 471 2732 528 omnia
2787 488 2888 544 per
2928 472 3133 530 Christi
3182 478 3479 545 potentiam

138 624 147 632 λ
193 556 370 610 daeam
409 553 774 618 intraverunt,
825 551 1129 621 parricidas
1183 551 1404 611 Judmos
1448 557 1616 615 variis
1659 574 1831 630 ευρ-κ
1892 572 2021 618 sunt
2067 564 2274 632 sedata,
2321 565 2506 621 omnia
2531 573 2662 622 sunt
2688 565 2849 622 nobis
2897 566 2964 622 ad
2992 565 3224 622 salutem
3266 580 3478 638 parata.

194 648 374 718 pliciis
450 647 879 712 interemerunt,
961 645 1237 702 civitatem
1282 647 1625 706 Hierusalem
1678 651 1791 723 igni

195 739 627 795 succenderunt.
681 735 886 792 Deinde
908 737 977 792 ad
998 737 1179 795 exitus
1226 739 1439 795 viarum
1470 741 1615 797 servi
1658 742 1792 797 diri-

195 840 422 902 guntur,
469 837 525 884 et
583 828 861 897 quoslibet
911 843 1110 883 vocare
1184 830 1609 901 praecipiuntur,
1661 832 1790 903 quia

192 920 466 992 profecto,
527 919 658 974 dum
718 917 893 973 Judaei
950 919 1019 974 ad
1071 919 1291 989 nuptias
1326 919 1423 975 Dei
1465 922 1650 978 venire
1700 938 1791 979 re-

195 1021 414 1078 cusant,
472 1010 703 1081 apostoli
752 1010 807 1064 in
848 1009 994 1064 viam
1064 1011 1307 1082 gentium
1348 1012 1634 1081 abeuntes,
1674 1013 1792 1070 ido-

198 1104 425 1160 lolatras
453 1103 520 1157 ad
572 1102 764 1172 epulas
811 1100 907 1156 Dei
952 1101 1207 1157 invitant.
1262 1101 1445 1159 Bonos
1507 1113 1561 1160 et
1616 1107 1792 1162 malos

194 1205 689 1268 congregaverunt,
744 1195 873 1265 quia
926 1196 1126 1250 multos
1176 1198 1439 1266 reprobus
1494 1213 1621 1254 cum
1678 1200 1791 1255 elc-

194 1291 305 1346 ctis
347 1291 416 1346 ad
469 1291 628 1345 tidem
694 1298 1003 1345 traxerunt.
1075 1289 1286 1362 Nuptia:
1332 1293 1791 1351 discumbentium

200 1382 527 1452 implentur,
606 1381 830 1452 quando
886 1397 1151 1438 numerus
1201 1384 1499 1440 electorum
1545 1385 1793 1456 implebi-

198 1487 309 1532 lur.
374 1476 489 1532 Rex
538 1476 768 1532 inlrahit
835 1477 1242 1533 discumbentes
1299 1478 1501 1546 videre,
1569 1482 1792 1550 quando

193 1572 265 1624 ad
297 1569 564 1638 judicium
596 1570 778 1626 veniet
808 1579 1038 1626 cunctos
1069 1586 1169 1640 pro
1223 1572 1434 1628 meritis
1457 1573 1789 1639 discernere,

196 1662 343 1718 sicut
390 1662 658 1732 scripturn
698 1670 783 1717 est
820 1680 834 1715 :
875 1680 893 1713 ι
927 1660 1121 1717 Veniet
1154 1662 1424 1720 Dominus
1443 1664 1497 1719 in
1519 1665 1791 1735 judicium

190 1768 325 1807 cum
378 1752 532 1807 omni
561 1752 837 1823 despecto,
876 1772 895 1805 ι
934 1752 1040 1808 hoc
1091 1762 1175 1809 est
1206 1762 1328 1809 .tam
1360 1755 1647 1826 diligenter
1699 1758 1790 1828 ju-

1891 654 2018 711 ldeo
2068 656 2141 711 ob
2184 656 2334 712 nulla
2370 658 2588 728 negotia
2635 657 3008 729 negligamus,
3053 658 3187 728 quin
3232 667 3344 714 tota
3395 659 3480 716 fe-

1892 750 2152 805 stinantia
2195 751 2266 805 ad
2292 752 2484 822 epulas
2523 750 2620 807 Dei
2668 752 2977 810 veniamus.
3006 750 3102 806 Dei
3132 751 3332 823 quippe
3347 767 3482 809 con-

1892 841 2098 895 vivium
2147 850 2232 897 est
2266 842 2525 913 perennis
2566 843 2694 899 vita:
2736 844 3025 915 gaudium.
3060 842 3142 898 Ad
3175 844 3279 900 hoc
3304 847 3481 900 currit

1892 933 2143 1004 quisquis
2182 933 2277 990 Dei
2308 944 2561 1007 precepta
2606 935 2833 1007 implere
2870 935 3089 1008 satagit.
3136 936 3212 992 De
3240 937 3480 993 exitibus

1892 1023 2105 1077 viarum
2154 1026 2334 1081 vocati
2369 1026 2438 1082 ad
2485 1026 2707 1097 nuptias
2745 1027 2862 1097 jam
2896 1025 3318 1097 discumbimus,
3349 1028 3479 1098 quia

1891 1114 1960 1171 de
1988 1114 2155 1172 variis
2199 1118 2483 1174 erroribus
2530 1118 2600 1174 ad
2658 1126 3001 1174 sacramenta
3041 1117 3319 1174 dominica
3342 1124 3479 1175 curi-

1891 1206 2164 1262 veuimus.
2234 1206 2301 1264 Et
2348 1208 2494 1274 ideo,
2528 1209 2891 1276 dilectissimi,
2923 1218 3074 1266 veste
3115 1210 3345 1280 nuptiali
3394 1228 3483 1266 re--

1891 1296 2300 1368 splendeamus,
2353 1296 2415 1354 ut
2445 1300 2703 1356 videlicet
2753 1301 2924 1355 Deum
2953 1315 3051 1370 pro
3096 1300 3377 1367 omnibus,
3425 1310 3482 1355 et

1893 1388 2176 1459 proximos
2232 1398 2496 1461 tanquam
2536 1406 2638 1447 nos
2680 1393 2831 1461 ipsos
2857 1392 3171 1463 diligamus.
3220 1390 3394 1459 Quem
3422 1394 3479 1447 in

1892 1480 1997 1534 hac
2039 1487 2189 1535 veste
2240 1470 2336 1536 rex
2386 1481 2600 1537 intrans
2646 1497 2756 1536 non
2806 1481 3106 1548 invenerit,
3146 1483 3374 1554 ligatum
3408 1484 3479 1539 de

1893 1570 2146 1626 convivio
2193 1571 2320 1643 ejici
2367 1573 2421 1628 in
2456 1573 2708 1629 tenebras
2745 1572 3043 1629 ini‘ernales
3086 1574 3320 1644 jubebit.
3371 1574 3481 1628 Hu-

1893 1677 2017 1716 rum
2047 1671 2232 1719 autem
2269 1664 2518 1720 civitates
2553 1664 2688 1734 ipsis
2717 1663 2945 1735 perditis
2970 1674 3331 1722 cremantura
3356 1667 3481 1738 qui-

1893 1751 2000 1809 bus
2038 1755 2182 1810 Servi
2232 1755 2389 1811 missi
2452 1754 2671 1826 injuriis
2727 1754 2906 1812 affecti
2953 1767 3272 1825 cnecantur,
3339 1758 3475 1829 quia

188 1843 409 1899 dicabit
454 1844 511 1898 in
541 1844 647 1899 hoc
677 1845 878 1900 mundo
914 1844 1413 1914 despectissimum,
1442 1864 1607 1920 quam
1633 1851 1785 1905 omni
1818 1832 1862 1888 Β
1889 1844 2153 1899 nimirum
2182 1845 2523 1902 daemonibus
2553 1846 2812 1917 perdendi
2847 1847 3235 1917 permittuntur
3259 1867 3273 1904 :
3297 1864 3331 1905 a
3355 1850 3483 1920 qui-

190 1935 378 2006 gloria
423 1935 958 1991 excellentissimum.
1008 1934 1129 1991 Non
1190 1937 1423 1994 vestitus
1473 1948 1625 1995 veste
1681 1957 1786 1996 nu-

191 2029 358 2098 ptiali
416 2027 567 2083 foras
614 2026 919 2097 projicitur,
952 2028 1081 2099 quia
1118 2044 1317 2085 carens
1366 2030 1634 2088 charitate
1662 2031 1783 2099 Dei,

189 2119 411 2188 nuptiis
444 2119 565 2187 ejus
591 2118 686 2189 qui
729 2125 814 2173 est
862 2118 1106 2176 charitas
1154 2136 1264 2175 non
1295 2122 1635 2179 admittetur.
1676 2122 1784 2180 Ve-

188 2212 298 2265 stis
352 2226 593 2281 namque
651 2210 913 2281 nuptialis
970 2220 1056 2267 est
1120 2212 1403 2281 Charitas,
1465 2229 1563 2284 per
1612 2230 1777 2285 quam

184 2302 522 2373 adipiscitur
586 2312 793 2357 {eterna
838 2302 1080 2359 claritas.
1151 2303 1348 2360 Manus
1393 2313 1449 2360 et
1497 2306 1663 2377 pedes
1710 2307 1785 2363 ibi

188 2396 422 2449 funibus
469 2403 816 2465 peccatorum
872 2394 1207 2465 iigabuntur,
1260 2412 1385 2468 quas
1446 2399 1537 2453 hic
1592 2400 1780 2470 pravis

185 2486 458 2555 operibus
524 2485 1002 2556 constringuntur.
1067 2485 1313 2543 Membra
1392 2490 1595 2560 quippe
1663 2506 1786 2562 qum

187 2577 305 2630 hoc
355 2577 423 2631 ad
453 2577 657 2630 malum
692 2577 968 2644 laxantur,
1026 2577 1099 2633 ibi
1131 2579 1198 2634 ad
1226 2581 1557 2650 supplicium
1614 2597 1780 2637 coar-

109 2723 119 2745 ,‘
185 2676 439 2722 ctantur.
492 2666 546 2721 ln
605 2669 861 2724 tenebras
927 2671 1228 2727 exteriores
1274 2672 1641 2742 projiciuntur
1688 2675 1784 2745 qui

185 2774 347 2813 nunc
401 2756 690 2813 interiores
735 2759 990 2815 tenebras
1043 2760 1440 2818 delectabiliter
1471 2764 1778 2833 patiuntur.

186 2846 275 2902 lbi
320 2848 425 2903 erit
475 2851 635 2904 lletus
667 2860 721 2906 et
746 2850 950 2907 stridor
1004 2851 1273 2919 dentium,
1309 2856 1439 2926 quia
1468 2857 1784 2913 transibunt

182 2942 267 2995 ab
314 2940 475 3011 aquis
504 2941 714 2996 nivium
767 2941 835 2997 ad
865 2942 1104 2999 calorem
1152 2945 1384 3001 nimium
1426 2945 1569 3018 (Job.
1604 2950 1780 3015 xxiv).

182 3034 234 3086 Α
275 3031 428 3087 fumo
480 3033 681 3087 etenim
713 3033 855 3103 ignis
902 3033 1113 3102 ﬂetum,
1142 3050 1171 3090 a
1202 3035 1374 3091 nimio
1430 3035 1635 3109 frigore
1679 3054 1781 3110 pa—

183 3123 409 3177 tiuntur
458 3123 753 3179 stridorem
808 3123 1078 3179 dentium.
1141 3143 1161 3178 ι
1214 3124 1370 3181 Multi
1420 3137 1602 3184 autem
1653 3138 1783 3186 sunt

189 3216 404 3283 vocati,
436 3215 755 3291 paucivero
799 3216 986 3283 electi,
1025 3235 1045 3270 ι
1081 3217 1210 3289 quia
1251 3218 1502 3275 videlicet
1529 3221 1685 3277 multi
1714 3222 1784 3277 ad

184 3307 362 3362 ﬁdem
428 3318 714 3376 vocantur,
771 3306 868 3363 sed
913 3308 1018 3364 soli
1063 3308 1578 3368 eiecti~salvantur.
1650 3313 1786 3370 Duas

178 3401 512 3454 vocationes
577 3407 727 3466 sunt,
778 3413 888 3453 una
925 3399 1185 3466 exterior,
1212 3399 1319 3456 alia
1369 3401 1618 3458 interior.
1679 3402 1786 3461 Per

176 3488 562 3557 exteriorem,
630 3489 788 3543 multi
832 3504 931 3559 per
967 3489 1247 3560 apostolos
1294 3500 1348 3547 et
1392 3493 1784 3564 praedicatores

176 3580 376 3635 vocati
426 3588 557 3635 sunt
602 3580 672 3635 ad
740 3579 939 3647 ﬁdem;
976 3596 1075 3652 per
1123 3580 1441 3638 interiorem
1474 3585 1635 3655 pauci
1685 3601 1784 3656 per

172 3672 395 3727 Filium
425 3672 583 3727 tracti
606 3680 737 3727 sunt
769 3672 836 3726 ad
862 3671 1099 3727 Patrem.
1139 3671 1246 3730 Per
1275 3675 1603 3730 exteriorem
1630 3676 1781 3731 mul—

169 3765 219 3821 ti
283 3761 725 3836 piscessa'genae
771 3764 895 3820 ﬁdei
945 3764 1284 3821 inheseruut
1318 3807 1335 3832 ,
1387 3782 1527 3837 quos
1582 3769 1784 3824 electo-

164 3877 281 3917 res
318 3862 523 3916 iterum
568 3859 719 3916 foras
776 3860 1080 3928 miserunt;
1124 3874 1221 3931 per
1273 3858 1587 3915 interiorem
1620 3862 1780 3931 pauci

163 3954 493 4019 latuerunt,
525 3967 664 4023 quos
721 3952 776 4006 in
805 3966 938 4007 vasa
985 3951 1285 4023 elegerunt.
1325 3947 1487 4007 Nunc
1535 3960 1669 4007 sunt
1692 3966 1781 4006 re-

158 4044 349 4118 probi
400 4041 648 4114 permisti
693 4042 902 4108 electis,
948 4049 1009 4096 ut
1069 4040 1248 4111 paleae
1278 4039 1507 4111 granis;
1562 4038 1784 4095 Christo

163 4145 383 4192 autem
430 4149 558 4191 cum
625 4133 933 4189 ventilabro
974 4131 1247 4197 veniente,
1298 4130 1470 4202 paleae
1533 4146 1784 4187 excussas

155 4229 297 4302 igni
325 4226 763 4299 inexstinguibili
799 4224 1126 4293 traduntur;
1153 4239 1323 4295 grana
1350 4231 1534 4279 autem
1564 4223 1619 4278 in
1648 4223 1780 4278 bor-

152 4337 344 4377 reum
369 4319 848 4390 congregabuntur
878 4316 995 4372 Dei.

1809 3164 1852 3224 C

1887 1936 1992 1993 bus
2037 1938 2423 2008 praedicatores
2472 1938 2563 1994 hic
2610 1938 2960 1995 contumeliis
3032 1939 3367 2012 alﬂiguntur,
3421 1950 3480 1999 et

1888 2044 2119 2100 corpora
2156 2029 2376 2086 illorum
2421 2031 2642 2087 demum
2706 2031 2820 2104 igni
2867 2032 3300 2106 inexstinguibili
3345 2050 3477 2092 suc-

1888 2118 2217 2175 cenduntur.

1959 2209 2035 2266 De
2088 2211 2173 2267 his
2219 2212 2425 2282 nuptiis
2465 2212 2639 2268 texuit
2690 2227 2787 2267 rex
2838 2210 3102 2268 Salomon
3154 2212 3315 2270 dulce
3357 2215 3477 2286 epi-

1889 2301 2234 2371 thalamium,
2271 2303 2404 2358 dum
2455 2302 2510 2357 in
2549 2302 2765 2359 laudem
2800 2301 2998 2373 Sponsi
3029 2311 3085 2359 et
3117 2303 3347 2375 Sponsae
3382 2322 3480 2376 per

1889 2390 2154 2462 Spiritum
2220 2393 2503 2449 concinuit
2570 2391 2795 2448 Cantica
2865 2394 3229 2451 canticorum.
3306 2395 3479 2453 Filius

1886 2485 2088 2556 quippe
2121 2484 2267 2565 regis
2314 2484 2653 2541 Hierusalem
2711 2485 3069 2557 desponsavit
3134 2487 3241 2544 sibi
3304 2487 3476 2544 ﬁliam

1872 2576 2030 2647 regis
2083 2574 2399 2648 Babylonis,
2425 2585 2815 2649 acceptamque
2849 2578 3071 2633 tradidit
3098 2579 3477 2648 erudiendam,

1886 2677 2052 2738 atque
2097 2669 2402 2725 ornandam
2452 2670 2557 2725 sub
2615 2684 2782 2726 manu
2832 2670 3114 2739 custodis;
3176 2671 3295 2742 ipse
3343 2687 3478 2728 vero

1887 2761 2021 2816 abiit
2052 2760 2327 2817 instruere
2356 2760 2692 2828 convivium,
2725 2762 2991 2832 quoniam
3019 2762 3201 2819 denuo
3219 2760 3478 2820 reversus

1887 2867 2013 2908 cum
2062 2853 2269 2924 ingenti
2320 2862 2585 2924 apparatu
2633 2854 2987 2925 maximoque
3034 2854 3185 2911 cultu
3229 2855 3478 2911 installa-

1887 2951 2004 2998 tum
2034 2942 2344 2997 introducet
2368 2942 2671 2998 thalamum
2729 2958 2912 2999 secum
2936 2942 3005 2998 ad
3027 2943 3272 3014 nuptias,
3301 2960 3475 3016 spon-o

1887 3047 1964 3091 sae
1999 3042 2287 3089 ornatores
2344 3033 2554 3089 ducens
2604 3034 2659 3088 in
2699 3031 2962 3104 palatium
2986 3075 3002 3102 ,
3036 3033 3158 3105 ejus
3184 3050 3319 3090 vero
3347 3052 3475 3091 cor-

1886 3133 2140 3195 ruptores
2188 3126 2410 3182 tradens
2435 3125 2491 3180 in
2520 3125 2759 3181 carceris
2787 3125 3139 3197 supplicium.
3190 3125 3305 3182 Rex
3348 3125 3479 3183 Hie-

1886 3216 2127 3271 rusalem
2178 3224 2265 3272 est
2296 3214 2464 3284 Deus,
2514 3216 2674 3288 cujus
2716 3216 2863 3273 ﬁlius
2913 3224 2998 3274 est
3031 3215 3306 3277 Christus.
3329 3218 3475 3276 vitex

1884 3306 2179 3379 Babylonis
2225 3314 2306 3365 est
2350 3308 2626 3365 diabolus.
2672 3307 2963 3366 Gentilitas
3009 3325 3143 3366 vero
3190 3320 3311 3367 erat
3350 3313 3477 3382 ejus

1883 3399 2017 3467 tilia,
2042 3415 2169 3456 cum
2194 3408 2341 3458 esset
2379 3400 2705 3458 idololatria:
2732 3401 2935 3458 dedita.
2980 3400 3133 3459 Hanc
3167 3402 3283 3474 ipse
3304 3418 3337 3459 a
3364 3402 3478 3459 Pa-

1883 3496 1969 3546 tre
2017 3490 2389 3562 desponsavit,
2427 3492 2559 3547 dum
2617 3505 2717 3561 pro
2757 3507 2821 3547 ea
2857 3492 3183 3564 sanguinem
3231 3491 3476 3550 fundens

1884 3581 1955 3636 de
2001 3581 2222 3638 diabolo
2279 3582 2336 3637 in
2412 3597 2578 3638 cruce
2622 3581 3001 3652 triumphavit.
3050 3579 3203 3637 Hanc
3258 3585 3481 3638 custodi

1884 3674 2129 3742 tradidit,
2174 3677 2306 3731 dum
2339 3690 2461 3730 eam
2493 3673 2673 3730 ordini
2697 3674 2985 3730 doctorum
3016 3674 3200 3729 divina
3229 3675 3349 3745 lege
3387 3675 3477 3730 in.

1885 3764 2226 3830 struendam,
2291 3763 2524 3833 gemmis
2588 3763 2855 3819 virtutum
2906 3763 3271 3819 decorandam
3323 3780 3479 3820 eom-

1885 3854 2183 3911 mendavit.
2229 3853 2350 3924 Ipse
2406 3867 2539 3909 vero
2587 3854 2723 3909 abiit
2765 3854 3082 3911 convivium
3148 3871 3473 3926 procurare,

1883 3944 2014 4015 quia
2060 3942 2303 4014 profecto
2357 3942 2606 3999 ascendit
2643 3943 2700 3997 in
2744 3942 2985 4010 coelum,
3041 3943 3227 3999 locum
3275 3945 3328 4000 ei
3370 3961 3476 4017 ap-

1885 4042 2002 4091 tum
2045 4035 2102 4090 in
2149 4036 2315 4091 domo
2361 4032 2543 4089 Patris
2582 4048 2681 4104 per
2722 4033 2926 4089 multas
2958 4035 3277 4091 mansiones
3345 4052 3478 4108 pre-

1882 4141 2097 4197 parare.
2169 4125 2360 4182 Denuo
2401 4141 2528 4181 cum
2573 4123 2816 4180 exercitu
2876 4124 3124 4179 omnium
3150 4118 3474 4195 angelorum
3565 4195 3573 4203 ν

1883 4220 2083 4286 veniet,
2128 4234 2360 4289 eamque
2413 4217 2482 4274 de
2523 4216 2868 4289 Babylonieae
2892 4216 3349 4288 peregrinationis
3373 4233 3473 4274 ex-

1885 4313 2010 4368 silio
2057 4319 2231 4379 eruet,
2284 4320 2449 4383 atque
2500 4310 2558 4366 in
2583 4309 2860 4367 civitatem
2918 4308 3101 4364 Patris
3150 4309 3236 4364 sui
3264 4310 3471 4381 glorio-

241 4411 326 4466 Et
382 4426 507 4478 nos,
552 4407 915 4475 dilectissimi,
959 4408 1027 4463 ad
1062 4406 1287 4478 nuptias
1333 4404 1429 4461 Dei
1456 4420 1583 4461 cum
1636 4405 1781 4461 mul-
1883 4421 2002 4460 sam
2046 4403 2387 4460 Hierusalem
2434 4419 2561 4459 cum
2622 4418 2841 4459 summo
2901 4399 3144 4471 tripudio
3215 4400 3473 4458 introdu-

148 4507 244 4562 tis
306 4504 496 4559 vocati
548 4518 780 4569 sumus,
839 4502 1158 4557 Studeamus
1208 4500 1370 4556 bonis
1419 4500 1663 4563 actibus,
1721 4506 1782 4553 ut
1811 4509 1856 4563 ι)
1886 4505 1989 4553 cet.
2046 4496 2204 4551 Tunc
2228 4495 2456 4567 Sponsae
2481 4504 2769 4551 ornatores
2812 4493 2977 4550 simul
3003 4493 3309 4559 intrabunt,
3339 4495 3470 4565 quia

145 4613 313 4653 cum
341 4594 539 4666 paucis
576 4593 735 4649 electi
782 4593 976 4648 simus.
1010 4590 1306 4647 Prandium
1357 4591 1518 4647 nobis
1540 4589 1783 4661 quotidie

142 4698 444 4763 paratur,
494 4688 624 4743 dum
654 4701 809 4742 sacra
865 4684 1151 4756 Scriptura
1195 4700 1323 4740 cum
1355 4698 1588 4754 corpore
1613 4680 1781 4737 Chri—

139 4784 232 4840 sti
307 4780 479 4836 nohis
519 4777 863 4850 proponitur.
918 4776 1085 4831 Tauri
1128 4777 1198 4831 ad
1225 4777 1331 4832 hoc
1358 4774 1669 4830 convivium
1697 4788 1785 4829 oc-

134 4874 272 4931 cisi
321 4879 479 4937 sunt,
535 4870 665 4941 quia
713 4868 949 4939 apostoli
997 4867 1143 4922 tauri
1186 4865 1368 4938 gregis
1414 4865 1633 4920 Domini
1681 4880 1783 4935 pro

131 4964 519 5023 invitatione
551 4962 745 5016 harum
768 4961 1052 5031 epularum
1096 4958 1352 5014 exstincti
1379 4958 1778 5013 occubuerunt.

130 5059 241 5114 Ad
280 5058 411 5111 hoc
451 5054 617 5109 etiam
666 5052 979 5108 convivium
1029 5051 1199 5106 altilia
1236 5050 1419 5105 occisa
1469 5057 1619 5116 sunt,
1651 5050 1780 5120 quia

123 5152 510 5227 quicunque
530 5146 599 5200 ad
628 5145 872 5201 cmlestia
907 5154 1090 5199 mente
1134 5142 1519 5208 convolantes,
1568 5156 1668 5212 pro
1695 5140 1782 5196 his

122 5244 370 5315 epulis
431 5238 695 5310 prostrati
742 5246 890 5293 sunt.
948 5234 1119 5291 Tauri
1181 5248 1401 5305 quoque
1463 5242 1781 5305 persecuto-

120 5352 247 5395 res
310 5320 572 5398 fuerunt,
622 5330 715 5402 qui
755 5329 1018 5386 cornibus
1063 5326 1402 5385 crudelitatis
1432 5325 1617 5380 ﬁdeles
1649 5338 1782 5379 ven—

119 5430 514 5490 tilaverunt,
543 5423 637 5479 sed
669 5422 890 5477 Christo
923 5419 1174 5475 veniente
1197 5418 1313 5489 jam
1358 5414 1601 5472 enervati
1629 5421 1777 5471 sunt.

122 5515 448 5578 Voiatilia
498 5522 683 5569 autem
717 5512 956 5569 haeretici
982 5512 1330 5576 exstiterunt,
1386 5506 1780 5579 quiquodam-

114 5611 353 5670 modo
406 5606 477 5661 ad
522 5606 632 5661 alta
672 5604 1027 5669 volaverunt,
1085 5597 1308 5672 quando
1355 5598 1411 5652 in
1464 5596 1664 5653 cmlum
1716 5610 1782 5649 os

111 5706 519 5779 posuerunt,
568 5707 623 5753 et
650 5697 996 5767 iniquitatem
1028 5696 1082 5750 in
1134 5692 1352 5749 excelso
1377 5699 1566 5746 contra
1609 5688 1779 5743 Deum

112 5791 354 5857 locuti
393 5800 542 5859 sunt;
590 5782 682 5845 sed
737 5804 769 5843 a
803 5788 1103 5844 Catholicis
1152 5787 1280 5843 victi
1325 5792 1379 5840 et
1433 5782 1778 5840 exterminati

524 5887 798 5947 Panos.
847 5882 1063 5945 CLVII

1885 4588 1978 4658 qui
2029 4587 2329 4644 Ecclesiam
2367 4587 2457 4643 hic
2507 4586 2731 4658 scriptis
2765 4587 2848 4642 vel
2878 4586 3038 4643 dictis
3082 4586 3468 4648 instruxerint.

1883 4691 1939 4738 et
1976 4682 2134 4739 bonis
2173 4680 2440 4752 exemplis
2479 4680 2920 4752 perornaverint,
2967 4694 3094 4734 cum
3135 4679 3225 4733 illa
3255 4688 3390 4735 tunc
3412 4679 3470 4735 in

1885 4774 2092 4845 nuptiis
2133 4774 2275 4845 Agni
2306 4781 2368 4828 ut
2391 4772 2473 4830 sol
2522 4771 2823 4844 fulgebunt.
2898 4769 3283 4827 Persecutores
3338 4785 3471 4826 vero

1883 4865 1977 4936 qui
2024 4880 2146 4920 eam
2200 4865 2503 4920 lacerantes
2546 4864 2656 4918 vim
2687 4861 3009 4928 intulerunt,
3041 4870 3096 4917 et
3117 4861 3356 4917 haeretici
3381 4872 3468 4915 at-

1883 4973 1990 5029 que
2021 4957 2356 5013 schismatici
2388 4957 2485 5028 qui
2515 4971 2637 5011 eam
2667 4963 3053 5025 corruperunt,
3085 4964 3220 5012 tunc
3250 4954 3307 5010 in
3348 4965 3432 5011 sta
3451 4985 3470 4997 ο

1883 5062 2051 5117 gnum
2126 5047 2268 5118 ignis
2328 5056 2384 5103 et
2436 5046 2718 5117 sulphuris
2772 5044 2928 5100 missi
2989 5054 3250 5117 perpetuo
3309 5047 3473 5100 anie-

1883 5141 2039 5196 bunt.

1951 5231 2029 5287 Ne
2079 5230 2243 5301 hujus
2273 5241 2521 5287 exsortes
2565 5230 2800 5286 convivii
2850 5230 3046 5295 simus,
3096 5229 3262 5284 variis
3292 5229 3469 5284 docu-

1883 5323 2082 5379 mentis
2114 5321 2339 5378 instruit
2384 5338 2488 5378 nos
2538 5320 2828 5378 Dominus.
2880 5319 3079 5377 Narrat
3119 5320 3263 5375 enim
3316 5319 3466 5389 quod

1881 5416 2103 5486 quidam
2142 5414 2433 5472 ﬂculneam
2479 5417 2534 5469 in
2585 5414 2743 5469 vinea
2797 5428 2896 5468 sua
2959 5410 3229 5477 habuerit,
3267 5417 3322 5464 et
3370 5424 3466 5478 per

1882 5516 1995 5565 tres
2022 5521 2199 5562 annos
2242 5506 2490 5568 veniens.
2546 5505 2783 5561 iructum
2816 5504 2871 5558 in
2922 5517 2984 5557 ea
3014 5515 3126 5556 non
3173 5500 3463 5562 invenerit.

1882 5610 1938 5656 et
1971 5615 2041 5656 ne
2073 5599 2282 5655 diutius
2326 5606 2528 5652 terram
2577 5596 2781 5651 sterilis
2830 5601 3147 5663 occuparet,
3180 5591 3465 5647 succidere

1884 5692 2206 5764 prreceperit
2245 5689 2398 5764 (Luc.
2442 5689 2584 5757 xm).
2637 5686 2894 5743 Ficulnea
2950 5684 3154 5740 sterilis
3198 5682 3255 5737 in
3303 5682 3465 5738 vinea

1883 5789 2001 5836 erat
2050 5779 2334 5850 Synagoga
2367 5779 2422 5832 in
2465 5777 2581 5847 lege
2612 5775 2970 5832 infructuosa.
3013 5772 3087 5827 De
3130 5787 3237 5841 qua
3276 5770 3463 5826 Domi-

3067 5866 3147 5927 38
