3976 6356
1679 399 1992 426 ιιι-ηιιηιδιιι
2030 408 2116 427 Δια-μ
2130 411 2248 425 νος-

529 507 638 548 nus
671 487 846 544 tribus
891 487 1052 544 annis
1104 482 1341 539 fructum
1379 483 1648 552 quesivit,
1693 484 1820 552 quia
1845 500 1966 538 eam
1994 495 2119 539 ante
2149 489 2195 544 Α
2223 483 2334 538 Deo
2363 495 2504 547 esse,
2554 489 2605 536 et
2646 479 2850 534 bonum
2899 494 3040 535 esse.
3095 479 3370 538 Institutio
3417 483 3678 554 coniugii
3729 488 3837 541 du-_

513 585 704 654 rlegem
762 595 858 650 per
917 578 1280 648 patriarchas,
1339 576 1442 631 sub
1492 576 1607 645 lege
1649 589 1747 644 per
1797 576 2112 645 prophetas,

531 674 636 729 sub
672 671 842 742 gratia
897 685 992 739 per
1044 667 1324 738 apostolos
1355 666 1423 720 ad
1467 665 1707 721 fructum
1757 665 1886 720 boni
1933 665 2116 735 operis

512 764 764 820 'monuit.
830 759 936 815 Sed
972 760 1100 830 quia
1148 775 1244 828 per
1301 758 1588 828 perﬁdiam
1633 760 1871 816 arefacta
1913 767 2114 813 terram

531 854 732 910 sterilis
769 850 1088 920 occupavit,
1121 848 1358 904 securim
1406 847 1603 918 iudicii
1635 850 1720 904 sui
1748 850 1797 904 ei
1848 847 1915 902 ad
1964 845 2114 901 radi-

491 957 648 999 "cem
673 943 878 1014 posuit,
907 942 1040 996 dum
1076 955 1196 994 eam
1229 940 1410 1010 gladio
1455 939 1828 995 Romanorum
1857 937 2111 994 succidit.

499 1036 695 1092 <l-‘icus
747 1035 912 1089 etiam
961 1033 1162 1088 sterilis
1213 1032 1266 1086 in
1318 1032 1494 1098 vinea,
1525 1041 1608 1087 est
1661 1032 1891 1103 quilibet
1949 1031 2116 1084 homo

513 1128 650 1182 sine
686 1125 847 1181 bonis
891 1124 1150 1194 operibus
1202 1123 1255 1178 in
1307 1122 1570 1180 Ecclesia.
1623 1123 1700 1180 De
1749 1125 1854 1180 hoc
1902 1123 2118 1178 fructus

509 1219 698 1272 ‘trium
734 1231 1004 1271 annorum
1057 1215 1345 1285 quazritur,
1370 1215 1500 1270 dum
1548 1215 1793 1285 operatio
1827 1215 1952 1270 ﬁdei
1988 1213 2115 1268 Tri-

433 1355 441 1361 .
535 1307 722 1362 uitatis
751 1307 827 1360 ab
859 1321 925 1360 eo
977 1304 1233 1376 exigitur.
1293 1304 1360 1358 Et
1410 1305 1516 1360 nisi
1565 1305 1730 1361 citius
1770 1306 2118 1362 confessione

534 1397 1008 1462 circumfodiatur,
1067 1404 1121 1449 et
1171 1403 1386 1451 stercus
1437 1396 1773 1465 paenitentiae
1842 1398 2113 1463 mittatur,

535 1500 710 1545 morte
779 1488 1095 1554 excidetur,
1150 1496 1205 1542 et
1253 1487 1306 1541 in
1375 1487 1554 1558 ignem
1617 1489 1878 1561 gehennae
1936 1490 2118 1544 mitte-

537 1590 642 1635 tur.

609 1673 724 1728 Hoc
771 1685 992 1742 quoque
1029 1670 1400 1742 prmﬁguravit
1449 1672 1646 1728 mulier
1702 1671 1981 1738 inclinata,
2022 1670 2119 1726 sed

523 1785 566 1824 'a
618 1767 849 1822 Domino
904 1764 989 1834 pie
1016 1771 1207 1817 sanata
1249 1763 1451 1834 (ibid.).
1489 1763 1682 1819 Mulier
1705 1764 1772 1818 ad
1805 1773 2005 1818 terram
2035 1763 2118 1817 in-

535 1862 735 1917 clinata
759 1865 896 1923 erat,
939 1855 1224 1928 Synagoga
1278 1856 1382 1909 sub
1431 1855 1672 1925 pondere
1703 1855 1838 1922 legis
1871 1865 2116 1910 curvata.

513 1951 671 2018 “Quae
693 1967 727 2004 a
771 1947 1006 2002 Domino
1055 1947 1304 2017 erigitur,
1331 1945 1463 2001 dum
1501 1945 1794 2000 multitudo
1823 1945 1890 1999 de
1918 1943 2120 2001 Judmis

533 2057 801 2100 conversa
851 2040 918 2095 de
971 2053 1135 2094 onere
1203 2038 1340 2110 legis
1390 2054 1487 2108 per
1565 2039 1800 2111 gratiam
1866 2038 2118 2107 eripitur.

521 2135 730 2191 "Mulier
784 2133 970 2188 decem
1028 2139 1083 2187 et
1124 2138 1249 2186 octo
1297 2131 1456 2185 annis
1504 2130 1786 2185 incurvata
1833 2137 1916 2185 est
1973 2145 2122 2199 qum-

515 2227 668 2283 ‘libet
717 2225 899 2280 anima
946 2221 1050 2278 sub
1098 2230 1330 2292 utraque
1367 2223 1484 2292 lege
1544 2221 1781 2276 inﬁrma.
1853 2220 2122 2275 Deuarius

527 2333 774 2389 namque
807 2317 884 2372 ad
932 2316 1102 2372 Vetus
1167 2314 1576 2371 Testamentum
1631 2320 1854 2384 propter
1902 2312 2123 2367 decalo-

517 2425 666 2483 ‘gum
713 2410 868 2481 legis,
915 2408 1302 2480 octogenarius
1359 2417 1542 2462 autem
1601 2407 1837 2476 pertinet
1887 2406 1956 2460 ad
2007 2404 2120 2461 Νο-

514 2513 666 2556 ’τυιιι
712 2499 1122 2556 Testamentum
1153 2509 1374 2570 propter
1403 2507 1658 2553 octavam
1706 2497 2002 2552 Dominicze
2031 2513 2120 2553 re-

519 2591 914 2648 'surrectionis.
971 2589 1167 2646 Decem
1215 2603 1346 2659 ergo
1367 2597 1422 2644 et
1451 2596 1575 2642 octo
1626 2588 1786 2642 anuis
1813 2588 2013 2642 mulier
2035 2588 2124 2642 in-

537 2690 818 2746 curvatur,
872 2681 1002 2736 dum
1053 2680 1235 2734 anima
1283 2679 1569 2748 utriusque
1613 2679 1748 2749 legis
1797 2678 2126 2748 prmvarica»

519 2775 685 2828 "tione
727 2781 1118 2842 prmgravatur,
1166 2769 1260 2826 sed
1306 2785 1337 2825 a
1374 2769 1606 2824 Domino
1641 2769 1707 2822 ad
1734 2769 1966 2823 salutem
1992 2769 2124 2823 sub-

518 2866 768 2931 'levatur,
818 2863 949 2918 dum
993 2863 1166 2934 gratia
1215 2862 1387 2932 ipsius
1433 2876 1529 2930 per
1580 2859 1963 2930 pmnitentiam
2016 2860 2125 2916 sal-

537 2969 716 3014 vatur.
771 2956 886 3012 Per
941 2971 1231 3028 pauperes,
1289 2955 1623 3021 charissimi,
1678 2954 1943 3009 debemus
2000 2969 2125 3024 per-

535 3052 726 3107 venire
763 3050 832 3105 ad
873 3049 1186 3104 convivium
1239 3047 1370 3114 Dei;
1421 3047 1677 3118 praecepit
1730 3047 1876 3101 enim
1932 3045 2125 3100 Domi~

3691 373 3830 429 HS

2264 410 2325 425 ου
2369 413 2424 425 ἢν.
2470 413 2588 422 -.οι-λ
2619 409 2690 423 τι..

2217 573 2340 642 plex
2395 580 2499 626 est.
2565 568 2684 624 Una
2739 578 2864 624 ante
2922 580 3204 640 peccatum
3267 574 3335 628 ad
3388 573 3664 639 officium,
3723 579 3828 633 alia

2223 673 2349 734 post
2409 669 2690 732 peccatum
2729 661 2796 714 ad
2849 662 3172 716 remedium.
3241 661 3451 729 Prima,
3507 674 3574 720 ut
3627 676 3831 726 natura

2218 753 2708 822 multiplicaretur;
2768 752 3030 819 secunda,
3083 761 3142 806 ut
3184 762 3378 809 natura
3443 757 3828 826 exciperetur,

2217 857 2276 902 et
2349 847 2543 900 vitium
2611 843 2981 899 cohiberetur.
3057 843 3242 900 Prima
3321 848 3608 902 institutio
3695 866 3828 905 eou-

2216 939 2428 1011 iugium
2479 939 2763 1010 proposuit
2819 939 2874 992 in
2915 937 3122 993 fuadere
3173 939 3506 1006 dilectionis,
3563 951 3628 996 ut
3675 942 3830 1000 ineo

2219 1041 2365 1087 esset
2391 1041 2792 1087 sacramentum
2824 1031 3128 1098 societatis,
3181 1047 3304 1101 qua:
3333 1032 3388 1086 in
3443 1035 3655 1103 spiritu
3693 1050 3828 1091 cou-

2219 1132 2328 1178 stat
2374 1123 2513 1178 inter
2545 1123 2718 1178 Deum
2767 1133 2821 1178 et
2865 1123 3128 1178 animam.
3180 1121 3438 1179 Ofﬁcium
3472 1136 3666 1182 autem
3695 1143 3829 1186 cun»

2215 1215 2353 1286 iugii
2395 1215 2450 1268 in
2498 1215 2887 1270 commistione
2940 1211 3125 1270 carnis
3173 1218 3488 1287 proposuit,
3536 1229 3602 1274 ut
3651 1221 3711 1275 in
3755 1238 3822 1278 eo

2219 1317 2622 1363 sacramentum
2677 1316 2825 1363 esset
2873 1308 3150 1365 societatis
3216 1312 3365 1380 quod
3401 1313 3461 1367 in
3517 1329 3700 1370 carne
3739 1315 3826 1370 fu-

2221 1406 2340 1452 tura
2383 1406 2499 1453 erat
2539 1398 2680 1452 inter
2734 1398 3018 1453 Christum
3075 1407 3129 1454 et
3169 1397 3498 1458 Ecclesiam.
3569 1403 3826 1460 Secunda

2221 1491 2490 1546 institutio
2547 1490 2862 1560 coniugium
2922 1490 2976 1544 in
3035 1489 3239 1546 fcedere
3279 1492 3602 1551 dilectionis
3647 1498 3826 1552 sanci-

2220 1583 2318 1649 vit,
2371 1591 2432 1636 ut
2479 1598 2575 1652 per
2600 1582 2720 1651 ejus
2763 1583 2905 1636 bona
2933 1581 2986 1636 id
3021 1583 3168 1652 quod
3222 1583 3276 1638 in
3321 1586 3512 1639 carnis
3559 1589 3828 1644 cummis.

2221 1674 2370 1728 tione
2409 1674 2742 1728 infirmitatis
2793 1682 2911 1727 erat
2947 1685 3003 1729 et
3049 1675 3232 1730 delicti
3270 1688 3660 1742 excusaretur;
3699 1681 3826 1734 olli-

2221 1766 2366 1821 cium
2395 1775 2576 1821 autem
2623 1766 2862 1839 coniugii
2890 1767 2945 1822 in
2982 1766 3425 1824 commistionem
3458 1772 3646 1825 carnis
3686 1789 3824 1827 con-

2225 1861 2409 1925 cessit,
2457 1868 2517 1913 ut
2555 1861 2611 1913 in
2654 1875 2720 1915 eo
2758 1871 2954 1929 printer
3007 1862 3244 1932 generis
3289 1864 3819 1934 multiplicationem

2223 1952 2598 2022 generantium
2663 1951 2953 2007 infirmitas
3012 1953 3363 2023 exciperetur
3440 1955 3676 2025 (Ερὲιρς.
3750 1962 3819 2025 vi.

2223 2041 2404 2108 Quare
2455 2053 2635 2096 autem
2706 2044 3016 2098 institutum
3079 2045 3151 2099 sit
3192 2046 3438 2116 coniugii
3505 2064 3818 2105 sacramen-

2223 2143 2337 2188 tum
2368 2133 2628 2203 apostolis
2661 2133 2858 2202 innuit,
2897 2135 2990 2189 ubi
3024 2135 3201 2190 virum
3227 2137 3534 2209 imaginem
3568 2141 3670 2195 Dei
3691 2157 3824 2208 esse,

2224 2240 2290 2280 ac
2331 2241 2428 2295 per
2457 2226 2564 2280 hoc
2613 2225 3018 2296 quodammodo
3073 2229 3359 2283 mulierem
3401 2231 3624 2287 anima:
3671 2235 3827 2288 ratio-

2221 2317 2364 2371 nalis
2411 2325 2596 2387 typum
2656 2325 2876 2386 portare
2926 2318 3186 2374 ostendit.
3241 2319 3428 2386 Quare
3479 2324 3694 2379 iterum
3753 2328 3829 2381 in-

2223 2407 2471 2463 stitutum
2501 2409 2574 2464 sit
2601 2408 2778 2479 primo
2809 2409 3050 2481 coniugii
3112 2410 3372 2479 ofﬁcium,
3414 2414 3544 2483 ipse
3581 2414 3733 2472 Deus
3757 2420 3830 2472 in~

2221 2503 2444 2557 Stitutor
2469 2512 2522 2557 et
2559 2502 2840 2558 ordinatur
2878 2505 3135 2570 ostendit,
3163 2506 3396 2562 dicens:
3447 2527 3468 2558 ι
3507 2509 3830 2567 Cresciteet

2223 2595 2682 2664 multiplicamini,
2710 2604 2764 2651 et
2783 2596 2984 2666 replete
3006 2607 3205 2652 terram
3231 2597 3386 2667 (Gen.
3419 2599 3488 2670 ι).
3527 2621 3546 2653 ι
3579 2603 3829 2658 Ofﬁcium

2218 2687 2484 2758 coniugii,
2516 2686 2621 2742 hoc
2645 2696 2728 2742 est
2772 2690 2956 2744 carnis
2981 2689 3448 2760 commistiouem,
3477 2703 3617 2749 ante
3644 2712 3829 2765 pecea-

2216 2787 2340 2833 tum
2383 2795 2492 2834 non
2547 2782 2616 2834 ad
2657 2781 2960 2836 remedium
3006 2781 3365 2848 infirmitatis,
3420 2787 3526 2841 sed
3569 2789 3648 2842 ad
3701 2789 3831 2842 mul-

2223 2873 2617 2944 tiplicationem
2669 2875 2839 2945 prolis
2886 2876 3195 2932 institutum
3253 2892 3426 2944 esse;
3463 2890 3595 2948 post
3645 2897 3833 2951 pecca-

2215 2974 2340 3021 tum
2377 2975 2559 3021 autem
2605 2966 2747 3022 idem
2799 2968 2980 3038 ipsum
3031 2968 3100 3024 ad
3140 2969 3448 3024 remedium
3488 2971 3833 3027 inﬁrmitatis

2226 3073 2582 3123 concessum,
2629 3059 2825 3115 beatus
2860 3060 3203 3132 Augustinus
3252 3070 3489 3116 testatur
3515 3064 3606 3119 his
3645 3066 3838 3120 verbis

537 3158 646 3198 nus
693 3157 761 3198 ne
802 3141 869 3196 ad
913 3139 1206 3211 prandium
1250 3149 1502 3194 nostrum
1554 3140 1749 3195 divites
1794 3139 1880 3194 vel
1929 3148 2124 3209 poten-
2152 3169 2194 3225 ρ
2226 3149 2457 3204 dicens;
2499 3169 2517 3202 ε
2565 3148 2864 3222 Utriusque
2910 3167 3075 3208 sexus
3122 3152 3414 3210 inﬁrmitas
3471 3155 3838 3226 propendens

537 3245 622 3292 tes
665 3235 978 3300 invitemus,
1009 3249 1039 3287 a
1069 3233 1274 3303 quibus
1321 3232 1740 3287 retributionem
1785 3231 1873 3287 hic
1903 3232 2128 3302 recipie-

522 3333 686 3393 mus;
721 3325 816 3381 sed
857 3331 916 3378 ut
940 3323 1008 3378 ad
1059 3322 1371 3378 convivium
1413 3331 1664 3377 nostrum
1713 3335 2000 3390 pauperes,
2033 3319 2129 3374 de-

538 3417 697 3484 biles,
720 3415 964 3481 claudos,
995 3429 1168 3470 caecos
1199 3428 1584 3476 convocemus,
1626 3428 1656 3466 a
1680 3411 1882 3482 quibus
1921 3411 2126 3466 nullam

538 3509 954 3566 retributionem
1003 3519 1309 3576 speremus.
1344 3503 1458 3559 lloc
1483 3504 1630 3558 enim
1674 3502 1956 3568 facientes,
1982 3503 2127 3557 beati

535 3602 766 3666 erimus,
807 3599 934 3668 quia
971 3597 1234 3665 recipient
1279 3610 1383 3650 nos
1413 3595 1469 3649 in
1519 3601 1721 3650 aeterna
1755 3593 2124 3662 tabernacula,

537 3707 669 3749 cum
705 3689 1090 3746 defecerimus.

541 3827 621 3880 De
651 3832 983 3879 sacramento
1036 3821 1270 3892 ronjugii
1324 3829 1372 3876 et
1410 3821 1474 3876 de
1521 3821 1724 3891 origine
1759 3819 2027 3892 coniugii,
2073 3829 2126 3873 et

521 3961 525 3964 ι
612 3912 774 3950 causa
833 3891 1224 3957 institutionis,
1280 3901 1330 3947 et
1389 3893 1453 3946 de
1529 3892 1732 3961 duplici
1794 3891 2128 3945 institutione

611 3965 866 4036 coniugii.

609 4055 752 4110 Dum
797 4053 984 4108 omnia
1028 4061 1370 4110 sacramenta
1427 4059 1551 4122 post
1589 4060 1874 4122 peccatum
1917 4061 1972 4109 et
2007 4067 2130 4124 pro-

539 4157 660 4220 pter
708 4155 991 4217 peccatum
1039 4144 1375 4214 sumpserint
1419 4143 1747 4210 exordium,
1797 4144 1973 4200 solum
2026 4160 2130 4198 nu-

523 4237 778 4311 ptiarum
803 4237 889 4292 vel
916 4236 1155 4307 coniugii
1201 4246 1607 4292 sacramentum
1637 4237 1801 4291 etiam
1839 4246 1966 4291 ante
1995 4252 2123 4306 pec-

540 4345 725 4386 catum
773 4328 971 4400 legitur
1047 4327 1380 4394 institutum,
1432 4342 1543 4381 non
1605 4335 1786 4382 tamen
1838 4327 1906 4381 ad
1947 4342 2126 4381 reme-

519 4419 718 4488 'dium,
774 4419 869 4475 sed
917 4418 984 4474 ad
1032 4417 1290 4474 ofﬁcium.
1337 4417 1394 4473 ln
1460 4419 1719 4490 coniugio
1773 4428 1954 4474 autem
2012 4419 2129 4474 haec

2233 3243 2290 3296 in
2350 3243 2568 3296 ruinam
2635 3243 3010 3314 turpitudinis,
3053 3254 3202 3300 recta
3257 3246 3552 3302 honestate
3607 3251 3836 3320 nuptia-

2224 3349 2354 3388 rum
2407 3333 2699 3404 excipitur,
2748 3344 2810 3389 ut
2858 3336 3006 3404 quod
3059 3337 3210 3391 sanis
3263 3345 3412 3392 esset
3463 3339 3720 3395 ofﬁcium
3769 3345 3836 3396 sit

2229 3424 2450 3493 aegrotis
2499 3426 2824 3480 remedium.
2867 3445 2886 3478 ι
2919 3425 3051 3481 Item
3098 3427 3154 3481 in
3211 3430 3478 3500 coniugio
3530 3432 3686 3486 aliud
3717 3450 3836 3488 esse

2229 3528 2282 3574 et
2313 3520 2540 3576 alterius
2571 3523 2648 3576 rei
2672 3531 3075 3577 sacramentum
3106 3539 3230 3580 esse
3259 3525 3444 3595 ipsum
3480 3530 3832 3600 coniugium,

2228 3619 2283 3665 et
2307 3611 2452 3666 aliud
2479 3627 2600 3668 esse
2623 3621 2677 3668 et
2698 3613 2924 3670 alterius
2953 3615 3031 3670 rei
3059 3627 3471 3672 sacramentum
3499 3636 3632 3676 esse
3661 3624 3832 3692 ipsum

2230 3704 2469 3776 coniugii
2523 3704 2794 3772 ofﬁcium,
2867 3705 3009 3760 idem
3065 3707 3180 3776 ipse
3232 3708 3287 3760 in
3341 3709 3493 3764 libro
3566 3711 3650 3766 De
3697 3713 3835 3768 bono

2230 3795 2468 3865 coniugii
2521 3803 2771 3862 testatur,
2828 3796 3112 3852 dicenszr
3181 3795 3242 3867 In
3297 3799 3574 3872 coningio
3629 3802 3836 3873 aliquid

2229 3884 2360 3939 boni
2403 3899 2526 3940 esse
2577 3886 2812 3953 videtur,
2858 3902 2969 3941 non
3011 3888 3188 3941 solum
3216 3899 3444 3959 prapter
3477 3895 3837 3965 propagatio-

2229 3991 2354 4031 nem
2400 3975 2654 4043 ﬁliorum,
2705 3977 2800 4032 sed
2837 3978 3002 4033 etiam
3038 3990 3261 4049 propter
3310 3984 3638 4039 naturalem
3675 3987 3732 4040 in
3759 3987 3838 4041 di-

2231 4083 2390 4124 verso
2424 4084 2558 4124 sexu
2607 4069 2944 4125 societatem.
2993 4071 3252 4141 Alioquin
3293 4081 3483 4128 tamen
3523 4091 3640 4130 non
3695 4079 3836 4132 dice-

2229 4168 2381 4214 retur
2413 4159 2726 4231 coniugium
2761 4162 2818 4215 in
2854 4162 3078 4217 senibus
3113 4163 3160 4218 si
3195 4164 3280 4218 vel
3308 4164 3649 4223 amisissent
3700 4170 3832 4224 ﬁlios

2231 4249 2316 4304 vel
2344 4265 2451 4305 non
2483 4251 2822 4321 genuiSseut,
2858 4254 2912 4307 iu
2941 4253 3140 4324 quibus
3176 4255 3279 4310 etsi
3304 4262 3660 4315 emarcuerit
3681 4263 3834 4316 ardor

2231 4343 2435 4410 carnis,
2461 4343 2607 4414 viget
2628 4352 2807 4400 tamen
2832 4345 2968 4401 ordo
2992 4347 3300 4404 charitatis.
3322 4368 3341 4400 ι
3374 4349 3514 4406 Item
3544 4353 3601 4406 in
3635 4354 3831 4424 nuptiis

2230 4433 2354 4503 plus
2384 4435 2524 4488 valet
2557 4436 2782 4490 scientia
2815 4440 3142 4494 sacramenti
3173 4441 3670 4510 quamfecunditas
3711 4463 3831 4500 ren-

540 4515 781 4584 primum
834 4509 1232 4566 consideranda
1261 4519 1390 4565 sunt
1433 4520 1487 4566 et
1525 4511 1925 4566 discernenda:
1972 4510 2123 4580 origo

2234 4526 2354 4580 tris.
2387 4544 2406 4578 ›
2431 4527 2839 4596 (Αυουετικυε.)
2857 4547 2877 4581 ι
2904 4527 3056 4586 Unde
3076 4509 3298 4601 quidam
3325 4548 3437 4588 non
3465 4535 3832 4607 intelligentcs

540 4615 596 4660 et
623 4601 896 4658 institutio
944 4615 1070 4654 cum
1119 4599 1283 4655 modo
1339 4608 1394 4655 et
1434 4601 1618 4656 causis
1663 4600 1802 4667 suis,
1841 4610 1896 4656 et
1934 4616 2125 4656 secun-

537 4697 673 4752 dum
726 4703 964 4764 tempus,
1032 4699 1088 4746 et
1135 4689 1313 4757 locus,
1367 4699 1421 4746 et
1469 4692 1610 4748 ritus
1650 4692 1903 4748 variatio.
1980 4691 2129 4747 Con-

536 4787 674 4860 iugii
726 4795 920 4843 auctor
969 4780 1114 4840 Deus
1165 4790 1270 4838 est.
1311 4780 1431 4854 Ipse
1459 4783 1604 4838 enim
1654 4783 1968 4856 coniugium
2005 4799 2128 4841 esse

534 4878 824 4946 discernit,
881 4875 1104 4947 quando
1155 4875 1442 4931 mulierem
1468 4876 1534 4931 ad
1567 4877 2008 4948 propagationem
2037 4892 2129 4948 ge-

539 4970 690 5024 neris
729 4970 957 5027 humani
985 4969 1198 5028 homini
1235 4969 1567 5039 adiutorium
1596 4968 1743 5024 fecit.
1773 4968 1945 5024 Adam
1991 4984 2130 5038 quo-

521 5065 653 5126 ‘que
703 5059 764 5112 in
797 5060 989 5128 Spiritu
1039 5073 1378 5129 cognoscens
1421 5057 1490 5113 ad
1523 5073 1688 5128 quem
1737 5073 1900 5114 usum
1929 5059 2129 5113 mulier

543 5149 687 5204 facta
709 5158 878 5216 esset,
899 5166 1021 5206 cum
1045 5151 1275 5207 adducta
1299 5150 1367 5205 ad
1383 5165 1510 5206 eum
1535 5151 1752 5218 fuisset,
1772 5151 1903 5207 dixit
1927 5169 1940 5205 :
1969 5169 1988 5203 ι
2015 5149 2130 5206 Hoc

542 5255 695 5297 nunc
746 5255 810 5296 os
839 5256 904 5296 ex
936 5241 1154 5296 ossibus
1189 5243 1348 5306 meis,
1387 5251 1442 5296 et
1466 5257 1599 5298 caro
1635 5244 1702 5298 de
1752 5258 1918 5298 carne
1983 5259 2125 5297 mea.

542 5331 774 5403 Propter
825 5333 930 5388 hoc
980 5332 1242 5401 relinquit
1287 5333 1454 5387 homo
1499 5343 1709 5402 patrem
1743 5351 1902 5390 suum
1929 5344 1984 5390 et
2006 5350 2129 5388 ma-

546 5433 684 5477 trem
734 5439 912 5491 suam,
968 5433 1022 5480 et
1057 5421 1354 5477 adhmrebit
1394 5424 1552 5477 uxori
1583 5439 1716 5490 sum,
1740 5433 1796 5479 et.
1832 5435 1993 5480 erunt
2017 5425 2128 5480 duo

528 5515 600 5569 'in
637 5530 802 5570 carne
853 5531 959 5570 una
995 5513 1145 5586 (Gen.
1193 5515 1276 5584 ιι).
1315 5533 1334 5566 ›
1367 5514 1619 5570 Christus
1649 5516 1810 5571 etiam
1870 5518 1924 5570 in
1979 5515 2129 5571 Cana

544 5605 781 5661 Galilzeze
809 5622 914 5659 nou
966 5605 1144 5660 solum
1199 5607 1484 5676 praesentia
1535 5608 1828 5677 corporali,
1859 5609 1951 5663 sed
1983 5608 2131 5662 exhi-

543 5695 752 5752 bitione
783 5712 997 5767 quoque
1053 5696 1305 5752 miraculi
1353 5697 1571 5766 nuptias
1600 5699 1946 5756 consecravit
1977 5699 2124 5769 (Job.

529 5791 628 5861 ἰι).
684 5789 742 5846 In
791 5791 990 5863 quibus
1043 5793 1302 5849 omnibus
1357 5795 1661 5850 ostenditur
1718 5786 2035 5865 ceniugium
2095 5813 2126 5852 ι

2233 4616 2338 4672 hoc
2365 4619 2512 4687 quod
2536 4619 2742 4674 dictum
2769 4629 2853 4674 est
2884 4639 2898 4674 :
2941 4619 3034 4676 Illa
3074 4623 3274 4678 mulier
3311 4640 3425 4679 non
3449 4637 3646 4695 potest
3675 4629 3833 4698 perti-

2231 4722 2361 4762 nere
2385 4708 2452 4762 ad
2481 4709 2685 4766 Christi
2715 4719 2770 4766 ct
2798 4709 3054 4768 Ecclesia:
3091 4725 3534 4784 sacramentum,
3557 4735 3691 4775 cum
3730 4735 3834 4790 qua

2231 4798 2478 4853 noscitur
2505 4814 2612 4854 non
2642 4799 2813 4857 fuisse
2841 4803 3062 4858 carnale
3102 4807 3527 4876 commercium,
3559 4812 3835 4866 aestimant

2231 4890 2375 4944 enim
2422 4901 2826 4948 sacramentum
2876 4895 3118 4968 coniugii
3171 4913 3294 4954 esse
3328 4914 3440 4954 non
3497 4917 3693 4970 posse,
3746 4905 3835 4957 ubi

2217 4978 2543 5036 ‘commistio
2569 4983 2808 5038 carnalis
2837 4999 2948 5039 non
2978 4984 3160 5042 fuerit.
3200 4986 3467 5044 Nesciunt
3504 4994 3664 5047 enim
3709 4996 3836 5064 quia

2232 5070 2468 5125 ofﬁcium
2492 5074 2752 5145 coniugii,
2778 5076 2832 5130 in
2865 5078 3048 5133 carnis
3087 5081 3494 5148 commistione,
3531 5084 3690 5140 illam
3717 5103 3870 5158 qua.

2232 5161 2374 5216 inter
2392 5162 2673 5219 Christum
2698 5174 2752 5221 et
2777 5166 3077 5225 Ecclesiam
3099 5187 3196 5241 per
3215 5174 3400 5228 carnis
3413 5180 3834 5247 susceptionem

2231 5249 2373 5306 facta
2399 5262 2482 5307 est
2525 5255 2783 5311 unionem
2823 5259 3020 5330 ﬁgurat
3065 5281 3078 5316 :
3107 5272 3514 5333 pr0ptereaque
3547 5269 3836 5325 Christiet

2231 5339 2490 5396 Ecclesiae
2511 5357 2915 5402 sacramentum
2944 5363 3068 5404 esse
3099 5367 3208 5405 non
3245 5355 3440 5422 possit.
3468 5353 3578 5410 Ubi
3609 5359 3836 5412 carnale

2215 5435 2624 5490 commercium
2659 5451 2769 5492 non
2801 5438 2986 5505 fuerit,
3022 5442 3334 5514 coniugium
3379 5455 3568 5502 tamen
3615 5465 3830 5511 verum,

2230 5537 2285 5578 et
2317 5541 2503 5599 verum
2541 5530 2781 5600 coniugii
2809 5546 3210 5588 sacramentum
3243 5552 3387 5600 esse,
3429 5541 3602 5594 etiam
3638 5543 3686 5596 si
3715 5558 3832 5596 car-

2212 5617 2355 5670 nale
2391 5622 2782 5676 commercium
2819 5640 2926 5678 nun
2959 5624 3123 5679 fuerit
3157 5627 3542 5684 subsecutum.
3587 5631 3709 5686 lmo
3739 5645 3830 5701 ρο.

2231 5708 2341 5763 tius
2365 5718 2516 5765 tanto
2541 5713 2725 5769 verius
2747 5725 2800 5770 et
2834 5718 3078 5773 sanctius
3100 5733 3243 5785 esse,
3266 5729 3477 5789 quanto
3509 5723 3656 5777 nihil
3685 5726 3740 5777 in
3773 5739 3828 5776 se

2233 5799 2396 5857 habet
2443 5804 2584 5862 unde
2629 5808 2854 5865 castitas
2889 5810 3203 5878 erubescat,
3251 5812 3348 5867 sed
3399 5815 3552 5868 unde.
3599 5817 3830 5873 castifss
