3976 6356
169 359 308 417 "97

1089 345 1660 406 DEFLORATIONES
1699 348 1800 407 SS.
1839 346 2228 403 PATRUM.—
2257 347 2384 402 LIB.
2421 345 2485 401 ll.

3310 338 3446 400 £293

165 467 592 546 glorietur.Nam
615 475 669 522 et
684 468 863 536 ipsum
886 463 1204 535 coniugium
1226 472 1628 520 sacramentum
1651 473 1755 526 est,
1787 465 1835 520 A
1864 462 2169 516 masculum
2220 471 2274 517 et
2324 459 2584 516 feminam
2639 469 2876 525 constat.
2937 467 3341 515 sacramentum
3394 471 3449 514 et

163 566 310 620 sicut
335 571 390 617 et
428 561 605 630 ipsum
641 557 878 613 oﬂicium
910 554 1150 625 coniugii
1197 561 1602 610 sacramentum
1632 566 1756 606 esse

162 653 537 725 cognoscitur.
575 650 680 704 Sed
720 647 1058 718 coniugium,
1093 654 1155 700 ut
1196 645 1403 700 dictum
1437 652 1540 709 est,
1571 657 1757 698 sacra-

163 750 411 797 mentum
455 748 510 795 et
559 739 706 794 illius
761 735 1042 793 societatis
1071 750 1194 805 qua:
1236 735 1290 788 in
1339 733 1533 804 spiritu
1561 740 1644 787 est
1675 732 1757 786 in-

159 841 250 887 ter
277 831 448 886 Deum
479 840 534 885 et
568 829 831 884 animatn.
864 825 1113 882 Ofﬁcium
1141 839 1272 880 vero
1296 823 1542 893 coniugii
1569 837 1757 878 sacra-

161 931 414 977 mentum
446 930 530 977 est
561 917 708 975 illius
749 917 1030 974 societatis
1056 931 1179 986 quae
1216 915 1273 969 in
1307 929 1474 970 carne
1507 921 1590 969 est
1617 913 1759 967 inter

156 1013 448 1067 Christum
473 1021 524 1067 et
553 1011 871 1066 Ecclesiam.
894 1009 1170 1077 Scriptum
1193 1014 1298 1072 est,
1317 1005 1494 1074 inquit
1519 1022 1532 1058 :
1553 1003 1759 1059 «Erunt

158 1103 280 1158 duo
317 1104 371 1156 in
422 1119 587 1158 carne
637 1118 743 1156 una
781 1101 936 1172 (Gen.
971 1100 1053 1169 tt).
1093 1117 1112 1149 ›
1165 1097 1228 1151 Et
1268 1096 1314 1151 si
1349 1096 1460 1151 duo
1505 1096 1559 1150 in
1593 1111 1760 1151 carne

161 1209 303 1260 una,
327 1195 440 1262 iam
473 1209 579 1248 non
605 1194 734 1256 duo,
757 1193 850 1247 sed
876 1206 984 1246 una
1011 1203 1160 1245 caro.
1193 1186 1310 1242 Hoc
1332 1196 1416 1242 est
1440 1199 1757 1242 sacramen-

158 1293 284 1338 tum
308 1283 453 1354 quod
479 1285 553 1340 ait
585 1283 922 1352 Apostolus:
953 1301 971 1332 ‹
1005 1279 1260 1349 Magnum
1294 1277 1348 1331 in
1379 1275 1602 1332 Christo
1626 1276 1759 1331 etin

155 1378 410 1433 Ecclesia
445 1377 659 1448 (Ephes.
693 1376 770 1447 γ),
810 1394 828 1426 ι
875 1375 944 1430 ad
995 1371 1144 1444 quod
1193 1379 1602 1427 sacramentum
1634 1384 1760 1439 per-

158 1471 348 1524 tinere
396 1485 504 1524 non
556 1476 734 1539 potest
779 1467 1002 1533 mulier,
1048 1481 1175 1523 cum
1223 1479 1332 1535 qua
1367 1463 1614 1518 noscitur
1649 1475 1758 1516 non

157 1560 344 1616 fuisse
369 1561 590 1616 carnale
613 1560 1006 1616 commercium
1033 1578 1048 1614 :
1077 1566 1258 1630 potest
1286 1566 1467 1611 tamen
1488 1555 1760 1626 pertinere

154 1653 240 1707 ad
270 1653 417 1706 aliud
467 1660 897 1716 sacramentum,
929 1666 1036 1704 non
1072 1663 1333 1718 magnum
1365 1647 1421 1701 in
1452 1645 1676 1701 Christo
1702 1651 1762 1698 et

154 1743 415 1800 Ecclesia
438 1786 454 1811 ,
500 1745 594 1799 sed
630 1743 810 1812 maius
841 1743 893 1795 in
937 1741 1047 1795 Deo
1081 1748 1136 1796 et
1166 1739 1369 1793 anima.
1401 1735 1544 1804 Quid
1571 1727 1762 1792 enim?

156 1835 231 1890 Si
261 1852 518 1907 magnum
547 1844 629 1891 est
659 1835 803 1905 quod
830 1834 886 1888 in
916 1847 1081 1888 carne
1105 1839 1209 1896 est,
1238 1844 1496 1899 magnum
1540 1842 1648 1882 non
1678 1835 1763 1882 est

1773 1797 1835 1851 -B

159 1927 228 1983 in
259 1943 370 1982 uno
410 1929 582 1982 multo
607 1927 787 1997 maius
809 1925 956 1996 quod
981 1924 1036 1978 in
1069 1922 1260 1992 spiritu
1284 1927 1387 1976 est.
1426 1937 1444 1971 ι
1479 1918 1643 1985 Caro,
1675 1918 1761 1972 in-
1797 1925 1810 1948 ‘

161 2020 311 2088 quit,
342 2019 480 2072 nihil
521 2019 764 2088 prodest.
806 2016 1034 2086 spiritus
1069 2023 1154 2070 est
1183 2012 1275 2083 qui
1307 2009 1546 2066 vivilicat
1575 2009 1758 2082 (Joan.

162 2111 270 2178 vr).
317 2129 334 2161 υ
368 2108 426 2164 Si
467 2125 598 2181 ergo
629 2123 887 2180 magnum
917 2116 1001 2162 est
1041 2106 1188 2177 quod
1225 2105 1279 2159 in
1310 2118 1474 2160 carne
1499 2110 1604 2167 est,
1644 2117 1762 2156 ma-

157 2201 260 2269 ius
295 2201 484 2272 utique
504 2211 588 2256 est
615 2201 763 2271 quod
786 2201 840 2255 in
872 2199 1067 2270 spiritu
1092 2207 1197 2263 est,
1225 2197 1272 2252 si
1298 2206 1445 2254 recte
1477 2211 1573 2266 per
1613 2193 1761 2250 Scri—

165 2301 388 2361 pturam
423 2305 668 2349 sanctam
701 2293 845 2350 Deus
869 2307 1106 2362 sponsus
1136 2291 1357 2354 dicitur,
1379 2297 1434 2344 et
1455 2287 1638 2342 anima
1670 2302 1760 2341 ra-

165 2383 397 2440 tionalis
415 2401 622 2460 .sponsa
647 2394 892 2442 vocatur.
911 2382 1130 2455 Aliquid
1153 2381 1394 2452 profecto
1421 2381 1562 2436 inter
1586 2379 1758 2435 Deum

160 2482 228 2530 et
259 2477 500 2534 animam
541 2478 682 2550 eius,
733 2479 892 2550 cuius
921 2478 975 2534 id
1024 2475 1168 2548 quod
1215 2475 1269 2531 in
1313 2473 1569 2545 coniugio
1617 2473 1760 2528 inter

1859 552 2040 623 imago
2068 562 2152 608 est
2191 571 2204 606 :
2244 563 2297 607 et
2328 549 2488 619 forte,
2522 561 2580 607 ut
2601 553 2913 622 expressius
2951 551 3182 617 dicatur,
3217 552 3331 622 ipsa
3359 569 3450 607 so-

1857 647 2048 710 cietas,
2081 661 2203 716 quae
2237 646 2480 702 exterius
2505 647 2558 701 in
2590 647 2850 718 coniugio
2875 654 3036 716 pacto
3075 645 3299 701 foederis
3329 660 3447 702 ser-
3477 665 3484 672 ·

1857 749 2038 792 vatur.
2068 729 2485 792 Sacramentum
2513 747 2566 792 et
2591 737 2765 807 ipsius
2788 737 3117 792 sacramenti
3146 751 3233 791 res
3253 745 3338 790 est
3361 737 3446 789 di-

1857 829 2018 884 lectio
2052 837 2242 884 mutua
2281 829 2612 895 animorum,
2639 843 2762 898 qua:
2796 828 2866 882 ad
2899 826 3130 882 invicem
3170 827 3450 882 societatis

1857 929 1911 974 et
1941 919 2160 977 foederis
2183 921 2488 992 coniugalis
2510 920 2729 976 vinculo
2747 919 3072 975 custoditur.
3099 914 3166 972 Et
3185 915 3301 972 haec
3332 917 3450 988 ipsa

1859 1027 2055 1068 rursus
2085 1013 2327 1078 dilectio,
2357 1029 2466 1083 qua
2496 1013 2776 1067 masculus
2817 1019 2874 1066 et
2918 1009 3124 1065 femina
3166 1009 3221 1064 in
3253 1010 3452 1065 sancti.

1861 1113 1972 1158 tate
2001 1104 2243 1175 coniugii
2278 1104 2481 1158 animis
2511 1103 2798 1168 uniuntur,
2849 1101 3254 1158 sacramentum
3286 1107 3452 1156 estet

1860 1192 2076 1264 signum
2120 1193 2266 1247 illius
2296 1193 2607 1248 dilectionis
2637 1209 2745 1262 qua
2789 1191 2930 1247 Deus
2970 1191 3221 1246 rationali
3251 1191 3452 1246 animat

1861 1281 2008 1337 intus
2043 1287 2140 1351 per
2189 1275 2523 1337 inlusionem
2575 1284 2761 1352 gratize
2817 1299 2933 1338 sute
2976 1297 3030 1338 et
3073 1285 3303 1354 spiritus
3362 1282 3449 1340 sui

1861 1372 2279 1442 participatione
2299 1375 2673 1445 coniungitur.
2698 1375 2905 1445 Copula
2936 1375 3100 1446 igitur
3123 1377 3306 1432 carnis
3329 1393 3454 1447 quae

1860 1472 1987 1518 ante
2037 1472 2320 1534 peccatum
2367 1465 2421 1518 in
2465 1464 2725 1535 coniugio
2769 1465 3007 1521 ollieium
3061 1461 3192 1532 fuit,
3230 1478 3285 1522 et
3327 1477 3453 1539 post

1861 1563 2147 1624 peccatum
2178 1555 2235 1609 in
2269 1555 2458 1610 eodem
2507 1572 2607 1626 pro
2645 1557 2888 1612 remedio
2929 1573 3192 1614 concessa
3235 1569 3339 1625 est,
3371 1561 3453 1616 sic

1861 1646 2158 1716 utrobique
2219 1647 2478 1718 coniugio
2524 1648 2864 1720 adiungitur,
2913 1657 2974 1704 ut
3019 1666 3145 1706 cum
3192 1652 3452 1723 coniugio

1863 1736 1981 1808 ipsa
2013 1739 2105 1805 sit,
2134 1740 2584 1810 non‘coniugium
2612 1756 2678 1794 ex
2709 1738 2848 1811 ipsa.
2880 1733 3015 1797 Nam
3041 1753 3093 1799 et
3115 1753 3242 1800 ante
3275 1744 3451 1814 ipsam

1864 1827 2184 1902 coniugium
2207 1843 2401 1886 verum
2432 1839 2536 1894 est,
2564 1841 2618 1888 et
2643 1833 2762 1889 sine
2783 1834 2902 1904 ipsa
2933 1845 3182 1891 sanctum
3206 1852 3330 1891 esse
3354 1853 3454 1907 po-

1866 1931 1976 1980 test
2007 1942 2020 1979 :
2056 1934 2188 1980 tunc
2208 1922 2428 1994 quidem
2460 1926 2506 1980 si
2538 1925 2626 1979 illa
2651 1940 2759 1981 non
2786 1927 3002 1984 adesset
3031 1927 3452 1992 infructuosius,

1866 2033 2015 2074 nunc
2035 2026 2217 2073 autem
2243 2018 2289 2073 si
2321 2017 2412 2071 illa
2435 2033 2542 2072 non
2567 2017 2783 2072 affuerit
2806 2018 3096 2074 sincerius.
3118 2018 3272 2085 Quod
3305 2021 3453 2073 enim

1866 2117 1992 2179 post
2033 2117 2319 2180 peccatum
2369 2110 2563 2181 c0pula
2614 2111 2797 2166 carnis
2829 2111 2884 2165 in
2923 2109 3182 2182 coniugio
3211 2109 3455 2166 admitti-

1866 2208 1978 2265 tur,
2034 2200 2384 2271 indulgentiae
2434 2202 2609 2272 magis
2658 2211 2742 2256 est
2794 2209 2849 2256 et
2905 2201 3326 2272 compassionis,
3385 2217 3456 2255 ne

1867 2290 2061 2345 vitium
2093 2291 2552 2362 concupiscentia:
2590 2291 2737 2362 quod
2781 2293 2836 2347 in
2867 2293 3107 2348 humana
3129 2308 3293 2349 carne
3329 2301 3457 2363 post

1865 2390 2149 2452 peccatum
2205 2381 2510 2449 radicavit,
2566 2383 2784 2453 turpius
2853 2380 2906 2436 in
2977 2397 3197 2438 omnem
3263 2397 3456 2438 exces-

1867 2493 1988 2532 sum
2021 2475 2352 2549 proﬂueret,
2381 2477 2427 2533 si
2460 2493 2731 2548 nusquam
2770 2470 2918 2534 licite
2951 2478 3126 2550 excipi
3162 2478 3450 2549 potuisset.

951 2799 1550 2902 DOMINICA
1619 2800 2197 2899 VIGESIMA
2268 2793 2676 2894 PRIMA.

1445 3019 1814 3083 Secundum
1847 3017 2184 3079 Joannem.

245 3239 263 3268 ι
309 3216 438 3271 Erat
483 3215 704 3286 quidam
748 3212 968 3284 regulus
1004 3210 1164 3280 cujus
1195 3209 1339 3266 filius
1383 3209 1764 3265 infirmabatur
1791 3217 1833 3275 (ζ
1871 3205 2167 3276 imaginem
2196 3205 2284 3262 Dei
2319 3205 2446 3260 facti
2477 3215 2626 3270 sunt,
2661 3207 2754 3262 sed
2788 3207 3025 3264 honores
3050 3217 3103 3264 et
3125 3209 3343 3269 divitias
3367 3226 3454 3270 voc

161 3309 574 3380 Capharnaum.
609 3304 740 3372 llic,
782 3320 905 3360 cum
947 3303 1193 3360 audisset
1228 3303 1357 3374 quia
1391 3297 1550 3359 J'esus
1588 3303 1757 3359 adre--

163 3398 311 3452 niret
331 3414 363 3452 a
397 3395 582 3450 Judaea
610 3395 663 3447 in
689 3393 988 3457 Galilaeam,
1015 3393 1150 3447 abiit
1179 3391 1246 3446 ad
1274 3407 1425 3458 eum,
1453 3401 1509 3448 et
1530 3392 1758 3464 rogabat

164 3494 231 3540 ut
249 3485 600 3542 descenderet
617 3491 672 3538 et
693 3490 912 3538 sanaret
934 3483 1104 3536 tilium
1129 3481 1269 3552 eius.
1293 3481 1589 3552 lncipiebat
1609 3468 1752 3538 enim

163 3577 330 3633 mori.
356 3575 501 3629 Dixit
537 3589 668 3645 ergo
695 3573 870 3634 Iesus,
892 3573 960 3628 ad
993 3589 1118 3628 eum
1143 3592 1155 3628 :
1193 3592 1213 3625 ‹
1240 3574 1354 3630 Nisi
1380 3576 1532 3645 signa
1557 3584 1610 3630 et
1632 3591 1757 3645 pro-

162 3670 314 3742 digia
344 3667 609 3734 videritis,
656 3682 766 3722 non
802 3667 1045 3733 creditis,
1083 3676 1189 3723 etc.
1225 3666 1406 3737 (Joan.
1441 3667 1538 3737 tv).
1571 3687 1588 3719 ι
1620 3669 1755 3724 Cre-

161 3763 330 3818 debat
360 3759 580 3832 regulus
602 3759 754 3814 illum
779 3758 1138 3828 Salvatorem,
1157 3776 1188 3815 a
1215 3776 1326 3831 quo
1349 3747 1580 3816 salutem
1608 3778 1759 3832 qua:-

161 3853 354 3918 rebat;
416 3852 511 3907 sed
549 3853 604 3906 in
641 3851 748 3907 fine
781 3851 1069 3918 dubitavit,
1121 3851 1179 3907 in
1219 3853 1322 3908 hoc
1359 3853 1506 3922 quod
1559 3865 1754 3924 poten-

164 3943 301 3997 tiam
347 3941 469 4012 eius
508 3941 715 4011 petivit.
763 3941 1082 4014 Agnoscens
1119 3942 1305 4013 itaque
1343 3942 1610 4000 Dominus
1659 3961 1757 4001 cor

161 4031 461 4086 difﬁdentis
506 4030 688 4102 arguit
719 4030 866 4086 illius
903 4031 1278 4099 difﬁdentiam,
1309 4033 1498 4090 dicens
1531 4053 1544 4089 :
1579 4055 1598 4086 ι
1639 4034 1756 4092 Nisi

164 4124 325 4193 signa
364 4131 418 4177 et
451 4121 695 4193 prodigia
742 4122 987 4178 videritis
1015 4139 1123 4178 non
1173 4125 1414 4181 creditis.
1453 4146 1470 4178 ι
1501 4126 1756 4200 Prodigia

161 4223 298 4268 sunt
327 4229 449 4283 qua:
491 4213 697 4283 aliquid
730 4213 1080 4281 portendunt.
1114 4213 1180 4270 Et
1219 4215 1420 4271 dicitur
1448 4219 1754 4290 prodigium

161 4308 323 4380 quasi
353 4308 656 4378 prodicium
686 4327 698 4362 :
732 4308 879 4378 quod
913 4322 1078 4378 porro
1106 4308 1273 4372 dicat,
1306 4308 1360 4363 id
1381 4317 1464 4364 est
1485 4310 1756 4380 significat

162 4399 372 4470 aliquid
401 4399 668 4455 futurum.
697 4399 793 4454 Illa
815 4415 939 4469 qua:
965 4409 1096 4454 tunc
1123 4399 1343 4465 ﬁebant,
1369 4414 1432 4455 ea
1461 4416 1584 4471 quae
1606 4417 1754 4457 nunc

162 4501 405 4563 aguntur
425 4492 836 4562 portendebant.
861 4489 1034 4546 Omne
1062 4491 1371 4562 prodigium
1401 4501 1486 4547 est
1510 4493 1748 4564 signum,

1866 3313 2146 3352 neramur.
2181 3289 2370 3352 Videte
2399 3297 2828 3353 distinctionem.
2861 3297 3102 3371 Regulus
3137 3301 3240 3358 iste
3266 3297 3455 3360 Domi-

1849 3381 1998 3445 ‘num
2046 3390 2112 3444 ad
2141 3390 2363 3446 domum
2405 3406 2561 3446 suam
2590 3391 2924 3447 descendere
2955 3389 3226 3463 cupiebat,
3255 3406 3454 3453 centu-

1861 3482 1945 3537 rio
1976 3481 2258 3552 indignum
2304 3497 2363 3537 se
2401 3497 2522 3538 esse
2551 3481 2785 3537 dicebat.
2831 3481 2932 3538 llic
2965 3497 3183 3540 cessum
3231 3495 3318 3541 est
3347 3487 3456 3542 ela-

1863 3571 2018 3639 tioni,
2052 3572 2161 3627 illic
2184 3587 2510 3628 concessum
2543 3581 2627 3628 est
2658 3573 2975 3642 humilitati,
3018 3579 3282 3647 tanquam
3323 3579 3454 3635 huic

1861 3663 2138 3718 diceretur
2185 3681 2198 3717 :
2249 3662 2371 3718 Noli
2417 3663 2555 3718 mihi
2603 3665 2825 3720 taedium
2874 3665 3054 3723 facere
3093 3687 3108 3722 :
3149 3670 3451 3738 potentiam

1862 3769 2039 3808 meam
2063 3754 2146 3809 vis
2174 3755 2226 3808 in
2255 3755 2419 3810 dumo
2459 3765 2553 3811 tua
2586 3774 2598 3808 :
2628 3758 2798 3813 verbo
2823 3773 3047 3826 possum
3085 3758 3256 3816 lilium
3296 3771 3452 3817 tuum

1861 3848 2076 3900 sanare.
2108 3845 2372 3901 Centurio
2412 3846 2717 3917 alienigena
2745 3849 2975 3904 credidit
3013 3866 3100 3904 me
3144 3853 3308 3906 verbo
3347 3849 3454 3908 hoc

1860 3952 2022 4007 posse
2055 3935 2265 4004 facere;
2305 3951 2404 3994 vos
2448 3937 2550 3992 nisi
2591 3937 2747 4008 signa
2787 3947 2841 3993 et
2867 3939 3116 4011 prodigia
3157 3942 3398 3999 videritis
3433 3963 3447 3996 :

1861 4043 1971 4082 non
1998 4029 2249 4084 creditis.

1938 4138 1956 4170 ‹
1985 4119 2230 4174 Credidit
2268 4118 2434 4175 homo
2459 4120 2702 4176 sermoni
2729 4123 2892 4191 quem
2929 4120 3068 4178 dixit
3097 4121 3149 4177 ei
3182 4121 3364 4189 Jesus,
3395 4135 3451 4179 et

1860 4211 1972 4266 ibat
2001 4229 2014 4264 :
2051 4211 2165 4280 iam
2195 4220 2378 4266 autem
2415 4226 2482 4268 eo
2516 4212 2880 4268 descendente
2907 4213 3050 4268 servi
3086 4226 3450 4271 occurrerunt

1857 4301 1930 4366 ei,
1959 4310 2013 4356 et
2037 4301 2428 4357 nuntiaverunt
2455 4303 2700 4360 dicentes
2731 4303 2860 4374 quia
2901 4302 3047 4358 filius
3075 4304 3196 4374 eius
3218 4306 3443 4362 viveret.

1855 4389 2236 4464 lnterrogabat
2273 4407 2406 4464 ergo
2441 4393 2635 4448 horam
2664 4393 2734 4448 ab
2781 4394 2862 4449 eis
2895 4393 2948 4448 in
2984 4407 3090 4466 qua
3122 4395 3319 4452 melius
3348 4397 3447 4450 ha-
3519 4387 3524 4390 ’

1856 4481 2057 4536 buerit.
2089 4481 2156 4538 Et
2184 4483 2441 4539 dixerunt
2480 4484 2528 4540 ei
2559 4485 2689 4556 quia
2733 4485 2850 4540 heri
2889 4485 3024 4542 hora
3055 4486 3286 4556 septima
3317 4486 3445 4542 reli-

160 4583 265 4639 sed
300 4599 409 4640 non
440 4584 797 4650 convertitur,
825 4583 951 4655 quia
1000 4582 1217 4654 signum
1249 4591 1332 4639 est
1380 4591 1488 4638 tam
1512 4584 1579 4640 de
1608 4601 1748 4655 ρηε..
1782 4569 1827 4623 D
1855 4575 1977 4645 quit
2001 4590 2130 4631 eum
2164 4575 2354 4634 febris.
2385 4577 2657 4650 Cognovit
2682 4585 2813 4650 ergo
2839 4586 2994 4650 pater
3016 4582 3144 4653 quia
3188 4581 3278 4637 illa
3309 4583 3445 4638 hora

160 4674 328 4730 terito
349 4683 402 4730 et
430 4675 684 4745 praesenti
706 4690 870 4744 quam
893 4675 962 4729 de
990 4673 1204 4740 futuro;
1233 4674 1539 4746 prodigium
1565 4685 1745 4731 autem

158 4772 252 4819 est
285 4773 494 4819 tantum
518 4763 586 4818 de
615 4763 820 4818 futuro.
850 4761 1078 4834 Signum
1109 4761 1213 4817 fuit
1235 4764 1301 4818 de
1325 4764 1575 4834 praesenti
1599 4766 1746 4835 quod

162 4854 431 4909 Dominus
455 4869 654 4925 aquam
681 4853 843 4908 vertit
870 4853 923 4906 in
956 4853 1167 4919 vinum,
1198 4853 1490 4922 designans
1519 4853 1746 4924 gl0riam

160 4941 339 5002 suam-
357 4948 500 5002 sicut
542 4946 781 5002 circulus
816 4944 1088 5014 signiﬁcat
1129 4944 1182 4998 in
1222 4946 1632 5014 praesentiarum
1660 4947 1744 5001 vi-

160 5053 298 5093 num
322 5039 530 5094 venale.
572 5038 798 5110 Signum
826 5038 892 5092 de
915 5035 1208 5108 przrterito,
1231 5044 1315 5091 est
1343 5037 1629 5108 vestigium
1653 5054 1747 5110 pe-

158 5127 293 5181 dum
323 5127 377 5180 in
415 5127 538 5182 nive
566 5143 856 5198 apparens.

242 5234 260 5266 ι
291 5202 431 5272 Dicit
461 5217 530 5271 ad
555 5233 680 5272 eum
707 5218 928 5288 regulus
958 5236 969 5270 :
999 5215 1246 5282 Domine,
1272 5216 1540 5273 descende
1559 5219 1745 5288 prius-

161 5324 330 5378 quam
373 5309 638 5365 moriatur
676 5309 822 5366 lilius
863 5324 1040 5364 meus.
1074 5302 1215 5364 Dicit
1241 5309 1290 5365 ei
1327 5308 1488 5366 Jesus
1526 5329 1539 5364 :
1575 5309 1742 5381 Vade,

162 5398 310 5452 ﬁlius
341 5407 469 5452 tuus
497 5399 648 5454 vivit.
687 5419 706 5452 ι
734 5398 988 5455 lndicans
1031 5415 1090 5456 se
1118 5415 1226 5455 non
1257 5401 1449 5456 deesse
1483 5402 1575 5457 ubi
1605 5403 1742 5457 invi-

164 5502 330 5557 tatur,
354 5492 470 5546 solo
489 5485 648 5562 iussu
679 5501 855 5548 sanat.
881 5492 939 5547 In
969 5493 1074 5548 hoc
1096 5508 1227 5564 ergo
1262 5495 1406 5565 quod
1430 5511 1590 5552 servo
1614 5511 1744 5552 cen-

163 5583 398 5638 turionis
423 5600 530 5640 non
558 5583 882 5656 dedignatur
907 5600 1194 5640 occurrere
1223 5566 1348 5641 cum
1371 5586 1436 5642 ad
1461 5587 1629 5642 filium
1660 5604 1745 5643 re-

164 5675 273 5745 guli
315 5676 702 5746 dedignaretur
745 5678 822 5733 ire
861 5677 1014 5748 (Luc.
1047 5679 1168 5748 vn),
1208 5687 1394 5735 nostra
1434 5677 1744 5733 retunditur

162 5767 439 5838 superbia,
472 5767 600 5839 quia
633 5768 685 5824 in
719 5769 1037 5826 hominibus
1079 5784 1189 5825 non
1225 5779 1476 5827 naturam
1521 5786 1628 5841 qua
1671 5771 1737 5828 ad

1854 4675 1975 4722 erat
2013 4667 2070 4722 in
2100 4679 2210 4740 qua
2259 4669 2398 4725 dixit
2425 4672 2474 4725 ei
2506 4668 2668 4726 Jesus
2698 4687 2712 4724 :
2742 4669 2910 4735 Vade,
2948 4672 3078 4744 quia
3126 4672 3270 4730 filius
3317 4685 3445 4730 tuus

1855 4759 2022 4825 vivit;
2055 4769 2111 4816 et
2145 4761 2377 4818 credidit
2417 4762 2534 4833 ipse
2573 4772 2628 4818 et
2657 4763 2855 4820 domus
2889 4764 3011 4834 eius
3035 4773 3168 4821 tota.
3210 4783 3230 4818 ι
3263 4766 3448 4837 (Σωρίι

1857 4851 2025 4906 homo
2050 4853 2275 4909 credere
2308 4855 2437 4924 quia
2471 4853 2739 4911 Dominus
2767 4871 2921 4926 aeque
2948 4857 3148 4912 absens
3185 4871 3440 4930 corpore.

1858 4951 1919 4996 ut
1957 4948 2201 5013 pnesens
2249 4944 2499 5010 satiaret;
2545 4952 2600 5000 et
2652 4946 2732 5001 sic
2775 4947 2976 5002 meruit
3020 4949 3250 5004 salutem
3304 4951 3438 5007 tilio.

1855 5027 1974 5090 Non
1995 5051 2127 5107 ergo
2146 5035 2340 5092 dillidit
2359 5037 2426 5092 de
2451 5038 2827 5094 misericordia
2845 5055 3032 5098 servos
3054 5041 3440 5113 interrogando

1849 5127 1918 5182 de
1962 5127 2118 5193 hora,
2159 5129 2256 5184 sed
2294 5128 2572 5191 desiderat
2611 5140 2670 5186 ut
2702 5133 2878 5187 virtus
2916 5134 3100 5190 divina
3149 5151 3437 5192 servorum

1850 5214 2199 5273 confessione
2227 5217 2480 5288 plurimis
2502 5221 2827 5277 innotescat.
2857 5219 2951 5277 Vel
2976 5239 3045 5278 ne
3064 5239 3197 5280 casu
3225 5227 3437 5281 sanitas

1848 5307 2170 5378 contigisset
2207 5309 2594 5380 interrogabat,
2623 5312 2754 5383 quia
2790 5311 3020 5369 forsitan
3049 5314 3291 5370 nondum
3317 5331 3438 5386 per-

1847 5397 1989 5453 fecte
2015 5399 2289 5454 credebat.
2328 5398 2384 5454 ln
2415 5399 2587 5472 figura
2610 5403 2786 5458 sancti
2817 5402 3052 5473 Spiritus
3075 5405 3432 5476 septiformis,

1849 5490 1904 5545 in
1936 5507 2049 5562 quo
2089 5493 2273 5549 omnis
2315 5493 2466 5548 salus
2512 5495 2785 5562 consistit,
2831 5497 3049 5566 reliquit
3090 5513 3215 5552 eum
3263 5496 3434 5554 febris

1849 5584 1984 5640 bora
2031 5586 2282 5656 septima.
2313 5585 2490 5644 Tarde
2536 5587 2767 5644 credens
2815 5589 3038 5660 regulus
3085 5594 3188 5644 iste
3235 5591 3435 5662 figurat

1845 5673 2067 5734 Judzeos
2115 5679 2184 5733 ad
2233 5677 2391 5734 fidem
2449 5677 2666 5734 dimcile
2714 5680 3022 5746 venientes,
3082 5681 3263 5752 qualis
3313 5687 3433 5736 erat

1847 5767 2088 5828 Thomas
2125 5787 2250 5828 cum
2286 5771 2498 5828 audiret
2540 5792 2552 5826 :
2596 5792 2615 5825 ι
2647 5770 2804 5842 Veni,
2851 5773 3004 5830 mitte
3052 5774 3159 5830 huc
3201 5785 3426 5831 manum
