3970 6450
581 437 720 491 H95

1733 431 2052 485 WEIlNERI
2095 431 2388 485 ABBATIS
2425 433 2480 487 S.
2525 432 2744 486 BLASII

3738 440 3860 497 £9.00

579 563 729 608 tuam
779 570 793 605 :
833 558 897 606 et
943 548 1054 604 noli
1093 561 1217 604 esse
1259 545 1596 608 lncredulus,
1632 545 1729 603 sed
1772 545 1948 603 ﬁdelis
1980 546 2164 619 (Joan.
2201 554 2246 608 Α
2277 547 2520 617 respicit,
2570 547 2653 601 vel
2703 547 2768 601 ad
2799 548 3011 603 veniam
3043 547 3128 604 vel
3174 548 3243 603 ad
3293 549 3621 605 vindictam.
3653 550 3727 606 Ad
3779 571 3858 610 ve-

577 645 696 714 xx).
724 663 743 694 ι

721 731 799 786 De
827 731 1058 802 ﬂagellis
1090 729 1208 796 Dei,
1239 738 1290 783 et
1325 729 1389 782 de
1415 729 1624 800 gemina
1665 730 2023 800 percussione.

650 821 857 877 Divitiae
885 821 1167 893 sapientiae
1197 820 1472 876 subtilitas
1498 820 1641 876 sicut
1671 821 1901 874 interius
1931 833 1991 876 ut
2014 820 2170 876 testis

575 924 857 971 scrutatur
885 915 1275 980 conscientias,
1326 913 1400 968 ita
1445 913 1688 968 exterius
1717 912 1924 983 irrogat
1952 929 2166 984 paruas,

576 1020 636 1062 ut
666 1023 856 1062 verum
903 1007 974 1062 sit
1013 1005 1386 1062 testimonium
1431 1004 1730 1075 prophetae,
1757 1005 1884 1074 quia
1921 1005 2037 1074 ipse
2082 1013 2167 1060 est

573 1107 631 1153 et
676 1099 830 1154 testis
863 1107 919 1153 et
956 1097 1144 1169 judex.
1177 1095 1438 1152 Ordinata
1481 1104 1566 1151 est
1604 1095 1886 1150 miseratio
1917 1095 2013 1150 Dei
2043 1111 2166 1166 qua:

575 1189 733 1259 prius
775 1189 1054 1244 hominem
1082 1188 1171 1244 hic
1203 1203 1300 1258 per
1328 1187 1536 1258 ﬂagella
1567 1202 1598 1241 a
1622 1188 1865 1257 peccatis
1888 1188 2163 1255 emendat,

571 1291 630 1336 et
658 1291 846 1351 postea
878 1280 946 1335 ab
977 1289 1182 1336 aeterno
1211 1280 1479 1350 supplicio
1509 1280 1724 1334 liberat.
1759 1279 1977 1333 Electus
2016 1278 2164 1332 enim

573 1372 671 1428 Dei
707 1373 990 1429 doloribus
1011 1373 1137 1428 vitae
1164 1373 1329 1443 hujus
1365 1372 1639 1439 atteritur,
1667 1380 1726 1426 ut
1756 1370 2050 1442 perfectior
2080 1369 2167 1424 fu-

574 1474 713 1520 turae
755 1466 882 1519 vita:
927 1465 1192 1520 lucretur.
1237 1463 1596 1536 Nequaquam
1637 1463 1781 1518 Deus
1826 1461 2164 1532 delinquenti

571 1557 770 1626 parcit,
801 1572 964 1627 quem
997 1564 1338 1628 peccatorem
1375 1565 1470 1610 aut
1515 1555 1732 1625 ﬂagello
1759 1554 2046 1624 temporali
2094 1553 2164 1608 ad

570 1648 954 1720 purgationem
997 1647 1145 1714 ferit,
1193 1656 1290 1702 aut
1323 1646 1532 1718 judicio
1577 1655 1783 1701 aeterno
1820 1645 2160 1716 puniendum

571 1741 852 1810 relinquit,
898 1749 993 1794 aut
1025 1741 1140 1810 ipse
1181 1741 1237 1794 in
1280 1754 1339 1795 se
1383 1742 1549 1794 homo
1596 1738 1916 1810 paenitendo
1967 1737 2164 1808 puniet

569 1832 718 1903 quod
746 1832 886 1886 male
912 1830 1135 1886 admisit
1165 1849 1179 1885 :
1212 1846 1278 1887 ac
1315 1830 1544 1900 proinde
1573 1838 1659 1886 est
1701 1830 1848 1901 quod
1881 1829 2025 1885 Deus
2060 1830 2159 1886 de-

2280 639 2426 692 uiam
2483 639 2624 693 sicut
2663 637 2914 705 Petrum;
2963 640 3031 695 ad
3085 641 3407 708 vindictam,
3450 642 3597 696 sicut
3627 643 3755 698 dum
3789 645 3858 701 fa~

2277 740 2363 785 cta
2399 728 2763 785 δοάοιιιοιυιι]
2805 747 2861 786 $8
2891 731 3289 788 descensurum
3317 742 3374 788 ει
3410 735 3664 789 visurum
3702 746 3857 792 testa-

2275 829 2386 875 tur.

2347 913 2602 968 Trimoda
2628 915 2833 968 ratione
2853 914 2996 969 Deus
3019 931 3160 986 quos
3177 917 3412 972 voluerit
3433 919 3689 987 percutit,
3709 918 3763 973 i.l
3788 933 3854 976 est

2273 1005 2337 1059 ad
2365 1005 2766 1059 damnationem
2797 1007 3080 1076 reprobos,
3114 1009 3179 1063 ad
3207 1011 3598 1080 purgationem
3627 1027 3762 1080 quos
3783 1028 3853 1064 er-

2272 1113 2393 1152 rare
2427 1098 2571 1152 videt
2610 1102 2834 1166 electos,
2878 1101 2944 1153 ad
3005 1101 3390 1170 probationem
3433 1103 3640 1171 justos.
3687 1101 3851 1157 Primo

2271 1205 2506 1260 namque
2539 1193 2698 1246 modo
2730 1190 3002 1261 Egyplus
3025 1208 3165 1246 cmsa
3193 1204 3276 1248 est
3315 1194 3382 1246 ad
3438 1194 3848 1258 damnationem,

2270 1280 2512 1334 secundo
2543 1280 2726 1345 modo,
2786 1295 2992 1349 pauper
3039 1279 3284 1335 Lazarus
3335 1282 3401 1334 ad
3451 1284 3846 1353 purgationem;

2270 1371 2431 1424 tertio
2458 1372 2638 1436 modo,
2661 1386 2957 1440 percussus
2981 1381 3065 1426 est
3090 1370 3192 1426 Job
3223 1373 3718 1442 ad-prohationcm.
3750 1376 3852 1430 Flao

2267 1465 2503 1536 gellatur
2529 1465 2692 1518 homo
2725 1464 3044 1534 plerumque
3088 1481 3118 1518 a
3167 1465 3274 1521 Deo
3305 1477 3434 1521 ante
3461 1484 3763 1538 peccatum,
3794 1486 3848 1526 re

2268 1555 2446 1609 malus
2471 1555 2541 1610 sit
2582 1564 2640 1609 ut
2672 1553 2894 1620 Paulus,
2927 1556 3020 1626 qui
3069 1554 3288 1611 Satanae
3327 1560 3524 1628 angelo
3573 1560 3846 1631 instigante

2266 1647 2449 1702 carnis
2478 1647 2743 1702 tolerabat
2773 1647 3025 1702 stimulos
3067 1646 3156 1716 (II
3203 1648 3328 1703 Cor.
3376 1652 3489 1717 xu).
3531 1649 3846 1721 Flagellatur

2264 1742 2430 1796 etiam
2479 1750 2534 1796 et
2581 1750 2704 1812 post
2760 1751 3044 1811 peccatum
3079 1753 3133 1797 ut
3173 1744 3500 1814 corrigatur,
3528 1755 3585 1799 ut
3631 1748 3682 1800 in
3708 1749 3847 1818 Apo-

2273 1834 2438 1900 stolo,
2469 1835 2564 1903 qui
2615 1835 2848 1890 traditus
2888 1834 3104 1891 Satanae
3142 1837 3197 1890 in
3237 1837 3521 1891 interitum
3561 1841 3757 1901 carnis,
3795 1855 3842 1895 ot

568 1895 840 1996 linquenti
881 1939 991 1978 non
1037 1932 1243 1994 parcet.
1287 1895 1446 1977 Justo
1487 1895 1811 1993 temporalia
1852 1921 2064 1992 ﬂagella
2095 1922 2162 1977 ad
2196 1895 2238 1950 Β
2270 1895 2503 1996 spiritus
2538 1925 2724 1980 salvus
2761 1934 2905 1980 esset
2945 1924 2998 1996 (1
3033 1925 3155 1982 Cor.
3186 1927 3262 1995 v).
3301 1926 3420 1981 Neu
3490 1938 3667 1982 tamen
3711 1895 3838 1998 juste

565 2025 769 2070 aeterna
797 2014 1090 2084 proﬁciunt
1113 2012 1314 2085 gaudia
1346 2032 1359 2068 :
1395 2013 1628 2084 ideoque
1651 2020 1706 2068 et
1745 2013 1931 2083 justus
1955 2014 2009 2067 in
2042 2029 2162 2084 pa:-

567 2107 655 2161 nis
685 2105 922 2177 gaudere
958 2105 1140 2171 debet,
1181 2113 1236 2160 et
1276 2104 1478 2174 impius
1510 2105 1565 2158 in
1610 2104 2069 2174 prosperitatibus
2094 2104 2163 2158 ti-

566 2211 736 2248 mere.
768 2191 956 2263 Neque
990 2193 1144 2263 justo
1173 2207 1350 2263 neque
1390 2193 1624 2262 reprobo
1657 2191 1800 2246 Deus
1849 2193 2162 2248 misericor-

567 2288 712 2342 diam
741 2298 794 2344 et
820 2287 1093 2360 justitiam
1137 2288 1432 2343 subtrahit.
1467 2287 1602 2342 Nam
1636 2296 1700 2342 et'
1720 2289 1896 2343 bonos
1941 2289 2032 2343 hic
2062 2304 2160 2358 per

567 2381 914 2435 alﬂietionem
935 2380 1166 2450 judicat,
1189 2390 1244 2436 et
1275 2381 1386 2435 illic
1410 2395 1508 2451 per
1537 2380 1953 2436 miserationem
1977 2397 2161 2436 remu-

567 2483 742 2538 uerat,
779 2481 833 2527 et
863 2473 1036 2528 malos
1071 2473 1161 2528 hic
1192 2480 1506 2527 remunerat
1529 2487 1626 2542 per
1657 2471 2013 2542 temporalem
2047 2471 2159 2526 cle-

569 2566 856 2630 mentiam,
894 2573 948 2620 et
987 2565 1098 2620 illic
1143 2565 1301 2634 punit
1340 2579 1433 2634 per
1461 2571 1719 2618 aeternam
1763 2562 2057 2633 justitiam.
2100 2561 2158 2617 In

572 2658 675 2712 hac
705 2658 815 2713 vita
857 2656 1001 2711 Deus
1034 2667 1220 2727 parcet
1255 2657 1470 2725 impiis;
1507 2664 1562 2710 et
1602 2664 1784 2709 tamen
1822 2668 1933 2709 non
1973 2663 2160 2724 parcet

562 2748 776 2803 electis.
803 2745 861 2802 In
902 2748 988 2800 illa
1016 2755 1202 2816 parcet
1241 2745 1450 2811 electis,
1484 2760 1593 2799 non
1625 2754 1807 2798 tamen
1833 2754 2019 2814 parcet
2053 2745 2158 2799 ini-

564 2840 708 2908 quis.
742 2837 1053 2893 Periculosa
1092 2846 1177 2892 est
1216 2837 1270 2891 in
1303 2837 1405 2891 hac
1433 2836 1540 2889 vita
1565 2837 1833 2891 securitas
1862 2836 2153 2903 malorum,

563 2941 618 2982 et
657 2930 927 2984 bonorum
972 2929 1128 2983 dolor
1170 2927 1521 2997 tranquillus.
1577 2924 1717 2981 Nam
1769 2927 1993 2998 iniquus
2033 2936 2158 2997 post

563 3030 794 3076 mortem
841 3021 1072 3076 ducetur
1111 3019 1472 3087 cruciandus;
1517 3019 1704 3089 justus
1743 3035 1874 3074 vero
1922 3021 2156 3076 dormiet

560 3122 684 3183 post
717 3113 956 3167 laborem
998 3130 1248 3170 securus.
1286 3113 1404 3169 Non
1438 3125 1648 3169 tantum
1681 3116 1749 3170 de
1775 3116 2154 3185 corporalibus

559 3205 936 3273 passionibus,
967 3206 1061 3260 sed
1091 3207 1256 3260 etiam
1310 3207 1376 3262 de
1427 3207 1768 3276 spiritalibus
1801 3208 1960 3262 debet
1991 3208 2150 3262 intel—
2181 3234 2222 3291 ρ

560 3297 677 3366 ligi,
711 3303 769 3350 ut
803 3306 1011 3368 quanto
1044 3297 1279 3368 quisque
1305 3298 1359 3351 in
1390 3315 1615 3367 corpore
1642 3308 1736 3352 aut
1769 3299 1821 3352 in
1849 3308 2027 3352 mente
2057 3299 2155 3352 ﬂa-

559 3391 699 3459 gella
746 3391 1003 3456 sustinet,
1047 3399 1198 3444 tanto
1233 3406 1291 3445 se
1335 3390 1389 3444 in
1437 3393 1541 3444 line
1573 3391 1914 3444 remunerari
1949 3398 2149 3459 speret.

562 3479 715 3549 Saepe
739 3481 956 3534 occulto
984 3480 1076 3534 Dei
1104 3481 1314 3550 judicio
1337 3490 1488 3534 extra
1515 3479 1720 3550 ﬂagella
1745 3480 2151 3549 correptionuin

558 3572 777 3640 reprobi
806 3574 859 3626 in
900 3573 1002 3627 hoc
1037 3572 1242 3626 mundo
1275 3581 1424 3638 sunt,
1454 3573 1695 3641 dumque
1722 3573 1892 3626 multa
1919 3572 2152 3626 damna-

557 3665 689 3720 bilia
740 3666 1086 3721 commisisse
1132 3665 1418 3730 videntur,
1461 3665 1698 3734 despecti
1737 3674 1916 3718 tamen
1970 3680 1998 3718 a
2041 3663 2151 3719 Deo

559 3758 711 3811 nullo
734 3757 1135 3812 emendationis
1165 3757 1390 3811 verbere
1419 3755 1710 3810 feriuntur.
1740 3755 1869 3811 Plus
1915 3758 2151 3827 corripi-

557 3857 650 3904 tur
672 3849 881 3918 ﬂagello
909 3850 1002 3918 qui
1029 3865 1058 3902 a
1083 3848 1195 3903 Deo
1219 3848 1486 3919 diligitur,
1513 3849 1556 3901 si
1587 3850 1913 3918 peccaverit,
1931 3849 2150 3904 dicente

555 3943 726 3996 Amos
748 3942 1006 4011 propheta
1037 3960 1048 3996 :
1072 3961 1088 3993 ι
1117 3939 1522 3996 Tantummodo
1546 3956 1642 3994 vos
1671 3940 1904 4010 cegnovi
1935 3956 2002 3994 ex
2029 3956 2149 3994 om-

555 4035 720 4089 nibus
764 4033 1078 4088 nationibus
1114 4042 1294 4098 terrae,
1331 4031 1537 4086 idcirco
1575 4031 1811 4085 visitabo
1855 4046 2020 4100 super
2051 4047 2148 4086 vos

554 4141 748 4182 omnes
785 4125 1103 4196 iniquitates
1128 4135 1336 4180 vestras
1363 4124 1566 4194 (Amos.
1602 4127 1709 4193 ut).
1744 4143 1761 4174 ›
1795 4121 1968 4189 Quem
1999 4125 2146 4178 enim

551 4218 730 4286 diligit
756 4217 902 4274 Deus
926 4217 1152 4287 corripit
1179 4235 1192 4271 :
1215 4235 1233 4267 ‹
1261 4216 1519 4287 Flagellat
1539 4231 1756 4270 omnem
1782 4216 1955 4270 ﬁlium
1981 4231 2146 4286 quem

553 4310 747 4380 recipit
778 4309 967 4380 (Hebr.
1007 4310 1151 4380 xui).
1181 4328 1200 4361 ι
1227 4307 1392 4364 Valde
1423 4308 1799 4364 necessarium
1827 4318 1912 4364 est
1933 4309 2144 4378 justum

553 4404 607 4456 iu
627 4403 730 4458 hac
747 4403 856 4458 vita
878 4403 1026 4458 vitiis
1049 4402 1248 4458 tentari
1278 4411 1331 4457 et
1356 4401 1634 4457 verberari
1657 4401 1889 4472 ﬂagello,
1908 4411 1987 4468 ut,
2013 4403 2142 4457 dum

549 4494 700 4548 vitiis
741 4493 1013 4564 pulsatur,
1059 4495 1125 4548 de
1147 4493 1446 4549 virtutibus
1472 4507 1584 4548 non
1633 4493 1915 4562 superbiat
1955 4513 1967 4546 :
2011 4494 2141 4548 dum

2266 2026 2577 2070 murmurat
2607 2017 2702 2087 qui
2744 2019 2918 2072 nescit
2951 2035 3050 2072 cur
3087 2020 3328 2088 vapulat.
3369 2018 3506 2074 Nam
3557 2021 3675 2074 ideo
3713 2019 3835 2074 Deus

2263 2107 2585 2177 plerumque
2631 2107 2843 2177 justum
2891 2108 3148 2180 ﬂagellat,
3198 2126 3267 2164 ne
3317 2111 3386 2165 de
3421 2112 3632 2180 justitia
3672 2127 3834 2180 super-

2265 2195 2422 2250 biens
2449 2197 2627 2251 cadat.
2659 2195 2716 2251 ln
2748 2197 2851 2252 hac
2872 2199 2979 2252 vita
3005 2198 3148 2253 Deus
3179 2210 3330 2255 tanto
3371 2202 3548 2269 magis
3601 2203 3766 2255 studet
3791 2210 3838 2254 izt

2266 2294 2475 2354 parcat,
2527 2295 2735 2356 quanto
2792 2288 2968 2357 magis
3037 2290 3409 2356 exspectando
3467 2289 3713 2360 ﬂagellat,
3759 2290 3836 2343 sed

2262 2375 2399 2430 alios
2429 2374 2672 2431 feriendo
2703 2378 2946 2448 corrigit.
2987 2376 3061 2431 De
3096 2379 3298 2448 quibus
3326 2379 3494 2433 dicit:
3535 2399 3554 2430 ι
3588 2377 3694 2448 Ego
3719 2395 3837 2448 quos

2261 2486 2387 2525 amo
2412 2485 2583 2540 arguo
2604 2479 2658 2524 et
2704 2473 2914 2541 castigo
2965 2470 3153 2540 (Hebr.
3200 2474 3324 2540 xu).
3363 2492 3381 2523 ι
3419 2472 3578 2526 Alios
3618 2472 3834 2526 feriendo

2261 2563 2418 2634 punit
2483 2578 2624 2633 quos
2671 2563 3116 2632 incorrigibiliter
3179 2564 3568 2633 delinquentes
3618 2565 3828 2633 aspicit;

2261 2669 2506 2724 quosque
2526 2654 2640 2723 jam
2673 2669 2782 2708 non
2817 2655 2920 2707 sub
2958 2654 3247 2723 disciplina
3280 2663 3338 2707 ut
3368 2655 3515 2709 ﬁlios
3557 2663 3720 2723 pater,
3753 2653 3829 2707 sed

2261 2747 2510 2801 districta
2536 2745 2888 2800 damnatione
2925 2756 2983 2800 ut
3015 2747 3200 2799 hostes
3225 2747 3574 2800 adversarios
3610 2745 3827 2815 percutit.

2260 2834 2336 2890 De
2393 2836 2596 2905 quibus
2664 2834 2797 2889 dicit
2841 2854 2852 2888 :
2911 2854 2928 2886 ι
2960 2835 3198 2902 Flagello
3252 2835 3466 2889 inimici
3519 2836 3746 2905 percussi
3785 2843 3829 2889 te

2258 2927 2616 2997 castigatione
2643 2928 2849 2983 crudeli
2880 2926 3014 2998 (Jer.
3041 2928 3192 2996 xxx).
3217 2947 3236 2978 ι
3285 2926 3354 2981 Ει
3383 2928 3582 2981 iterum
3610 2945 3626 2981 :
3661 2946 3677 2977 ι
3705 2927 3827 2992 Quid

2257 3022 2464 3076 clamas
2495 3021 2562 3075 ad
2586 3037 2671 3076 me
2699 3037 2863 3090 super
2897 3021 3225 3074 contritione
3249 3021 3382 3074 tua?
3411 3019 3725 3074 Insatiabilis
3758 3032 3827 3075 est

2257 3115 2414 3169 dolor
2452 3125 2578 3170 tuus
2618 3114 2818 3184 (ibid)
2851 3133 2870 3164 ι
2914 3111 3068 3168 Unde
3121 3115 3502 3182 unusquisque
3547 3113 3757 3167 festinet
3782 3124 3829 3167 et

2257 3206 2463 3270 timeat,
2497 3223 2565 3260 ne
2593 3207 2758 3261 simul
2782 3206 3010 3260 feriatur
3035 3205 3147 3258 vita
3193 3205 3315 3274 ejus
3353 3219 3469 3258 cum
3514 3205 3694 3273 culpa.
3719 3203 3827 3257 Fla-

2258 3299 2457 3370 gellqu
2496 3314 2732 3367 namque
2764 3307 2894 3352 tunc
2918 3297 3078 3350 diluit
3112 3297 3331 3366 culpam
3387 3311 3512 3350 cum
3556 3297 3824 3350 mutaverit

2256 3392 2444 3445 vitam.
2488 3387 2623 3443 Nam
2657 3389 2817 3458 cujus
2844 3403 3026 3442 mores
3080 3403 3188 3441 non
3241 3397 3417 3440 mutat
3461 3388 3701 3441 actiones
3730 3403 3820 3440 non

2254 3481 2458 3551 expiat.
2494 3479 2684 3534 Omnis
2718 3480 3004 3549 percussio
3053 3479 3260 3546 divina,
3286 3489 3381 3534 aut
3433 3482 3680 3550 purgatio
3719 3481 3819 3533 vitae

2253 3574 2537 3644 praesentis
2549 3582 2654 3638 est,
2671 3581 2765 3626 aut
2786 3573 3000 3626 initium
3033 3588 3209 3642 paena:
3229 3572 3538 3643 sequentis.
3569 3571 3694 3626 Nam
3715 3573 3818 3642 qui-

2253 3668 2482 3723 busdam
2515 3667 2723 3738 ﬂagella
2753 3667 2820 3721 ab
2845 3667 2946 3721 hac
2977 3668 3084 3720 vita
3119 3667 3405 3732 inclinant,
3437 3675 3493 3720 et
3545 3667 3597 3720 in
3643 3676 3814 3719 aeterna

2253 3759 2608 3829 percussione
2638 3759 2955 3828 perdurant.
2991 3755 3147 3812 Unde
3179 3773 3276 3828 per
3307 3757 3533 3828 Moysen
3585 3755 3812 3810 Dominus

2252 3853 2417 3907 dicit:
2458 3871 2476 3903 ι
2502 3851 2646 3922 Ignis
2701 3853 2910 3906 exarsit
2939 3852 2994 3904 in
3025 3851 3100 3905 ira
3143 3867 3284 3918 mea,
3326 3863 3380 3906 et
3419 3853 3629 3908 ardebit
3669 3865 3810 3919 usque

2252 3947 2317 4000 ad
2359 3945 2563 4001 inferos
2592 3947 2847 3999 deorsum
2877 3945 3057 4016 (Deut.
3090 3947 3286 4013 xxxu).
3322 3963 3342 3996 ι

2319 4037 2366 4089 Α
2391 4037 2718 4106 quibusdam
2761 4036 2870 4090 dici
2919 4038 3094 4091 solet:
3133 4056 3149 4087 ς
3184 4036 3304 4091 Νυη
3339 4037 3554 4107 judicat
3586 4035 3718 4091 Deus
3741 4035 3810 4090 bis

2251 4125 2304 4180 in
2334 4127 2570 4197 idipsum
2600 4125 2843 4197 (Na/ium
2867 4142 2906 4194 ι,
2934 4128 2989 4194 9,
3016 4127 3173 4196 juxta
3204 4125 3394 4196 LXX).
3438 4146 3457 4178 ι
3509 4126 3608 4192 Qui
3653 4137 3806 4180 tamen

2249 4231 2359 4270 non
2424 4217 2713 4271 attendunt
2774 4215 2953 4284 illud,
3003 4217 3150 4286 quod
3204 4217 3343 4272 alias
3404 4219 3660 4287 scriptum
3704 4226 3802 4270 est:

2253 4325 2273 4358 ι
2305 4305 2467 4363 Jesus
2500 4307 2760 4377 populum
2791 4305 2859 4362 de
2886 4315 3031 4362 terra
3059 4307 3322 4374 liberans,
3356 4310 3595 4363 secundo
3618 4324 3704 4362 eos
3726 4307 3801 4376 qui
3899 4325 3909 4377 γ

2247 4414 2355 4453 non
2383 4399 2732 4453 crediderunt
2761 4400 2997 4469 perdidit
3025 4398 3177 4470 (Iud.
3211 4401 3288 4471 v).
3327 4419 3347 4452 ι
3391 4399 3643 4467 Quamvis
3676 4401 3797 4453 enim

2248 4491 2293 4545 si
2337 4507 2443 4544 una
2479 4493 2638 4562 culpa
2671 4492 2755 4547 bis
2795 4506 2907 4546 non
2963 4493 3289 4562 percutitur,
3318 4509 3427 4548 una
3477 4504 3648 4547 tamen
3695 4509 3796 4562 per-

549 4601 682 4640 vero
709 4595 803 4640 aut
830 4585 1000 4640 animi
1031 4593 1128 4639 aut
1155 4585 1339 4640 carnis
1368 4585 1556 4640 dolore
1590 4585 1862 4651 atteritur,
1893 4600 1924 4639 a
1949 4586 2138 4640 mundi
2173 4586 2216 4640 D
2246 4583 2431 4638 cussio
2459 4583 2794 4653 ﬂagellorum
2833 4585 3179 4654 sequentium
3215 4586 3274 4637 lit
3322 4585 3539 4639 initium
3591 4593 3801 4637 tormen-

548 4689 741 4731 amore
786 4675 1117 4731 retrahatur.
1156 4671 1377 4731 Tentari
1425 4683 1607 4730 autem
1655 4684 1870 4746 oportet
1903 4675 2138 4746 justum,

547 4767 644 4824 sed
683 4766 985 4823 tentatione
1019 4767 1211 4838 plagae,
1249 4782 1361 4822 non
1401 4768 1702 4823 tentatione
1743 4767 1996 4822 luxuriae.
2031 4767 2141 4824 Du-

546 4863 664 4915 rius
695 4861 841 4916 circa
888 4874 1020 4916 suos
1065 4860 1266 4915 electos
1306 4859 1361 4914 in
1406 4859 1508 4914 hac
1545 4860 1654 4914 vita
1696 4857 1840 4914 Deus
1887 4859 2018 4931 agit,
2057 4868 2137 4926 ut,

545 4953 678 5006 dum
728 4950 1050 5007 fortioribus
1105 4951 1301 5022 ﬂagelli
1354 4952 1590 5007 stimulis
1638 4950 1935 5019 feriuntur,
1988 4953 2136 5006 nulla

546 5044 947 5100 oblectamenta
973 5045 1258 5114 praesentis
1283 5045 1408 5100 vitae
1429 5044 1718 5111 delectent,
1743 5045 1836 5100 sed
1859 5045 2135 5100 caelestem

543 5135 802 5206 patriam,
837 5135 927 5190 ubi
971 5144 1117 5190 certa
1155 5137 1373 5206 requies
1403 5145 1773 5206 exspectatur,
1820 5135 2137 5191 indesinen-

545 5237 629 5280 ter
659 5227 991 5282 desiderent.
1023 5225 1241 5282 Electos
1286 5227 1452 5297 hujus
1485 5228 1609 5282 vitae
1643 5227 1974 5282 adversitate
2009 5242 2135 5295 pro-

546 5319 684 5386 bari,
711 5327 770 5374 ut
801 5320 1103 5374 secundum
1131 5317 1352 5374 Petrum
1380 5320 1647 5388 judicium
1679 5335 1710 5373 a
1737 5319 1901 5373 domo
1925 5317 2018 5372 Dei
2045 5319 2133 5372 in-

543 5412 710 5481 cipiat
733 5409 786 5482 (I
809 5410 956 5464 Petr.
976 5410 1074 5476 iv),
1099 5411 1228 5465 dum
1258 5411 1310 5464 in
1345 5411 1446 5464 liae
1471 5411 1578 5465 vita
1601 5411 1803 5465 electos
1825 5426 1956 5466 suos
1988 5409 2132 5465 Deus

538 5503 734 5573 judicii
769 5503 983 5575 ﬂagello
1020 5504 1274 5573 castigat.
1415 5560 1421 5567 ,

613 5596 843 5652 Gemina
869 5605 1050 5650 autem
1075 5605 1158 5649 est
1181 5593 1464 5663 percussio
1486 5592 1691 5658 divina,
1713 5609 1820 5648 una
1845 5593 1901 5648 in
1928 5594 2126 5648 bonam

540 5698 774 5757 partem,
806 5704 913 5757 qua
948 5685 1286 5757 percutimur
1312 5699 1497 5749 carne,
1540 5693 1599 5738 ut
1637 5685 2020 5749 emendentur;
2051 5685 2130 5738 al-

543 5789 691 5845 tera,
751 5795 859 5849 qua
921 5779 1276 5834 vulneramur
1325 5776 1659 5833 conscientia
1716 5785 1770 5831 et
1825 5777 2124 5842 charitate,

542 5881 602 5924 ut
652 5869 822 5924 Deum
873 5868 1154 5923 ardentius
1196 5870 1507 5940 diligamus.
1545 5865 1774 5921 Gemino
1805 5880 1954 5919 more
1984 5863 2126 5920 Deus

2247 4684 2446 4728 torum.
2491 4673 2630 4731 Hinc
2673 4685 2756 4730 est
2803 4677 2950 4746 quod
3005 4677 3058 4729 in
3109 4676 3331 4731 Psalmo
3389 4678 3646 4745 scriptum
3697 4688 3800 4728 est:

2249 4783 2267 4814 ι
2302 4765 2630 4834 Operiantur
2685 4765 2827 4822 sicut
2871 4765 3111 4836 diploide
3159 4767 3483 4824 confusione
3524 4783 3616 4822 sua
3649 4765 3797 4830 (Prol.
3879 4777 3882 4782 ·

2241 4858 2415 4926 cvm).
2450 4875 2468 4907 ›
2505 4856 2710 4926 Diplois
2737 4859 2883 4912 enim
2910 4859 3107 4928 duplex
3131 4870 3215 4914 est
3247 4861 3651 4923 vestimentum,
3678 4857 3801 4926 quod

2240 4947 2543 5018 ﬁguraliter
2593 4949 2826 5004 induunt
2867 4952 2959 5020 qui
2993 4960 3047 5006 et
3089 4953 3380 5022 temporali
3437 4966 3589 5022 paena
3624 4960 3802 5004 aeterna

2237 5039 2590 5094 damnantur.
2635 5038 2791 5096 Unde
2822 5051 2874 5096 et
2912 5041 3211 5098 Jeremias:
3252 5064 3271 5096 ί
3300 5043 3566 5098 Contritio
3593 5061 3611 5094 ι
3650 5041 3802 5109 inquit

2244 5151 2262 5184 ι
2294 5147 2461 5201 super
2515 5133 2899 5188 contritionem
2937 5133 3074 5206 (Jer.
3109 5138 3208 5206 tv),
3249 5156 3266 5188 ι
3305 5137 3356 5191 id
3405 5146 3487 5190 est
3546 5135 3799 5188 damnatio

2237 5226 2474 5296 gemina,
2499 5238 2553 5280 et
2582 5227 2673 5280 hic
2703 5235 2756 5280 et
2805 5226 2860 5279 in
2908 5225 3095 5282 futuro
3137 5229 3359 5284 saeculo.
3393 5227 3458 5282 Et
3489 5228 3627 5281 idem
3658 5225 3795 5279 alibi:

2242 5336 2259 5367 ι
2298 5315 2365 5370 Et
2411 5316 2613 5387 duplici
2667 5317 3003 5372 contritione
3052 5329 3277 5374 contere
3316 5336 3413 5375 eos
3440 5319 3574 5383 (Jer.
3605 5323 3792 5381 xvuﬁm

2236 5408 2286 5462 id
2318 5417 2400 5462 est
2456 5396 2672 5480 gemina
2725 5425 2887 5479 plena
2935 5412 3212 5480 praesenti,
3255 5413 3461 5466 scilicet
3511 5422 3564 5466 et
3618 5410 3789 5464 futtn.

2234 5501 2573 5568 Quibusdam
2623 5512 2832 5557 secreto
2873 5503 2964 5556 Dei
2995 5503 3204 5572 judicio
3258 5505 3346 5559 hic
3391 5505 3531 5558 male
3579 5513 3681 5567 est,
3709 5501 3787 5553 ilhc

2233 5594 2390 5659 bene,
2429 5595 2636 5649 scilicet
2665 5603 2742 5660 ut,
2772 5595 2902 5648 dum
2945 5595 3034 5649 hic
3072 5597 3323 5667 castigati
3353 5597 3711 5667 corriguntur,
3738 5593 3788 5642 ab

2232 5695 2434 5740 :eterua
2463 5687 2809 5740 damnatione
2835 5686 3152 5741 liberentur.
3187 5687 3528 5753 Quibusdam
3556 5701 3680 5740 vero
3721 5685 3786 5736 lic

2231 5778 2367 5832 bene
2395 5787 2499 5844 est,
2529 5778 2638 5832 illic
2664 5779 2825 5844 male,
2859 5778 3002 5833 sicut
3031 5779 3104 5832 illi
3147 5780 3348 5834 accidit
3373 5781 3467 5851 qui
3509 5780 3600 5833 hic
3639 5785 3788 5847 pater

2236 5868 2320 5923 tiae
2367 5867 2614 5923 claritate
2659 5867 3030 5938 conspicuus,
3083 5880 3207 5939 post
3266 5879 3504 5925 mortem
3559 5869 3788 5939 geliciqu

3919 3865 3921 3901 l

3917 3943 3919 3983 Ι

3913 4095 3915 4147 Ι

3911 4161 3913 4227 i

3909 4247 3911 4309 i

3905 4325 3909 4391 ἲ

3905 4405 3907 4473 i
