3970 6436
185 380 313 442 1201

1091 355 1665 426 DEFLORATiONES
1705 356 1808 411 SS.
1850 351 2162 408 PATRUM.
2193 381 2264 390 ——
2298 349 2426 407 LIB.
2461 349 2524 404 ll.

3307 349 3450 404 1902

185 493 390 565 ignibus
427 479 662 540 traditur
712 474 1061 534 cruciandus.
1102 471 1274 526 Porro
1325 471 1654 541 quibusdam
1701 479 1754 524 et
1782 485 1828 540 Α
1856 469 1981 522 liter
2010 466 2281 565 multatur
2293 466 2350 520 in
2377 479 2564 565 carne,
2588 472 2649 519 ut
2670 463 2958 530 sentiatur,
2984 471 3147 532 atque
3176 461 3451 565 intellecta

182 560 265 642 hic
298 589 348 636 et
372 576 481 632 illic
510 571 652 626 male
687 580 789 633 est,
823 567 950 636 quia
973 565 1170 634 corrigi
1209 564 1454 618 nolentes
1483 570 1538 616 et
1570 560 1754 630 ﬂagel-

183 675 272 732 lari
304 673 354 725 in
382 669 481 722 hac
512 664 618 717 vita
645 659 932 730 incipiunt,
957 666 1011 712 et
1060 657 1114 710 in
1167 665 1367 711 mterna
1398 653 1754 724 percussione

180 766 518 820 damnantur.
559 752 781 807 Certum
812 757 897 802 est
927 748 1072 802 enim
1118 755 1270 800 tanto
1301 744 1549 814 immergi
1587 757 1756 812 quos-

183 857 298 910 dam
328 842 728 915 desperationis
754 837 1048 909 profundo,
1075 844 1135 890 ut
1159 852 1257 890 nec
1280 851 1376 906 per
1422 833 1632 905 ﬂagella
1656 848 1753 887 va-

177 947 312 1000 leant
338 933 636 994 emendari.
677 930 754 985 De
785 930 988 1000 quibus
1015 943 1110 998 per
1138 927 1458 998 prOpiieiam
1513 926 1747 982 άίςίιυιιε

184 1056 201 1089 ι
231 1033 450 1089 Frustra
487 1024 736 1098 percussi
789 1022 933 1077 ﬁlios
973 1030 1216 1086 vestros;
1265 1018 1610 1088 disciplinam
1643 1032 1752 1071 non

174 1128 484 1194 receperunt
533 1117 670 1187 (Jer.
724 1114 810 1185 ιι).
850 1134 868 1166 ι
912 1111 1241 1182 Plerumque
1288 1111 1472 1180 justus
1525 1110 1752 1181 plangit,

173 1226 222 1273 et
257 1211 424 1268 nescit
454 1219 636 1264 utrum
659 1222 761 1277 pro
788 1203 1049 1260 omnibus
1071 1202 1310 1273 peccatis
1341 1201 1457 1257 suis
1484 1201 1754 1272 paeniten-

171 1311 240 1364 tia
271 1304 509 1377 patiatur
537 1299 768 1370 ﬂagella,
794 1314 864 1352 an
893 1313 992 1368 pro
1036 1311 1148 1351 uno
1195 1303 1404 1348 tantum
1433 1311 1446 1348 :
1496 1305 1551 1348 et
1578 1293 1755 1350 nescit

171 1415 285 1472 quae
313 1397 384 1452 sit
409 1392 568 1462 culpa
598 1391 684 1444 illa
718 1405 816 1460 pro
838 1405 945 1459 qua
968 1387 1169 1443 meruit
1191 1385 1300 1456 pati
1326 1383 1598 1454 ejusmodi
1630 1399 1756 1454 sup-

170 1488 346 1560 plicia,
374 1495 428 1540 et
454 1499 556 1553 pro
590 1483 710 1551 ipso
736 1480 993 1549 ambiguo
1018 1477 1255 1532 maxime
1287 1477 1340 1530 in
1367 1491 1602 1532 maerore
1632 1490 1754 1529 ver-

167 1592 334 1637 satur.
387 1575 655 1642 Quamvis
713 1572 926 1644 ﬂagella
983 1570 1195 1640 justum
1227 1584 1258 1624 a
1287 1568 1528 1640 peccatis
1572 1567 1754 1623 absol-

165 1680 306 1736 vant,
339 1668 525 1723 adhuc
553 1676 734 1722 tamen
766 1666 868 1720 sub
910 1664 1166 1719 vindicta:
1193 1671 1340 1717 metu
1377 1661 1651 1726 turbatur,
1685 1675 1754 1714 ne

163 1763 431 1816 instantes
461 1759 513 1813 ei
562 1759 733 1828 plaga:
764 1755 1033 1810 suﬂiciant
1074 1754 1141 1809 ad
1194 1751 1476 1824 purganda
1532 1751 1748 1806 delicta.

1857 560 2197 616 emendetur.
2235 555 2372 613 Nam
2424 556 2586 612 citius
2616 557 2844 613 vulnera
2897 556 3084 612 carnis
3131 555 3447 611 sentiuntur

1855 667 2020 721 quam
2056 650 2284 704 animae:
2318 647 2553 718 ideoque
2577 662 2674 718 per
2703 649 2887 703 carnis
2937 646 3149 717 ﬂagella
3194 653 3447 701 errantes

1855 741 2019 796 citius
2058 741 2431 811 corriguntur.
2479 738 2595 794 Hoc
2631 739 2834 810 quippe
2889 739 3132 793 indicant
3180 737 3236 791 in
3291 735 3447 791 Pauli

1856 834 2031 888 oculis
2085 847 2387 902 squammae
2432 830 2767 886 inﬁdelitatis
2817 829 2958 900 (Act.
2999 830 3100 899 ut).
3137 827 3270 894 Quae
3314 829 3448 883 dum

1855 925 2098 980 multata:
2129 933 2259 980 sunt
2288 938 2385 994 per
2443 923 2873 993 increpationem
2906 921 2963 976 in
3016 920 3191 976 oculis
3239 919 3444 988 carnis,

1856 1015 2144 1072 confestim
2176 1015 2356 1070 soluta
2387 1023 2471 1070 est
2491 1013 2696 1070 duritia
2720 1012 2941 1068 mentis.

1925 1106 2023 1162 Est
2043 1107 2351 1178 perniciosa
2375 1107 2584 1162 sanitas
2605 1121 2726 1176 quae
2759 1105 2826 1159 ad
2858 1102 3284 1158 inobedientiam
3339 1102 3444 1158 bo-

1853 1199 2059 1254 minem
2087 1199 2259 1254 ducit.
2285 1198 2382 1254 Est
2401 1209 2456 1254 et
2479 1199 2716 1255 salubris
2765 1197 3056 1252 inﬁrmitas
3083 1211 3206 1267 quae
3236 1211 3330 1265 per
3368 1195 3448 1250 di-

1855 1290 2040 1344 vinam
2063 1291 2466 1360 correptionem
2520 1289 2721 1344 mentis
2747 1288 3008 1343 duritiam
3054 1287 3273 1356 frangit.
3299 1284 3447 1340 Lan-

1855 1396 1994 1453 guor
2029 1381 2246 1446 animat,
2281 1380 2334 1434 id
2385 1389 2470 1436 est
2517 1390 2867 1450 peccatorum
2928 1377 3218 1433 inﬁrmitas
3262 1377 3448 1448 perni-

1855 1471 2026 1526 ciosa.
2054 1468 2131 1524 De
2159 1484 2267 1540 qua
2294 1469 2457 1524 etiam
2493 1469 2824 1538 Apostolus:
2880 1486 2898 1519 ‹
2931 1467 3066 1534 Quis
3111 1467 3443 1533 inﬁrmatur,

1853 1572 1906 1618 et
1930 1577 2031 1634 ego
2053 1577 2164 1616 non
2209 1577 2342 1617 uror
2393 1558 2482 1631 (11
2519 1559 2771 1630 Const),
2803 1577 2821 1612 ι
2880 1557 3018 1613 Nam
3070 1557 3445 1615 inﬁrmitatem

1853 1656 2038 1712 carnis
2064 1656 2250 1711 utilem
2279 1670 2404 1711 esse
2432 1655 2573 1710 idem
2597 1653 2892 1724 Apostolus
2921 1652 3187 1722 approbat
3215 1650 3404 1708 dicens
3423 1668 3443 1709 :

1860 1767 1880 1801 ι
1913 1748 2147 1816 Quando
2178 1749 2446 1814 inﬁrmor,
2479 1755 2611 1802 tunc
2635 1745 2839 1800 fortior'
2855 1760 2976 1800 sum
3009 1742 3097 1814 (11
3120 1742 3251 1820 Cor.
3278 1746 3436 1814 xu)»

159 1853 398 1908 Proinde
422 1826 712 1923 ergo—dum
743 1848 1059 1920 paenitentia
1081 1847 1305 1918 patitur,
1336 1855 1389 1900 et
1416 1844 1599 1898 futura
1625 1858 1747 1913 per-
1776 1826 1820 1881 Β
1849 1839 2193 1895 Murmurare
2222 1839 2278 1894 in
2309 1838 2534 1911 ﬂagellis
2559 1837 2653 1892 Dei
2682 1846 2937 1908 peccator
2972 1837 3140 1890 homo
3171 1850 3282 1890 non
3343 1835 3442 1892 de-

159 1945 399 2000 limescit
430 1985 446 2010 ,
506 1943 742 2013 quodam
790 1940 953 1995 modo
1001 1939 1144 1994 sicut
1193 1937 1269 1992 ait
1323 1935 1588 2008 propheta
1647 1946 1748 2003 pro

155 2035 269 2091 suis
291 2034 534 2105 peccatis
560 2031 793 2103 duplicia
817 2030 1026 2101 recipit.

323 2186 404 2242 De
435 2185 749 2255 inﬁrmitate
778 2179 1373 2264 «tantistetfolerantia
1393 2177 1586 2231 divina

768 2263 1134 2323 correptionis.

218 2389 356 2448 Esse
399 2398 625 2446 constat
656 2388 955 2444 nonnullos
1008 2386 1255 2456 ejusdem
1317 2383 1596 2456 qualitatis
1646 2383 1745 2438 ho-

150 2483 322 2540 mines
347 2482 445 2553 qui
481 2481 739 2536 nesciunt
763 2479 986 2549 corrigi,
1021 2478 1126 2532 nisi
1177 2477 1313 2532 alios
1357 2477 1593 2530 viderint
1641 2474 1744 2529 ﬂa-

151 2573 354 2647 gellari,
407 2573 606 2642 sicque
655 2571 950 2641 proﬁciunt
1007 2568 1419 2638 comparatione
1471 2567 1742 2623 malorum

148 2667 274 2721 dum
307 2664 410 2720 sibi
448 2664 504 2718 id
558 2664 807 2719 accidere
837 2662 1029 2716 timent
1059 2660 1113 2714 in
1145 2675 1255 2730 quo
1294 2659 1431 2713 alios
1458 2658 1634 2728 perire
1662 2659 1745 2712 vi-

147 2755 291 2810 dent.
331 2753 619 2820 Quosdam
652 2754 840 2808 videns
866 2751 1012 2806 Deus
1042 2751 1185 2804 nolle
1215 2749 1438 2819 proprio
1464 2757 1592 2804 voto
1619 2763 1743 2804 cor-

146 2847 339 2917 rigere,
405 2846 812 2900 adversitatum
869 2842 1042 2913 tangit
1128 2840 1408 2908 stimulis;
1473 2839 1739 2910 quosdam

145 2938 305 2991 etiam
340 2937 646 3006 pratsciens
686 2936 830 2991 Deus
888 2935 1121 2988 multum
1173 2948 1434 3002 pecccare
1470 2946 1632 3002 posse
1685 2931 1741 2986 in

143 3029 394 3094 salutem,
426 3027 669 3098 ﬂagellat
691 3043 785 3082 eos
826 3028 1072 3098 corporis
1122 3024 1458 3091 inﬁrmitate,
1493 3038 1563 3078 ne
1614 3037 1741 3093 pec-

143 3129 282 3186 cent,
314 3129 376 3174 ut
407 3120 494 3175 eis
536 3120 730 3175 utilius
769 3119 839 3174 sit
890 3119 1068 3189 frangi
1118 3117 1479 3188 languoribus
1526 3115 1595 3170 ad
1645 3129 1738 3169 sa-

140 3211 326 3279 lutem,
358 3228 534 3282 quam
570 3227 791 3266 manere
839 3211 1142 3266 incolumes
1193 3210 1262 3265 ad
1311 3209 1736 3264 damnationem.

141 3302 394 3358 Yisitatio
426 3303 527 3358 Dei
575 3320 675 3358 nec
708 3319 920 3374 semper
946 3303 998 3357 in
1050 3304 1256 3358 bonum
1309 3301 1596 3371 accipitur,
1639 3314 1739 3355 nec

139 3408 356 3464 semper
384 3396 441 3450 in
473 3396 711 3449 malum.
746 3393 804 3448 In
837 3395 1038 3450 bonum
1071 3394 1216 3450 enim
1274 3393 1540 3462 accipitur
1567 3390 1735 3445 sicut:

143 3503 162 3537 ι
185 3485 354 3541 Visita
381 3503 490 3542 nos
545 3487 603 3541 in
634 3487 859 3541 salutari
891 3497 982 3541 tuo
1011 3486 1187 3558 (Psal.
1215 3485 1300 3555 cv)
1330 3503 1342 3538 :
1390 3504 1408 3536 ι
1444 3484 1500 3538 in
1532 3483 1738 3536 malum

141 3593 265 3633 vero
288 3580 453 3648 juxta
486 3579 663 3634 illud:
702 3599 719 3631 ι
751 3579 806 3634 lu
841 3589 1082 3650 tempore
1126 3577 1458 3634 visitationis
1489 3591 1602 3631 suae
1645 3589 1739 3645 pe-

138 3670 322 3725 ribunt
347 3670 491 3740 (.Ier.
529 3671 612 3739 x).
648 3691 665 3724 ι
701 3670 901 3726 Tribus
927 3688 994 3725 ex
1025 3671 1210 3726 causis
1260 3669 1603 3724 inlirmitates
1659 3680 1746 3721 ac-

135 3762 323 3816 cidunt
354 3763 722 3832 corporibus,
752 3763 804 3817 id
831 3773 912 3817 est
939 3779 1002 3816 ex
1037 3771 1281 3833 peccato,
1312 3776 1378 3815 ex
1420 3757 1741 3821 tentatione,

131 3863 183 3906 et
208 3869 274 3906 ex
303 3854 743 3924 intemperantia
773 3854 957 3909 carnis
1009 3855 1091 3908 vel
1124 3853 1418 3924 passionis.
1467 3851 1572 3905 Sed
1617 3849 1744 3904 huic

133 3954 313 4000 tamen
360 3947 697 4002 novissimae
727 3947 965 4000 humana
996 3954 1175 4016 potest
1212 3943 1480 3999 medicina
1511 3955 1739 3996 succur-

130 4051 280 4100 rere;
317 4038 432 4091 illis
493 4052 634 4092 vero
675 4038 791 4092 sola
839 4038 1012 4107 pietas
1088 4037 1284 4092 divina:
1331 4031 1739 4089 misericordiae.

129 4121 231 4190 Qui
263 4126 619 4181 valentiores
650 4135 779 4182 sunt
806 4138 858 4182 et
890 4127 1030 4191 sani,
1059 4127 1189 4182 utile
1216 4135 1297 4180 est
1327 4125 1431 4179 illis
1474 4121 1738 4176 inﬁrmari

125 4225 314 4271 etnon
349 4235 620 4288 peccare,
652 4234 721 4272 ne
759 4235 856 4288 per
911 4219 1153 4290 vigorem
1206 4217 1400 4272 salutis
1447 4213 1648 4270 illicitis
1681 4227 1740 4268 se

1848 1932 1959 1997 bet,
1986 1931 2116 2002 quia
2144 1929 2380 1985 maxime
2401 1945 2497 2000 per
2519 1929 2624 1984 hoc
2643 1944 2753 1999 quo
2778 1929 3073 1999 corripitur
3095 1927 3437 1983 emendatur.

1849 2020 2240 2096 Unusquisque
2268 2029 2451 2076 autem
2480 2029 2612 2075 tunc
2645 2019 2820 2075 levius
2873 2028 3054 2089 portat
3084 2019 3232 2089 quod
3290 2019 3436 2088 pati-

1847 2121 1960 2179 tur,
1989 2113 2036 2168 si
2066 2129 2165 2168 sua
2193 2113 2518 2168 discusserit
2548 2111 2692 2166 mala
2748 2125 2848 2181 pro
2879 2110 3079 2180 quibus
3106 2111 3180 2164 illi
3208 2109 3440 2164 infertur

1846 2204 2134 2260 retributio
2166 2204 2336 2273 justa.
2378 2203 2565 2258 Discat
2611 2217 2721 2258 non
2773 2218 3125 2257 murmurare
3157 2202 3251 2272 qui
3292 2203 3438 2258 mala

1844 2297 2078 2368 patitur;
2118 2297 2335 2352 etiamsi
2377 2297 2594 2367 ignorat
2641 2311 2741 2351 cur
2781 2295 2920 2350 mala
2965 2296 3205 2366 patiatur
3234 2303 3290 2350 et
3337 2311 3438 2366 per

1845 2388 1952 2444 hoc
1971 2389 2120 2459 juste
2147 2404 2208 2444 se
2232 2390 2346 2459 pati
2382 2389 2686 2444 arbitretur
2715 2403 2812 2459 per
2833 2389 2980 2459 quod
3008 2389 3077 2444 ab
3107 2389 3199 2444 illo
3217 2388 3434 2459 judica-

1845 2482 2121 2552 tur,cujus
2142 2498 2422 2552 nunquam
2456 2482 2658 2552 injusta
2679 2482 2886 2553 judicia
2923 2491 3070 2538 sunt.
3099 2480 3204 2548 Qui
3225 2481 3436 2552 ﬂagella

1845 2573 2098 2637 sustinet,
2130 2581 2185 2628 et
2221 2582 2411 2628 contra
2437 2571 2609 2628 Deum
2639 2580 2966 2639 murmurat,
2986 2572 3255 2642 justitiam
3282 2572 3435 2643 judi-

1844 2664 2019 2720 cantis
2045 2674 2288 2720 accusat.
2317 2663 2422 2731 Qui
2446 2680 2576 2719 vero
2611 2679 2670 2719 se
2701 2680 2732 2718 a
2764 2664 2917 2734 justo
2940 2664 3223 2734 cognoscit
3247 2663 3437 2734 judico

1842 2755 1953 2826 pati
1975 2771 2098 2826 quae
2121 2755 2374 2822 sustinet,
2393 2755 2558 2810 etiam
2592 2755 2638 2810 si
2663 2755 2770 2809 hoc
2789 2770 2889 2825 pro
2912 2769 3022 2825 quo
3043 2755 3250 2824 patitur
3273 2754 3434 2826 igno—

1843 2858 1944 2915 ret,
1973 2864 2073 2918 pro
2097 2849 2203 2903 hoc
2234 2856 2414 2903 tamen
2435 2847 2771 2918 justiﬁcatur
2792 2863 2887 2917 per
2924 2847 3146 2918 quodet
3189 2848 3433 2918 seipsum

1842 2949 2066 2996 accusat
2089 2949 2144 2995 et
2167 2939 2263 2995 Dei
2299 2939 2568 3010 justitiam
2596 2939 2802 2994 laudat.
2842 2938 2983 2994 Dum
3009 2955 3074 2994 ex
3098 2941 3262 2996 rebus
3303 2953 3434 3010 pro-

1842 3034 2020 3104 speris
2061 3033 2246 3103 justus
2277 3033 2525 3103 exempla
2554 3040 2779 3102 praestet
2829 3031 3168 3098 hominibus,
3206 3045 3434 3086 necesse

1841 3133 1925 3179 est
1961 3139 2087 3179 eum
2124 3123 2320 3179 iterum
2369 3133 2424 3180 et
2470 3122 2894 3180 adversitatibus
2941 3122 3110 3194 tangi,
3162 3129 3434 3192 quatenus

1845 3216 1966 3286 ejus
2008 3215 2268 3286 patientia
2313 3216 2719 3287 comprobetur,
2766 3225 2825 3271 ut
2861 3216 3042 3271 denuo
3095 3214 3435 3271 fortitudinis

1845 3308 2174 3362 documenta
2221 3323 2289 3363 ex
2337 3323 2404 3363 eo
2443 3316 2685 3377 sumant,
2732 3307 2828 3378 qui
2878 3306 3260 3378 prosperitatis
3312 3307 3438 3378 ejus

1843 3399 2257 3469 temperantiam
2304 3408 2659 3470 agnoverunt.
2709 3399 2813 3466 Qui
2845 3399 3195 3470 passionibus
3237 3400 3438 3454 anima:

1845 3489 2138 3546 insidiante
2180 3487 2830 3575 adversario.cruciatur,
2877 3505 2984 3544 non
3021 3488 3226 3545 idcirco
3249 3489 3439 3545 credat

1846 3597 1906 3636 se
1950 3579 2177 3635 alienari
2219 3596 2251 3635 a
2303 3580 2526 3638 Christo
2559 3581 2654 3651 qui
2683 3582 2810 3636 talia
2849 3581 3076 3652 patitur,
3118 3582 3212 3635 sed
3259 3581 3438 3650 magis

1845 3689 1941 3743 per
1966 3674 2072 3729 hoc
2117 3673 2230 3728 Deo
2279 3674 2767 3730 commendabilem
2803 3689 2863 3730 se
2885 3689 3009 3730 esse
3038 3674 3332 3740 existimet,
3365 3676 3437 3739 si,

1845 3765 1975 3819 dum
2002 3765 2118 3820 haec
2153 3765 2378 3836 patitur,
2405 3765 2589 3822 laudet
2611 3765 2782 3821 Deum
2805 3765 2986 3836 potius
3004 3781 3168 3836 quam
3191 3775 3435 3822 accuset.

1845 3855 1926 3910 Ad
1952 3871 2203 3927 magnam
2231 3856 2522 3912 utilitatem
2549 3857 2736 3911 divino
2753 3856 2966 3926 judicio
2989 3873 3145 3912 mens
3179 3855 3314 3926 justi
3353 3855 3440 3911 di-

1847 3946 2020 4002 versis
2047 3946 2369 4016 passionum
2397 3945 2789 4002 tentationibus
2820 3947 3074 4016 agitatur.
3101 3945 3208 4000 Pro
3234 3947 3440 4016 quibus

1849 4035 1896 4090 si
1937 4033 2044 4090 Deo
2073 4037 2276 4106 gratias
2303 4035 2494 4107 egerit,
2527 4049 2750 4105 suaeque
2780 4036 2972 4106 culpae,
3015 4035 3163 4106 quod
3193 4035 3320 4089 talia
3351 4036 3438 4090 di-

1851 4142 1992 4197 gnus
2018 4126 2090 4182 sit
2113 4128 2246 4198 pati,
2272 4126 2625 4197 reputaverit,
2666 4127 2769 4182 hoc
2804 4127 2951 4197 quod
2984 4143 3051 4182 ex
3095 4127 3349 4197 passione
3380 4129 3438 4181 ei

1847 4219 2108 4274 acciderit
2158 4235 2260 4290 pro
2309 4219 2605 4276 virtutibus
2657 4218 3011 4289 reputabitur,
3045 4217 3174 4289 quia
3211 4228 3266 4274 et
3289 4217 3434 4274 divi-

127 4308 498 4365 sordidantes
530 4309 892 4380 cupiditatum
923 4321 976 4366 et
1005 4310 1234 4364 luxuria:
1281 4307 1566 4364 desideriis
1613 4321 1742 4376 pec--
1848 4327 1973 4364 nam
2013 4313 2262 4382 agnoscit
2297 4311 2603 4379 scientiam,
2636 4321 2690 4368 et
2721 4327 2876 4366 suam
2904 4309 3120 4383 culpam
3157 4311 3447 4382 intelligik

124 4410 272 4456 cent.
310 4400 547 4457 Duritia
586 4418 708 4473 quae
742 4412 978 4458 mentem
1015 4404 1210 4474 premit
1240 4417 1340 4458 nec
1370 4400 1601 4457 sentitur
1631 4397 1738 4451 uti-

833 4679 1431 4774 DOMINICA
1519 4681 2093 4776 VIGESIMA
2178 4681 2754 4773 SECUNDA.

1391 4873 1756 4936 Secundum
1788 4873 2180 4938 Matthmum.

194 5059 213 5090 ι
253 5037 476 5093 Simile
507 5046 590 5092 est
613 5052 839 5108 regnum
857 5035 1124 5092 cmlorum
1155 5035 1363 5091 homini
1388 5036 1500 5107 regi
1527 5037 1622 5106 qui
1646 5051 1743 5092 voc
1774 5039 1819 5095 D
1849 5052 1922 5091 no
1942 5037 2318 5106 peccaminum
2341 5035 2556 5092 veniam
2585 5035 2745 5090 nobis
2770 5051 2872 5092 suo
2903 5049 3151 5106 munere,
3196 5053 3301 5094 non
3326 5055 3432 5094 no-

105 5129 216 5185 luit
242 5130 551 5185 rationem
576 5144 776 5198 ponere
789 5145 914 5184 cum
947 5129 1119 5184 servis
1149 5128 1265 5184 suis
1289 5126 1734 5198 (Matt/nuntii
1850 5136 1962 5184 stro
1986 5127 2179 5182 merito
2203 5126 2432 5198 largitus
2459 5127 2553 5182 sit.

103 5220 438 5276 Familiare
475 5229 566 5274 est
600 5219 772 5292 Syris,
813 5229 866 5274 et
892 5219 1129 5274 maxime
1160 5218 1492 5285 Palaestinis,
1525 5219 1592 5273 ad
1622 5234 1740 5272 om-
1927 5236 1946 5268 ι
1988 5217 2056 5273 Et
2101 5234 2227 5274 cum
2260 5219 2516 5288 cmpisset
2542 5219 2812 5274 rationein
2847 5235 3069 5290 ponere,
3099 5221 3317 5277 oblatus
3346 5235 3430 5277 est

102 5331 239 5370 nem
277 5329 628 5371 sermonem
677 5328 838 5368 suum
889 5312 1179 5382 parabolas
1220 5311 1471 5382 jungere,
1509 5321 1570 5364 ut
1594 5309 1742 5380 quod
1847 5309 1896 5363 ci
1918 5324 2062 5362 unus
2085 5309 2622 5379 quidebebatdecem
2645 5309 2814 5364 millia
2838 5309 3056 5364 talenta.
3077 5309 3215 5364 Cum
3245 5317 3425 5364 autem

98 5420 205 5474 per
240 5404 517 5476 simplex
543 5414 866 5473 praeceptum
896 5403 1063 5458 teneri
1091 5419 1197 5457 non
1218 5411 1412 5472 potest,
1437 5417 1533 5472 per
1549 5400 1745 5457 simili-
1848 5419 1956 5458 non
1989 5403 2213 5459 haberet
2261 5404 2404 5459 unde
2453 5402 2725 5469 redderet,
2764 5401 2960 5486 jussit’
2981 5416 3106 5456 eum
3162 5401 3434 5456 Dominus

100 5497 380 5552 tudinem
428 5502 710 5550 teneatur.
751 5493 997 5564 Regnum
1023 5494 1289 5549 caelorum
1322 5493 1562 5565 intellige
1583 5491 1744 5546 Chri-
1845 5497 2150 5553 venundari
2181 5504 2235 5552 et
2260 5511 2484 5551 uxorem
2511 5495 2633 5564 ejus
2660 5505 2714 5548 et
2741 5492 2882 5548 ﬂlios
2898 5502 2952 5546 et
2969 5493 3150 5548 omnia
3174 5507 3298 5563 qua:
3329 5493 3438 5546 has

98 5599 292 5654 stum,
351 5588 502 5642 ideo
533 5594 748 5640 terreno
801 5587 916 5656 regi
965 5587 1349 5653 assimilatum,
1389 5595 1448 5641 ut
1493 5585 1745 5641 ostendat
1846 5589 2028 5655 bebat,
2065 5597 2117 5643 et
2149 5587 2320 5642 reddi.
2355 5604 2372 5638 ι
2427 5584 2680 5640 Christus
2718 5583 3037 5638 meritorum
3082 5583 3442 5638 examinator

97 5685 391 5748 oportere
437 5675 568 5730 sine
597 5691 824 5731 numero
866 5676 1080 5732 veniam
1109 5677 1240 5733 dare
1261 5678 1540 5734 conservis
1570 5678 1738 5747 pmni-
1843 5678 1956 5748 jam
1987 5693 2083 5748 per
2107 5674 2419 5746 Scripturas
2453 5689 2578 5730 cum
2607 5673 2784 5728 servis
2811 5672 3080 5728 rationem
3111 5675 3284 5744 ponit.
3323 5672 3430 5727 Dc-

92 5775 400 5832 tentibus,
437 5786 574 5825 cum
603 5786 696 5843 per
721 5769 994 5840 Evangelii
1029 5771 1255 5843 gratiam
1281 5771 1526 5830 omnium
1559 5773 1738 5828 omni-
1846 5786 1963 5827 cem
2007 5769 2172 5826 millia
2201 5769 2401 5825 talenta
2441 5765 2671 5823 debebat
2699 5763 2791 5835 qui
2839 5764 2906 5821 de
2935 5765 3448 5827 innumerabilibus,
