3970 6450
530 392 670 456 1203

1676 389 2001 448 WERNERI
2037 389 2329 446 ABBATIS
2367 391 2420 446 S.
2463 390 2680 458 BLASll

3672 391 3800 449 12οι

527 508 770 579 pecratis
803 510 886 564 vel
922 509 1301 566 crlmlnalibus
1331 508 1603 564 rationem
1629 507 1944 561 redditurus
1973 517 2109 561 erat.
2145 523 2190 578 Α
2219 507 2469 562 conservi
2500 507 2610 578 tui,
2633 508 2772 562 sicut
2801 518 2852 561 et
2876 523 2976 577 ego
3008 509 3087 561 tui
3126 507 3384 563 misertus
3423 508 3586 562 sum?
3610 507 3770 561 Etira

526 600 662 659 Cum
695 610 876 655 autem
908 616 1016 655 non
1051 601 1277 657 haberet
1326 602 1474 657 vires
1503 615 1679 669 neque
1714 600 1942 670 gratiam
1966 599 2111 664 unde

528 688 844 744 satisfacere
865 699 1069 758 posset,
1098 692 1268 746 sensit
1297 691 1352 746 in
1381 689 1679 760 Scripturis
1704 690 1832 760 quia
1862 690 1997 744 tales
2020 689 2110 759 ju-

526 783 616 843 btt
670 781 815 837 Deus
875 782 1201 849 venundari,
1250 793 1455 839 aeterno
1506 782 1759 845 incendio
1809 780 2109 850 mancipari

525 889 649 932 cum
678 888 849 928 uxore
870 882 922 929 et
957 873 1106 940 filiis,
1140 875 1244 930 hoc
1267 883 1351 930 est
1373 890 1500 930 cum
1532 871 1846 942 insipientia
1879 879 1933 926 et
1962 871 2111 942 cogi-

525 963 824 1018 tationibus
855 963 1033 1018 tnalis.
1065 961 1252 1019 Justos
1279 980 1408 1019 vero
1444 979 1568 1019 cum
1597 977 1767 1026 uxore
1793 977 1857 1017 ac
1883 959 2028 1027 filiis,
2056 961 2110 1016 id

523 1063 605 1114 cst
632 1070 758 1108 cum
781 1054 1047 1124 sapientia
1077 1066 1130 1111 et
1149 1055 1572 1124 cogitationibus
1602 1054 1784 1120 bonis,
1818 1069 1876 1109 se
1905 1053 2110 1124 glorifi-

525 1154 772 1206 caturum
800 1147 1086 1217 promittit.
1119 1145 1361 1201 Pretium
1404 1146 1604 1217 quippe
1656 1145 1856 1202 venditi
1902 1144 2109 1215 suppli-

524 1239 670 1296 cium
696 1239 939 1294 damnati
970 1240 1308 1311 intelligitur.

601 1349 618 1382 ι
648 1329 949 1386 Procidens
973 1340 1155 1391 autem
1203 1347 1396 1388 servus
1435 1332 1526 1388 ille
1578 1331 1803 1402 rogabat
1848 1345 1995 1393 eum,
2026 1329 2110 1384 di-

522 1437 653 1478 cens
687 1442 698 1477 :
731 1423 1055 1481 Patientiam
1102 1427 1242 1484 habe
1288 1429 1343 1486 in
1389 1445 1497 1496 me,
1539 1438 1594 1484 et
1645 1428 1828 1483 omnia
1884 1427 2109 1493 reddant

523 1515 643 1580 tibi,
691 1535 710 1567 ι
744 1513 962 1578 Timore
984 1519 1247 1588 gehennae
1294 1521 1615 1576 humiliatus
1663 1520 1796 1576 dicit
1830 1538 1841 1572 :
1881 1537 1898 1569 ι
1937 1517 2109 1572 Parce

521 1606 680 1672 mihi,
709 1605 935 1663 Domine
959 1627 971 1662 :
1002 1618 1056 1665 et
1079 1625 1178 1681 ego
1201 1614 1430 1667 credens
1456 1627 1521 1667 ac
1550 1611 1822 1682 paenitens
1844 1609 2108 1668 charitate

520 1701 763 1769 operiam
823 1703 1228 1759 multitudinem
1275 1716 1643 1775 peccatorum.
1677 1723 1698 1756 ι
1760 1701 1866 1758 Sed
1907 1710 2107 1756 notan-

520 1790 650 1844 dum
686 1792 828 1846 unde
865 1792 968 1848 hoc
995 1810 1194 1848 nomen
1225 1796 1367 1850 servi
1400 1796 1576 1865 primo
1605 1795 1658 1848 in
1697 1793 1947 1848 Latinam
2001 1792 2107 1846 lin-

2215 609 2305 655 tus
2339 600 2596 656 dominus
2623 600 2741 670 ejus
2769 600 2993 654 tradidit
3032 615 3156 654 eum
3180 600 3486 655 tortoribus
3523 599 3800 670 quoadus-

2215 705 2322 760 que
2367 690 2616 746 redderet
2669 689 2986 744 universum
3023 689 3286 745 debitum.
3325 709 3344 741 ι
3403 688 3642 744 Vocatio
3698 691 3800 746 haec

2212 782 2270 835 tit
2298 781 2448 837 intus
2477 782 2533 835 in
2574 781 2935 848 conscientia,
2970 781 3176 837 scilicet
3205 797 3329 836 cum
3355 782 3486 852 quis
3533 782 3588 836 in
3617 781 3796 852 despe-

2213 873 2489 929 rationem
2523 873 2737 928 incidit.
2769 871 2914 928 Deus
2942 881 3123 928 autem
3156 873 3302 942 apud
3333 889 3501 943 quem
3543 873 3696 928 nulla
3723 885 3797 930 est

2211 965 2598 1021 transmutatio
2632 981 2733 1026 nec
2771 964 3163 1021 vicissitudinis
3195 964 3793 1036 obumbratio(1ac.t),

2214 1057 2378 1110 modo
2432 1057 2693 1112 misertus
2748 1056 2971 1123 dicitur,
3024 1058 3154 1128 quia
3191 1072 3358 1126 opera
3411 1057 3795 1116 misericordia

2211 1149 2510 1218 impendit;
2541 1149 2706 1204 modo
2738 1149 2932 1213 iratus,
2962 1148 3094 1218 quia
3119 1149 3173 1202 in
3204 1157 3536 1218 perpetuum
3562 1150 3791 1220 puniens

2209 1239 2340 1306 dum
2359 1241 2512 1310 justo
2527 1241 2739 1311 judicio
2769 1240 3024 1296 tartareis
3052 1241 3323 1296 ministris
3358 1242 3549 1308 tradit.

2287 1350 2305 1384 ι
2336 1329 2427 1385 Sic
2449 1341 2504 1387 et
2531 1330 2693 1390 Pater
2719 1347 2875 1388 meus
2902 1333 3141 1388 caalestis
3195 1330 3357 1386 faciet
3395 1334 3574 1398 vobis,
3603 1332 3649 1388 si
3695 1349 3794 1390 non

2209 1422 2533 1479 remiseritis
2564 1423 2947 1494 unusquisque
2977 1423 3133 1478 fratri
3164 1439 3266 1478 suo
3295 1423 3364 1478 de
3412 1425 3676 1480 cordibus
3703 1443 3788 1482 ve-

2209 1515 2357 1572 stris.
2393 1535 2411 1568 »
2439 1514 2669 1571 Constat
2699 1517 2849 1592 quia,
2880 1517 2926 1572 si
2963 1516 3070 1572 hoc
3103 1515 3253 1587 quod
3285 1518 3341 1571 in
3392 1532 3496 1572 nos
3527 1517 3792 1587 delinqui-

2208 1617 2318 1675 tur,
2345 1624 2414 1664 ex
2441 1610 2606 1666 corde
2649 1625 2756 1665 non
2787 1609 3140 1678 dimittimus,
3173 1619 3229 1664 et
3258 1610 3392 1664 illud
3447 1605 3789 1666 rursus-exi-

2207 1704 2352 1773 gitur
2387 1703 2538 1774 quod
2564 1704 2723 1759 nobis
2751 1719 2849 1776 per
2878 1704 3260 1776 pmnitentiam
3301 1705 3581 1761 dimissum
3618 1706 3792 1762 fuisse

2208 1794 2601 1867 gaudebamus.
2637 1794 2968 1853 Universum
3017 1797 3291 1868 siquidem
3319 1797 3561 1853 debitum
3602 1799 3792 1853 merito

518 1898 682 1953 guam
729 1882 1012 1939 inductum
1045 1886 1135 1940 sit.
1173 1885 1278 1941 Sed
1305 1887 1450 1942 enim
1495 1887 1633 1941 bella
1683 1887 1787 1941 hoc
1835 1884 2095 1940 fecerunt.

2205 1871 2791 1959 persolveut‘duplices
2827 1890 3016 1945 animo
3054 1899 3110 1945 et
3135 1891 3518 1947 inconstantes
3544 1891 3599 1944 in
3625 1893 3788 1945 omni-

518 1974 656 2030 l‘iam
687 1991 814 2030 cum
855 1977 1019 2030 homo
1046 1977 1245 2046 aliquis
1276 1985 1565 2048 superatus
1589 1977 1657 2031 ab
1685 1977 1791 2030 alio
1812 1976 1937 2046 jure
1980 1975 2104 2030 belli

516 2072 571 2117 ct
597 2073 780 2134 posset
809 2066 1004 2133 occidi,
1037 2067 1162 2138 quia
1195 2078 1324 2122 tunc
1352 2076 1598 2123 servatus
1620 2076 1722 2134 est,
1756 2075 1936 2121 tamen
1987 2081 2106 2120 scr-

516 2173 622 2222 vus
646 2166 730 2214 est
757 2158 1076 2232 appellatus.

595 2269 614 2300 ς
654 2249 908 2306 Misertus
958 2260 1139 2307 autem
1200 2251 1464 2307 Dominus
1523 2251 1664 2308 servi
1697 2250 1863 2317 illius,
1895 2249 2106 2304 dimisit

515 2360 682 2409 cum,
742 2353 796 2400 et
849 2344 1091 2400 debitum
1131 2344 1341 2400 dimisit
1386 2345 1457 2399 ei.
1515 2363 1533 2395 ›
1590 2342 1850 2404 Peccator
1904 2357 2106 2412 rogans

514 2437 714 2506 accipit
748 2436 953 2492 donum
1003 2436 1191 2493 decem
1228 2437 1464 2492 millium
1516 2437 1870 2502 talentorum,
1924 2435 1976 2490 id
2020 2443 2103 2494 est

512 2530 729 2584 veniam
763 2546 989 2586 suorum
1046 2532 1492 2596 commissorum,
1539 2547 1662 2585 cum
1714 2529 1819 2586 sibi
1869 2525 2104 2586 assumit

511 2623 782 2683 medelam
825 2639 992 2694 quam
1039 2623 1181 2679 Deus
1221 2624 1422 2679 adhoc
1465 2621 1719 2677 instituit.
1752 2619 1869 2675 Hoc
1919 2631 2100 2673 autem

511 2717 594 2781 tit,
629 2715 673 2770 si
701 2715 981 2772 lavacrum
1008 2715 1267 2786 baptismi
1295 2732 1406 2774 non
1427 2716 1569 2781 ficte,
1595 2715 1682 2771 vel
1713 2713 1756 2769 si
1785 2721 1973 2782 postea
2005 2711 2100 2764 ba-

511 2804 774 2875 ptismum
799 2805 1133 2876 paenitentia:
1161 2806 1354 2862 devote
1379 2806 1660 2875 suscipiat.
1708 2801 1980 2856 Dimissus
2006 2800 2103 2854 ita-

512 2911 623 2966 que
646 2912 675 2952 a
695 2897 930 2962 vinculis
960 2897 1246 2969 praesentis
1273 2898 1491 2955 timoris
1515 2895 1795 2968 egreditur
1845 2893 1903 2951 in
1948 2907 2098 2962 spem

510 2990 725 3049 salutis.
1575 3061 1580 3067 .

586 3100 606 3138 ς
636 3082 908 3153 Egressus
951 3093 1133 3142 autem
1165 3099 1358 3140 servus
1404 3084 1494 3140 ille
1546 3083 1753 3142 invenit
1808 3095 1978 3137 unum
2029 3077 2098 3132 de

507 3175 790 3230 conservis
821 3175 941 3238 suis
987 3176 1082 3245 qui
1125 3175 1358 3232 debebat
1403 3175 1453 3230 ei
1495 3183 1716 3229 centum
1741 3171 2017 3234 denarios,
2043 3177 2097 3223 et

2209 1979 2313 2034 bus
2354 1979 2458 2035 viis
2487 1981 2626 2048 suis,
2662 1996 2805 2050 quos
2860 1981 3135 2050 parabolae
3191 1982 3444 2037 exclusio
3494 1983 3786 2052 specialiter

2207 2069 2459 2137 percutit.
2493 2068 2599 2140 lpsi
2632 2085 2870 2140 namque
2899 2071 3026 2126 ﬁcte
3046 2081 3443 2126 conversantes
3475 2071 3530 2124 in
3558 2069 3785 2126 Ecclesia

2206 2177 2306 2217 nec
2361 2163 2671 2232 proximum
2717 2164 2935 2218 sincero
2989 2162 3185 2218 affectu
3222 2163 3485 2234 diligunt,
3531 2179 3631 2218 nec
3663 2179 3789 2232 pure

2205 2254 2376 2309 solius
2406 2253 2500 2309 Dei
2527 2255 2724 2309 intuitu
2757 2255 2963 2325 aliquid
2996 2254 3223 2310 faciunt.
3253 2253 3416 2321 Quod
3446 2269 3578 2325 ergo
3609 2270 3788 2325 rogan-

2205 2345 2350 2400 tibus
2402 2345 2686 2402 dimiserat
2729 2345 2893 2414 Deus,
2929 2347 2984 2400 in
3023 2347 3129 2402 hoc
3164 2347 3424 2402 videlicet
3453 2347 3583 2418 quia
3613 2363 3788 2402 sacra-.

2202 2446 2514 2503 mentorum
2535 2439 2979 2494 communionem
2993 2439 3360 2504 contulerant,
3377 2439 3432 2493 in
3446 2455 3648 2493 vanum
3666 2453 3787 2511 gau-

2201 2528 2330 2590 dent
2375 2529 2479 2595 sibi
2503 2545 2624 2584 esse
2649 2531 2941 2586 dimissum
2969 2546 3207 2600 quorum
3246 2531 3697 2602 tictioimpedivit
3723 2547 3786 2586 ne

2201 2637 2384 2675 veram
2434 2622 2777 2692 susciperent
2828 2621 3234 2678 remissionem.
3292 2621 3516 2677 Rursus
3562 2623 3787 2693 exigitur

2199 2713 2450 2782 quamvis
2472 2728 2568 2782 per
2588 2713 2964 2783 paenitentiam
2979 2713 3273 2769 dimissum
3297 2712 3472 2770 fuisse
3492 2724 3778 2785 reputetur.

2199 2800 2491 2859 Orationes
2521 2819 2783 2876 namque,
2800 2804 3036 2877 jejunia,
3087 2804 3475 2876 eleemosynae,
3508 2814 3562 2860 et
3591 2804 3673 2858 his
3710 2805 3782 2859 si-

2200 2894 2372 2961 milia,
2415 2911 2540 2950 cum
2567 2895 2679 2952 sint
2708 2895 2914 2951 directe
2959 2897 3337 2968 quaerentibus
3385 2911 3658 2952 summum
3688 2895 3784 2949 bo-

2199 3002 2332 3041 num
2385 2988 2624 3043 remedia
2682 2998 3056 3059 peccatorum,
3097 2987 3242 3044 ﬁctis
3265 3004 3399 3059 vaga
3434 2988 3784 3044 ﬂuctuatione

2198 3076 2399 3132 mentis
2435 3085 2726 3132 vertuntur
2779 3078 2836 3133 in
2876 3077 3029 3133 falsa:
3076 3079 3195 3149 spei
3223 3079 3564 3134 securitatem
3613 3087 3668 3132 et
3723 3078 3782 3130 in

2199 3166 2406 3237 peccati
2442 3165 2786 3222 fomentum:
2820 3166 2961 3224 Hinc
2989 3178 3074 3224 est
3099 3168 3235 3223 illud
3267 3189 3278 3222 :
3314 3188 3333 3220 α
3367 3167 3428 3222 Et
3455 3168 3634 3222 oratio
3655 3166 3785 3235 ejus

508 3275 700 3322 tenens
750 3241 1054 3336 suﬂocabat
1100 3281 1248 3347 eum,
1297 3263 1737 3320 dicenszﬁedde
1800 3262 1944 3332 quod
1995 3259 2091 3313 de-
2120 3241 2162 3298 (ἶ
2195 3259 2291 3312 fiat
2343 3259 2400 3313 in
2450 3269 2734 3329 peccatum
2795 3259 2972 3332 (Ρδαι.
3026 3261 3203 3331 cvm).
3237 3281 3256 3313 ι
3303 3259 3461 3315 Prius
3500 3268 3778 3328 acceptam

506 3357 627 3412 bes.
665 3375 685 3410 ι
728 3355 959 3428 Centum
989 3358 1342 3413 denariorum
1389 3357 1604 3413 debitor
1647 3365 1766 3411 erat
1819 3371 1980 3425 quem
2027 3353 2092 3409 de

504 3449 784 3520 aliquibus
805 3450 1115 3508 commissis
1144 3451 1200 3505 in
1233 3450 1457 3521 fratrem
1483 3465 1579 3526 per
1603 3447 1896 3506 vindictam
1936 3462 2093 3502 exar-

501 3543 636 3602 dere
672 3551 909 3599 constat.
1429 3541 1454 3558 '

582 3650 601 3684 ι
638 3633 701 3688 Et
728 3633 1017 3704 procidens
1070 3649 1370 3691 conservus
1413 3635 1534 3706 ejus
1581 3633 1807 3704 rogabat
1836 3647 1960 3689 eum
2011 3631 2096 3688 diu:

502 3724 1033 3788 censzPatientiam
1064 3725 1206 3782 habe
1257 3727 1312 3781 in
1361 3741 1468 3792 me,
1523 3735 1579 3781 et
1629 3725 1810 3780 omnia
1870 3724 2089 3778 reddam

502 3815 625 3871 tibi.
665 3835 689 3876 ι,
727 3815 1042 3884 Emendabo
1069 3817 1277 3874 scilicet
1305 3818 1539 3873 consilio
1568 3817 1650 3872 vel
1671 3816 1878 3887 judicio
1906 3814 2092 3869 Eccle-

503 3909 603 3964 siae
635 3907 780 3978 quod
811 3906 1034 3978 deliqui.

583 4018 602 4052 ι
637 3999 731 4054 llle
751 4008 932 4056 autem
957 4001 1167 4068 noluit;
1199 4001 1293 4058 sed
1323 4001 1456 4057 abiit
1481 4010 1535 4056 et
1562 4001 1714 4055 misit
1735 4015 1859 4056 eum
1893 4001 1947 4054 in
1970 4015 2092 4054 car-

503 4108 686 4148 aerem
731 4093 905 4148 donec
951 4093 1202 4149 redderet
1247 4094 1512 4149 debitum.
1561 4112 1580 4144 ι
1616 4091 1802 4148 Noluit
1846 4093 2086 4162 seipsum

501 4184 851 4239 considerare
908 4193 968 4238 ut
1018 4184 1074 4238 in
1124 4183 1320 4253 spiritu
1368 4184 1607 4242 lenitatis
1663 4183 2089 4239 misericorditer

503 4281 708 4344 ageret,
740 4272 834 4331 sed
862 4273 1089 4340 recessit
1111 4288 1141 4327 a
1169 4273 1316 4327 bono
1340 4273 1529 4344 gratim.
1557 4288 1722 4343 quam
1747 4281 2084 4341 susceperat,

500 4363 728 4419 mittens
757 4378 1086 4418 conservum
1131 4363 1187 4418 in
1219 4377 1496 4418 carcerem
1533 4363 1666 4417 dirae
1696 4361 2084 4426 tribulationis,

500 4457 659 4528 quasi
690 4457 759 4512 ad
789 4457 895 4510 hoc
925 4453 1179 4510 fortassis
1210 4464 1268 4509 ut
1297 4455 1371 4513 ita
1395 4454 1638 4513 debitum
1667 4454 1875 4524 peccati
1904 4454 2084 4508 solve-

2207 3365 2428 3422 quoque
2455 3353 2672 3422 plenam
2700 3361 3050 3423 peccatorum
3083 3354 3628 3420 condonationem,et
3654 3352 3778 3406 inti~

2195 3459 2298 3498 mae
2339 3445 2526 3513 gratiae
2543 3446 2913 3502 adhaesionem
2939 3447 3095 3502 multi
3116 3446 3475 3518 criminaliter
3500 3455 3772 3510 corruunt,

2195 3544 2255 3590 ut
2285 3533 2479 3592 Petrus
2497 3545 2550 3591 et
2578 3536 2770 3606 David,
2793 3539 2887 3608 qui
2907 3537 3161 3593 fortiores
3184 3547 3566 3593 surrexerunt.
3592 3536 3773 3594 Justus

2194 3627 2338 3687 enim
2372 3627 2418 3681 si
2447 3627 2706 3682 ceciderit
2737 3644 2845 3683 non
2878 3627 3188 3692 collidetur,
3221 3628 3355 3698 quia
3389 3627 3651 3681 Dominus
3680 3627 3768 3693 qui

2195 3717 2336 3786 rapit
2362 3718 2572 3788 justum
2600 3735 2668 3774 ne
2700 3720 2908 3774 malitia
2946 3721 3197 3773 immutet
3243 3719 3366 3789 ejus
3400 3732 3766 3781 sensum;ca«

2193 3807 2340 3870 (lenti
2391 3810 2651 3879 supponit
2707 3827 2931 3865 manum
2963 3827 3119 3865 suam
3153 3810 3332 3880 (Psal.
3367 3812 3579 3878 xxxvi),
3605 3811 3765 3878 utqui

2195 3900 2338 3954 cadit
2366 3888 2862 3972 pervint‘trmitatem
2894 3902 3096 3967 carnis,
3148 3918 3246 3970 per
3282 3902 3657 3971 pmnizentiam
3688 3916 3766 3953 re-

2193 3998 2400 4060 surgat.
2434 3989 2569 4057 Quis
2599 4007 2731 4064 ergo
2772 3993 2970 4048 audeat
3016 3993 3200 4048 dicere
3247 3994 3316 4048 de
3370 3993 3453 4049 sic
3484 3993 3764 4063 assumptis

2192 4082 2247 4136 in
2279 4081 2473 4152 gratia,
2506 4092 2566 4138 ut
2592 4082 2736 4139 Deus
2765 4100 3038 4154 quemque
3069 4085 3175 4139 labi
3205 4085 3488 4154 permittat
3514 4100 3680 4155 usque
3702 4085 3763 4139 ad

2191 4172 2616 4229 damnationem.
2641 4172 3026 4231 Verumtamen
3052 4175 3096 4230 si
3119 4191 3260 4244 quos
3281 4175 3533 4230 damnari
3563 4175 3760 4230 contin-

2191 4273 2315 4334 gat;
2341 4264 2530 4319 dicunt
2579 4266 2799 4336 quidam
2822 4266 2980 4336 juxta
3014 4267 3355 4334 parabolam,
3393 4269 3523 4337 quia
3556 4275 3757 4336 peccata

2189 4357 2344 4427 prius
2375 4357 2603 4414 dimissa
2649 4360 2813 4415 etiam
2851 4359 3060 4428 judicio
3098 4358 3361 4414 Ecclesia:
3409 4361 3759 4429 temporaliter

2188 4449 2375 4518 punita
2401 4449 2646 4518 redeunt,
2672 4460 2731 4505 ut
2749 4449 3076 4505 :eternaliter
3094 4451 3416 4520 puniantur.
3448 4452 3596 4506 Sicut
3621 4452 3753 4506 enim

498 4558 603 4611 ret.
632 4563 706 4602 ne
727 4547 860 4617 quid
887 4545 944 4598 in
975 4544 1160 4600 futuro
1186 4546 1407 4616 gravius
1432 4545 1732 4600 ulciscendi
1757 4555 2079 4600 remaneret.
2116 4576 2160 4630 Ι)
2186 4541 2398 4610 justitia
2432 4542 2573 4596 delet
2601 4551 2721 4597 acta
2766 4551 3008 4612 peccata,
3043 4541 3124 4596 sic
3158 4543 3433 4612 injustitia
3475 4543 3755 4598 succedens

495 4637 692 4692 Evenit
748 4637 953 4706 itaque,
977 4634 1133 4704 juxta
1163 4634 1506 4704 Apostolum,
1533 4634 1680 4703 quod
1726 4633 1815 4687 illa
1861 4634 2081 4688 tristitia

496 4729 843 4794 absorbetur,
872 4737 928 4782 et
958 4727 1060 4782 iste
1089 4726 1249 4796 periit
1268 4725 1361 4796 qui
1397 4725 1620 4780 fratrem
1650 4725 1784 4793 odit,
1815 4733 1869 4779 et
1908 4725 1962 4778 in
2003 4725 2082 4778 ri-

401 4849 406 4887 _~
495 4819 872 4890 gorejustitia:
897 4819 1110 4876 excedit
1135 4817 1222 4889 (II
1254 4817 1379 4873 Cor.
1429 4818 1513 4889 ιι).
1557 4817 1664 4873 Pro
1694 4833 1804 4888 quo
1853 4832 2079 4871 excessu

493 4912 760 4982 scriptum
813 4920 935 4968 est:
976 4930 993 4963 ι
1031 4911 1329 4982 Estjustus
1351 4911 1444 4980 qui
1475 4911 1615 4980 perit
1664 4911 1716 4963 in
1743 4910 1955 4978 justitia
1981 4924 2080 4962 sua

491 5001 696 5074 (Eccle.
726 5003 844 5066 vn).
885 5021 910 5066 ι
1757 4995 1759 4997 ’

569 5113 588 5147 ι
632 5094 887 5150 Videntes
909 5105 1092 5150 autem
1120 5095 1371 5150 conservi
1401 5095 1520 5164 ejus
1562 5109 1684 5165 qua:
1720 5093 1920 5148 fiebant
1943 5107 2078 5146 con-

491 5187 696 5242 tristati
727 5195 856 5242 sunt
886 5186 1059 5241 valde.
1101 5185 1167 5241 Et
1205 5195 1474 5241 venerunt
1498 5194 1551 5240 et
1585 5192 1949 5238 narraverunt
1979 5183 2080 5237 do—

491 5281 644 5333 mino
671 5293 774 5333 suo
828 5277 1014 5332 omnia
1066 5293 1189 5347 qua:
1232 5275 1375 5331 facta
1406 5275 1641 5330 fuerant.
1686 5295 1704 5326 ι
1753 5273 2078 5342 Spirituales

490 5369 584 5436 qui
612 5368 798 5422 omnia
829 5367 1079 5437 judicant
1117 5365 1244 5419 talia
1295 5365 1543 5420 videntes
1575 5364 1994 5427 contristantur,
2024 5372 2080 5414 et

491 5462 747 5516 nuntiant
774 5459 1012 5526 Domino.
1036 5459 1101 5514 ad
1130 5458 1537 5529 corrigendum,
1571 5456 1690 5527 ejus
1724 5457 2077 5532 implorantes

492 5553 778 5606 auxilium.

573 5663 590 5693 ι
624 5642 778 5697 Tunc
831 5645 1044 5697 vocavit
1093 5643 1248 5701 illum
1283 5641 1542 5710 dominus
1569 5656 1724 5708 suus,
1755 5651 1807 5697 et
1840 5642 1918 5697 ait
1948 5641 2024 5696 illi
2060 5660 2075 5694 :

501 5733 666 5799 Serve
697 5747 954 5801 nequam,
990 5749 1153 5788 omne
1177 5732 1420 5788 debitum
1451 5732 1634 5788 dimisi
1666 5733 1782 5800 tibi,
1814 5733 2073 5804 quoniam

492 5823 708 5900 regem
754 5838 860 5877 me.
909 5822 1097 5879 Nonne
1142 5839 1272 5895 ergo
1324 5823 1563 5892 oportuit
1613 5835 1665 5880 et
1718 5833 1770 5880 te
1829 5825 2076 5879 misereri

2183 4633 2453 4701 justitiam
2488 4635 2730 4703 perimit,
2753 4651 2859 4704 qua
2896 4635 3154 4689 damnata
3190 4645 3383 4690 contra
3437 4636 3612 4704 priora
3639 4650 3753 4702 pec-

2184 4733 2304 4777 cata
2349 4725 2495 4778 nulla
2541 4733 2786 4780 remanet
2813 4725 3102 4782 medicina.
3146 4725 3286 4781 Dicit
3315 4726 3463 4780 enim
3505 4724 3753 4778 Dominus

2183 4829 2279 4882 per
2305 4815 2657 4884 prophetam:
2691 4835 2708 4865 ι
2729 4815 2866 4882 Quia
2901 4833 3230 4887 quacunque
3259 4817 3550 4884 diejustus
3578 4829 3753 4883 pecca-

2182 4904 2341 4970 verit,
2368 4919 2559 4960 omnes
2577 4905 2803 4974 justitite
2826 4906 2945 4976 ejus
2976 4907 3030 4960 in
3061 4907 3337 4961 oblivione
3364 4915 3524 4959 erunt
3547 4903 3749 4972 (Bacch.

2182 4996 2360 5065 xviii).
2388 5015 2406 5047 ι
2429 4994 2526 5050 Ubi
2557 5011 2687 5067 ergo
2715 5012 2822 5051 non
2848 4995 3012 5051 fuerit
3033 4997 3320 5052 charitalis
3341 4994 3751 5066 perseverantia,

2184 5083 2334 5158 nulla
2387 5083 2661 5140 sufﬁciens
2693 5094 2777 5140 est
2822 5087 3161 5156 pmnitentia.
3219 5084 3374 5140 Unde
3438 5103 3467 5139 a
3525 5085 3754 5154 peccatis

2183 5178 2363 5234 soluto
2414 5176 2665 5240 dicitur:
2724 5197 2742 5229 ς
2779 5177 2946 5245 Vade,
2999 5188 3053 5234 et
3092 5179 3331 5248 amplius
3381 5179 3490 5231 noli
3540 5192 3752 5246 peccare

2182 5269 2362 5340 (Joan.
2399 5274 2538 5339 vin).
2576 5287 2596 5320 ›
2632 5268 2933 5326 Saeculares
2961 5285 3182 5340 quoque
3223 5272 3368 5341 leges
3422 5280 3643 5340 propter
3679 5271 3751 5322 in-

2181 5361 2538 5432 gratitudines
2560 5363 2825 5431 quasdam
2853 5361 3500 5417 revocantmanumissos
3527 5362 3594 5415 ad
3623 5362 3751 5431 prio-

2178 5469 2293 5508 rem
2317 5455 2652 5516 servitutem.
2685 5452 2988 5523 Opponitur
3017 5462 3197 5507 autem
3238 5454 3500 5523 propheta
3530 5472 3543 5506 :
3591 5472 3610 5503 ‹
3645 5451 3745 5504 Non

2179 5555 2472 5616 consurget
2512 5547 2708 5617 duplex
2739 5545 3014 5600 tribulatio
3037 5543 3280 5614 (Nahum
3308 5544 3369 5614 ι).
3407 5563 3424 5594 ι
3467 5543 3562 5598 Vel
3605 5545 3742 5612 juxta

2180 5639 2343 5693 aliam
2380 5639 2791 5694 translationem
2826 5658 2838 5692 :
2879 5657 2897 5688 ι
2931 5636 3049 5691 Non
3075 5637 3351 5707 judicabit
3401 5636 3546 5690 Deus
3585 5635 3669 5689 bis
3698 5634 3741 5684 iu

2182 5731 2437 5801 idipsum.
2481 5750 2499 5781 ›
2539 5728 2642 5785 Sed
2670 5746 2776 5801 non
2819 5738 2922 5794 est,
2953 5736 3010 5782 ut
3039 5729 3214 5794 aiunt,
3244 5729 3469 5798 duplex,
3509 5729 3620 5780 imo
3649 5739 3736 5778 una

2180 5823 2462 5881 tribulatio
2496 5832 2548 5880 et
2578 5839 2682 5879 una
2717 5822 2946 5893 punitio,
2976 5835 3099 5877 cum
3132 5820 3227 5901 qui
3261 5834 3375 5875 non
3415 5827 3499 5876 est
3523 5818 3611 5873 hic
3639 5813 3734 5880 sul-

2179 5995 2282 6010 σοον.
