3970 6436
211 372 350 428 ηθδ

1222 361 1799 422 ῡεηοιιΑΤιοΝεε
1835 359 1936 416 SS.
1963 358 2271 420 PATRUM.
2301 388 2370 401 -
2405 357 2534 414 LIB.
2567 357 2632 415 ll.

3350 356 3372 410 l
3383 358 3517 414 ροιλ.

206 485 450 541 ticienter
478 479 727 552 punitus,
765 491 955 553 postea
1003 482 1246 552 punitur.
1279 479 1399 536 Non
1444 481 1797 536 irrationahi-
1827 482 1874 537 Α
1902 477 2154 534 doctores
2187 481 2329 535 sacri
2379 480 2583 553 eloquii
2615 480 2958 553 scripserunt
2999 479 3265 554 originale
3292 497 3508 551 peeca-.

204 577 326 632 liter
346 589 566 646 quoque
583 584 782 645 putant
802 575 1015 644 priores
1039 575 1300 644 peccandi
1323 573 1548 630 affectus
1565 575 1792 642 redisse,

203 668 360 739 juxta
389 667 709 737 parabolam
760 667 815 722 in
846 682 954 736 qua
982 666 1208 736 spiritus
1236 666 1553 723 immundus
1586 675 1795 736 septem

206 759 344 814 alios
378 758 605 828 spiritus
635 757 933 828 nequiores
955 774 1014 813 se
1038 741 1329 814 assumens
1358 758 1491 811 dicit
1516 776 1559 811 ε(
1594 756 1796 812 Rever-

212 861 299 906 tar
323 851 378 904 in
410 850 638 905 domum
669 866 848 905 meam
873 850 1018 906 unde
1052 851 1194 905 exivi
1226 849 1378 920 (Luc.
1399 851 1499 919 si).
1534 869 1552 900 ι
1581 848 1794 904 Etenim

211 950 472 1014 peccator
514 941 569 995 in
599 951 728 996 actu
775 942 942 996 unius
977 942 1279 997 criminalis
1319 955 1588 1010 apparens
1624 939 1794 994 multa

208 1034 598 1104 intelligendus
647 1043 732 1089 est
790 1034 994 1088 habere
1047 1034 1100 1087 in
1155 1033 1380 1100 affectu,
1415 1033 1555 1088 sicut
1608 1032 1792 1102 justus

205 1128 382 1181 multo
443 1127 628 1198 plures
687 1126 851 1181 habet
883 1125 1116 1180 virtutes
1169 1126 1365 1180 affectu
1421 1142 1588 1195 quam
1644 1138 1791 1185 actu.

207 1218 346 1273 Aliis
384 1234 510 1273 vero
539 1217 756 1272 videtur
780 1217 926 1287 quod
957 1231 1058 1286 pro
1087 1216 1193 1271 illis
1215 1217 1474 1286 peccatis,
1497 1218 1564 1272 de
1594 1220 1794 1289 quibus

205 1308 373 1363 homo
397 1309 506 1364 Deo
527 1325 622 1379 per
639 1307 1012 1378 paenitentiam
1043 1307 1329 1375 satisfecit,
1351 1325 1457 1364 non
1476 1310 1794 1380 sitamplius

205 1397 544 1466 puniendus,
603 1398 708 1452 etsi
764 1406 951 1467 postea
1007 1397 1092 1450 vel
1145 1397 1345 1453 similia
1406 1399 1490 1454 vel
1541 1399 1795 1469 graviora

207 1488 534 1543 committat.
587 1488 852 1544 Peccator
881 1489 1103 1560 quidem
1131 1488 1188 1543 fit
1223 1489 1365 1545 sicut
1389 1490 1542 1559 prius
1571 1500 1708 1557 erat,
1741 1500 1797 1546 et

206 1596 308 1651 pro
336 1581 724 1652 ingratitudine
766 1581 1154 1636 misericordia:
1193 1582 1295 1637 sibi
1326 1581 1587 1652 impensa:
1621 1583 1814 1654 magis.

209 1690 338 1728 reus
370 1673 628 1729 efficitur.
660 1673 988 1730 Universum
1020 1690 1150 1744 ergo
1193 1675 1435 1731 debitum
1476 1677 1793 1746 persolven-

207 1765 341 1820 dum
396 1768 586 1822 dicunt
625 1783 733 1821 non
791 1768 920 1822 illud
947 1769 1092 1837 quod
1119 1768 1235 1838 jam
1263 1769 1628 1826 condonatum
1652 1780 1790 1839 erat,

206 1859 308 1912 sed
360 1859 545 1928 potius
612 1859 1042 1914 misericordiam
1106 1875 1272 1929 quam
1329 1860 1452 1914 aliis
1483 1860 1796 1931 impendere

206 1950 422 2018 debuit,
450 1967 547 2021 pro
574 1967 639 2006 eo
662 1951 806 2021 quod
838 1951 1268 2007 misericordiam
1298 1960 1600 2021 acceperat.
1641 1950 1796 2007 Unde

207 2052 266 2097 et
295 2043 426 2097 alibi
461 2062 474 2097 :
519 2062 537 2094 r
567 2042 683 2109 Qua
711 2058 971 2098 mensura
1007 2043 1184 2098 mensi
1213 2042 1446 2110 fueritis,
1479 2044 1797 2098 remetietur

209 2135 370 2190 vobis
413 2134 630 2205 (Matth.
663 2136 784 2207 vn).
818 2155 836 2187 ι
874 2133 1022 2190 Talis
1069 2150 1200 2206 ergo
1223 2143 1306 2190 est
1344 2136 1604 2206 parabola
1642 2151 1708 2190 ac
1750 2137 1797 2191 si

210 2228 428 2283 dicatur
459 2247 472 2281 :
503 2226 563 2282 Si
588 2227 710 2282 aliis
736 2243 846 2282 non
885 2227 1052 2283 vultis
1078 2228 1326 2282 misereri
1360 2227 1504 2282 sicut
1532 2227 1796 2283 Dominus

208 2321 470 2376 misertus
544 2331 626 2375 est
673 2320 852 2385 vobis,
904 2328 1125 2389 peccata
1187 2319 1576 2387 condonando,
1637 2318 1800 2376 Pater

209 2413 449 2468 caelestis
470 2413 573 2468 hoc
599 2412 840 2468 debitum
855 2412 1033 2484 exiget
1057 2427 1087 2466 a
1118 2410 1606 2467 vobis.zEstimant
1636 2413 1799 2482 igitur

209 2505 416 2561 dictum
444 2506 512 2560 ad
551 2514 816 2561 terrorem
840 2520 963 2561 esse
985 2504 1134 2575 quod
1179 2504 1525 2574 expositores
1547 2519 1800 2558 commu-

211 2598 358 2652 niter
390 2607 647 2654 asserunt
684 2613 877 2654 rursus
908 2597 1054 2668 exigi
1096 2597 1244 2667 quod
1292 2612 1390 2666 per
1424 2597 1798 2667 pmnitentiam

210 2691 502 2746 dimissum
533 2701 669 2747 erat.
719 2690 876 2747 Nunc
904 2699 1089 2745 autem
1125 2689 1193 2746 de
1223 2689 1550 2747 remissione
1601 2705 1799 2760 pecca-

212 2791 395 2837 torum
433 2783 742 2854 diligentius
761 2784 1062 2839 videamus.

464 2874 554 2929 DE
594 2873 1008 2930 REMISSIONE
1045 2872 1536 2930 PECCATORUM.

283 2963 346 3018 in
385 2966 833 3020 reconciliatione
879 2967 1185 3034 peccatoris
1215 2967 1281 3022 ad
1312 2966 1484 3022 Deum
1514 2967 1618 3021 tria
1666 2981 1800 3023 con-

211 3055 504 3111 sideranda
531 3067 677 3125 sunt,
705 3058 956 3112 videlicet
980 3058 1161 3113 cordis
1204 3059 1481 3126 contritio,
1527 3059 1641 3116 oris
1670 3075 1804 3115 con-

1899 579 2014 625 tum
2076 571 2132 625 in
2182 572 2455 643 baptismo
2502 574 2738 629 transire
2787 583 2983 640 reatu,
3039 573 3135 628 sed
3204 585 3504 626 remanere

1898 672 2021 717 actu
2056 681 2069 716 :
2102 665 2349 733 corporis
2377 665 2589 721 scilicet
2611 667 2920 732 dissolutio,
2945 674 3000 720 et
3029 678 3324 719 numerosa
3349 673 3490 719 tem-

1896 753 2167 821 poralium
2206 754 2516 809 defectuum
2549 756 2865 810 multitudo.
2917 753 3076 822 Quod
3108 753 3178 809 ad
3219 755 3326 809 hoc
3353 752 3483 824 qui-

1896 843 2020 898 dem
2054 845 2351 914 plurimum
2379 846 2541 911 valet,
2574 847 2702 916 quia
2733 847 2915 902 omnis
2949 845 3127 902 virtus
3157 846 3214 899 in
3245 843 3485 899 infirmi-

1897 946 2008 995 tate
2051 939 2331 1009 perficitur
2381 937 2470 1010 (ΙΙ
2495 938 2619 993 Cor.
2651 938 2748 1005 xu)
2785 955 2798 991 :
2860 936 3025 992 simul
3060 936 3224 990 etiam
3259 950 3328 990 ne
3361 932 3486 1004 quis

1897 1033 2153 1103 baptismi
2175 1032 2404 1102 gratiam
2444 1030 2516 1085 ob
2565 1029 2851 1100 praesentis
2880 1029 3003 1083 vita:
3034 1027 3346 1082 felicitatem
3385 1040 3484 1096 pe-

1897 1134 2054 1191 teret,
2083 1134 2139 1179 et
2159 1125 2239 1179 sic
2261 1139 2362 1179 nec
2388 1124 2546 1178 istam
2569 1122 2729 1192 digne
2747 1121 2970 1174 haberet
2996 1134 3095 1174 nec
3127 1119 3193 1174 ad
3225 1128 3483 1173 aeternam

1896 1215 2223 1284 perveniret.
2257 1211 2348 1268 Sic
2377 1228 2598 1283 quoque
2623 1211 2852 1266 actualis
2881 1211 3090 1280 peccati
3120 1225 3219 1280 per
3241 1210 3485 1264 vivifica-

1899 1307 2104 1360 tionem
2155 1305 2355 1359 mentis
2404 1313 2612 1358 aeterna
2649 1317 2811 1370 poena
2863 1302 3109 1356 relaxata
3156 1301 3487 1370 relinquitur

1895 1395 2232 1465 temporalis,
2296 1403 2357 1448 ut
2400 1393 2548 1463 quod
2599 1393 2788 1447 illicita
2838 1391 3036 1446 animas
3102 1390 3484 1456 delectatione,

1897 1488 2014 1543 sive
2054 1488 2218 1543 etiam
2262 1486 2469 1542 carnali
2504 1485 2781 1554 voluptate
2809 1483 3168 1539 commissum
3213 1492 3298 1536 est
3325 1482 3487 1536 satis-

1897 1574 2714 1646 factionisamaritudinedigne
2729 1581 2992 1644 purgetur
3013 1573 3081 1627 ab
3098 1571 3339 1638 homine,
3354 1572 3486 1625 dum

1896 1671 2042 1738 licet,
2095 1687 2162 1725 ne
2199 1666 2505 1724 districtius
2532 1683 2562 1722 a
2597 1666 2708 1720 Deo
2747 1666 3007 1736 puniatur
3031 1665 3087 1719 in
3108 1663 3317 1720 futuro.
3351 1661 3489 1719 Nul-

1896 1763 2008 1818 lum
2031 1762 2176 1818 enim
2204 1763 2409 1816 malum
2439 1761 2678 1830 praeterit
2701 1759 3052 1829 impunitum.

1825 1819 1868 1874 Β
1967 1853 2253 1910 Confessio
2301 1819 2470 1924 igitur
2521 1819 2912 1907 convenienter
2970 1849 3219 1904 instituta
3279 1856 3384 1915 est,
3427 1856 3490 1904 ut

1898 1945 1991 2015 qui
2029 1945 2082 1998 in
2110 1959 2208 1998 sua
2240 1951 2507 2014 potestate
2535 1946 2750 2012 positus
2789 1956 2820 1995 a
2854 1939 2966 1996 Deo
3002 1939 3355 2005 discesserat,
3383 1941 3486 1994 sub

1899 2037 2007 2092 alio
2036 2036 2249 2106 positus
2295 2050 2420 2090 cum
2464 2033 2774 2090 humilitate
2816 2041 2872 2088 et
2921 2031 3214 2086 devotione
3261 2031 3483 2086 rediret.

1898 2129 2025 2185 ldco
2061 2128 2204 2184 Deus
2257 2127 2496 2183 instituit
2546 2125 2890 2182 sacerdotem
2923 2125 3057 2184 .sive
3096 2123 3394 2190 vicarium,
3434 2132 3490 2178 et

1903 2220 2066 2290 quasi
2095 2219 2388 2285 medicum,
2413 2217 2503 2272 cui
2533 2225 2884 2288 peccatorum
2929 2214 3154 2269 vulnera
3184 2214 3253 2268 ad
3282 2227 3486 2268 sanan-

1899 2311 2030 2368 dum
2074 2311 2475 2380 detegerentur,
2533 2319 2594 2364 ut
2617 2317 2872 2379 peccator
2934 2322 3045 2362 non
3101 2322 3132 2361 a
3162 2322 3242 2374 se,
3271 2305 3366 2361 sed
3419 2305 3489 2359 ab

1901 2407 2009 2461 alio
2037 2405 2266 2475 majoris
2318 2403 2646 2459 humilitatis
2674 2417 2843 2459 causa
2876 2399 3274 2457 satisfactionis
3308 2397 3487 2454 medi—

1901 2499 2082 2553 cinam
2122 2497 2404 2567 suscipiat.
2439 2495 2581 2549 Sunt
2606 2494 2752 2549 enim
2783 2501 3125 2549 sacramenta
3153 2491 3313 2561 quasi
3331 2505 3486 2559 qua:-

1902 2588 2027 2644 dam
2061 2587 2378 2656 emplastra.
2431 2583 2628 2656 Evenit
2674 2583 2863 2652 itaque
2894 2582 3048 2652 prius
3104 2581 3404 2637 contritum
3433 2589 3489 2635 et

1903 2679 2250 2736 humiliatum
2268 2677 2586 2754 confirmari
2615 2677 2672 2732 in
2694 2673 3062 2741 confessione,
3086 2682 3140 2729 et
3166 2673 3489 2742 plerumque

1901 2782 2157 2845 peccator
2203 2773 2324 2828 solo
2375 2772 2570 2826 timore
2616 2770 2702 2825 vel
2769 2768 3030 2824 Ecclesia:
3088 2763 3488 2823 consuetudine

1903 2864 2175 2921 sacerdoti
2207 2871 2571 2934 przesentatns
2601 2877 2697 2932 per
2721 2859 3059 2917 sacerdotale
3088 2858 3320 2914 ollicium
3360 2873 3488 2913 vero

1902 2955 2310 3026 compungitur,
2360 2969 2424 3010 ac
2483 2955 2678 3024 plenus
2743 2951 3009 3007 charitate
3053 2950 3278 3006 recedit.
3337 2947 3486 3004 Non-

1903 3048 2038 3102 nulli
2077 3049 2239 3102 etiam
2292 3062 2393 3101 nec
2427 3053 2558 3101 tunc
2583 3061 2651 3100 ex
2681 3044 2848 3099 corde
2895 3044 3145 3110 redeunt,
3177 3041 3272 3097 sed
3301 3051 3487 3097 tamen

210 3144 412 3213 fessio,
441 3162 668 3218 operum
696 3147 1016 3204 satisfactio.
1047 3148 1298 3220 Praecipit
1323 3151 1468 3204 enim
1517 3149 1800 3220 Scriptura

1905 3136 2082 3191 forma
2121 3136 2453 3206 poenitentia:
2477 3149 2644 3204 quam
2673 3133 2985 3202 suscipiunt
3020 3132 3283 3203 paulatim
3315 3133 3489 3188 nutrit

212 3238 466 3294 scindere
511 3241 676 3295 corda
710 3252 764 3296 et
791 3241 1144 3308 vestimenta,
1189 3242 1436 3296 confiteri
1475 3243 1798 3297 alterutrum

209 3340 460 3398 peccata,
518 3341 571 3386 et
615 3330 794 3387 facere
825 3333 1020 3403 dignos
1076 3331 1288 3388 fructus
1333 3333 1686 3403 pmnitentim.
1737 3332 1803 3389 Et

212 3424 516 3478 notandum
535 3425 663 3494 quia
686 3426 840 3479 multi
870 3441 967 3496 pro
994 3427 1233 3496 peccatis
1254 3438 1495 3496 gemunt,
1524 3443 1631 3482 non
1655 3427 1802 3496 quod

215 3525 440 3584 peccata
494 3517 575 3571 eis
609 3516 986 3586 discipliceant
1041 3527 1260 3587 propter
1310 3516 1512 3582 Deum,
1546 3519 1641 3573 sed
1671 3534 1801 3588 pro-

214 3615 338 3677 pter
365 3622 604 3676 pasnam.
638 3607 786 3664 Talis
826 3609 991 3678 igitur
1024 3610 1239 3665 tristitia
1289 3613 1404 3665 sive
1427 3611 1663 3682 gemitus
1690 3626 1802 3666 non

210 3709 300 3754 est
323 3700 508 3755 cordis
530 3701 786 3755 contritio
810 3702 876 3755 ad
908 3702 1163 3769 salutem,
1195 3703 1290 3758 sed
1321 3704 1521 3758 mentis
1555 3712 1805 3758 conster-

211 3793 367 3853 natio
417 3793 486 3847 ad
537 3793 968 3848 damnationem.
1009 3793 1099 3850 Sic
1127 3795 1329 3850 etenim
1358 3795 1488 3849 mali
1529 3795 1582 3849 in
1616 3794 1803 3851 futuro

210 3884 500 3939 dolebunt.
557 3883 863 3941 Nonnullos
909 3885 1073 3940 etiam
1134 3885 1363 3956 paenitet
1407 3902 1663 3957 peccasse
1703 3904 1804 3958 pro

212 3976 333 4029 sola
386 3978 596 4046 peccati
643 3979 1018 4048 turpitudine,
1064 3979 1221 4048 juxta
1269 3979 1404 4034 illud
1446 3979 1800 4050 philosophi:

217 4084 237 4115 ι
277 4063 338 4118 Si
369 4066 567 4120 scirem
602 4067 735 4122 deos
764 4068 1194 4134 condonaturos,
1226 4076 1280 4123 et
1307 4069 1558 4124 homines
1585 4071 1806 4141 ignora-

209 4165 394 4220 turos,
450 4172 558 4211 non
619 4173 924 4228 peccarem.
973 4179 993 4211 ι
1038 4158 1344 4217 Fructuose
1399 4170 1581 4216 autem
1622 4163 1806 4219 cordis

211 4247 479 4301 contritio
529 4258 632 4315 est,
681 4265 806 4304 cum
841 4251 993 4320 jquis
1056 4251 1123 4306 de
1178 4261 1403 4321 peccato
1459 4269 1570 4323 quo
1632 4254 1804 4309 Deum

208 4338 445 4392 offendit
461 4339 627 4405 dolet,
651 4341 717 4409 fet
742 4340 867 4395 inde
887 4341 1161 4411 turbatur,
1179 4343 1308 4412 quia
1332 4343 1594 4414 iniquitas
1618 4360 1806 4400 amore

204 4431 442 4501 justitiaa
472 4432 579 4486 sibi
627 4432 898 4501 displicet.
930 4431 1069 4489 Hinc
1101 4443 1186 4490 est
1238 4435 1372 4490 illud
1413 4454 1425 4490 :
1465 4454 1483 4487 ι
1523 4435 1802 4504 Peccator,

1905 3225 1959 3280 in
1988 3225 2069 3280 eis
2102 3225 2421 3280 charitatem
2456 3240 2580 3278 cum
2616 3223 2946 3278 humilitate.
2978 3222 3265 3294 Plerisque
3292 3222 3492 3279 simili-

1904 3324 2007 3382 ter,
2063 3331 2188 3370 cum
2219 3316 2562 3385 resipiscant,
2589 3314 2814 3384 prodest
2851 3314 3156 3384 haptismus
3214 3315 3283 3370 ad
3325 3329 3488 3385 quem

1904 3418 2118 3465 tantum
2157 3410 2280 3465 ficte
2311 3418 2680 3464 accesserunt.
2715 3407 3030 3463 Mensuram
3061 3416 3243 3464 autem
3277 3417 3492 3478 tempo-

1904 3502 1982 3557 ris
2038 3502 2094 3556 in
2138 3502 2346 3574 agenda
2384 3502 2703 3573 poenitentia
2734 3500 2939 3556 idcirco
2967 3516 3210 3557 canones
3240 3502 3294 3555 in
3345 3501 3494 3555 arbi-

1904 3595 2012 3650 trio
2079 3595 2378 3652 sacerdotis
2431 3595 2788 3665 intelligentis
2839 3602 3128 3660 statuunt,
3175 3595 3305 3665 quia
3347 3595 3492 3664 apud

1905 3689 2078 3745 Deum
2136 3705 2246 3744 non
2304 3698 2515 3744 tantum
2558 3689 2701 3744 valet
2748 3704 3008 3745 mensura
3040 3688 3302 3758 temporis
3326 3703 3490 3757 quam

1906 3782 2146 3848 doloris;
2180 3798 2282 3837 nec
2312 3782 2644 3836 abstinentia
2679 3792 2893 3837 tantum
2937 3781 3188 3836 ciborum
3224 3788 3489 3850 quantum

1909 3874 2261 3928 mortificatio
2315 3873 2596 3927 vitiorum.
2675 3872 2906 3942 Propter
2957 3873 3102 3942 quod
3159 3870 3494 3942 paenitentia

1907 3974 2156 4034 tempora
2207 3963 2314 4019 ﬁde
2357 3972 2413 4019 et
2437 3962 2856 4018 conversatione
2887 3962 3271 4031 paenitentiam
3296 3961 3514 4018 abbre»

1907 4056 2102 4113 vianda
2135 4056 2476 4127 praecipiunt,
2533 4064 2588 4111 et
2626 4054 2953 4125 negligentia
3001 4053 3319 4124 protelanda
3369 4055 3490 4108 cxi-

1911 4138 2154 4208 stimant.
2194 4149 2400 4204 Tamen
2427 4163 2528 4218 pro
2559 4147 2888 4219 quibusdam
2929 4147 3104 4216 culpis
3131 4146 3280 4201 modi
3313 4133 3490 4216 poenis

1910 4245 2094 4301 tentia:
2142 4251 2272 4299 sunt
2303 4243 2564 4313 impositi,
2616 4241 2772 4311 juxta
2806 4255 2946 4310 quos
2988 4248 3197 4296 caetera:
3258 4254 3492 4309 perpen-

1908 4334 2099 4391 denda:
2127 4344 2254 4390 sunt
2282 4334 2476 4404 culpae,
2499 4349 2624 4388 cum
2653 4332 2727 4387 sit
2753 4330 2912 4386 facile
2931 4346 3027 4400 per
3053 4330 3273 4385 eosdem
3298 4329 3493 4385 modos

1909 4426 2205 4482 vindiCtam
2239 4433 2294 4480 et
2328 4440 2620 4487 censuram
2658 4438 2930 4479 canonum
2980 4422 3270 4480 :estimare.
3298 4420 3486 4476 Scien-

209 4538 326 4591 qua
385 4523 520 4576 hora
575 4523 919 4594 ingemuerit,
977 4526 1163 4584 salvus
1188 4527 1289 4582 erit
1317 4526 1532 4599 (Ezech.
1565 4530 1742 4598 xvm).
1781 4549 1800 4582 ι
1839 4523 1883 4577 D
1913 4515 2042 4570 dum
2077 4525 2276 4569 tamem
2303 4522 2512 4585 quanto
2546 4514 2672 4584 quis
2715 4522 2957 4581 tempore
2985 4520 3232 4566 moratur
3277 4511 3332 4563 in
3362 4525 3506 4579 pec-.

208 4611 434 4667 Etenim
489 4629 616 4668 cum
676 4613 788 4669 Deo
841 4616 980 4670 nihil
1033 4617 1248 4672 tardum
1306 4619 1386 4684 tit,
1427 4619 1564 4673 nihil
1586 4620 1802 4686 absens,

208 4713 428 4774 quanto
459 4704 621 4760 citius
643 4720 772 4760 vere
812 4707 1012 4777 aliquis
1045 4709 1298 4779 pmnitet,
1330 4719 1482 4764 tanto
1526 4711 1690 4766 citius
1713 4712 1806 4781 qui

206 4804 302 4848 est
330 4810 572 4864 praesens
606 4795 850 4851 dimittit.
888 4796 1040 4853 Unde
1078 4809 1132 4854 et
1165 4799 1335 4854 David
1363 4818 1381 4853 ε-
1412 4820 1429 4852 ‹
1477 4799 1597 4855 Dixi
1625 4820 1638 4856 :
1669 4801 1809 4856 Con-

204 4887 420 4939 ﬁtebor
464 4884 755 4940 adversum
795 4903 882 4943 me
909 4888 1236 4958 injustitiam
1261 4906 1438 4946 meam
1473 4891 1729 4960 Domino,
1755 4905 1808 4948 et

207 4985 276 5030 tu
307 4974 568 5029 remisisti
598 4976 934 5046 impietatem
964 4979 1175 5046 peccati
1206 4979 1314 5034 mei
1348 4979 1526 5049 (P—sal.
1560 4984 1740 5053 κιαι).
1783 5002 1801 5035 ι

204 5064 544 5132 Deliberavi,
571 5067 778 5121 scilicet
815 5067 871 5120 in
899 5068 1065 5123 corde
1099 5083 1222 5123 meo
1251 5068 1589 5141 firmiterque
1614 5072 1804 5142 dispo-

204 5159 303 5214 sui
320 5157 609 5228 illudquod
625 5161 878 5216 commisi
891 5162 1292 5217 contemnendo
1306 5160 1476 5216 Deum
1495 5177 1804 5231 exsecrare,

203 5257 445 5319 propter
479 5248 649 5305 Deum
675 5254 988 5308 accusando
1019 5254 1311 5324 meipsum.
1353 5252 1508 5308 Unde
1535 5263 1590 5310 et
1621 5255 1754 5310 illud
1792 5276 1804 5310 :

209 5360 232 5390 ι
269 5339 464 5396 Justus
488 5341 543 5394 in
566 5342 836 5414 principio
862 5355 1154 5400 accusator
1174 5353 1258 5400 est
1285 5345 1369 5400 sui
1387 5344 1570 5418 (Prov.
1589 5347 1802 5417 XVIII).D

202 5432 316 5488 Est
341 5442 522 5489 autem
552 5434 724 5491 Deum
757 5447 1041 5508 peccatum
1077 5439 1372 5506 dimittere,
1406 5449 1665 5494 aeternam
1699 5455 1809 5510 pw-

202 5539 346 5578 nam
380 5539 481 5595 pro
508 5526 601 5581 illo
638 5528 875 5583 debitam
909 5529 1157 5585 relaxare
1177 5546 1274 5601 per
1301 5530 1647 5586 collationem
1677 5546 1810 5600 prae-

200 5616 392 5672 sentis
419 5619 625 5688 gratiae.
660 5619 775 5676 l—loc
796 5621 1052 5692 equidem
1074 5624 1134 5677 fit
1181 5623 1237 5676 in
1263 5623 1528 5692 parvulis,
1556 5638 1682 5678 cum
1713 5623 1808 5678 ha-

205 5709 409 5780 ptismi
466 5710 744 5767 lavacrum
795 5714 1147 5783 suscipitur:
1203 5715 1308 5770 hoc
1355 5725 1409 5770 et
1459 5716 1514 5770 in
1545 5717 1808 5771 adulteris

204 5811 346 5855 cum
401 5801 604 5856 mentis
646 5803 866 5860 caecitas
915 5806 1339 5880 compunctione
1388 5806 1636 5862 solvitur.
1671 5805 1810 5862 Hinc

1835 5873 1894 5904 -ἑέ

1912 4607 2070 4674 catis,
2120 4614 2274 4662 tanto
2306 4607 2356 4662 ei
2391 4606 2607 4676 agenda.
2630 4614 2715 4662 est
2760 4603 3100 4674 poenitentia.
3145 4602 3284 4658 Cum
3328 4601 3520 4672 igitur-

1913 4699 2140 4755 arbitrio
2199 4699 2546 4755 sacerdotum
2586 4696 2902 4767 temporalis
2929 4710 3090 4765 poena
3125 4693 3331 4764 peccati
3361 4708 3494 4762 pro-

1914 4793 2110 4846 teletur
2141 4792 2222 4845 vel
2255 4789 2625 4854 abbrevietur,
2659 4790 2726 4843 de
2771 4803 2834 4842 ea
2871 4788 3056 4856 plures
3082 4787 3391 4856 intelligunt
3423 4786 3493 4838 il-

1911 4883 2006 4938 lud
2047 4898 2170 4937 esse
2221 4883 2473 4936 dictum:
2541 4901 2557 4930 ι
2597 4879 2842 4946 Quorum
2895 4877 3218 4933 remiscritis
3274 4886 3496 4947 peccata

1913 4975 2267 5030 remittuntur
2308 4973 2412 5038 eis,
2453 4980 2508 5025 et
2586 4985 2818 5039 quorum
2869 4969 3228 5035 retinueritis,
3286 4976 3495 5024 retenta

1915 5075 2043 5124 sunt
2068 5064 2249 5136 (Joan.
2280 5063 2395 5133 xx).
2444 5083 2462 5115 ›
2497 5061 2665 5116 Pcena
2694 5062 2838 5116 enim
2871 5062 3079 5132 peccati
3117 5071 3347 5118 vocatur
3370 5077 3496 5132 pec-

1913 5167 2118 5225 catum,
2145 5157 2300 5227 juxta
2325 5155 2472 5225 quod
2503 5169 2704 5209 nomen
2737 5169 2920 5210 causa:
2959 5153 3289 5210 transfertur
3316 5154 3380 5207 ad
3417 5153 3496 5206 ef-

1913 5249 2135 5306 fectum.
2176 5247 2258 5301 Ex
2310 5246 2582 5317 praedictis
2613 5229 2798 5316 itaque
2848 5244 3202 5301 manifestum
3235 5253 3318 5300 est
3346 5245 3495 5314 quod

1914 5345 2036 5398 aliis
2064 5341 2289 5397 dimittit
2328 5338 2471 5394 Deus
2497 5353 2594 5409 per
2641 5338 3009 5393 ministerium
3047 5336 3395 5392 sacerdotum
3443 5342 3500 5394 et

1912 5445 2195 5508 peccatum
2231 5443 2286 5488 ct
2310 5447 2527 5503 poenam
2566 5432 2806 5501 peccati;
2849 5433 2972 5486 aliis
3011 5431 3184 5486 solam
3221 5437 3497 5498 tempora-

1913 5528 2018 5582 lem
2047 5537 2288 5595 pcenam,
2313 5522 2441 5592 quin
2467 5521 2581 5591 jam
2619 5523 2826 5592 peccati
2854 5519 3107 5574 tenebras
3147 5527 3202 5572 et
3236 5517 3500 5588 gehennae

1913 5615 2192 5672 vinculum
2247 5611 2525 5668 solverat:
2577 5611 2726 5681 quod
2760 5625 2858 5680 per
2907 5607 3176 5662 Lazarum
3235 5606 3494 5662 ostendit.

1914 5708 2157 5765 Accessit
2187 5707 2332 5762 enim
2369 5717 2422 5763 et
2451 5703 2666 5761 vocavit
2699 5717 2823 5758 eum
2846 5743 2860 5767 ,
2894 5708 2948 5756 et
2975 5708 3226 5755 vocatum
3257 5695 3498 5754 vivifica-

1915 5805 2011 5875 vit,
2053 5812 2104 5859 et
2138 5801 2406 5856 vivificato
2440 5799 2513 5851 ait
2554 5817 2566 5852 :
2606 5817 2624 5849 ι
2659 5794 2756 5850 Exi
2796 5793 3018 5874 foras“
3052 5793 3314 5856 etiam
3359 5791 3501 5850 dixit

2505 5889 2512 5893 '
2538 5883 2661 5904 -ὑςπμ
2697 5895 2712 5900 ρ.
