3976 6356
521 343 662 398 1207

1688 347 2015 402 ινειωειιι
2053 348 2348 404 ABBATIS
2387 349 2444 403 S.
2485 348 2708 404 BLASII

3685 358 3822 412 i208

517 450 804 522 discipulis
830 454 951 510 suis
983 469 996 510 ;
1026 474 1046 506 c
1081 455 1292 513 Solvite
1317 465 1538 524 eum,et
1567 457 1729 514 sinite
1745 459 2101 530 abire(loan.
2133 465 2181 522 Α
2211 458 2268 514 Si
2312 475 2444 515 vero
2491 469 2712 530 propter
2752 476 2909 517 suam
2958 477 3251 532 personam
3301 465 3409 522 hoc
3457 467 3706 532 faceret.
3753 484 3820 522 ae
3903 539 3908 542 _

515 545 619 612 XI).
655 563 674 596 ι
713 543 978 602 Similiter
999 548 1150 602 venit
1197 547 1266 603 ad
1293 558 1656 620 peccatorem,
1697 558 1753 605 et
1795 560 1954 606 vocat
1976 566 2102 606 cum

514 647 612 700 per
652 633 924 690 internam
971 637 1382 708 aspirationem,
1412 648 1466 694 et
1493 648 1670 695 morte
1698 641 1902 710 peccati
1929 641 2106 698 disce-

512 723 674 776 dente
706 723 1036 792 vivilicatur,
1083 736 1139 782 et
1165 743 1233 784 eo
1270 729 1547 786 viviﬁcato
1583 731 1717 787 dicit
1752 741 1809 787 ut
1837 743 1996 789 exeat
2020 733 2103 790 fo-

512 827 624 881 ras,
662 808 718 868 id
745 825 830 870 est
856 831 955 886 per
976 817 1380 876 confessionem
1413 837 1474 877 se
1502 824 1886 881 sacerdotibus
1915 836 2103 883 osten-

510 903 623 958 dat.
680 904 758 962 De
799 921 900 963 ove
943 918 998 965 et
1044 911 1422 968 sacerdotibus
1445 913 1522 968 ait
1548 933 1562 967 :
1592 932 1612 965 σ
1651 913 1858 972 Solvite
1883 932 2031 985 eum,
2074 939 2094 972 ι

511 993 566 1048 id
609 1007 694 1052 est
737 1009 990 1057 revocate
1027 1003 1096 1058 ad
1134 1003 1467 1074 Ecclesiam,
1522 1025 1542 1060 ι
1580 1016 1634 1062 et
1674 1009 1837 1065 sinite
1867 1011 2038 1080 abire,
2071 1032 2092 1065 ι

510 1085 616 1143 hoc
665 1099 750 1146 est
780 1108 922 1161 cum
955 1094 1079 1151 aliis
1129 1095 1385 1154 ﬁdelibus
1429 1101 1747 1155 conversari
1789 1110 1844 1157 et
1881 1117 2098 1173 perma—

508 1190 659 1233 nm.

1167 1277 1442 1336 DIVISIO.

578 1359 810 1420 Dimittit
856 1363 1002 1423 Deus
1026 1380 1248 1438 peccata
1275 1387 1344 1426 ex
1387 1388 1446 1428 se
1474 1373 1596 1443 ipso
1638 1384 1692 1431 et
1715 1392 1812 1446 per
1833 1377 2094 1449 semetip-

505 1465 649 1541 sum,
683 1456 903 1523 quando
931 1458 1066 1512 vult.
1104 1457 1259 1515 Unde
1284 1462 1362 1516 ait
1390 1479 1488 1532 per
1515 1467 1837 1536 pr0phctam
1866 1488 1880 1522 :
1918 1488 1937 1521 ι
1977 1468 2092 1541 Ego

502 1540 770 1601 Dominus
805 1547 957 1604 solus
992 1549 1148 1606 deleo
1175 1551 1520 1623 iniquitatem
1553 1568 1608 1613 et
1645 1571 1865 1629 peccata
1902 1540 2089 1631 populi

501 1629 662 1722 (Ιεαὶ.
696 1636 844 1706 xcv).
885 1658 906 1691 ι
937 1637 1066 1695 Inde
1096 1643 1464 1701 Ambrosius:
1499 1665 1518 1699 ι
1555 1647 1648 1704 Ille
1678 1651 1830 1706 solus
1865 1629 2088 1722 peccata

497 1721 725 1778 dimittit
751 1727 846 1796 qui
872 1729 1025 1784 solus
1055 1747 1158 1800 pro
1212 1737 1452 1802 peccatis
1481 1745 1566 1792 est
1591 1721 2085 1799 mortuusiSacer-

2207 550 2416 607 scilicet
2453 550 2677 606 infamis
2705 560 2760 606 et
2803 555 3233 624 contemptibilis
3263 557 3414 629 apud
3444 559 3600 614 alios
3637 560 3814 627 ﬁeret,

2204 640 2459 710 superbia
2486 639 2814 697 damnabilis
2840 651 3006 698 esset.

2271 730 2426 786 Patet
2453 747 2585 803 ergo
2611 747 2677 788 ex
2707 733 3017 801 antedictis,
3050 735 3179 805 quia
3212 737 3547 806 paenitentia
3566 750 3657 793 est
3689 755 3802 794 meo

2199 823 2570 880 dicamentum
2603 825 2866 892 vulneris,
2895 841 3020 897 spes
3047 828 3262 896 salutis,
3289 839 3343 884 et
3375 843 3591 886 nomen
3623 831 3804 901 ipsum

2199 925 2478 985 sumptum
2509 926 2595 972 est
2617 933 2650 972 a
2684 933 2844 986 poena
2878 933 2986 988 qua
3020 919 3202 974 anima
3233 922 3548 990 cruciatur,
3584 933 3643 978 et
3679 941 3802 980 caro

2153 1053 2160 1060 .
2197 1009 2580 1076 mortificatur,
2609 1019 2663 1064 et
2701 1010 2846 1065 dicta
2887 1019 2972 1067 est
3014 1014 3332 1082 paenitentia
3362 1017 3532 1086 quasi
3567 1020 3800 1088 punien—

2197 1099 2294 1154 tia.
2321 1098 2424 1166 Qui
2447 1101 2821 1170 pmnitentiam
2851 1111 3040 1174 agunt,
3069 1104 3194 1160 ideo
3223 1107 3456 1178 capillos
3484 1118 3546 1165 et
3571 1110 3800 1168 barbam

2197 1189 2482 1256 nutriunt,
2536 1198 2598 1245 ut
2649 1199 2960 1248 monstrent
3007 1195 3400 1252 abundantiam
3461 1199 3796 1266 crimina,

2194 1279 2398 1350 quibus
2446 1290 2702 1351 peccator
2749 1293 3031 1354 gravatur.
3073 1285 3326 1342 Cilicium
3356 1291 3516 1359 quod
3567 1291 3798 1348 induunt

2192 1370 2395 1426 indicat
2423 1374 2854 1430 recordationem
2881 1385 3229 1446 peccatorum
3258 1391 3485 1450 propter
3513 1382 3707 1437 hedos
3729 1385 3792 1438 ad

2192 1463 2473 1519 sinistram
2504 1463 2742 1521 futuros.
2784 1465 2942 1530 Quod
2973 1477 3156 1523 autem
3199 1473 3388 1525 cinere
3423 1485 3794 1544 asperguntur

2189 1565 2528 1626 peccatores,
2577 1557 2814 1613 ostendit
2859 1559 2990 1629 quia
3033 1561 3176 1615 cinis
3207 1571 3359 1628 sunt,
3411 1572 3465 1616 et
3505 1563 3562 1617 in
3603 1566 3795 1635 pulve-

2189 1661 2306 1700 rem
2385 1655 2747 1702 revertentur.
2824 1647 3105 1721 Lacrymaa
3168 1651 3548 1721 puenitentium
3633 1658 3790 1724 apud

2188 1733 2358 1790 Deum
2389 1752 2491 1806 pro
2524 1737 2852 1808 baptismate
2879 1748 3222 1808 reputantur.
3252 1740 3467 1812 Duplex
3493 1753 3578 1798 est
3605 1750 3787 1813 peni-

496 1811 651 1869 dotes
678 1823 858 1872 tamen
892 1820 1152 1877 dicuntur
1203 1825 1480 1885 interdum
1521 1841 1749 1899 peccata
1785 1834 2058 1891 dimittere

2188 1825 2372 1880 tentia:
2391 1804 2650 1896 gemitus.
2684 1827 2780 1884 Vel
2803 1804 3277 1901 dum-plangimus
3305 1804 3459 1902 quod
3488 1804 3636 1889 male
3665 1854 3788 1907 ges-

495 1920 613 1960 non
643 1922 710 1964 ex
741 1925 823 1978 se,
855 1912 949 1967 sed
981 1930 1048 1969 ex
1083 1918 1259 1986 gratia
1290 1919 1347 1973 in
1393 1920 1474 1976 eis
1503 1931 1556 1976 et
1577 1938 1675 1992 per
1704 1941 1801 1980 eos
1825 1939 2084 1997 operante

494 2000 796 2056 secundum
831 2005 1122 2062 arbitrium
1156 2025 1268 2066 non
1295 2027 1511 2079 eorum,
1537 2016 1631 2070 sed
1661 2015 1776 2073 Dei.
1824 2017 1978 2076 Sicut
1998 2032 2082 2078 est

492 2089 626 2146 illud
682 2113 696 2148 :
743 2113 762 2147 ο
812 2095 895 2152 Tu
946 2115 1008 2154 es
1041 2101 1194 2156 solus
1241 2105 1338 2173 qui
1391 2105 1528 2162 facis
1581 2109 1854 2166 mirabilia
1902 2112 2076 2183 (Psal.

491 2183 665 2252 uxr),
700 2203 720 2236 ι
763 2201 888 2241 cum
925 2190 1082 2244 multi
1115 2192 1368 2249 homines
1399 2196 1674 2253 mirabilia
1700 2197 1953 2268 fecerint,
1981 2205 2077 2259 sed

489 2287 600 2328 non
647 2289 714 2328 ex
759 2292 819 2332 se
865 2278 1010 2334 sicut
1043 2280 1210 2338 Deus.
1263 2282 1418 2342 Item.
1468 2306 1486 2338 ι
1542 2285 1718 2344 Nemo
1759 2291 1942 2347 bonus
1970 2293 2077 2349 nisi

487 2362 639 2418 solus
700 2364 846 2426 Deus
893 2369 1087 2439 (Marc.
1132 2374 1287 2444 xvr):
1326 2393 1346 2426 ι
1403 2375 1534 2446 quia
1568 2392 1636 2432 ex
1677 2394 1739 2434 se
1778 2380 1980 2437 bonus.
2011 2383 2074 2439 Et

489 2453 647 2508 multi
689 2456 940 2515 homines
996 2463 1122 2516 boni
1151 2474 1280 2520 sunt
1312 2485 1325 2521 :
1357 2485 1377 2518 ι
1409 2467 1501 2522 sed
1528 2483 1639 2524 non
1667 2485 1735 2525 eo
1757 2473 1922 2528 modo
1963 2491 2075 2546 quo

487 2539 651 2598 Deus.
676 2563 696 2597 ι
723 2544 916 2603 Nullus
939 2549 1105 2622 igitur
1128 2554 1233 2608 nisi
1265 2554 1410 2612 Deus
1436 2567 1616 2627 potest
1640 2560 1810 2616 alium
1836 2539 2068 2621 salva-re.

483 2634 637 2698 Quod
667 2638 886 2706 quidem
937 2640 1160 2711 faceret,
1213 2646 1262 2701 si
1287 2662 1353 2704 ex
1398 2664 1455 2704 se
1490 2661 1713 2718 peccata
1753 2654 2068 2712 dimitteret.

483 2727 637 2792 Quod
680 2729 845 2784 etiam
893 2748 1058 2788 nemo
1105 2747 1304 2804 praeter
1349 2742 1720 2812 nosmetipsos
1747 2747 1923 2815 possit
1966 2766 2071 2806 nos

479 2815 766 2886 damnare,
793 2824 1100 2886 ostenditur
1127 2827 1201 2882 ibi
1233 2848 1246 2882 :
1281 2849 1298 2882 ι
1333 2832 1533 2888 Anima
1574 2851 1696 2890 mea
1724 2838 1780 2893 in
1812 2841 2069 2899 manibus

480 2911 618 3001 meis
644 2927 860 2982 semper
881 2915 1052 2984 (Prol.
1079 2923 1292 2991 cxvm).
1334 2943 1354 2975 ι
1399 2924 1715 2984 Notandum
1747 2932 1894 3001 quod
1940 2936 1985 2990 si
2017 2936 2068 2992 is

476 3000 570 3068 qui
621 3002 736 3056 vult
767 3006 1040 3076 conﬁteri,
1067 3012 1302 3068 articulo
1345 3018 1691 3075 necessitatis
1721 3000 2064 3095 imminente,

2187 1917 2384 1984 simus,
2419 1918 2504 1973 vel
2536 1919 2850 1991 plangimus
2870 1922 3017 1991 quod
3053 1937 3162 1978 non
3196 1924 3420 1995 egimus
3449 1929 3606 1996 quod
3635 1944 3787 1998 agere

2184 2006 2494 2064 debuimus.
2529 2008 2623 2065 Ille
2651 2027 2778 2066 vere
2803 2013 3182 2083 ptenitentiam
3214 2015 3324 2085 agit
3349 2017 3453 2086 qui
3486 2033 3595 2072 nec
3619 2023 3786 2088 p0:th

2183 2107 2298 2156 tere
2340 2103 2614 2171 praeterita
2671 2104 3061 2180 negligit,.nec
3106 2107 3428 2176 ptenitenda
3462 2113 3784 2167 committit.

2181 2191 2288 2259 Qui
2335 2209 2465 2249 vero
2511 2195 2784 2266 lacrymas
2829 2197 3206 2254 indesinenter
3239 2198 3448 2269 fundit,
3496 2216 3557 2258 et
3609 2215 3782 2260 tamen

2185 2299 2414 2354 peccare
2441 2301 2550 2341 non
2578 2288 2780 2343 desinit
2807 2289 2912 2344 hoc
2929 2290 3230 2346 lamentum
3261 2292 3458 2362 habet,
3490 2296 3596 2350 sal
3625 2314 3780 2351 mun—

2178 2378 2454 2435 dationem
2479 2397 2590 2436 non
2623 2383 2804 2451 habet,
2832 2385 2984 2455 quia,
3021 2385 3151 2441 dum
3183 2387 3362 2457 ipsam
3391 2405 3574 2458 quam
3607 2389 3783 2445 ﬂettdo

2178 2472 2472 2542 impetrare
2513 2477 2693 2545 potuit
2735 2478 2952 2534 veniam
3003 2481 3337 2544 contemnit,
3383 2480 3620 2538 ﬂetibus
3669 2485 3782 2539 suis

2177 2567 2444 2622 munditia
2495 2569 2799 2636 subtrahit,
2851 2581 2906 2626 et
2951 2581 3078 2628 ante
3118 2572 3215 2627 Dci
3262 2575 3466 2630 oculos
3525 2578 3782 2633 sordidas

2175 2656 2338 2710 ctiam
2389 2659 2538 2727 ipsas
2580 2660 2852 2732 lacrymas
2900 2661 3050 2718 facit.
3092 2662 3200 2730 Qui
3243 2679 3380 2720 vero
3427 2681 3462 2719 a
3499 2666 3776 2722 desiderio

2173 2748 2374 2802 mentis
2401 2751 2650 2818 quaedam
2683 2751 2814 2806 vitia
2841 2763 3110 2820 resecant,
3130 2753 3262 2808 dum
3295 2755 3352 2808 in
3383 2756 3516 2810 aliis
3541 2760 3780 2826 graviter

2171 2840 2490 2910 perdurant,
2545 2843 2804 2912 pauciora
2848 2846 3067 2915 quidem
3122 2847 3266 2901 mala
3315 2847 3556 2918 diligunt
3609 2866 3773 2919 quam

2171 2931 2346 3000 prius,
2373 2933 2469 2987 sed
2501 2933 2607 2988 nisi
2635 2935 2820 2990 minus
2843 2937 3046 2990 malum
3073 2937 3326 3007 diligant,
3358 2955 3470 2992 non
3501 2940 3645 2992 liunt
3669 2941 3740 2994 mi

2171 3037 2277 3078 nus
2305 3023 2456 3077 mali.
2489 3023 2698 3081 Tantus
2727 3027 2874 3081 enim
2923 3043 3324 3099 nonnunquam
3377 3031 3609 3084 allectus
3640 3033 3772 3084 mali

476 3107 586 3146 non
614 3104 813 3163 potest,
845 3101 993 3170 quod
1015 3101 1066 3155 ei
1089 3103 1428 3162 ministraret
1461 3110 1698 3170 visibilis,
1718 3117 1995 3183 sacerdos,
2017 3119 2063 3174 si
2091 3137 2132 3194 ρ
2168 3122 2252 3169 est
2279 3114 2335 3168 in
2363 3129 2475 3169 uno
2499 3115 2752 3182 crimine,
2776 3129 2833 3172 ut
2857 3117 3031 3188 magis
3051 3118 3253 3174 alienet
3277 3135 3310 3174 a
3337 3118 3564 3172 Domino
3587 3135 3770 3188 quam

475 3181 712 3248 adesset,
766 3187 870 3243 hoc
916 3193 1173 3261 supplere
1215 3211 1326 3251 non
1384 3199 1712 3270 dedignatur
1743 3181 2055 3264 invisibilis.

474 3271 553 3327 De
582 3291 692 3345 quo
729 3278 784 3332 in
831 3278 1218 3341 Ecclesiastico
1251 3307 1263 3341 :
1301 3307 1319 3340 ι
1355 3287 1494 3346 Ecce
1531 3295 1791 3351 sacerdos
1827 3315 2062 3370 magnus

471 3361 645 3436 (Eccl.
699 3373 844 3442 xcv).
883 3393 903 3426 ι
940 3374 1006 3430 Et
1039 3378 1335 3449 Apostolus
1371 3403 1384 3436 :
1449 3404 1472 3439 ι,
1506 3383 1697 3444 Plures
1755 3389 1883 3446 facti
1920 3361 2062 3448 sunt

476 3461 817 3530 sacerdotes,
846 3465 1054 3522 idcirco
1079 3472 1228 3540 quod
1262 3484 1440 3528 morte
1484 3477 1911 3544 prohiberentur
1934 3499 2059 3552 per-

469 3560 696 3603 manere
749 3569 763 3604 :
807 3553 911 3608 hoc
939 3565 1120 3610 autem
1150 3571 1335 3614 manet
1365 3562 1420 3616 in
1459 3573 1748 3634 aeternum,
1797 3572 2056 3626 sacerdo-

467 3637 607 3691 tium
658 3639 868 3697 habens
930 3647 1324 3717 sempiternum
1386 3651 1576 3722 (Hebr.
1607 3659 1725 3725 vn).
1763 3678 1782 3708 ι
1845 3659 2058 3732 Siquis

465 3743 600 3784 vero
621 3746 687 3785 ex
718 3742 1034 3807 contemptu
1067 3740 1152 3795 vel
1183 3756 1250 3796 ex
1288 3745 1614 3816 negligentia
1645 3766 1753 3806 non
1795 3755 2056 3810 confitea-

467 3831 575 3889 tur,
603 3833 822 3882 constat
851 3829 980 3898 quia
1006 3847 1115 3887 non
1145 3833 1308 3890 habet
1332 3852 1516 3894 veram
1551 3842 1735 3898 cordis
1763 3847 2052 3902 contritio-

463 3930 612 3984 nem,
647 3927 701 3974 et
732 3927 846 3975 tum
904 3939 1006 3993 pro
1036 3925 1129 3981 illo
1157 3938 1382 3997 peccato
1412 3934 1556 4002 quod
1600 3950 1708 3990 non
1741 3939 1856 3992 vult
1881 3940 2054 3994 conli-

465 4009 564 4062 teri
588 4024 745 4078 eum,
788 4013 916 4083 quia
942 4015 1194 4075 instituta
1220 4019 1476 4078 Ecclesia:
1500 4024 1742 4096 negligit,
1788 4033 2053 4085 aatcrnali-

459 4109 543 4154 ter
573 4104 883 4171 puniendus
901 4123 1021 4163 esse
1043 4111 1408 4168 convincitur.
1437 4112 1635 4170 Dicunt
1661 4127 1842 4173 autem
1865 4119 1976 4176 Leo
1995 4133 2050 4178 et

457 4190 809 4260 Ambrosius,
853 4195 922 4251 de
956 4203 1316 4259 sacramentis
1345 4214 1400 4259 et
1428 4203 1700 4262 Maximus
1734 4225 1748 4260 :
1787 4228 1806 4260 ι
1845 4209 2048 4283 Lacry-

457 4297 580 4338 mas
602 4283 748 4340 Petri
776 4287 917 4358 lego,
942 4291 1348 4348 confessionem
1375 4312 1484 4349 non
1511 4298 1752 4354 invenio.
1795 4321 1813 4352 δ
1854 4301 2046 4360 Delent

458 4389 590 4444 ergo
636 4375 891 4450 lacrymae
934 4379 1080 4438 Petri
1109 4396 1363 4454 peccata,
1392 4404 1515 4458 qua:
1537 4392 1716 4461 pudor
1745 4406 1830 4450 est
1869 4398 2041 4462 conli-

453 4469 578 4525 teri.

529 4558 635 4616 Sed
683 4564 964 4621 sciendum
994 4570 1123 4638 quia
1171 4571 1531 4629 confessionis
1579 4576 1851 4634 institutio
1897 4597 2038 4637 non-

441 4642 584 4708 'dum
627 4657 969 4728 promulgata
1014 4660 1193 4716 fuerat
1238 4662 1292 4717 in
1337 4664 1612 4733 primitiva
1645 4669 1910 4739 Ecclesia,
1955 4676 2042 4729 vel

450 4744 578 4814 quia
605 4745 800 4804 Petrus
825 4751 1115 4807 confessus
1143 4751 1323 4821 fuerit,
1350 4756 1474 4812 licet
1503 4758 1780 4830 Scriptura
1814 4780 1920 4818 non
1952 4783 2040 4821 re-

448 4836 609 4904 ferat,
661 4841 805 4894 sicut
840 4843 1064 4900 credere
1111 4845 1360 4916 cogimur
1407 4851 1687 4918 apostolos
1736 4854 2037 4924 baptizatos

446 4927 663 4985 fuisse:
695 4933 840 5000 quod
877 4937 1098 5004 quando
1138 4939 1221 4992 vel
1261 4941 1540 5013 quomodo
1585 4942 1789 5000 factum
1823 4947 1894 5002 sit
1925 4965 2034 5004 non

447 5019 702 5090 legimus.
757 5023 1097 5090 Quibusdam
1146 5038 1325 5087 tamen
1372 5033 1590 5090 videtur
1632 5051 1700 5095 ex
1747 5037 2034 5110 dispensa-

349 5123 353 5126 ·
443 5111 595 5165 tione
621 5109 844 5166 Petrum
876 5117 1163 5173 reticuisse
1190 5122 1592 5200 confessionem
1616 5130 1684 5182 de
1718 5109 2029 5201 negatione,

441 5203 574 5270 quia
601 5203 645 5258 si
679 5203 828 5260 hunc
859 5215 1069 5262 tantum
1098 5208 1354 5268 Ecclesiae
1379 5217 1738 5274 architectum
1766 5231 1876 5278 tam
1907 5241 2031 5295 gra-

441 5293 582 5348 viter
621 5295 711 5349 alii
759 5295 940 5353 adhuc
981 5298 1181 5354 infirmi
1211 5305 1488 5362 corruisse
1534 5299 1834 5381 novissent,
1880 5293 2028 5372 mul-

440 5396 556 5439 tum
593 5387 858 5446 adversus
892 5405 1018 5446 eum
1061 5393 1414 5451 scandalizati
1444 5397 1695 5458 fuissent.
1728 5404 1847 5470 Quo
1874 5408 1932 5462 lit
1969 5421 2030 5476 ut

439 5480 645 5534 salubri
677 5481 1106 5554 dispensatione,
1138 5487 1214 5542 ita
1243 5491 1391 5560 quod
1422 5508 1530 5548 non
1557 5504 1842 5564 propterea
1865 5512 2030 5557 aeter-.

438 5573 638 5628 naliter
665 5577 970 5644 partiretur,
1005 5580 1256 5636 reticeret
1285 5583 1485 5654 aliquis
1512 5587 1566 5641 id
1603 5589 1746 5644 unde
1771 5590 1818 5644 ei
1853 5601 2022 5648 testa-

433 5670 590 5718 retur
619 5667 957 5724 conscientia
983 5688 997 5724 :
1022 5671 1166 5741 quod
1195 5674 1241 5728 si
1270 5674 1434 5730 alicui
1465 5677 1689 5745 diceret,
1713 5680 1877 5736 celari
1912 5699 2022 5739 non

440 5767 651 5829 posset;
685 5765 737 5816 et
771 5759 816 5816 si
840 5761 1072 5822 scitetur
1099 5761 1338 5821 Ecclesia
1377 5767 1502 5825 inde
1533 5769 2018 5826 scandalizaretur.

2163 3215 2330 3259 etiam
2378 3205 2570 3260 multa.
2617 3205 2752 3261 Illud
2791 3215 2973 3261 autem
3022 3218 3234 3262 certum
3285 3219 3372 3263 est
3407 3209 3584 3278 quod,
3627 3209 3768 3264 dum

2162 3295 2286 3365 quis
2311 3296 2366 3350 in
2397 3305 2572 3352 morte
2596 3297 2760 3352 unius
2783 3297 3032 3352 criminis
3049 3297 3197 3368 jacet
3223 3298 3278 3352 in
3306 3299 3416 3352 alio
3445 3299 3690 3369 irrigari,
3711 3309 3770 3354 et

2161 3385 2426 3441 vivificari
2450 3402 2561 3441 non
2598 3397 2796 3457 potest,
2827 3398 2886 3442 ut
2919 3405 3147 3459 prorsus
3171 3389 3550 3456 delcatur,sed
3581 3391 3760 3444 inter-

2159 3476 2290 3531 dum
2327 3477 2395 3532 ad
2421 3477 2842 3534 diminutionem
2874 3495 3050 3549 preme
3097 3480 3462 3551 compluitur,
3496 3483 3652 3552 juxta
3690 3482 3760 3535 il-

2158 3565 2250 3620 lud
2279 3568 2559 3636 prophetae
2582 3587 2595 3622 :
2618 3588 2636 3618 ε
2666 3568 2812 3624 Pluit
2842 3569 3110 3627 Dominus
3156 3589 3324 3643 super
3362 3591 3534 3628 unam
3559 3574 3754 3630 civita-

2157 3667 2290 3723 tem,
2320 3667 2374 3713 et
2396 3674 2504 3713 non
2537 3660 2676 3729 pluit
2703 3677 2868 3731 super
2906 3663 3069 3718 aliam
3105 3665 3290 3724 (Amos
3323 3670 3424 3735 tv).
3452 3687 3471 3718 ι
3505 3667 3754 3734 Quorum

2151 3758 2340 3805 autem
2396 3759 2618 3819 peccata
2663 3752 2717 3805 in
2759 3753 2980 3821 publico
3023 3765 3173 3821 sunt,
3224 3756 3277 3810 in
3329 3759 3558 3826 publico
3597 3761 3756 3815 debet

2153 3856 2275 3896 esse
2301 3841 2621 3910 poenitentia
2648 3858 2749 3912 pro
2777 3852 3023 3915 tempora
3055 3863 3177 3917 qua:
3203 3853 3508 3919 episcopus
3540 3853 3756 3907 discer-

2152 3933 2252 3987 nit.
2285 3932 2489 3988 Eorum
2517 3935 2679 3990 etiam
2709 3939 3084 3994 reconciliatio
3111 3941 3165 3994 ir.
3193 3941 3416 4010 publico
3439 3944 3604 4000 debet
3633 3962 3756 4002 esse

2150 4023 2220 4078 ab
2248 4024 2527 4096 episcopo,
2557 4026 2671 4082 sive
2696 4042 2728 4080 a
2751 4029 3108 4101 presbyteris,
3131 4031 3292 4100 jussu
3319 4041 3510 4090 tamen
3537 4038 3755 4105 episco—

2148 4133 2295 4184 rum,
2341 4117 2484 4173 sicut
2517 4133 2759 4175 canones
2801 4119 3048 4176 Africani
3080 4124 3296 4178 concilii
3345 4133 3647 4183 testantur.
3681 4128 3756 4183 De

2146 4205 2252 4261 hac
2275 4208 2478 4277 quippe
2509 4209 2740 4264 solemni
2772 4213 3112 4280 poenitentia,
3134 4224 3191 4269 ut
3212 4216 3288 4269 ait
3307 4217 3664 4288 Augustinus
3686 4221 3750 4274 ad

2147 4295 2550 4367 Macedonium,
2583 4301 2813 4373 intelligi
2843 4312 3060 4372 oportet
3083 4307 3228 4375 quod
3254 4307 3391 4362 dicit
3417 4329 3429 4362 :
3477 4331 3496 4360 ι
3520 4308 3645 4364 Non
3669 4323 3750 4366 est

2146 4390 2303 4444 locus
2350 4391 2604 4446 secundae
2644 4394 3000 4462 poenitentiae.
3035 4414 3058 4447 ›
3091 4395 3360 4462 Quamvis
3400 4415 3540 4471 ergo
3589 4417 3748 4458 caute

2075 4496 2119 4549 ι)
2149 4480 2548 4550 salubriterque
2567 4483 2848 4552 provisum
2866 4485 2955 4551 sit,
2974 4493 3033 4539 ut
3055 4486 3212 4542 locus
3235 4488 3744 4558 hujushumillima:

2140 4573 2474 4640 poenitentiae
2497 4575 2664 4629 semel
2689 4576 2745 4628 in
2774 4573 3020 4632 Ecclesia
3047 4579 3408 4645 concedatur,
3455 4599 3528 4638 ne
3559 4587 3683 4638 med
3699 4588 3743 4638 io

2141 4665 2338 4720 cinalis
2365 4666 2616 4722 minusve
2649 4668 2800 4723 utilis
2826 4678 2972 4725 esset
3016 4673 3258 4742 aegrotis,
3284 4690 3410 4744 qua:
3439 4686 3600 4731 tanto
3627 4695 3742 4734 ma-

2139 4757 2222 4826 gis
2245 4757 2483 4813 salubris
2501 4770 2604 4826 est,
2631 4771 2841 4829 quanto
2869 4762 3054 4818 minus
3076 4767 3514 4836 contemptibilis
3549 4769 3733 4826 fuerit.

2139 4849 2275 4917 Quis
2303 4858 2484 4904 tamen
2512 4851 2709 4906 audeat
2736 4851 2849 4909 Deo
2869 4853 3048 4910 dicere
3076 4874 3090 4910 :
3130 4855 3313 4924 Quare
3337 4859 3469 4916 huic
3499 4862 3736 4929 homini,

2137 4943 2231 5012 qui
2270 4951 2396 5011 post
2443 4943 2678 5012 primam
2734 4947 3114 5016 paenitentiam
3168 4965 3366 5005 rursus
3413 4967 3474 5006 se
3517 4954 3736 5023 laqueis

2136 5033 2439 5103 iniquitatis
2465 5035 2774 5108 obstringit,
2807 5037 2986 5093 adhuc
3012 5038 3210 5093 iterum
3235 5041 3443 5110 parcis?
3471 5040 3610 5108 Quis
3640 5059 3734 5098 au-

2133 5128 2260 5182 deat
2291 5127 2472 5182 dicere
2503 5144 2632 5201 erga
2664 5130 2799 5186 istos
2834 5148 2946 5187 non
2978 5135 3062 5205 agi
3088 5136 3236 5205 quod
3277 5138 3580 5206 Apostolus
3607 5139 3686 5193 ait
3713 5158 3727 5194 :

2139 5238 2158 5270 ο
2187 5219 2410 5289 Ignoras
2435 5221 2563 5291 quia
2590 5223 2853 5292 patientia
2887 5223 2980 5279 Dei
3011 5226 3078 5280 ad
3109 5229 3492 5296 pmnitentiam
3544 5239 3596 5284 te
3628 5231 3727 5284 ad-

2131 5313 2317 5367 ducit?
2342 5310 2516 5383 (Rom.
2544 5321 2630 5385 tt.)
2661 5335 2678 5366 ι
2713 5315 2821 5370 Aut
2848 5318 2913 5372 ad
2941 5317 3078 5373 istos
3117 5335 3228 5374 non
3273 5321 3548 5390 pertinere
3574 5324 3724 5392 quod

2131 5405 2396 5473 scriptum
2443 5415 2566 5460 est:
2618 5425 2636 5457 ι
2665 5406 2816 5464 Beati
2846 5423 3041 5466 omnes
3075 5411 3170 5481 qui
3215 5412 3501 5467 conﬁdunt
3561 5414 3618 5466 in
3659 5429 3727 5467 eo

2131 5493 2308 5563 (Psal.
2343 5496 2428 5566 ll),
2467 5515 2486 5548 ι
2543 5507 2597 5552 et
2646 5499 2792 5568 quod
2842 5500 3075 5556 dicitur:
3114 5501 3402 5558 «Viriliter
3446 5505 3616 5575 agite,
3667 5514 3723 5559 et

2128 5589 2464 5645 confortctur
2482 5606 2577 5645 cor
2600 5603 2863 5662 vestrum,
2887 5610 3183 5667 omnesqut
3204 5613 3251 5667 sl
3274 5598 3437 5652 eratis
3453 5597 3509 5653 in
3530 5598 3719 5654 Domi.

2128 5697 2200 5736 uo
2232 5679 2407 5749 (Psal.
2439 5682 2541 5753 tu).
2578 5703 2596 5734 ›
2630 5681 2802 5754 Cujus
2841 5695 3022 5741 autem
3047 5697 3268 5758 peccata
3302 5691 3519 5744 occulta
3560 5701 3708 5750 sunt.

2125 5779 2179 5836 et
2216 5781 2516 5838 spontanea
2544 5775 2884 5834 confessione
2916 5779 3015 5836 soli
3044 5780 3359 5852 presbytero
3386 5782 3468 5836 vel
3493 5783 3706 5852 episeo-
