  <div class='ocr_page' id='page_1' title='image "/cluster/home/n/w/nwhite01/storage/ocr_20150623/157/hvd.32044010248185/610.png"; bbox 0 0 3976 6356; ppageno 0'>
   <div class='ocr_carea' id='block_1_1' title="bbox 300 329 438 386">
    <p class='ocr_par' dir='ltr' id='par_1_1' title="bbox 300 329 438 386">
     <span class='ocr_line' id='line_1_1' title="bbox 300 329 438 386; baseline 0.029 -4"><span class='ocrx_word' id='word_1_1' title='bbox 300 329 438 386; x_wconf 71' lang='grc' dir='ltr'><strong>Ιέθθ</strong></span> 
     </span>
    </p>
   </div>
   <div class='ocr_carea' id='block_1_2' title="bbox 1196 327 2648 387">
    <p class='ocr_par' dir='ltr' id='par_1_2' title="bbox 1196 327 2648 387">
     <span class='ocr_line' id='line_1_2' title="bbox 1196 327 2648 387; baseline -0.003 -1"><span class='ocrx_word' id='word_1_2' title='bbox 1196 329 1774 387; x_wconf 76' lang='lat' dir='ltr'><strong>DEFLORATIONES</strong></span> <span class='ocrx_word' id='word_1_3' title='bbox 1813 328 1914 386; x_wconf 83' lang='lat' dir='ltr'><strong>SS.</strong></span> <span class='ocrx_word' id='word_1_4' title='bbox 1956 327 2266 385; x_wconf 73' lang='lat' dir='ltr'><strong>PATBUM.</strong></span> <span class='ocrx_word' id='word_1_5' title='bbox 2305 358 2376 369; x_wconf 92' lang='lat'><strong>—</strong></span> <span class='ocrx_word' id='word_1_6' title='bbox 2411 327 2541 384; x_wconf 81' lang='lat' dir='ltr'><strong>LIB.</strong></span> <span class='ocrx_word' id='word_1_7' title='bbox 2584 327 2648 383; x_wconf 88' lang='grc'><strong>11.</strong></span> 
     </span>
    </p>
   </div>
   <div class='ocr_carea' id='block_1_3' title="bbox 3431 329 3574 386">
    <p class='ocr_par' dir='ltr' id='par_1_3' title="bbox 3431 329 3574 386">
     <span class='ocr_line' id='line_1_3' title="bbox 3431 329 3574 386; baseline 0 0"><span class='ocrx_word' id='word_1_8' title='bbox 3431 329 3574 386; x_wconf 71' lang='grc' dir='ltr'><strong>12η)</strong></span> 
     </span>
    </p>
   </div>
   <div class='ocr_carea' id='block_1_4' title="bbox 296 442 3568 519">
    <p class='ocr_par' dir='ltr' id='par_1_4' title="bbox 296 442 3568 519">
     <span class='ocr_line' id='line_1_4' title="bbox 296 442 3568 519; baseline 0.001 -21"><span class='ocrx_word' id='word_1_9' title='bbox 296 463 366 519; x_wconf 80' lang='lat' dir='ltr'><strong>po</strong></span> <span class='ocrx_word' id='word_1_10' title='bbox 400 444 886 513; x_wconf 87' lang='lat' dir='ltr'><strong>revelata,occulta</strong></span> <span class='ocrx_word' id='word_1_11' title='bbox 915 446 1076 503; x_wconf 92' lang='lat' dir='ltr'><strong>debet</strong></span> <span class='ocrx_word' id='word_1_12' title='bbox 1100 461 1226 502; x_wconf 90' lang='lat' dir='ltr'><strong>esse</strong></span> <span class='ocrx_word' id='word_1_13' title='bbox 1259 445 1599 516; x_wconf 69' lang='lat' dir='ltr'><strong>paenitentia,</strong></span> <span class='ocrx_word' id='word_1_14' title='bbox 1629 461 1698 500; x_wconf 90' lang='lat' dir='ltr'><strong>ne</strong></span> <span class='ocrx_word' id='word_1_15' title='bbox 1734 443 1880 498; x_wconf 86' lang='lat' dir='ltr'><strong>inﬂr—</strong></span> <span class='ocrx_word' id='word_1_16' title='bbox 1906 454 1953 510; x_wconf 76' lang='grc' dir='ltr'>Α</span> <span class='ocrx_word' id='word_1_17' title='bbox 1980 442 2111 514; x_wconf 88' lang='lat' dir='ltr'><strong>quia</strong></span> <span class='ocrx_word' id='word_1_18' title='bbox 2141 442 2250 498; x_wconf 93' lang='lat' dir='ltr'><strong>cito</strong></span> <span class='ocrx_word' id='word_1_19' title='bbox 2276 451 2591 507; x_wconf 88' lang='lat' dir='ltr'><strong>transeunt;</strong></span> <span class='ocrx_word' id='word_1_20' title='bbox 2623 457 2747 512; x_wconf 65' lang='lat' dir='ltr'><strong>quae</strong></span> <span class='ocrx_word' id='word_1_21' title='bbox 2784 451 2970 498; x_wconf 89' lang='lat' dir='ltr'><strong>autem</strong></span> <span class='ocrx_word' id='word_1_22' title='bbox 2995 457 3099 498; x_wconf 80' lang='lat' dir='ltr'><strong>nos</strong></span> <span class='ocrx_word' id='word_1_23' title='bbox 3145 455 3337 499; x_wconf 85' lang='lat' dir='ltr'><strong>contra</strong></span> <span class='ocrx_word' id='word_1_24' title='bbox 3396 444 3568 501; x_wconf 86' lang='lat' dir='ltr'><strong>Deum</strong></span> 
     </span>
    </p>
   </div>
   <div class='ocr_carea' id='block_1_5' title="bbox 298 537 1881 608">
    <p class='ocr_par' dir='ltr' id='par_1_5' title="bbox 298 537 1881 608">
     <span class='ocr_line' id='line_1_5' title="bbox 298 537 1881 608; baseline -0.001 -15"><span class='ocrx_word' id='word_1_25' title='bbox 298 540 371 593; x_wconf 87' lang='lat' dir='ltr'><strong>mi</strong></span> <span class='ocrx_word' id='word_1_26' title='bbox 425 539 479 592; x_wconf 89' lang='lat' dir='ltr'><strong>in</strong></span> <span class='ocrx_word' id='word_1_27' title='bbox 549 537 791 595; x_wconf 83' lang='lat' dir='ltr'><strong>Ecclesia</strong></span> <span class='ocrx_word' id='word_1_28' title='bbox 843 539 1323 608; x_wconf 78' lang='lat' dir='ltr'><strong>scandalizentur,</strong></span> <span class='ocrx_word' id='word_1_29' title='bbox 1395 537 1639 594; x_wconf 74' lang='lat' dir='ltr'><strong>videntes</strong></span> <span class='ocrx_word' id='word_1_30' title='bbox 1689 552 1881 607; x_wconf 59' lang='lat' dir='ltr'><strong>paruas</strong></span> 
     </span>
    </p>
   </div>
   <div class='ocr_carea' id='block_1_6' title="bbox 296 627 1883 702">
    <p class='ocr_par' dir='ltr' id='par_1_6' title="bbox 296 627 1883 702">
     <span class='ocr_line' id='line_1_6' title="bbox 296 627 1883 702; baseline -0.001 -19"><span class='ocrx_word' id='word_1_31' title='bbox 296 645 488 683; x_wconf 88' lang='lat' dir='ltr'><strong>eorum</strong></span> <span class='ocrx_word' id='word_1_32' title='bbox 515 644 749 698; x_wconf 88' lang='lat' dir='ltr'><strong>quorum</strong></span> <span class='ocrx_word' id='word_1_33' title='bbox 782 631 1023 700; x_wconf 71' lang='lat' dir='ltr'><strong>ptenitus</strong></span> <span class='ocrx_word' id='word_1_34' title='bbox 1061 631 1318 702; x_wconf 85' lang='lat' dir='ltr'><strong>ignorant</strong></span> <span class='ocrx_word' id='word_1_35' title='bbox 1354 645 1572 685; x_wconf 78' lang='lat' dir='ltr'><strong>causas.</strong></span> <span class='ocrx_word' id='word_1_36' title='bbox 1605 627 1672 682; x_wconf 88' lang='lat' dir='ltr'><strong>Et</strong></span> <span class='ocrx_word' id='word_1_37' title='bbox 1701 629 1883 683; x_wconf 89' lang='lat' dir='ltr'><strong>scicn-</strong></span> 
     </span>
    </p>
   </div>
   <div class='ocr_carea' id='block_1_7' title="bbox 295 719 1879 790">
    <p class='ocr_par' dir='ltr' id='par_1_7' title="bbox 295 719 1879 790">
     <span class='ocr_line' id='line_1_7' title="bbox 295 719 1879 790; baseline 0.001 -18"><span class='ocrx_word' id='word_1_38' title='bbox 295 719 425 773; x_wconf 93' lang='lat' dir='ltr'><strong>dum</strong></span> <span class='ocrx_word' id='word_1_39' title='bbox 449 719 578 789; x_wconf 85' lang='lat' dir='ltr'><strong>quia</strong></span> <span class='ocrx_word' id='word_1_40' title='bbox 612 720 864 776; x_wconf 75' lang='lat' dir='ltr'><strong>similiter</strong></span> <span class='ocrx_word' id='word_1_41' title='bbox 892 721 1252 777; x_wconf 84' lang='lat' dir='ltr'><strong>circumvenit</strong></span> <span class='ocrx_word' id='word_1_42' title='bbox 1282 719 1516 775; x_wconf 81' lang='lat' dir='ltr'><strong>Satanas</strong></span> <span class='ocrx_word' id='word_1_43' title='bbox 1543 735 1638 790; x_wconf 90' lang='lat' dir='ltr'><strong>per</strong></span> <span class='ocrx_word' id='word_1_44' title='bbox 1654 719 1879 774; x_wconf 88' lang='lat' dir='ltr'><strong>nimiam</strong></span> 
     </span>
    </p>
   </div>
   <div class='ocr_carea' id='block_1_8' title="bbox 295 811 1881 885">
    <p class='ocr_par' dir='ltr' id='par_1_8' title="bbox 295 811 1881 885">
     <span class='ocr_line' id='line_1_8' title="bbox 295 811 1881 885; baseline 0 -19"><span class='ocrx_word' id='word_1_45' title='bbox 295 812 576 879; x_wconf 86' lang='lat' dir='ltr'><strong>duritiam,</strong></span> <span class='ocrx_word' id='word_1_46' title='bbox 593 821 651 867; x_wconf 89' lang='lat' dir='ltr'><strong>ut</strong></span> <span class='ocrx_word' id='word_1_47' title='bbox 666 822 980 883; x_wconf 87' lang='lat' dir='ltr'><strong>peccatores</strong></span> <span class='ocrx_word' id='word_1_48' title='bbox 991 823 1213 885; x_wconf 85' lang='lat' dir='ltr'><strong>pereant</strong></span> <span class='ocrx_word' id='word_1_49' title='bbox 1227 813 1587 884; x_wconf 87' lang='lat' dir='ltr'><strong>desperando.</strong></span> <span class='ocrx_word' id='word_1_50' title='bbox 1605 811 1881 884; x_wconf 88' lang='lat' dir='ltr'><strong>quomodo</strong></span> 
     </span>
    </p>
   </div>
   <div class='ocr_carea' id='block_1_9' title="bbox 296 900 1876 974">
    <p class='ocr_par' dir='ltr' id='par_1_9' title="bbox 296 900 1876 974">
     <span class='ocr_line' id='line_1_9' title="bbox 296 900 1876 974; baseline 0.002 -21"><span class='ocrx_word' id='word_1_51' title='bbox 296 900 351 954; x_wconf 92' lang='lat' dir='ltr'><strong>in</strong></span> <span class='ocrx_word' id='word_1_52' title='bbox 395 901 562 955; x_wconf 90' lang='lat' dir='ltr'><strong>nimia</strong></span> <span class='ocrx_word' id='word_1_53' title='bbox 614 903 938 959; x_wconf 85' lang='lat' dir='ltr'><strong>remissione</strong></span> <span class='ocrx_word' id='word_1_54' title='bbox 980 903 1325 974; x_wconf 79' lang='lat' dir='ltr'><strong>corrigendo.</strong></span> <span class='ocrx_word' id='word_1_55' title='bbox 1374 901 1529 957; x_wconf 86' lang='lat' dir='ltr'><strong>Unde</strong></span> <span class='ocrx_word' id='word_1_56' title='bbox 1573 901 1876 956; x_wconf 87' lang='lat' dir='ltr'><strong>Salomon:</strong></span> 
     </span>
    </p>
   </div>
   <div class='ocr_carea' id='block_1_10' title="bbox 301 991 1878 1066">
    <p class='ocr_par' dir='ltr' id='par_1_10' title="bbox 301 991 1878 1066">
     <span class='ocr_line' id='line_1_10' title="bbox 301 991 1878 1066; baseline 0.002 -22"><span class='ocrx_word' id='word_1_57' title='bbox 301 1012 319 1044; x_wconf 76' lang='grc' dir='ltr'>ι</span> <span class='ocrx_word' id='word_1_58' title='bbox 351 991 473 1047; x_wconf 82' lang='lat' dir='ltr'><strong>Non</strong></span> <span class='ocrx_word' id='word_1_59' title='bbox 521 993 759 1050; x_wconf 87' lang='lat' dir='ltr'><strong>declines</strong></span> <span class='ocrx_word' id='word_1_60' title='bbox 809 995 879 1051; x_wconf 90' lang='lat' dir='ltr'><strong>ad</strong></span> <span class='ocrx_word' id='word_1_61' title='bbox 925 996 1207 1052; x_wconf 80' lang='lat' dir='ltr'><strong>dexteram</strong></span> <span class='ocrx_word' id='word_1_62' title='bbox 1254 1010 1432 1066; x_wconf 89' lang='lat' dir='ltr'><strong>neque</strong></span> <span class='ocrx_word' id='word_1_63' title='bbox 1481 995 1548 1048; x_wconf 89' lang='lat' dir='ltr'><strong>ad</strong></span> <span class='ocrx_word' id='word_1_64' title='bbox 1597 994 1878 1050; x_wconf 89' lang='lat' dir='ltr'><strong>sinistram</strong></span> 
     </span>
    </p>
   </div>
   <div class='ocr_carea' id='block_1_11' title="bbox 295 1082 659 1155">
    <p class='ocr_par' dir='ltr' id='par_1_11' title="bbox 295 1082 659 1155">
     <span class='ocr_line' id='line_1_11' title="bbox 295 1082 659 1155; baseline 0.008 -20"><span class='ocrx_word' id='word_1_65' title='bbox 295 1082 477 1153; x_wconf 80' lang='lat' dir='ltr'><strong>(Prov.</strong></span> <span class='ocrx_word' id='word_1_66' title='bbox 507 1083 606 1155; x_wconf 80' lang='lat' dir='ltr'><strong>tv).</strong></span> <span class='ocrx_word' id='word_1_67' title='bbox 638 1103 659 1138; x_wconf 73' lang='grc' dir='ltr'><strong><em>ι</em></strong></span> 
     </span>
    </p>
   </div>
   <div class='ocr_carea' id='block_1_12' title="bbox 297 1173 1873 1249">
    <p class='ocr_par' dir='ltr' id='par_1_12' title="bbox 297 1173 1873 1249">
     <span class='ocr_line' id='line_1_12' title="bbox 297 1173 1873 1249; baseline 0.001 -22"><span class='ocrx_word' id='word_1_68' title='bbox 297 1173 580 1246; x_wconf 78' lang='lat' dir='ltr'><strong>Expositio</strong></span> <span class='ocrx_word' id='word_1_69' title='bbox 605 1178 862 1249; x_wconf 79' lang='lat' dir='ltr'><strong>evangelii</strong></span> <span class='ocrx_word' id='word_1_70' title='bbox 885 1195 903 1234; x_wconf 90' lang='lat'><em>:</em></span> <span class='ocrx_word' id='word_1_71' title='bbox 939 1196 957 1231; x_wconf 73' lang='grc' dir='ltr'><strong><em>ι</em></strong></span> <span class='ocrx_word' id='word_1_72' title='bbox 992 1175 1180 1233; x_wconf 88' lang='lat' dir='ltr'><strong>Simile</strong></span> <span class='ocrx_word' id='word_1_73' title='bbox 1203 1186 1279 1232; x_wconf 77' lang='lat' dir='ltr'><strong>est</strong></span> <span class='ocrx_word' id='word_1_74' title='bbox 1309 1192 1525 1246; x_wconf 85' lang='lat' dir='ltr'><strong>regnum</strong></span> <span class='ocrx_word' id='word_1_75' title='bbox 1550 1175 1820 1231; x_wconf 61' lang='lat' dir='ltr'><strong>caelorum.</strong></span> <span class='ocrx_word' id='word_1_76' title='bbox 1853 1196 1873 1228; x_wconf 71' lang='grc' dir='ltr'><strong><em>ι</em></strong></span> 
     </span>
    </p>
   </div>
   <div class='ocr_carea' id='block_1_13' title="bbox 371 1267 1878 1340">
    <p class='ocr_par' dir='ltr' id='par_1_13' title="bbox 371 1267 1878 1340">
     <span class='ocr_line' id='line_1_13' title="bbox 371 1267 1878 1340; baseline 0 -18"><span class='ocrx_word' id='word_1_77' title='bbox 371 1287 389 1321; x_wconf 70' lang='grc' dir='ltr'><strong>ε</strong></span> <span class='ocrx_word' id='word_1_78' title='bbox 420 1267 568 1323; x_wconf 87' lang='lat' dir='ltr'><strong>Beati</strong></span> <span class='ocrx_word' id='word_1_79' title='bbox 593 1271 688 1340; x_wconf 89' lang='lat' dir='ltr'><strong>qui</strong></span> <span class='ocrx_word' id='word_1_80' title='bbox 720 1269 1349 1340; x_wconf 89' lang='lat' dir='ltr'><strong>custodiuntjudicium,</strong></span> <span class='ocrx_word' id='word_1_81' title='bbox 1378 1278 1434 1323; x_wconf 90' lang='lat' dir='ltr'><strong>et</strong></span> <span class='ocrx_word' id='word_1_82' title='bbox 1468 1267 1678 1324; x_wconf 91' lang='lat' dir='ltr'><strong>faciunt</strong></span> <span class='ocrx_word' id='word_1_83' title='bbox 1711 1269 1878 1338; x_wconf 90' lang='lat' dir='ltr'><strong>justi-</strong></span> 
     </span>
    </p>
   </div>
   <div class='ocr_carea' id='block_1_14' title="bbox 292 1357 1874 1430">
    <p class='ocr_par' dir='ltr' id='par_1_14' title="bbox 292 1357 1874 1430">
     <span class='ocr_line' id='line_1_14' title="bbox 292 1357 1874 1430; baseline 0.001 -18"><span class='ocrx_word' id='word_1_84' title='bbox 292 1357 425 1412; x_wconf 88' lang='lat' dir='ltr'><strong>tiam</strong></span> <span class='ocrx_word' id='word_1_85' title='bbox 446 1358 500 1412; x_wconf 90' lang='lat' dir='ltr'><strong>in</strong></span> <span class='ocrx_word' id='word_1_86' title='bbox 526 1359 674 1413; x_wconf 88' lang='lat' dir='ltr'><strong>omni</strong></span> <span class='ocrx_word' id='word_1_87' title='bbox 705 1368 946 1430; x_wconf 91' lang='lat' dir='ltr'><strong>tempore</strong></span> <span class='ocrx_word' id='word_1_88' title='bbox 961 1359 1138 1428; x_wconf 82' lang='lat' dir='ltr'><strong>(Psal.</strong></span> <span class='ocrx_word' id='word_1_89' title='bbox 1163 1360 1273 1428; x_wconf 90' lang='lat' dir='ltr'><strong>cv).</strong></span> <span class='ocrx_word' id='word_1_90' title='bbox 1305 1378 1325 1411; x_wconf 67' lang='grc' dir='ltr'><strong>ο</strong></span> <span class='ocrx_word' id='word_1_91' title='bbox 1353 1358 1473 1414; x_wconf 90' lang='lat' dir='ltr'><strong>Duo</strong></span> <span class='ocrx_word' id='word_1_92' title='bbox 1495 1371 1624 1415; x_wconf 89' lang='lat' dir='ltr'><strong>sunt</strong></span> <span class='ocrx_word' id='word_1_93' title='bbox 1639 1359 1874 1428; x_wconf 88' lang='lat' dir='ltr'><strong>judicia:</strong></span> 
     </span>
    </p>
   </div>
   <div class='ocr_carea' id='block_1_15' title="bbox 297 1447 1877 1521">
    <p class='ocr_par' dir='ltr' id='par_1_15' title="bbox 297 1447 1877 1521">
     <span class='ocr_line' id='line_1_15' title="bbox 297 1447 1877 1521; baseline 0.001 -19"><span class='ocrx_word' id='word_1_94' title='bbox 297 1447 474 1503; x_wconf 87' lang='lat' dir='ltr'><strong>Unum</strong></span> <span class='ocrx_word' id='word_1_95' title='bbox 512 1450 659 1520; x_wconf 92' lang='lat' dir='ltr'><strong>quod</strong></span> <span class='ocrx_word' id='word_1_96' title='bbox 690 1450 780 1506; x_wconf 92' lang='lat' dir='ltr'><strong>hic</strong></span> <span class='ocrx_word' id='word_1_97' title='bbox 820 1467 916 1520; x_wconf 89' lang='lat' dir='ltr'><strong>per</strong></span> <span class='ocrx_word' id='word_1_98' title='bbox 961 1451 1177 1521; x_wconf 89' lang='lat' dir='ltr'><strong>judices</strong></span> <span class='ocrx_word' id='word_1_99' title='bbox 1207 1449 1412 1506; x_wconf 90' lang='lat' dir='ltr'><strong>Christi</strong></span> <span class='ocrx_word' id='word_1_100' title='bbox 1444 1451 1681 1506; x_wconf 90' lang='lat' dir='ltr'><strong>vicarios</strong></span> <span class='ocrx_word' id='word_1_101' title='bbox 1720 1467 1877 1506; x_wconf 84' lang='lat' dir='ltr'><strong>exer-</strong></span> 
     </span>
    </p>
   </div>
   <div class='ocr_carea' id='block_1_16' title="bbox 291 1541 1878 1612">
    <p class='ocr_par' dir='ltr' id='par_1_16' title="bbox 291 1541 1878 1612">
     <span class='ocr_line' id='line_1_16' title="bbox 291 1541 1878 1612; baseline 0 -16"><span class='ocrx_word' id='word_1_102' title='bbox 291 1549 473 1607; x_wconf 90' lang='lat' dir='ltr'><strong>cetur;</strong></span> <span class='ocrx_word' id='word_1_103' title='bbox 503 1541 650 1596; x_wconf 89' lang='lat' dir='ltr'><strong>aliud</strong></span> <span class='ocrx_word' id='word_1_104' title='bbox 695 1542 922 1612; x_wconf 88' lang='lat' dir='ltr'><strong>quodin</strong></span> <span class='ocrx_word' id='word_1_105' title='bbox 964 1543 1280 1598; x_wconf 85' lang='lat' dir='ltr'><strong>novissimis</strong></span> <span class='ocrx_word' id='word_1_106' title='bbox 1311 1557 1408 1612; x_wconf 86' lang='lat' dir='ltr'><strong>per</strong></span> <span class='ocrx_word' id='word_1_107' title='bbox 1449 1541 1753 1608; x_wconf 87' lang='lat' dir='ltr'><strong>Christum,</strong></span> <span class='ocrx_word' id='word_1_108' title='bbox 1782 1542 1878 1612; x_wconf 90' lang='lat' dir='ltr'><strong>qui</strong></span> 
     </span>
    </p>
   </div>
   <div class='ocr_carea' id='block_1_17' title="bbox 287 1633 1880 1706">
    <p class='ocr_par' dir='ltr' id='par_1_17' title="bbox 287 1633 1880 1706">
     <span class='ocr_line' id='line_1_17' title="bbox 287 1633 1880 1706; baseline 0.001 -19"><span class='ocrx_word' id='word_1_109' title='bbox 287 1650 318 1687; x_wconf 91' lang='lat' dir='ltr'><strong>a</strong></span> <span class='ocrx_word' id='word_1_110' title='bbox 354 1633 589 1689; x_wconf 91' lang='lat' dir='ltr'><strong>Domino</strong></span> <span class='ocrx_word' id='word_1_111' title='bbox 635 1637 968 1690; x_wconf 89' lang='lat' dir='ltr'><strong>constitutus</strong></span> <span class='ocrx_word' id='word_1_112' title='bbox 1011 1643 1094 1690; x_wconf 90' lang='lat' dir='ltr'><strong>est</strong></span> <span class='ocrx_word' id='word_1_113' title='bbox 1118 1635 1288 1706; x_wconf 78' lang='lat' dir='ltr'><strong>judex</strong></span> <span class='ocrx_word' id='word_1_114' title='bbox 1330 1635 1581 1689; x_wconf 88' lang='lat' dir='ltr'><strong>vivorum</strong></span> <span class='ocrx_word' id='word_1_115' title='bbox 1633 1642 1688 1688; x_wconf 90' lang='lat' dir='ltr'><strong>et</strong></span> <span class='ocrx_word' id='word_1_116' title='bbox 1740 1651 1880 1688; x_wconf 86' lang='lat' dir='ltr'><strong>mor-</strong></span> 
     </span>
    </p>
   </div>
   <div class='ocr_carea' id='block_1_18' title="bbox 285 1726 1876 1796">
    <p class='ocr_par' dir='ltr' id='par_1_18' title="bbox 285 1726 1876 1796">
     <span class='ocr_line' id='line_1_18' title="bbox 285 1726 1876 1796; baseline 0.001 -17"><span class='ocrx_word' id='word_1_117' title='bbox 285 1735 530 1793; x_wconf 88' lang='lat' dir='ltr'><strong>tuorum,</strong></span> <span class='ocrx_word' id='word_1_118' title='bbox 558 1727 869 1782; x_wconf 78' lang='lat' dir='ltr'><strong>exhibetur.</strong></span> <span class='ocrx_word' id='word_1_119' title='bbox 917 1726 1012 1782; x_wconf 87' lang='lat' dir='ltr'><strong>Est</strong></span> <span class='ocrx_word' id='word_1_120' title='bbox 1060 1735 1242 1782; x_wconf 89' lang='lat' dir='ltr'><strong>autem</strong></span> <span class='ocrx_word' id='word_1_121' title='bbox 1309 1726 1578 1796; x_wconf 87' lang='lat' dir='ltr'><strong>judicium</strong></span> <span class='ocrx_word' id='word_1_122' title='bbox 1640 1727 1814 1781; x_wconf 88' lang='lat' dir='ltr'><strong>bonos</strong></span> <span class='ocrx_word' id='word_1_123' title='bbox 1845 1743 1876 1780; x_wconf 91' lang='lat' dir='ltr'><strong>a</strong></span> 
     </span>
    </p>
   </div>
   <div class='ocr_carea' id='block_1_19' title="bbox 1984 533 3566 607">
    <p class='ocr_par' dir='ltr' id='par_1_19' title="bbox 1984 533 3566 607">
     <span class='ocr_line' id='line_1_19' title="bbox 1984 533 3566 607; baseline 0.004 -20"><span class='ocrx_word' id='word_1_124' title='bbox 1984 533 2220 589; x_wconf 79' lang='lat' dir='ltr'><strong>facimus</strong></span> <span class='ocrx_word' id='word_1_125' title='bbox 2273 534 2431 589; x_wconf 84' lang='lat' dir='ltr'><strong>valde</strong></span> <span class='ocrx_word' id='word_1_126' title='bbox 2476 534 2658 604; x_wconf 83' lang='lat' dir='ltr'><strong>gravia</strong></span> <span class='ocrx_word' id='word_1_127' title='bbox 2710 546 2858 601; x_wconf 90' lang='lat' dir='ltr'><strong>sunt,</strong></span> <span class='ocrx_word' id='word_1_128' title='bbox 2889 536 3018 607; x_wconf 91' lang='lat' dir='ltr'><strong>quia</strong></span> <span class='ocrx_word' id='word_1_129' title='bbox 3069 551 3172 592; x_wconf 91' lang='lat' dir='ltr'><strong>nos</strong></span> <span class='ocrx_word' id='word_1_130' title='bbox 3200 537 3254 591; x_wconf 92' lang='lat' dir='ltr'><strong>in</strong></span> <span class='ocrx_word' id='word_1_131' title='bbox 3287 538 3566 594; x_wconf 89' lang='lat' dir='ltr'><strong>interitum</strong></span> 
     </span>
    </p>
   </div>
   <div class='ocr_carea' id='block_1_20' title="bbox 1983 624 3570 696">
    <p class='ocr_par' dir='ltr' id='par_1_20' title="bbox 1983 624 3570 696">
     <span class='ocr_line' id='line_1_20' title="bbox 1983 624 3570 696; baseline 0.004 -16"><span class='ocrx_word' id='word_1_132' title='bbox 1983 634 2256 696; x_wconf 80' lang='lat' dir='ltr'><strong>mergunt.</strong></span> <span class='ocrx_word' id='word_1_133' title='bbox 2292 624 2445 680; x_wconf 92' lang='lat' dir='ltr'><strong>Unde</strong></span> <span class='ocrx_word' id='word_1_134' title='bbox 2493 627 2733 682; x_wconf 65' lang='lat' dir='ltr'><strong>caelestis</strong></span> <span class='ocrx_word' id='word_1_135' title='bbox 2760 628 3126 684; x_wconf 89' lang='lat' dir='ltr'><strong>scholasticus</strong></span> <span class='ocrx_word' id='word_1_136' title='bbox 3155 645 3256 684; x_wconf 86' lang='lat' dir='ltr'><strong>nos</strong></span> <span class='ocrx_word' id='word_1_137' title='bbox 3295 630 3480 686; x_wconf 89' lang='lat' dir='ltr'><strong>docuit</strong></span> <span class='ocrx_word' id='word_1_138' title='bbox 3512 642 3570 686; x_wconf 89' lang='lat' dir='ltr'><strong>ut</strong></span> 
     </span>
    </p>
   </div>
   <div class='ocr_carea' id='block_1_21' title="bbox 1983 719 3568 790">
    <p class='ocr_par' dir='ltr' id='par_1_21' title="bbox 1983 719 3568 790">
     <span class='ocr_line' id='line_1_21' title="bbox 1983 719 3568 790; baseline 0.003 -16"><span class='ocrx_word' id='word_1_139' title='bbox 1983 719 2352 775; x_wconf 83' lang='lat' dir='ltr'><strong>conditionem</strong></span> <span class='ocrx_word' id='word_1_140' title='bbox 2377 735 2500 775; x_wconf 88' lang='lat' dir='ltr'><strong>cum</strong></span> <span class='ocrx_word' id='word_1_141' title='bbox 2530 720 2716 790; x_wconf 87' lang='lat' dir='ltr'><strong>judice</strong></span> <span class='ocrx_word' id='word_1_142' title='bbox 2747 719 3037 788; x_wconf 79' lang='lat' dir='ltr'><strong>faciamus,</strong></span> <span class='ocrx_word' id='word_1_143' title='bbox 3069 732 3130 777; x_wconf 92' lang='lat' dir='ltr'><strong>ut</strong></span> <span class='ocrx_word' id='word_1_144' title='bbox 3159 723 3372 778; x_wconf 75' lang='lat' dir='ltr'><strong>scilicet</strong></span> <span class='ocrx_word' id='word_1_145' title='bbox 3406 725 3568 780; x_wconf 77' lang='lat' dir='ltr'><strong>nobis</strong></span> 
     </span>
    </p>
   </div>
   <div class='ocr_carea' id='block_1_22' title="bbox 1982 809 3568 882">
    <p class='ocr_par' dir='ltr' id='par_1_22' title="bbox 1982 809 3568 882">
     <span class='ocr_line' id='line_1_22' title="bbox 1982 809 3568 882; baseline 0.004 -17"><span class='ocrx_word' id='word_1_146' title='bbox 1982 809 2162 866; x_wconf 90' lang='lat' dir='ltr'><strong>debita</strong></span> <span class='ocrx_word' id='word_1_147' title='bbox 2187 821 2372 866; x_wconf 91' lang='lat' dir='ltr'><strong>nostra</strong></span> <span class='ocrx_word' id='word_1_148' title='bbox 2403 813 2483 867; x_wconf 93' lang='lat' dir='ltr'><strong>sic</strong></span> <span class='ocrx_word' id='word_1_149' title='bbox 2509 812 2706 866; x_wconf 91' lang='lat' dir='ltr'><strong>dimitti</strong></span> <span class='ocrx_word' id='word_1_150' title='bbox 2733 823 3002 882; x_wconf 87' lang='lat' dir='ltr'><strong>petamus,</strong></span> <span class='ocrx_word' id='word_1_151' title='bbox 3035 815 3178 870; x_wconf 87' lang='lat' dir='ltr'><strong>sicut</strong></span> <span class='ocrx_word' id='word_1_152' title='bbox 3224 831 3327 870; x_wconf 89' lang='lat' dir='ltr'><strong>nos</strong></span> <span class='ocrx_word' id='word_1_153' title='bbox 3351 816 3568 871; x_wconf 85' lang='lat' dir='ltr'><strong>debito-</strong></span> 
     </span>
    </p>
   </div>
   <div class='ocr_carea' id='block_1_23' title="bbox 1982 901 3568 976">
    <p class='ocr_par' dir='ltr' id='par_1_23' title="bbox 1982 901 3568 976">
     <span class='ocr_line' id='line_1_23' title="bbox 1982 901 3568 976; baseline 0.004 -20"><span class='ocrx_word' id='word_1_154' title='bbox 1982 901 2136 956; x_wconf 85' lang='lat' dir='ltr'><strong>ribus</strong></span> <span class='ocrx_word' id='word_1_155' title='bbox 2160 903 2363 958; x_wconf 92' lang='lat' dir='ltr'><strong>nostris</strong></span> <span class='ocrx_word' id='word_1_156' title='bbox 2392 904 2703 959; x_wconf 80' lang='lat' dir='ltr'><strong>relaxamus</strong></span> <span class='ocrx_word' id='word_1_157' title='bbox 2735 905 2956 975; x_wconf 81' lang='lat' dir='ltr'><strong>(Matth.</strong></span> <span class='ocrx_word' id='word_1_158' title='bbox 2986 907 3085 976; x_wconf 76' lang='lat' dir='ltr'><strong>vr).</strong></span> <span class='ocrx_word' id='word_1_159' title='bbox 3118 906 3185 960; x_wconf 89' lang='lat' dir='ltr'><strong>Et</strong></span> <span class='ocrx_word' id='word_1_160' title='bbox 3209 906 3372 962; x_wconf 85' lang='lat' dir='ltr'><strong>Petro</strong></span> <span class='ocrx_word' id='word_1_161' title='bbox 3397 907 3568 962; x_wconf 87' lang='lat' dir='ltr'><strong>inter-</strong></span> 
     </span>
    </p>
   </div>
   <div class='ocr_carea' id='block_1_24' title="bbox 1980 995 3562 1066">
    <p class='ocr_par' dir='ltr' id='par_1_24' title="bbox 1980 995 3562 1066">
     <span class='ocr_line' id='line_1_24' title="bbox 1980 995 3562 1066; baseline 0.004 -18"><span class='ocrx_word' id='word_1_162' title='bbox 1980 1003 2210 1064; x_wconf 79' lang='lat' dir='ltr'><strong>rogante</strong></span> <span class='ocrx_word' id='word_1_163' title='bbox 2271 995 2489 1065; x_wconf 91' lang='lat' dir='ltr'><strong>quoties</strong></span> <span class='ocrx_word' id='word_1_164' title='bbox 2540 996 2694 1050; x_wconf 78' lang='lat' dir='ltr'><strong>fratri</strong></span> <span class='ocrx_word' id='word_1_165' title='bbox 2725 997 2932 1066; x_wconf 87' lang='lat' dir='ltr'><strong>peccati</strong></span> <span class='ocrx_word' id='word_1_166' title='bbox 2982 1006 3129 1054; x_wconf 89' lang='lat' dir='ltr'><strong>esset</strong></span> <span class='ocrx_word' id='word_1_167' title='bbox 3175 999 3562 1055; x_wconf 89' lang='lat' dir='ltr'><strong>dimittendum</strong></span> 
     </span>
    </p>
   </div>
   <div class='ocr_carea' id='block_1_25' title="bbox 1981 1086 3562 1161">
    <p class='ocr_par' dir='ltr' id='par_1_25' title="bbox 1981 1086 3562 1161">
     <span class='ocr_line' id='line_1_25' title="bbox 1981 1086 3562 1161; baseline 0.004 -20"><span class='ocrx_word' id='word_1_168' title='bbox 1981 1086 2029 1141; x_wconf 92' lang='lat' dir='ltr'><strong>si</strong></span> <span class='ocrx_word' id='word_1_169' title='bbox 2061 1102 2235 1157; x_wconf 91' lang='lat' dir='ltr'><strong>usque</strong></span> <span class='ocrx_word' id='word_1_170' title='bbox 2255 1089 2475 1158; x_wconf 86' lang='lat' dir='ltr'><strong>septies,</strong></span> <span class='ocrx_word' id='word_1_171' title='bbox 2507 1104 2615 1143; x_wconf 92' lang='lat' dir='ltr'><strong>non</strong></span> <span class='ocrx_word' id='word_1_172' title='bbox 2655 1105 2831 1158; x_wconf 90' lang='lat' dir='ltr'><strong>usque</strong></span> <span class='ocrx_word' id='word_1_173' title='bbox 2858 1089 3083 1161; x_wconf 87' lang='lat' dir='ltr'><strong>septies,</strong></span> <span class='ocrx_word' id='word_1_174' title='bbox 3114 1093 3308 1161; x_wconf 88' lang='lat' dir='ltr'><strong>inquit,</strong></span> <span class='ocrx_word' id='word_1_175' title='bbox 3344 1093 3437 1149; x_wconf 84' lang='lat' dir='ltr'><strong>sed</strong></span> <span class='ocrx_word' id='word_1_176' title='bbox 3465 1110 3562 1148; x_wconf 89' lang='lat' dir='ltr'><strong>us-</strong></span> 
     </span>
    </p>
   </div>
   <div class='ocr_carea' id='block_1_26' title="bbox 1980 1180 3563 1255">
    <p class='ocr_par' dir='ltr' id='par_1_26' title="bbox 1980 1180 3563 1255">
     <span class='ocr_line' id='line_1_26' title="bbox 1980 1180 3563 1255; baseline 0.005 -23"><span class='ocrx_word' id='word_1_177' title='bbox 1980 1194 2088 1249; x_wconf 92' lang='lat' dir='ltr'><strong>que</strong></span> <span class='ocrx_word' id='word_1_178' title='bbox 2118 1180 2428 1250; x_wconf 80' lang='lat' dir='ltr'><strong>septuagies</strong></span> <span class='ocrx_word' id='word_1_179' title='bbox 2459 1181 2659 1250; x_wconf 89' lang='lat' dir='ltr'><strong>septies</strong></span> <span class='ocrx_word' id='word_1_180' title='bbox 2689 1180 2910 1249; x_wconf 81' lang='lat' dir='ltr'><strong>(Matth.</strong></span> <span class='ocrx_word' id='word_1_181' title='bbox 2935 1183 3072 1251; x_wconf 82' lang='lat' dir='ltr'><strong>va),</strong></span> <span class='ocrx_word' id='word_1_182' title='bbox 3107 1185 3160 1238; x_wconf 90' lang='lat' dir='ltr'><strong>id</strong></span> <span class='ocrx_word' id='word_1_183' title='bbox 3189 1195 3273 1238; x_wconf 88' lang='lat' dir='ltr'><strong>est</strong></span> <span class='ocrx_word' id='word_1_184' title='bbox 3299 1185 3563 1255; x_wconf 87' lang='lat' dir='ltr'><strong>quadrin-</strong></span> 
     </span>
    </p>
   </div>
   <div class='ocr_carea' id='block_1_27' title="bbox 1980 1269 3562 1345">
    <p class='ocr_par' dir='ltr' id='par_1_27' title="bbox 1980 1269 3562 1345">
     <span class='ocr_line' id='line_1_27' title="bbox 1980 1269 3562 1345; baseline 0.006 -23"><span class='ocrx_word' id='word_1_185' title='bbox 1980 1269 2160 1340; x_wconf 87' lang='lat' dir='ltr'><strong>gentis</strong></span> <span class='ocrx_word' id='word_1_186' title='bbox 2196 1269 2494 1341; x_wconf 81' lang='lat' dir='ltr'><strong>nonaginta</strong></span> <span class='ocrx_word' id='word_1_187' title='bbox 2543 1271 2791 1337; x_wconf 83' lang='lat' dir='ltr'><strong>vicibus;</strong></span> <span class='ocrx_word' id='word_1_188' title='bbox 2834 1272 2938 1327; x_wconf 90' lang='lat' dir='ltr'><strong>hoc</strong></span> <span class='ocrx_word' id='word_1_189' title='bbox 2966 1280 3050 1326; x_wconf 91' lang='lat' dir='ltr'><strong>est</strong></span> <span class='ocrx_word' id='word_1_190' title='bbox 3102 1284 3161 1328; x_wconf 91' lang='lat' dir='ltr'><strong>ut</strong></span> <span class='ocrx_word' id='word_1_191' title='bbox 3191 1275 3454 1345; x_wconf 88' lang='lat' dir='ltr'><strong>quidquid</strong></span> <span class='ocrx_word' id='word_1_192' title='bbox 3505 1277 3562 1331; x_wconf 88' lang='lat' dir='ltr'><strong>in</strong></span> 
     </span>
    </p>
   </div>
   <div class='ocr_carea' id='block_1_28' title="bbox 1981 1361 3563 1436">
    <p class='ocr_par' dir='ltr' id='par_1_28' title="bbox 1981 1361 3563 1436">
     <span class='ocr_line' id='line_1_28' title="bbox 1981 1361 3563 1436; baseline 0.005 -21"><span class='ocrx_word' id='word_1_193' title='bbox 1981 1361 2143 1416; x_wconf 88' lang='lat' dir='ltr'><strong>nobis</strong></span> <span class='ocrx_word' id='word_1_194' title='bbox 2193 1361 2532 1432; x_wconf 87' lang='lat' dir='ltr'><strong>delinquitur</strong></span> <span class='ocrx_word' id='word_1_195' title='bbox 2585 1361 2949 1419; x_wconf 89' lang='lat' dir='ltr'><strong>dimittamus.</strong></span> <span class='ocrx_word' id='word_1_196' title='bbox 3001 1364 3068 1420; x_wconf 88' lang='lat' dir='ltr'><strong>Et</strong></span> <span class='ocrx_word' id='word_1_197' title='bbox 3114 1367 3242 1420; x_wconf 91' lang='lat' dir='ltr'><strong>item</strong></span> <span class='ocrx_word' id='word_1_198' title='bbox 3283 1365 3563 1436; x_wconf 87' lang='lat' dir='ltr'><strong>Scriptura</strong></span> 
     </span>
    </p>
   </div>
   <div class='ocr_carea' id='block_1_29' title="bbox 1979 1452 3565 1530">
    <p class='ocr_par' dir='ltr' id='par_1_29' title="bbox 1979 1452 3565 1530">
     <span class='ocr_line' id='line_1_29' title="bbox 1979 1452 3565 1530; baseline 0.005 -22"><span class='ocrx_word' id='word_1_199' title='bbox 1979 1453 2114 1509; x_wconf 89' lang='lat' dir='ltr'><strong>dicit</strong></span> <span class='ocrx_word' id='word_1_200' title='bbox 2143 1472 2157 1508; x_wconf 90' lang='lat'><strong>:</strong></span> <span class='ocrx_word' id='word_1_201' title='bbox 2193 1473 2211 1505; x_wconf 85' lang='grc'><strong><em>‹</em></strong></span> <span class='ocrx_word' id='word_1_202' title='bbox 2245 1452 2422 1509; x_wconf 82' lang='lat' dir='ltr'><strong>Homo</strong></span> <span class='ocrx_word' id='word_1_203' title='bbox 2453 1455 2666 1510; x_wconf 86' lang='lat' dir='ltr'><strong>homini</strong></span> <span class='ocrx_word' id='word_1_204' title='bbox 2709 1469 2890 1511; x_wconf 88' lang='lat' dir='ltr'><strong>servat</strong></span> <span class='ocrx_word' id='word_1_205' title='bbox 2917 1457 3078 1522; x_wconf 90' lang='lat' dir='ltr'><strong>iram,</strong></span> <span class='ocrx_word' id='word_1_206' title='bbox 3110 1466 3164 1513; x_wconf 90' lang='lat' dir='ltr'><strong>et</strong></span> <span class='ocrx_word' id='word_1_207' title='bbox 3188 1475 3218 1513; x_wconf 87' lang='lat' dir='ltr'><strong>a</strong></span> <span class='ocrx_word' id='word_1_208' title='bbox 3246 1457 3357 1514; x_wconf 90' lang='lat' dir='ltr'><strong>Deo</strong></span> <span class='ocrx_word' id='word_1_209' title='bbox 3384 1472 3565 1530; x_wconf 87' lang='lat' dir='ltr'><strong>sperat</strong></span> 
     </span>
    </p>
   </div>
   <div class='ocr_carea' id='block_1_30' title="bbox 1981 1544 3565 1620">
    <p class='ocr_par' dir='ltr' id='par_1_30' title="bbox 1981 1544 3565 1620">
     <span class='ocr_line' id='line_1_30' title="bbox 1981 1544 3565 1620; baseline 0.006 -22"><span class='ocrx_word' id='word_1_210' title='bbox 1981 1544 2414 1600; x_wconf 87' lang='lat' dir='ltr'><strong>misericordiam</strong></span> <span class='ocrx_word' id='word_1_211' title='bbox 2445 1545 2672 1616; x_wconf 83' lang='lat' dir='ltr'><strong>(Eccles.</strong></span> <span class='ocrx_word' id='word_1_212' title='bbox 2703 1549 2921 1616; x_wconf 85' lang='lat' dir='ltr'><strong>xxvut).</strong></span> <span class='ocrx_word' id='word_1_213' title='bbox 2959 1569 2977 1599; x_wconf 76' lang='grc' dir='ltr'><strong><em>ι</em></strong></span> <span class='ocrx_word' id='word_1_214' title='bbox 3007 1548 3112 1615; x_wconf 87' lang='lat' dir='ltr'><strong>Qui</strong></span> <span class='ocrx_word' id='word_1_215' title='bbox 3158 1564 3288 1620; x_wconf 87' lang='lat' dir='ltr'><strong>ergo</strong></span> <span class='ocrx_word' id='word_1_216' title='bbox 3330 1567 3440 1604; x_wconf 91' lang='lat' dir='ltr'><strong>non</strong></span> <span class='ocrx_word' id='word_1_217' title='bbox 3479 1552 3565 1606; x_wconf 90' lang='lat' dir='ltr'><strong>di-</strong></span> 
     </span>
    </p>
   </div>
   <div class='ocr_carea' id='block_1_31' title="bbox 1979 1636 3564 1712">
    <p class='ocr_par' dir='ltr' id='par_1_31' title="bbox 1979 1636 3564 1712">
     <span class='ocr_line' id='line_1_31' title="bbox 1979 1636 3564 1712; baseline 0.004 -22"><span class='ocrx_word' id='word_1_218' title='bbox 1979 1636 2147 1691; x_wconf 87' lang='lat' dir='ltr'><strong>mittit</strong></span> <span class='ocrx_word' id='word_1_219' title='bbox 2183 1637 2390 1692; x_wconf 87' lang='lat' dir='ltr'><strong>homini</strong></span> <span class='ocrx_word' id='word_1_220' title='bbox 2434 1638 2490 1692; x_wconf 82' lang='lat' dir='ltr'><strong>in</strong></span> <span class='ocrx_word' id='word_1_221' title='bbox 2539 1655 2598 1694; x_wconf 90' lang='lat' dir='ltr'><strong>se</strong></span> <span class='ocrx_word' id='word_1_222' title='bbox 2651 1640 2898 1709; x_wconf 90' lang='lat' dir='ltr'><strong>peccanti</strong></span> <span class='ocrx_word' id='word_1_223' title='bbox 2952 1657 3233 1712; x_wconf 87' lang='lat' dir='ltr'><strong>nunquam</strong></span> <span class='ocrx_word' id='word_1_224' title='bbox 3271 1642 3564 1697; x_wconf 88' lang='lat' dir='ltr'><strong>dimittitur</strong></span> 
     </span>
    </p>
   </div>
   <div class='ocr_carea' id='block_1_32' title="bbox 1979 1726 3561 1804">
    <p class='ocr_par' dir='ltr' id='par_1_32' title="bbox 1979 1726 3561 1804">
     <span class='ocr_line' id='line_1_32' title="bbox 1979 1726 3561 1804; baseline 0.004 -22"><span class='ocrx_word' id='word_1_225' title='bbox 1979 1728 2028 1782; x_wconf 91' lang='lat' dir='ltr'><strong>ei</strong></span> <span class='ocrx_word' id='word_1_226' title='bbox 2065 1728 2116 1781; x_wconf 90' lang='lat' dir='ltr'><strong>in</strong></span> <span class='ocrx_word' id='word_1_227' title='bbox 2140 1726 2310 1783; x_wconf 92' lang='lat' dir='ltr'><strong>Deum</strong></span> <span class='ocrx_word' id='word_1_228' title='bbox 2341 1731 2611 1798; x_wconf 88' lang='lat' dir='ltr'><strong>peccanti,</strong></span> <span class='ocrx_word' id='word_1_229' title='bbox 2645 1731 2757 1784; x_wconf 93' lang='lat' dir='ltr'><strong>imo</strong></span> <span class='ocrx_word' id='word_1_230' title='bbox 2783 1732 2837 1785; x_wconf 93' lang='lat' dir='ltr'><strong>in</strong></span> <span class='ocrx_word' id='word_1_231' title='bbox 2871 1734 3156 1788; x_wconf 88' lang='lat' dir='ltr'><strong>tormentis</strong></span> <span class='ocrx_word' id='word_1_232' title='bbox 3188 1734 3256 1788; x_wconf 88' lang='lat' dir='ltr'><strong>ab</strong></span> <span class='ocrx_word' id='word_1_233' title='bbox 3295 1735 3561 1804; x_wconf 78' lang='lat' dir='ltr'><strong>eo-exigi-</strong></span> 
     </span>
    </p>
   </div>
   <div class='ocr_carea' id='block_1_33' title="bbox 286 1809 3557 1890">
    <p class='ocr_par' dir='ltr' id='par_1_33' title="bbox 286 1809 3557 1890">
     <span class='ocr_line' id='line_1_33' title="bbox 286 1809 3557 1890; baseline 0.002 -19"><span class='ocrx_word' id='word_1_234' title='bbox 286 1819 446 1872; x_wconf 89' lang='lat' dir='ltr'><strong>malis</strong></span> <span class='ocrx_word' id='word_1_235' title='bbox 492 1818 824 1886; x_wconf 75' lang='lat' dir='ltr'><strong>discernere,</strong></span> <span class='ocrx_word' id='word_1_236' title='bbox 874 1819 1034 1874; x_wconf 87' lang='lat' dir='ltr'><strong>bonis</strong></span> <span class='ocrx_word' id='word_1_237' title='bbox 1083 1819 1247 1885; x_wconf 91' lang='lat' dir='ltr'><strong>bona,</strong></span> <span class='ocrx_word' id='word_1_238' title='bbox 1307 1818 1468 1873; x_wconf 90' lang='lat' dir='ltr'><strong>malis</strong></span> <span class='ocrx_word' id='word_1_239' title='bbox 1519 1819 1662 1872; x_wconf 90' lang='lat' dir='ltr'><strong>mala</strong></span> <span class='ocrx_word' id='word_1_240' title='bbox 1715 1817 1874 1872; x_wconf 91' lang='lat' dir='ltr'><strong>retri-</strong></span> <span class='ocrx_word' id='word_1_241' title='bbox 1907 1809 1947 1862; x_wconf 86' lang='grc' dir='ltr'><strong>Β</strong></span> <span class='ocrx_word' id='word_1_242' title='bbox 1977 1826 2068 1872; x_wconf 87' lang='lat' dir='ltr'><strong>tur</strong></span> <span class='ocrx_word' id='word_1_243' title='bbox 2106 1819 2253 1888; x_wconf 90' lang='lat' dir='ltr'><strong>quod</strong></span> <span class='ocrx_word' id='word_1_244' title='bbox 2297 1835 2394 1889; x_wconf 91' lang='lat' dir='ltr'><strong>per</strong></span> <span class='ocrx_word' id='word_1_245' title='bbox 2437 1821 2813 1890; x_wconf 75' lang='lat' dir='ltr'><strong>ptenitentiam</strong></span> <span class='ocrx_word' id='word_1_246' title='bbox 2856 1823 2904 1876; x_wconf 90' lang='lat' dir='ltr'><strong>ei</strong></span> <span class='ocrx_word' id='word_1_247' title='bbox 2961 1823 3250 1878; x_wconf 90' lang='lat' dir='ltr'><strong>dimissum</strong></span> <span class='ocrx_word' id='word_1_248' title='bbox 3295 1825 3557 1878; x_wconf 89' lang='lat' dir='ltr'><strong>creditur.</strong></span> 
     </span>
    </p>
   </div>
   <div class='ocr_carea' id='block_1_34' title="bbox 287 1909 1872 1980">
    <p class='ocr_par' dir='ltr' id='par_1_34' title="bbox 287 1909 1872 1980">
     <span class='ocr_line' id='line_1_34' title="bbox 287 1909 1872 1980; baseline 0 -16"><span class='ocrx_word' id='word_1_249' title='bbox 287 1911 475 1966; x_wconf 69' lang='lat' dir='ltr'><strong>blere.</strong></span> <span class='ocrx_word' id='word_1_250' title='bbox 509 1909 600 1965; x_wconf 91' lang='lat' dir='ltr'><strong>Sic</strong></span> <span class='ocrx_word' id='word_1_251' title='bbox 630 1909 883 1966; x_wconf 89' lang='lat' dir='ltr'><strong>Christus</strong></span> <span class='ocrx_word' id='word_1_252' title='bbox 911 1911 963 1964; x_wconf 91' lang='lat' dir='ltr'><strong>in</strong></span> <span class='ocrx_word' id='word_1_253' title='bbox 989 1910 1198 1980; x_wconf 91' lang='lat' dir='ltr'><strong>judicio</strong></span> <span class='ocrx_word' id='word_1_254' title='bbox 1229 1910 1402 1964; x_wconf 90' lang='lat' dir='ltr'><strong>bonos</strong></span> <span class='ocrx_word' id='word_1_255' title='bbox 1433 1924 1463 1963; x_wconf 91' lang='lat' dir='ltr'><strong>a</strong></span> <span class='ocrx_word' id='word_1_256' title='bbox 1493 1909 1652 1964; x_wconf 88' lang='lat' dir='ltr'><strong>malis</strong></span> <span class='ocrx_word' id='word_1_257' title='bbox 1681 1918 1763 1964; x_wconf 89' lang='lat' dir='ltr'><strong>est</strong></span> <span class='ocrx_word' id='word_1_258' title='bbox 1790 1911 1872 1964; x_wconf 91' lang='lat' dir='ltr'><strong>di-</strong></span> 
     </span>
    </p>
   </div>
   <div class='ocr_carea' id='block_1_35' title="bbox 284 1999 1872 2073">
    <p class='ocr_par' dir='ltr' id='par_1_35' title="bbox 284 1999 1872 2073">
     <span class='ocr_line' id='line_1_35' title="bbox 284 1999 1872 2073; baseline -0.001 -18"><span class='ocrx_word' id='word_1_259' title='bbox 284 2011 588 2067; x_wconf 82' lang='lat' dir='ltr'><strong>screturus,</strong></span> <span class='ocrx_word' id='word_1_260' title='bbox 617 2009 670 2056; x_wconf 89' lang='lat' dir='ltr'><strong>et</strong></span> <span class='ocrx_word' id='word_1_261' title='bbox 690 2001 858 2070; x_wconf 89' lang='lat' dir='ltr'><strong>justis</strong></span> <span class='ocrx_word' id='word_1_262' title='bbox 893 2003 1112 2073; x_wconf 81' lang='lat' dir='ltr'><strong>gaudia,</strong></span> <span class='ocrx_word' id='word_1_263' title='bbox 1141 2000 1322 2072; x_wconf 87' lang='lat' dir='ltr'><strong>impiis</strong></span> <span class='ocrx_word' id='word_1_264' title='bbox 1351 1999 1615 2070; x_wconf 88' lang='lat' dir='ltr'><strong>supplicia</strong></span> <span class='ocrx_word' id='word_1_265' title='bbox 1643 2009 1726 2055; x_wconf 90' lang='lat' dir='ltr'><strong>est</strong></span> <span class='ocrx_word' id='word_1_266' title='bbox 1750 2001 1872 2055; x_wconf 88' lang='lat' dir='ltr'><strong>red-</strong></span> 
     </span>
    </p>
   </div>
   <div class='ocr_carea' id='block_1_36' title="bbox 281 2091 1872 2165">
    <p class='ocr_par' dir='ltr' id='par_1_36' title="bbox 281 2091 1872 2165">
     <span class='ocr_line' id='line_1_36' title="bbox 281 2091 1872 2165; baseline -0.001 -17"><span class='ocrx_word' id='word_1_267' title='bbox 281 2093 516 2148; x_wconf 88' lang='lat' dir='ltr'><strong>diturus.</strong></span> <span class='ocrx_word' id='word_1_268' title='bbox 546 2092 820 2148; x_wconf 82' lang='lat' dir='ltr'><strong>Judicium</strong></span> <span class='ocrx_word' id='word_1_269' title='bbox 853 2109 984 2165; x_wconf 84' lang='lat' dir='ltr'><strong>ergo</strong></span> <span class='ocrx_word' id='word_1_270' title='bbox 1026 2093 1342 2149; x_wconf 88' lang='lat' dir='ltr'><strong>custodiunt</strong></span> <span class='ocrx_word' id='word_1_271' title='bbox 1369 2093 1462 2163; x_wconf 92' lang='lat' dir='ltr'><strong>qui</strong></span> <span class='ocrx_word' id='word_1_272' title='bbox 1503 2091 1722 2148; x_wconf 90' lang='lat' dir='ltr'><strong>Domini</strong></span> <span class='ocrx_word' id='word_1_273' title='bbox 1755 2093 1872 2146; x_wconf 87' lang='lat' dir='ltr'><strong>cul-</strong></span> 
     </span>
    </p>
   </div>
   <div class='ocr_carea' id='block_1_37' title="bbox 283 2184 1868 2257">
    <p class='ocr_par' dir='ltr' id='par_1_37' title="bbox 283 2184 1868 2257">
     <span class='ocr_line' id='line_1_37' title="bbox 283 2184 1868 2257; baseline 0.001 -19"><span class='ocrx_word' id='word_1_274' title='bbox 283 2195 430 2240; x_wconf 72' lang='lat' dir='ltr'><strong>tores</strong></span> <span class='ocrx_word' id='word_1_275' title='bbox 463 2185 715 2257; x_wconf 85' lang='lat' dir='ltr'><strong>diligunt,</strong></span> <span class='ocrx_word' id='word_1_276' title='bbox 751 2184 967 2240; x_wconf 84' lang='lat' dir='ltr'><strong>Domini</strong></span> <span class='ocrx_word' id='word_1_277' title='bbox 1002 2194 1405 2256; x_wconf 87' lang='lat' dir='ltr'><strong>contemptores</strong></span> <span class='ocrx_word' id='word_1_278' title='bbox 1449 2194 1735 2256; x_wconf 87' lang='lat' dir='ltr'><strong>respuunt.</strong></span> <span class='ocrx_word' id='word_1_279' title='bbox 1768 2185 1868 2240; x_wconf 87' lang='lat' dir='ltr'><strong>Ju-</strong></span> 
     </span>
    </p>
   </div>
   <div class='ocr_carea' id='block_1_38' title="bbox 281 2276 1869 2347">
    <p class='ocr_par' dir='ltr' id='par_1_38' title="bbox 281 2276 1869 2347">
     <span class='ocr_line' id='line_1_38' title="bbox 281 2276 1869 2347; baseline 0.004 -18"><span class='ocrx_word' id='word_1_280' title='bbox 281 2276 486 2331; x_wconf 88' lang='lat' dir='ltr'><strong>dicium</strong></span> <span class='ocrx_word' id='word_1_281' title='bbox 531 2292 752 2347; x_wconf 91' lang='lat' dir='ltr'><strong>quoque</strong></span> <span class='ocrx_word' id='word_1_282' title='bbox 804 2279 1098 2334; x_wconf 86' lang='lat' dir='ltr'><strong>observare</strong></span> <span class='ocrx_word' id='word_1_283' title='bbox 1141 2288 1225 2334; x_wconf 90' lang='lat' dir='ltr'><strong>cst</strong></span> <span class='ocrx_word' id='word_1_284' title='bbox 1283 2279 1400 2335; x_wconf 91' lang='lat' dir='ltr'><strong>suis</strong></span> <span class='ocrx_word' id='word_1_285' title='bbox 1450 2280 1612 2335; x_wconf 90' lang='lat' dir='ltr'><strong>malis</strong></span> <span class='ocrx_word' id='word_1_286' title='bbox 1659 2280 1869 2335; x_wconf 90' lang='lat' dir='ltr'><strong>meritis</strong></span> 
     </span>
    </p>
   </div>
   <div class='ocr_carea' id='block_1_39' title="bbox 278 2369 1868 2442">
    <p class='ocr_par' dir='ltr' id='par_1_39' title="bbox 278 2369 1868 2442">
     <span class='ocr_line' id='line_1_39' title="bbox 278 2369 1868 2442; baseline 0.004 -20"><span class='ocrx_word' id='word_1_287' title='bbox 278 2369 591 2437; x_wconf 86' lang='lat' dir='ltr'><strong>quempiam</strong></span> <span class='ocrx_word' id='word_1_288' title='bbox 616 2369 808 2440; x_wconf 83' lang='lat' dir='ltr'><strong>dignas</strong></span> <span class='ocrx_word' id='word_1_289' title='bbox 834 2386 1024 2440; x_wconf 87' lang='lat' dir='ltr'><strong>poenas</strong></span> <span class='ocrx_word' id='word_1_290' title='bbox 1070 2371 1334 2442; x_wconf 85' lang='lat' dir='ltr'><strong>irrogare.</strong></span> <span class='ocrx_word' id='word_1_291' title='bbox 1361 2371 1467 2438; x_wconf 87' lang='lat' dir='ltr'><strong>Qui</strong></span> <span class='ocrx_word' id='word_1_292' title='bbox 1495 2373 1640 2428; x_wconf 89' lang='lat' dir='ltr'><strong>enim</strong></span> <span class='ocrx_word' id='word_1_293' title='bbox 1687 2389 1746 2428; x_wconf 91' lang='lat' dir='ltr'><strong>se</strong></span> <span class='ocrx_word' id='word_1_294' title='bbox 1783 2373 1868 2428; x_wconf 92' lang='lat' dir='ltr'><strong>his</strong></span> 
     </span>
    </p>
   </div>
   <div class='ocr_carea' id='block_1_40' title="bbox 282 2460 1866 2535">
    <p class='ocr_par' dir='ltr' id='par_1_40' title="bbox 282 2460 1866 2535">
     <span class='ocr_line' id='line_1_40' title="bbox 282 2460 1866 2535; baseline 0.004 -22"><span class='ocrx_word' id='word_1_295' title='bbox 282 2460 506 2530; x_wconf 79' lang='lat' dir='ltr'><strong>vigiliis,</strong></span> <span class='ocrx_word' id='word_1_296' title='bbox 531 2461 759 2530; x_wconf 86' lang='lat' dir='ltr'><strong>jejuniis</strong></span> <span class='ocrx_word' id='word_1_297' title='bbox 785 2470 839 2516; x_wconf 90' lang='lat' dir='ltr'><strong>et</strong></span> <span class='ocrx_word' id='word_1_298' title='bbox 870 2463 994 2518; x_wconf 89' lang='lat' dir='ltr'><strong>aliis</strong></span> <span class='ocrx_word' id='word_1_299' title='bbox 1027 2464 1129 2533; x_wconf 88' lang='lat' dir='ltr'><strong>piis</strong></span> <span class='ocrx_word' id='word_1_300' title='bbox 1165 2465 1446 2520; x_wconf 86' lang='lat' dir='ltr'><strong>laboribus</strong></span> <span class='ocrx_word' id='word_1_301' title='bbox 1485 2480 1587 2535; x_wconf 90' lang='lat' dir='ltr'><strong>pro</strong></span> <span class='ocrx_word' id='word_1_302' title='bbox 1629 2465 1866 2534; x_wconf 87' lang='lat' dir='ltr'><strong>peccatis</strong></span> 
     </span>
    </p>
   </div>
   <div class='ocr_carea' id='block_1_41' title="bbox 278 2551 1863 2625">
    <p class='ocr_par' dir='ltr' id='par_1_41' title="bbox 278 2551 1863 2625">
     <span class='ocr_line' id='line_1_41' title="bbox 278 2551 1863 2625; baseline 0.003 -19"><span class='ocrx_word' id='word_1_303' title='bbox 278 2551 542 2622; x_wconf 82' lang='lat' dir='ltr'><strong>amigunt,</strong></span> <span class='ocrx_word' id='word_1_304' title='bbox 574 2553 718 2609; x_wconf 84' lang='lat' dir='ltr'><strong>beati</strong></span> <span class='ocrx_word' id='word_1_305' title='bbox 747 2564 894 2622; x_wconf 90' lang='lat' dir='ltr'><strong>sunt,</strong></span> <span class='ocrx_word' id='word_1_306' title='bbox 919 2555 1047 2625; x_wconf 91' lang='lat' dir='ltr'><strong>quia</strong></span> <span class='ocrx_word' id='word_1_307' title='bbox 1097 2570 1205 2610; x_wconf 92' lang='lat' dir='ltr'><strong>non</strong></span> <span class='ocrx_word' id='word_1_308' title='bbox 1235 2571 1357 2610; x_wconf 91' lang='lat' dir='ltr'><strong>cum</strong></span> <span class='ocrx_word' id='word_1_309' title='bbox 1390 2555 1573 2624; x_wconf 90' lang='lat' dir='ltr'><strong>impiis</strong></span> <span class='ocrx_word' id='word_1_310' title='bbox 1600 2565 1863 2611; x_wconf 61' lang='lat' dir='ltr'><strong>aeternum</strong></span> 
     </span>
    </p>
   </div>
   <div class='ocr_carea' id='block_1_42' title="bbox 273 2643 1862 2718">
    <p class='ocr_par' dir='ltr' id='par_1_42' title="bbox 273 2643 1862 2718">
     <span class='ocr_line' id='line_1_42' title="bbox 273 2643 1862 2718; baseline 0.004 -21"><span class='ocrx_word' id='word_1_311' title='bbox 273 2643 541 2713; x_wconf 87' lang='lat' dir='ltr'><strong>judicium</strong></span> <span class='ocrx_word' id='word_1_312' title='bbox 585 2648 866 2704; x_wconf 90' lang='lat' dir='ltr'><strong>subibunt.</strong></span> <span class='ocrx_word' id='word_1_313' title='bbox 913 2645 1043 2703; x_wconf 74' lang='lat' dir='ltr'><strong>Date</strong></span> <span class='ocrx_word' id='word_1_314' title='bbox 1092 2657 1222 2702; x_wconf 92' lang='lat' dir='ltr'><strong>sunt</strong></span> <span class='ocrx_word' id='word_1_315' title='bbox 1258 2649 1421 2702; x_wconf 89' lang='lat' dir='ltr'><strong>etiam</strong></span> <span class='ocrx_word' id='word_1_316' title='bbox 1465 2649 1714 2718; x_wconf 68' lang='lat' dir='ltr'><strong>justitite,</strong></span> <span class='ocrx_word' id='word_1_317' title='bbox 1753 2665 1862 2704; x_wconf 88' lang='lat' dir='ltr'><strong>una</strong></span> 
     </span>
    </p>
   </div>
   <div class='ocr_carea' id='block_1_43' title="bbox 277 2737 1860 2806">
    <p class='ocr_par' dir='ltr' id='par_1_43' title="bbox 277 2737 1860 2806">
     <span class='ocr_line' id='line_1_43' title="bbox 277 2737 1860 2806; baseline 0.002 -18"><span class='ocrx_word' id='word_1_318' title='bbox 277 2737 566 2804; x_wconf 84' lang='lat' dir='ltr'><strong>naturalis,</strong></span> <span class='ocrx_word' id='word_1_319' title='bbox 613 2738 821 2793; x_wconf 88' lang='lat' dir='ltr'><strong>scilicet</strong></span> <span class='ocrx_word' id='word_1_320' title='bbox 869 2738 1082 2804; x_wconf 82' lang='lat' dir='ltr'><strong>divina;</strong></span> <span class='ocrx_word' id='word_1_321' title='bbox 1133 2738 1302 2792; x_wconf 89' lang='lat' dir='ltr'><strong>altera</strong></span> <span class='ocrx_word' id='word_1_322' title='bbox 1358 2738 1860 2806; x_wconf 87' lang='lat' dir='ltr'><strong>consuetudinaria,</strong></span> 
     </span>
    </p>
   </div>
   <div class='ocr_carea' id='block_1_44' title="bbox 274 2827 1858 2900">
    <p class='ocr_par' dir='ltr' id='par_1_44' title="bbox 274 2827 1858 2900">
     <span class='ocr_line' id='line_1_44' title="bbox 274 2827 1858 2900; baseline 0.004 -20"><span class='ocrx_word' id='word_1_323' title='bbox 274 2827 527 2883; x_wconf 78' lang='lat' dir='ltr'><strong>\idelicet</strong></span> <span class='ocrx_word' id='word_1_324' title='bbox 554 2829 813 2886; x_wconf 89' lang='lat' dir='ltr'><strong>humana.</strong></span> <span class='ocrx_word' id='word_1_325' title='bbox 843 2829 1121 2886; x_wconf 87' lang='lat' dir='ltr'><strong>Naturalis</strong></span> <span class='ocrx_word' id='word_1_326' title='bbox 1143 2840 1226 2885; x_wconf 92' lang='lat' dir='ltr'><strong>est</strong></span> <span class='ocrx_word' id='word_1_327' title='bbox 1245 2831 1458 2900; x_wconf 90' lang='lat' dir='ltr'><strong>justitia</strong></span> <span class='ocrx_word' id='word_1_328' title='bbox 1497 2829 1608 2884; x_wconf 89' lang='lat' dir='ltr'><strong>Deo</strong></span> <span class='ocrx_word' id='word_1_329' title='bbox 1633 2831 1858 2898; x_wconf 85' lang='lat' dir='ltr'><strong>servire,</strong></span> 
     </span>
    </p>
   </div>
   <div class='ocr_carea' id='block_1_45' title="bbox 273 2917 1858 2990">
    <p class='ocr_par' dir='ltr' id='par_1_45' title="bbox 273 2917 1858 2990">
     <span class='ocr_line' id='line_1_45' title="bbox 273 2917 1858 2990; baseline 0.005 -23"><span class='ocrx_word' id='word_1_330' title='bbox 273 2917 595 2984; x_wconf 88' lang='lat' dir='ltr'><strong>parentibus</strong></span> <span class='ocrx_word' id='word_1_331' title='bbox 633 2920 886 2987; x_wconf 86' lang='lat' dir='ltr'><strong>obedire;</strong></span> <span class='ocrx_word' id='word_1_332' title='bbox 917 2919 1421 2985; x_wconf 88' lang='lat' dir='ltr'><strong>consuetudinaria,</strong></span> <span class='ocrx_word' id='word_1_333' title='bbox 1455 2920 1621 2990; x_wconf 84' lang='lat' dir='ltr'><strong>leges,</strong></span> <span class='ocrx_word' id='word_1_334' title='bbox 1657 2929 1858 2975; x_wconf 85' lang='lat' dir='ltr'><strong>statuta</strong></span> 
     </span>
    </p>
   </div>
   <div class='ocr_carea' id='block_1_46' title="bbox 273 3007 1853 3078">
    <p class='ocr_par' dir='ltr' id='par_1_46' title="bbox 273 3007 1853 3078">
     <span class='ocr_line' id='line_1_46' title="bbox 273 3007 1853 3078; baseline 0.004 -20"><span class='ocrx_word' id='word_1_335' title='bbox 273 3007 625 3075; x_wconf 85' lang='lat' dir='ltr'><strong>praelatorum</strong></span> <span class='ocrx_word' id='word_1_336' title='bbox 657 3011 972 3078; x_wconf 89' lang='lat' dir='ltr'><strong>observare,</strong></span> <span class='ocrx_word' id='word_1_337' title='bbox 1004 3020 1058 3066; x_wconf 91' lang='lat' dir='ltr'><strong>et</strong></span> <span class='ocrx_word' id='word_1_338' title='bbox 1084 3027 1208 3067; x_wconf 91' lang='lat' dir='ltr'><strong>cum</strong></span> <span class='ocrx_word' id='word_1_339' title='bbox 1241 3011 1454 3067; x_wconf 90' lang='lat' dir='ltr'><strong>civibus</strong></span> <span class='ocrx_word' id='word_1_340' title='bbox 1499 3013 1853 3066; x_wconf 84' lang='lat' dir='ltr'><strong>concordare.</strong></span> 
     </span>
    </p>
   </div>
   <div class='ocr_carea' id='block_1_47' title="bbox 273 3095 1858 3171">
    <p class='ocr_par' dir='ltr' id='par_1_47' title="bbox 273 3095 1858 3171">
     <span class='ocr_line' id='line_1_47' title="bbox 273 3095 1858 3171; baseline 0.004 -23"><span class='ocrx_word' id='word_1_341' title='bbox 273 3095 425 3150; x_wconf 86' lang='lat' dir='ltr'><strong>Beati</strong></span> <span class='ocrx_word' id='word_1_342' title='bbox 463 3109 591 3153; x_wconf 89' lang='lat' dir='ltr'><strong>sunt</strong></span> <span class='ocrx_word' id='word_1_343' title='bbox 617 3116 745 3170; x_wconf 89' lang='lat' dir='ltr'><strong>ergo</strong></span> <span class='ocrx_word' id='word_1_344' title='bbox 781 3101 874 3170; x_wconf 91' lang='lat' dir='ltr'><strong>qui</strong></span> <span class='ocrx_word' id='word_1_345' title='bbox 912 3102 1179 3171; x_wconf 89' lang='lat' dir='ltr'><strong>justitiam</strong></span> <span class='ocrx_word' id='word_1_346' title='bbox 1221 3102 1273 3156; x_wconf 92' lang='lat' dir='ltr'><strong>in</strong></span> <span class='ocrx_word' id='word_1_347' title='bbox 1314 3102 1464 3156; x_wconf 91' lang='lat' dir='ltr'><strong>omni</strong></span> <span class='ocrx_word' id='word_1_348' title='bbox 1501 3111 1744 3171; x_wconf 87' lang='lat' dir='ltr'><strong>tempore</strong></span> <span class='ocrx_word' id='word_1_349' title='bbox 1777 3101 1858 3155; x_wconf 87' lang='lat' dir='ltr'><strong>fa-</strong></span> 
     </span>
    </p>
   </div>
   <div class='ocr_carea' id='block_1_48' title="bbox 273 3187 1858 3263">
    <p class='ocr_par' dir='ltr' id='par_1_48' title="bbox 273 3187 1858 3263">
     <span class='ocr_line' id='line_1_48' title="bbox 273 3187 1858 3263; baseline 0.003 -21"><span class='ocrx_word' id='word_1_350' title='bbox 273 3187 444 3254; x_wconf 92' lang='lat' dir='ltr'><strong>ciunt,</strong></span> <span class='ocrx_word' id='word_1_351' title='bbox 469 3189 596 3259; x_wconf 93' lang='lat' dir='ltr'><strong>quia</strong></span> <span class='ocrx_word' id='word_1_352' title='bbox 624 3206 654 3244; x_wconf 89' lang='lat' dir='ltr'><strong>a</strong></span> <span class='ocrx_word' id='word_1_353' title='bbox 689 3190 902 3260; x_wconf 90' lang='lat' dir='ltr'><strong>justitia</strong></span> <span class='ocrx_word' id='word_1_354' title='bbox 926 3192 1107 3248; x_wconf 84' lang='lat' dir='ltr'><strong>Patris</strong></span> <span class='ocrx_word' id='word_1_355' title='bbox 1138 3207 1234 3263; x_wconf 89' lang='lat' dir='ltr'><strong>per</strong></span> <span class='ocrx_word' id='word_1_356' title='bbox 1253 3189 1538 3246; x_wconf 86' lang='lat' dir='ltr'><strong>Christum</strong></span> <span class='ocrx_word' id='word_1_357' title='bbox 1560 3193 1709 3262; x_wconf 85' lang='lat' dir='ltr'><strong>justa</strong></span> <span class='ocrx_word' id='word_1_358' title='bbox 1735 3193 1858 3246; x_wconf 68' lang='lat' dir='ltr'><strong>vitae</strong></span> 
     </span>
    </p>
   </div>
   <div class='ocr_carea' id='block_1_49' title="bbox 271 3281 848 3352">
    <p class='ocr_par' dir='ltr' id='par_1_49' title="bbox 271 3281 848 3352">
     <span class='ocr_line' id='line_1_49' title="bbox 271 3281 848 3352; baseline 0.01 -20"><span class='ocrx_word' id='word_1_359' title='bbox 271 3281 490 3351; x_wconf 67' lang='lat' dir='ltr'><strong>praemia</strong></span> <span class='ocrx_word' id='word_1_360' title='bbox 523 3282 848 3352; x_wconf 86' lang='lat' dir='ltr'><strong>percipiunt.</strong></span> 
     </span>
    </p>
   </div>
   <div class='ocr_carea' id='block_1_50' title="bbox 339 3371 1859 3446">
    <p class='ocr_par' dir='ltr' id='par_1_50' title="bbox 339 3371 1859 3446">
     <span class='ocr_line' id='line_1_50' title="bbox 339 3371 1859 3446; baseline 0.003 -20"><span class='ocrx_word' id='word_1_361' title='bbox 339 3371 675 3427; x_wconf 71' lang='lat' dir='ltr'><strong>Hodiernum</strong></span> <span class='ocrx_word' id='word_1_362' title='bbox 707 3375 1047 3446; x_wconf 76' lang='lat' dir='ltr'><strong>evangelium</strong></span> <span class='ocrx_word' id='word_1_363' title='bbox 1083 3384 1270 3431; x_wconf 89' lang='lat' dir='ltr'><strong>monet</strong></span> <span class='ocrx_word' id='word_1_364' title='bbox 1301 3392 1404 3431; x_wconf 91' lang='lat' dir='ltr'><strong>nos</strong></span> <span class='ocrx_word' id='word_1_365' title='bbox 1429 3376 1496 3431; x_wconf 90' lang='lat' dir='ltr'><strong>ad</strong></span> <span class='ocrx_word' id='word_1_366' title='bbox 1520 3375 1746 3446; x_wconf 77' lang='lat' dir='ltr'><strong>justitia:</strong></span> <span class='ocrx_word' id='word_1_367' title='bbox 1774 3375 1859 3445; x_wconf 88' lang='lat' dir='ltr'><strong>ju-</strong></span> 
     </span>
    </p>
   </div>
   <div class='ocr_carea' id='block_1_51' title="bbox 267 3463 1854 3538">
    <p class='ocr_par' dir='ltr' id='par_1_51' title="bbox 267 3463 1854 3538">
     <span class='ocr_line' id='line_1_51' title="bbox 267 3463 1854 3538; baseline 0.003 -20"><span class='ocrx_word' id='word_1_368' title='bbox 267 3463 496 3519; x_wconf 87' lang='lat' dir='ltr'><strong>dicium.</strong></span> <span class='ocrx_word' id='word_1_369' title='bbox 543 3463 683 3519; x_wconf 92' lang='lat' dir='ltr'><strong>Dicit</strong></span> <span class='ocrx_word' id='word_1_370' title='bbox 725 3481 963 3536; x_wconf 88' lang='lat' dir='ltr'><strong>namque</strong></span> <span class='ocrx_word' id='word_1_371' title='bbox 1003 3469 1148 3537; x_wconf 91' lang='lat' dir='ltr'><strong>quod</strong></span> <span class='ocrx_word' id='word_1_372' title='bbox 1195 3469 1420 3538; x_wconf 87' lang='lat' dir='ltr'><strong>quidam</strong></span> <span class='ocrx_word' id='word_1_373' title='bbox 1448 3484 1543 3522; x_wconf 89' lang='lat' dir='ltr'><strong>rex</strong></span> <span class='ocrx_word' id='word_1_374' title='bbox 1584 3469 1854 3523; x_wconf 90' lang='lat' dir='ltr'><strong>rationem</strong></span> 
     </span>
    </p>
   </div>
   <div class='ocr_carea' id='block_1_52' title="bbox 266 3556 1854 3629">
    <p class='ocr_par' dir='ltr' id='par_1_52' title="bbox 266 3556 1854 3629">
     <span class='ocr_line' id='line_1_52' title="bbox 266 3556 1854 3629; baseline 0.002 -18"><span class='ocrx_word' id='word_1_375' title='bbox 266 3571 395 3611; x_wconf 71' lang='lat' dir='ltr'><strong>cum</strong></span> <span class='ocrx_word' id='word_1_376' title='bbox 438 3556 611 3611; x_wconf 90' lang='lat' dir='ltr'><strong>servis</strong></span> <span class='ocrx_word' id='word_1_377' title='bbox 641 3558 757 3612; x_wconf 91' lang='lat' dir='ltr'><strong>suis</strong></span> <span class='ocrx_word' id='word_1_378' title='bbox 797 3559 1000 3627; x_wconf 91' lang='lat' dir='ltr'><strong>posuit,</strong></span> <span class='ocrx_word' id='word_1_379' title='bbox 1046 3560 1135 3614; x_wconf 91' lang='lat' dir='ltr'><strong>cui</strong></span> <span class='ocrx_word' id='word_1_380' title='bbox 1181 3560 1397 3614; x_wconf 84' lang='lat' dir='ltr'><strong>oblatus</strong></span> <span class='ocrx_word' id='word_1_381' title='bbox 1441 3568 1526 3614; x_wconf 91' lang='lat' dir='ltr'><strong>est</strong></span> <span class='ocrx_word' id='word_1_382' title='bbox 1550 3560 1854 3629; x_wconf 77' lang='lat' dir='ltr'><strong>unus,.qui</strong></span> 
     </span>
    </p>
   </div>
   <div class='ocr_carea' id='block_1_53' title="bbox 267 3646 1854 3718">
    <p class='ocr_par' dir='ltr' id='par_1_53' title="bbox 267 3646 1854 3718">
     <span class='ocr_line' id='line_1_53' title="bbox 267 3646 1854 3718; baseline 0.003 -18"><span class='ocrx_word' id='word_1_383' title='bbox 267 3647 458 3700; x_wconf 87' lang='lat' dir='ltr'><strong>decem</strong></span> <span class='ocrx_word' id='word_1_384' title='bbox 488 3646 655 3700; x_wconf 87' lang='lat' dir='ltr'><strong>millia</strong></span> <span class='ocrx_word' id='word_1_385' title='bbox 689 3647 889 3702; x_wconf 90' lang='lat' dir='ltr'><strong>talenta</strong></span> <span class='ocrx_word' id='word_1_386' title='bbox 934 3648 1140 3702; x_wconf 87' lang='lat' dir='ltr'><strong>debuit.</strong></span> <span class='ocrx_word' id='word_1_387' title='bbox 1175 3647 1238 3702; x_wconf 87' lang='lat' dir='ltr'><strong>Et</strong></span> <span class='ocrx_word' id='word_1_388' title='bbox 1273 3649 1401 3718; x_wconf 91' lang='lat' dir='ltr'><strong>quia</strong></span> <span class='ocrx_word' id='word_1_389' title='bbox 1433 3649 1574 3702; x_wconf 90' lang='lat' dir='ltr'><strong>unde</strong></span> <span class='ocrx_word' id='word_1_390' title='bbox 1605 3651 1854 3704; x_wconf 87' lang='lat' dir='ltr'><strong>redderet</strong></span> 
     </span>
    </p>
   </div>
   <div class='ocr_carea' id='block_1_54' title="bbox 269 3739 1853 3805">
    <p class='ocr_par' dir='ltr' id='par_1_54' title="bbox 269 3739 1853 3805">
     <span class='ocr_line' id='line_1_54' title="bbox 269 3739 1853 3805; baseline 0.003 -13"><span class='ocrx_word' id='word_1_391' title='bbox 269 3754 378 3792; x_wconf 92' lang='lat' dir='ltr'><strong>non</strong></span> <span class='ocrx_word' id='word_1_392' title='bbox 410 3739 624 3805; x_wconf 89' lang='lat' dir='ltr'><strong>habuit,</strong></span> <span class='ocrx_word' id='word_1_393' title='bbox 655 3740 912 3795; x_wconf 87' lang='lat' dir='ltr'><strong>dominus</strong></span> <span class='ocrx_word' id='word_1_394' title='bbox 949 3757 1074 3795; x_wconf 92' lang='lat' dir='ltr'><strong>eum</strong></span> <span class='ocrx_word' id='word_1_395' title='bbox 1101 3757 1223 3796; x_wconf 92' lang='lat' dir='ltr'><strong>cum</strong></span> <span class='ocrx_word' id='word_1_396' title='bbox 1254 3756 1426 3795; x_wconf 81' lang='lat' dir='ltr'><strong>uxore</strong></span> <span class='ocrx_word' id='word_1_397' title='bbox 1470 3757 1536 3796; x_wconf 90' lang='lat' dir='ltr'><strong>ac</strong></span> <span class='ocrx_word' id='word_1_398' title='bbox 1580 3741 1706 3796; x_wconf 85' lang='lat' dir='ltr'><strong>filiis</strong></span> <span class='ocrx_word' id='word_1_399' title='bbox 1734 3757 1853 3796; x_wconf 92' lang='lat' dir='ltr'><strong>om-</strong></span> 
     </span>
    </p>
   </div>
   <div class='ocr_carea' id='block_1_55' title="bbox 269 3831 1855 3902">
    <p class='ocr_par' dir='ltr' id='par_1_55' title="bbox 269 3831 1855 3902">
     <span class='ocr_line' id='line_1_55' title="bbox 269 3831 1855 3902; baseline 0.003 -20"><span class='ocrx_word' id='word_1_400' title='bbox 269 3831 541 3900; x_wconf 90' lang='lat' dir='ltr'><strong>nibusque</strong></span> <span class='ocrx_word' id='word_1_401' title='bbox 571 3832 685 3888; x_wconf 91' lang='lat' dir='ltr'><strong>suis</strong></span> <span class='ocrx_word' id='word_1_402' title='bbox 708 3832 1011 3886; x_wconf 89' lang='lat' dir='ltr'><strong>venundari</strong></span> <span class='ocrx_word' id='word_1_403' title='bbox 1034 3833 1217 3902; x_wconf 88' lang='lat' dir='ltr'><strong>jussit.</strong></span> <span class='ocrx_word' id='word_1_404' title='bbox 1249 3832 1351 3898; x_wconf 88' lang='lat' dir='ltr'><strong>Qui</strong></span> <span class='ocrx_word' id='word_1_405' title='bbox 1381 3831 1671 3902; x_wconf 92' lang='lat' dir='ltr'><strong>procidens</strong></span> <span class='ocrx_word' id='word_1_406' title='bbox 1695 3831 1855 3886; x_wconf 87' lang='lat' dir='ltr'><strong>mise-</strong></span> 
     </span>
    </p>
   </div>
   <div class='ocr_carea' id='block_1_56' title="bbox 269 3919 1850 3991">
    <p class='ocr_par' dir='ltr' id='par_1_56' title="bbox 269 3919 1850 3991">
     <span class='ocr_line' id='line_1_56' title="bbox 269 3919 1850 3991; baseline 0.002 -18"><span class='ocrx_word' id='word_1_407' title='bbox 269 3919 560 3975; x_wconf 87' lang='lat' dir='ltr'><strong>ricordiam</strong></span> <span class='ocrx_word' id='word_1_408' title='bbox 586 3923 901 3991; x_wconf 88' lang='lat' dir='ltr'><strong>postulavit,</strong></span> <span class='ocrx_word' id='word_1_409' title='bbox 925 3931 978 3977; x_wconf 91' lang='lat' dir='ltr'><strong>et</strong></span> <span class='ocrx_word' id='word_1_410' title='bbox 1001 3923 1258 3978; x_wconf 87' lang='lat' dir='ltr'><strong>dominus</strong></span> <span class='ocrx_word' id='word_1_411' title='bbox 1285 3924 1562 3989; x_wconf 87' lang='lat' dir='ltr'><strong>misertus,</strong></span> <span class='ocrx_word' id='word_1_412' title='bbox 1600 3924 1784 3976; x_wconf 90' lang='lat' dir='ltr'><strong>omnia</strong></span> <span class='ocrx_word' id='word_1_413' title='bbox 1800 3923 1850 3976; x_wconf 92' lang='lat' dir='ltr'><strong>ei</strong></span> 
     </span>
    </p>
   </div>
   <div class='ocr_carea' id='block_1_57' title="bbox 266 4011 1847 4086">
    <p class='ocr_par' dir='ltr' id='par_1_57' title="bbox 266 4011 1847 4086">
     <span class='ocr_line' id='line_1_57' title="bbox 266 4011 1847 4086; baseline 0.002 -20"><span class='ocrx_word' id='word_1_414' title='bbox 266 4012 509 4066; x_wconf 80' lang='lat' dir='ltr'><strong>donavit.</strong></span> <span class='ocrx_word' id='word_1_415' title='bbox 528 4011 607 4066; x_wconf 90' lang='lat' dir='ltr'><strong>llli</strong></span> <span class='ocrx_word' id='word_1_416' title='bbox 633 4029 760 4069; x_wconf 90' lang='lat' dir='ltr'><strong>vero</strong></span> <span class='ocrx_word' id='word_1_417' title='bbox 781 4030 1004 4086; x_wconf 84' lang='lat' dir='ltr'><strong>egresso</strong></span> <span class='ocrx_word' id='word_1_418' title='bbox 1025 4016 1240 4070; x_wconf 90' lang='lat' dir='ltr'><strong>debitor</strong></span> <span class='ocrx_word' id='word_1_419' title='bbox 1254 4025 1471 4070; x_wconf 90' lang='lat' dir='ltr'><strong>centum</strong></span> <span class='ocrx_word' id='word_1_420' title='bbox 1497 4016 1847 4070; x_wconf 88' lang='lat' dir='ltr'><strong>denariorum</strong></span> 
     </span>
    </p>
   </div>
   <div class='ocr_carea' id='block_1_58' title="bbox 265 4105 1850 4180">
    <p class='ocr_par' dir='ltr' id='par_1_58' title="bbox 265 4105 1850 4180">
     <span class='ocr_line' id='line_1_58' title="bbox 265 4105 1850 4180; baseline 0.003 -20"><span class='ocrx_word' id='word_1_421' title='bbox 265 4105 490 4172; x_wconf 77' lang='lat' dir='ltr'><strong>obviat;</strong></span> <span class='ocrx_word' id='word_1_422' title='bbox 523 4122 683 4175; x_wconf 87' lang='lat' dir='ltr'><strong>quem</strong></span> <span class='ocrx_word' id='word_1_423' title='bbox 728 4116 919 4162; x_wconf 90' lang='lat' dir='ltr'><strong>tenens</strong></span> <span class='ocrx_word' id='word_1_424' title='bbox 961 4109 1213 4173; x_wconf 82' lang='lat' dir='ltr'><strong>suﬂocat,</strong></span> <span class='ocrx_word' id='word_1_425' title='bbox 1261 4110 1528 4163; x_wconf 89' lang='lat' dir='ltr'><strong>violenter</strong></span> <span class='ocrx_word' id='word_1_426' title='bbox 1575 4111 1850 4180; x_wconf 83' lang='lat' dir='ltr'><strong>stringens</strong></span> 
     </span>
    </p>
   </div>
   <div class='ocr_carea' id='block_1_59' title="bbox 267 4198 1851 4270">
    <p class='ocr_par' dir='ltr' id='par_1_59' title="bbox 267 4198 1851 4270">
     <span class='ocr_line' id='line_1_59' title="bbox 267 4198 1851 4270; baseline 0.003 -19"><span class='ocrx_word' id='word_1_427' title='bbox 267 4206 325 4252; x_wconf 86' lang='lat' dir='ltr'><strong>ut</strong></span> <span class='ocrx_word' id='word_1_428' title='bbox 354 4198 594 4252; x_wconf 86' lang='lat' dir='ltr'><strong>debitum</strong></span> <span class='ocrx_word' id='word_1_429' title='bbox 626 4199 831 4254; x_wconf 89' lang='lat' dir='ltr'><strong>reddat.</strong></span> <span class='ocrx_word' id='word_1_430' title='bbox 854 4199 956 4266; x_wconf 91' lang='lat' dir='ltr'><strong>Qui</strong></span> <span class='ocrx_word' id='word_1_431' title='bbox 984 4201 1148 4254; x_wconf 90' lang='lat' dir='ltr'><strong>etiam</strong></span> <span class='ocrx_word' id='word_1_432' title='bbox 1176 4201 1291 4270; x_wconf 89' lang='lat' dir='ltr'><strong>ipse</strong></span> <span class='ocrx_word' id='word_1_433' title='bbox 1314 4201 1605 4270; x_wconf 89' lang='lat' dir='ltr'><strong>procidens</strong></span> <span class='ocrx_word' id='word_1_434' title='bbox 1635 4201 1851 4256; x_wconf 84' lang='lat' dir='ltr'><strong>miseri-</strong></span> 
     </span>
    </p>
   </div>
   <div class='ocr_carea' id='block_1_60' title="bbox 265 4291 1849 4363">
    <p class='ocr_par' dir='ltr' id='par_1_60' title="bbox 265 4291 1849 4363">
     <span class='ocr_line' id='line_1_60' title="bbox 265 4291 1849 4363; baseline 0.004 -21"><span class='ocrx_word' id='word_1_435' title='bbox 265 4291 508 4344; x_wconf 72' lang='lat' dir='ltr'><strong>col-diam</strong></span> <span class='ocrx_word' id='word_1_436' title='bbox 535 4293 801 4362; x_wconf 86' lang='lat' dir='ltr'><strong>poposcit,</strong></span> <span class='ocrx_word' id='word_1_437' title='bbox 845 4293 939 4348; x_wconf 89' lang='lat' dir='ltr'><strong>sed</strong></span> <span class='ocrx_word' id='word_1_438' title='bbox 971 4293 1107 4347; x_wconf 91' lang='lat' dir='ltr'><strong>nihil</strong></span> <span class='ocrx_word' id='word_1_439' title='bbox 1149 4295 1196 4348; x_wconf 93' lang='lat' dir='ltr'><strong>ei</strong></span> <span class='ocrx_word' id='word_1_440' title='bbox 1245 4293 1468 4363; x_wconf 90' lang='lat' dir='ltr'><strong>profuit.</strong></span> <span class='ocrx_word' id='word_1_441' title='bbox 1506 4293 1640 4347; x_wconf 88' lang='lat' dir='ltr'><strong>Nam</strong></span> <span class='ocrx_word' id='word_1_442' title='bbox 1685 4295 1849 4348; x_wconf 88' lang='lat' dir='ltr'><strong>mise—</strong></span> 
     </span>
    </p>
   </div>
   <div class='ocr_carea' id='block_1_61' title="bbox 264 4384 1848 4454">
    <p class='ocr_par' dir='ltr' id='par_1_61' title="bbox 264 4384 1848 4454">
     <span class='ocr_line' id='line_1_61' title="bbox 264 4384 1848 4454; baseline 0.003 -19"><span class='ocrx_word' id='word_1_443' title='bbox 264 4399 388 4436; x_wconf 89' lang='lat' dir='ltr'><strong>rum</strong></span> <span class='ocrx_word' id='word_1_444' title='bbox 415 4385 620 4440; x_wconf 87' lang='lat' dir='ltr'><strong>carceri</strong></span> <span class='ocrx_word' id='word_1_445' title='bbox 647 4384 941 4454; x_wconf 87' lang='lat' dir='ltr'><strong>mancipat,</strong></span> <span class='ocrx_word' id='word_1_446' title='bbox 987 4385 1162 4440; x_wconf 91' lang='lat' dir='ltr'><strong>donec</strong></span> <span class='ocrx_word' id='word_1_447' title='bbox 1197 4385 1437 4439; x_wconf 88' lang='lat' dir='ltr'><strong>debitum</strong></span> <span class='ocrx_word' id='word_1_448' title='bbox 1473 4386 1668 4440; x_wconf 84' lang='lat' dir='ltr'><strong>solvat.</strong></span> <span class='ocrx_word' id='word_1_449' title='bbox 1724 4384 1848 4451; x_wconf 90' lang='lat' dir='ltr'><strong>Quo</strong></span> 
     </span>
    </p>
   </div>
   <div class='ocr_carea' id='block_1_62' title="bbox 261 4475 1918 4552">
    <p class='ocr_par' dir='ltr' id='par_1_62' title="bbox 261 4475 1918 4552">
     <span class='ocr_line' id='line_1_62' title="bbox 261 4475 1918 4552; baseline 0.002 -26"><span class='ocrx_word' id='word_1_450' title='bbox 261 4475 450 4528; x_wconf 83' lang='lat' dir='ltr'><strong>audito</strong></span> <span class='ocrx_word' id='word_1_451' title='bbox 475 4476 732 4530; x_wconf 90' lang='lat' dir='ltr'><strong>dominus</strong></span> <span class='ocrx_word' id='word_1_452' title='bbox 762 4491 979 4530; x_wconf 90' lang='lat' dir='ltr'><strong>servum</strong></span> <span class='ocrx_word' id='word_1_453' title='bbox 1024 4493 1260 4546; x_wconf 89' lang='lat' dir='ltr'><strong>nequam</strong></span> <span class='ocrx_word' id='word_1_454' title='bbox 1309 4485 1550 4541; x_wconf 85' lang='lat' dir='ltr'><strong>revocat,</strong></span> <span class='ocrx_word' id='word_1_455' title='bbox 1591 4478 1728 4532; x_wconf 88' lang='lat' dir='ltr'><strong>dure</strong></span> <span class='ocrx_word' id='word_1_456' title='bbox 1759 4477 1844 4530; x_wconf 91' lang='lat' dir='ltr'><strong>in-</strong></span> <span class='ocrx_word' id='word_1_457' title='bbox 1873 4497 1918 4552; x_wconf 73' lang='grc' dir='ltr'><strong>Ι)</strong></span> 
     </span>
    </p>
   </div>
   <div class='ocr_carea' id='block_1_63' title="bbox 263 4565 1843 4631">
    <p class='ocr_par' dir='ltr' id='par_1_63' title="bbox 263 4565 1843 4631">
     <span class='ocr_line' id='line_1_63' title="bbox 263 4565 1843 4631; baseline 0.004 -15"><span class='ocrx_word' id='word_1_458' title='bbox 263 4572 466 4631; x_wconf 81' lang='lat' dir='ltr'><strong>crepat,</strong></span> <span class='ocrx_word' id='word_1_459' title='bbox 498 4565 795 4621; x_wconf 88' lang='lat' dir='ltr'><strong>tortoribus</strong></span> <span class='ocrx_word' id='word_1_460' title='bbox 826 4566 1010 4631; x_wconf 89' lang='lat' dir='ltr'><strong>tradit,</strong></span> <span class='ocrx_word' id='word_1_461' title='bbox 1044 4567 1359 4622; x_wconf 87' lang='lat' dir='ltr'><strong>universum</strong></span> <span class='ocrx_word' id='word_1_462' title='bbox 1393 4567 1636 4621; x_wconf 90' lang='lat' dir='ltr'><strong>debitum</strong></span> <span class='ocrx_word' id='word_1_463' title='bbox 1688 4567 1757 4621; x_wconf 91' lang='lat' dir='ltr'><strong>ab</strong></span> <span class='ocrx_word' id='word_1_464' title='bbox 1776 4582 1843 4622; x_wconf 87' lang='lat' dir='ltr'><strong>eo</strong></span> 
     </span>
    </p>
   </div>
   <div class='ocr_carea' id='block_1_64' title="bbox 261 4655 1843 4730">
    <p class='ocr_par' dir='ltr' id='par_1_64' title="bbox 261 4655 1843 4730">
     <span class='ocr_line' id='line_1_64' title="bbox 261 4655 1843 4730; baseline 0.004 -22"><span class='ocrx_word' id='word_1_465' title='bbox 261 4655 403 4724; x_wconf 79' lang='lat' dir='ltr'><strong>exigi</strong></span> <span class='ocrx_word' id='word_1_466' title='bbox 429 4658 701 4726; x_wconf 64' lang='lat' dir='ltr'><strong>praecepit.</strong></span> <span class='ocrx_word' id='word_1_467' title='bbox 732 4656 798 4711; x_wconf 89' lang='lat' dir='ltr'><strong>Et</strong></span> <span class='ocrx_word' id='word_1_468' title='bbox 819 4659 950 4728; x_wconf 92' lang='lat' dir='ltr'><strong>quid</strong></span> <span class='ocrx_word' id='word_1_469' title='bbox 979 4674 1075 4728; x_wconf 85' lang='lat' dir='ltr'><strong>per</strong></span> <span class='ocrx_word' id='word_1_470' title='bbox 1105 4659 1220 4714; x_wconf 69' lang='lat' dir='ltr'><strong>haec</strong></span> <span class='ocrx_word' id='word_1_471' title='bbox 1241 4659 1405 4714; x_wconf 90' lang='lat' dir='ltr'><strong>verba</strong></span> <span class='ocrx_word' id='word_1_472' title='bbox 1434 4660 1843 4730; x_wconf 80' lang='lat' dir='ltr'><strong>significaverit,</strong></span> 
     </span>
    </p>
   </div>
   <div class='ocr_carea' id='block_1_65' title="bbox 262 4744 1846 4822">
    <p class='ocr_par' dir='ltr' id='par_1_65' title="bbox 262 4744 1846 4822">
     <span class='ocr_line' id='line_1_65' title="bbox 262 4744 1846 4822; baseline 0.005 -23"><span class='ocrx_word' id='word_1_473' title='bbox 262 4744 530 4803; x_wconf 87' lang='lat' dir='ltr'><strong>Dominus</strong></span> <span class='ocrx_word' id='word_1_474' title='bbox 567 4749 898 4804; x_wconf 89' lang='lat' dir='ltr'><strong>concludens</strong></span> <span class='ocrx_word' id='word_1_475' title='bbox 929 4751 1169 4804; x_wconf 90' lang='lat' dir='ltr'><strong>innotuit</strong></span> <span class='ocrx_word' id='word_1_476' title='bbox 1199 4771 1213 4805; x_wconf 86' lang='lat'><strong>:</strong></span> <span class='ocrx_word' id='word_1_477' title='bbox 1243 4771 1262 4804; x_wconf 73' lang='grc' dir='ltr'><strong>ε</strong></span> <span class='ocrx_word' id='word_1_478' title='bbox 1313 4751 1426 4818; x_wconf 89' lang='lat' dir='ltr'><strong>Sic,</strong></span> <span class='ocrx_word' id='word_1_479' title='bbox 1465 4753 1738 4822; x_wconf 90' lang='lat' dir='ltr'><strong>inquiens,</strong></span> <span class='ocrx_word' id='word_1_480' title='bbox 1773 4752 1846 4808; x_wconf 82' lang='lat' dir='ltr'><strong>fa-</strong></span> 
     </span>
    </p>
   </div>
   <div class='ocr_carea' id='block_1_66' title="bbox 259 4839 1843 4907">
    <p class='ocr_par' dir='ltr' id='par_1_66' title="bbox 259 4839 1843 4907">
     <span class='ocr_line' id='line_1_66' title="bbox 259 4839 1843 4907; baseline 0.005 -16"><span class='ocrx_word' id='word_1_481' title='bbox 259 4839 366 4892; x_wconf 90' lang='lat' dir='ltr'><strong>ciet</strong></span> <span class='ocrx_word' id='word_1_482' title='bbox 394 4840 548 4894; x_wconf 84' lang='lat' dir='ltr'><strong>vobis</strong></span> <span class='ocrx_word' id='word_1_483' title='bbox 597 4839 756 4894; x_wconf 87' lang='lat' dir='ltr'><strong>Pater</strong></span> <span class='ocrx_word' id='word_1_484' title='bbox 801 4855 956 4894; x_wconf 91' lang='lat' dir='ltr'><strong>meus</strong></span> <span class='ocrx_word' id='word_1_485' title='bbox 1003 4842 1260 4907; x_wconf 75' lang='lat' dir='ltr'><strong>ccelestis,</strong></span> <span class='ocrx_word' id='word_1_486' title='bbox 1299 4842 1345 4896; x_wconf 94' lang='lat' dir='ltr'><strong>si</strong></span> <span class='ocrx_word' id='word_1_487' title='bbox 1375 4857 1484 4896; x_wconf 90' lang='lat' dir='ltr'><strong>non</strong></span> <span class='ocrx_word' id='word_1_488' title='bbox 1521 4844 1843 4899; x_wconf 89' lang='lat' dir='ltr'><strong>remiseritis</strong></span> 
     </span>
    </p>
   </div>
   <div class='ocr_carea' id='block_1_67' title="bbox 259 4929 1692 5004">
    <p class='ocr_par' dir='ltr' id='par_1_67' title="bbox 259 4929 1692 5004">
     <span class='ocr_line' id='line_1_67' title="bbox 259 4929 1692 5004; baseline 0.003 -22"><span class='ocrx_word' id='word_1_489' title='bbox 259 4929 577 4985; x_wconf 89' lang='lat' dir='ltr'><strong>hominibus</strong></span> <span class='ocrx_word' id='word_1_490' title='bbox 607 4947 673 4986; x_wconf 73' lang='lat' dir='ltr'><strong>ex</strong></span> <span class='ocrx_word' id='word_1_491' title='bbox 697 4931 956 4986; x_wconf 90' lang='lat' dir='ltr'><strong>cordibus</strong></span> <span class='ocrx_word' id='word_1_492' title='bbox 981 4932 1178 4988; x_wconf 88' lang='lat' dir='ltr'><strong>vestris</strong></span> <span class='ocrx_word' id='word_1_493' title='bbox 1215 4931 1432 5003; x_wconf 83' lang='lat' dir='ltr'><strong>(Matth.</strong></span> <span class='ocrx_word' id='word_1_494' title='bbox 1459 4936 1635 5004; x_wconf 83' lang='lat' dir='ltr'><strong>xvm).</strong></span> <span class='ocrx_word' id='word_1_495' title='bbox 1673 4955 1692 4986; x_wconf 71' lang='grc' dir='ltr'><strong><em>ι</em></strong></span> 
     </span>
    </p>
   </div>
   <div class='ocr_carea' id='block_1_68' title="bbox 328 5020 1842 5097">
    <p class='ocr_par' dir='ltr' id='par_1_68' title="bbox 328 5020 1842 5097">
     <span class='ocr_line' id='line_1_68' title="bbox 328 5020 1842 5097; baseline 0.004 -22"><span class='ocrx_word' id='word_1_496' title='bbox 328 5020 678 5090; x_wconf 89' lang='lat' dir='ltr'><strong>Charissimi,</strong></span> <span class='ocrx_word' id='word_1_497' title='bbox 715 5024 819 5079; x_wconf 89' lang='lat' dir='ltr'><strong>ista</strong></span> <span class='ocrx_word' id='word_1_498' title='bbox 855 5034 982 5080; x_wconf 90' lang='lat' dir='ltr'><strong>sunt</strong></span> <span class='ocrx_word' id='word_1_499' title='bbox 1017 5025 1182 5080; x_wconf 91' lang='lat' dir='ltr'><strong>nimis</strong></span> <span class='ocrx_word' id='word_1_500' title='bbox 1211 5026 1523 5092; x_wconf 89' lang='lat' dir='ltr'><strong>metuenda,</strong></span> <span class='ocrx_word' id='word_1_501' title='bbox 1549 5042 1614 5081; x_wconf 90' lang='lat' dir='ltr'><strong>ac</strong></span> <span class='ocrx_word' id='word_1_502' title='bbox 1638 5027 1842 5097; x_wconf 86' lang='lat' dir='ltr'><strong>jugiter</strong></span> 
     </span>
    </p>
   </div>
   <div class='ocr_carea' id='block_1_69' title="bbox 257 5113 1842 5188">
    <p class='ocr_par' dir='ltr' id='par_1_69' title="bbox 257 5113 1842 5188">
     <span class='ocr_line' id='line_1_69' title="bbox 257 5113 1842 5188; baseline 0.004 -22"><span class='ocrx_word' id='word_1_503' title='bbox 257 5113 312 5167; x_wconf 91' lang='lat' dir='ltr'><strong>in</strong></span> <span class='ocrx_word' id='word_1_504' title='bbox 349 5115 613 5169; x_wconf 88' lang='lat' dir='ltr'><strong>memoria</strong></span> <span class='ocrx_word' id='word_1_505' title='bbox 643 5116 948 5172; x_wconf 89' lang='lat' dir='ltr'><strong>retinenda.</strong></span> <span class='ocrx_word' id='word_1_506' title='bbox 987 5117 1100 5172; x_wconf 75' lang='lat' dir='ltr'><strong>Rex</strong></span> <span class='ocrx_word' id='word_1_507' title='bbox 1133 5117 1227 5188; x_wconf 92' lang='lat' dir='ltr'><strong>qui</strong></span> <span class='ocrx_word' id='word_1_508' title='bbox 1272 5119 1540 5172; x_wconf 89' lang='lat' dir='ltr'><strong>rationem</strong></span> <span class='ocrx_word' id='word_1_509' title='bbox 1580 5135 1705 5173; x_wconf 84' lang='lat' dir='ltr'><strong>cum</strong></span> <span class='ocrx_word' id='word_1_510' title='bbox 1733 5135 1842 5174; x_wconf 87' lang='lat' dir='ltr'><strong>ser-</strong></span> 
     </span>
    </p>
   </div>
   <div class='ocr_carea' id='block_1_70' title="bbox 254 5203 1840 5277">
    <p class='ocr_par' dir='ltr' id='par_1_70' title="bbox 254 5203 1840 5277">
     <span class='ocr_line' id='line_1_70' title="bbox 254 5203 1840 5277; baseline 0.003 -21"><span class='ocrx_word' id='word_1_511' title='bbox 254 5203 337 5256; x_wconf 89' lang='lat' dir='ltr'><strong>vis</strong></span> <span class='ocrx_word' id='word_1_512' title='bbox 365 5203 549 5272; x_wconf 90' lang='lat' dir='ltr'><strong>posuit</strong></span> <span class='ocrx_word' id='word_1_513' title='bbox 574 5213 657 5258; x_wconf 87' lang='lat' dir='ltr'><strong>est</strong></span> <span class='ocrx_word' id='word_1_514' title='bbox 676 5205 950 5272; x_wconf 89' lang='lat' dir='ltr'><strong>Christus,</strong></span> <span class='ocrx_word' id='word_1_515' title='bbox 969 5206 1060 5276; x_wconf 91' lang='lat' dir='ltr'><strong>qui</strong></span> <span class='ocrx_word' id='word_1_516' title='bbox 1084 5221 1275 5262; x_wconf 85' lang='lat' dir='ltr'><strong>omnes</strong></span> <span class='ocrx_word' id='word_1_517' title='bbox 1299 5207 1548 5262; x_wconf 86' lang='lat' dir='ltr'><strong>homines</strong></span> <span class='ocrx_word' id='word_1_518' title='bbox 1574 5223 1672 5277; x_wconf 90' lang='lat' dir='ltr'><strong>pro</strong></span> <span class='ocrx_word' id='word_1_519' title='bbox 1703 5208 1840 5262; x_wconf 87' lang='lat' dir='ltr'><strong>acti-</strong></span> 
     </span>
    </p>
   </div>
   <div class='ocr_carea' id='block_1_71' title="bbox 256 5293 1837 5364">
    <p class='ocr_par' dir='ltr' id='par_1_71' title="bbox 256 5293 1837 5364">
     <span class='ocr_line' id='line_1_71' title="bbox 256 5293 1837 5364; baseline 0.003 -16"><span class='ocrx_word' id='word_1_520' title='bbox 256 5293 361 5348; x_wconf 88' lang='lat' dir='ltr'><strong>bus</strong></span> <span class='ocrx_word' id='word_1_521' title='bbox 390 5293 508 5348; x_wconf 90' lang='lat' dir='ltr'><strong>suis</strong></span> <span class='ocrx_word' id='word_1_522' title='bbox 539 5294 594 5348; x_wconf 88' lang='lat' dir='ltr'><strong>in</strong></span> <span class='ocrx_word' id='word_1_523' title='bbox 617 5294 885 5364; x_wconf 88' lang='lat' dir='ltr'><strong>judicium</strong></span> <span class='ocrx_word' id='word_1_524' title='bbox 933 5297 1172 5352; x_wconf 88' lang='lat' dir='ltr'><strong>adducit.</strong></span> <span class='ocrx_word' id='word_1_525' title='bbox 1222 5295 1446 5352; x_wconf 90' lang='lat' dir='ltr'><strong>Debitor</strong></span> <span class='ocrx_word' id='word_1_526' title='bbox 1492 5298 1676 5353; x_wconf 90' lang='lat' dir='ltr'><strong>decem</strong></span> <span class='ocrx_word' id='word_1_527' title='bbox 1711 5299 1837 5352; x_wconf 88' lang='lat' dir='ltr'><strong>mil-</strong></span> 
     </span>
    </p>
   </div>
   <div class='ocr_carea' id='block_1_72' title="bbox 254 5386 1834 5461">
    <p class='ocr_par' dir='ltr' id='par_1_72' title="bbox 254 5386 1834 5461">
     <span class='ocr_line' id='line_1_72' title="bbox 254 5386 1834 5461; baseline 0.006 -22"><span class='ocrx_word' id='word_1_528' title='bbox 254 5386 389 5440; x_wconf 86' lang='lat' dir='ltr'><strong>lium</strong></span> <span class='ocrx_word' id='word_1_529' title='bbox 429 5387 756 5444; x_wconf 86' lang='lat' dir='ltr'><strong>talentorum</strong></span> <span class='ocrx_word' id='word_1_530' title='bbox 808 5397 893 5445; x_wconf 92' lang='lat' dir='ltr'><strong>est</strong></span> <span class='ocrx_word' id='word_1_531' title='bbox 954 5390 1180 5460; x_wconf 91' lang='lat' dir='ltr'><strong>quilibet</strong></span> <span class='ocrx_word' id='word_1_532' title='bbox 1225 5399 1597 5461; x_wconf 84' lang='lat' dir='ltr'><strong>transgressor</strong></span> <span class='ocrx_word' id='word_1_533' title='bbox 1649 5393 1834 5448; x_wconf 91' lang='lat' dir='ltr'><strong>decem</strong></span> 
     </span>
    </p>
   </div>
   <div class='ocr_carea' id='block_1_73' title="bbox 254 5478 1838 5548">
    <p class='ocr_par' dir='ltr' id='par_1_73' title="bbox 254 5478 1838 5548">
     <span class='ocr_line' id='line_1_73' title="bbox 254 5478 1838 5548; baseline 0.007 -20"><span class='ocrx_word' id='word_1_534' title='bbox 254 5488 674 5548; x_wconf 54' lang='lat' dir='ltr'><strong>praeceptorum.</strong></span> <span class='ocrx_word' id='word_1_535' title='bbox 707 5478 930 5535; x_wconf 88' lang='lat' dir='ltr'><strong>Debitor</strong></span> <span class='ocrx_word' id='word_1_536' title='bbox 966 5496 1095 5536; x_wconf 89' lang='lat' dir='ltr'><strong>vero</strong></span> <span class='ocrx_word' id='word_1_537' title='bbox 1130 5489 1349 5536; x_wconf 88' lang='lat' dir='ltr'><strong>centum</strong></span> <span class='ocrx_word' id='word_1_538' title='bbox 1379 5482 1730 5538; x_wconf 84' lang='lat' dir='ltr'><strong>denariorum</strong></span> <span class='ocrx_word' id='word_1_539' title='bbox 1754 5493 1838 5539; x_wconf 88' lang='lat' dir='ltr'><strong>cst</strong></span> 
     </span>
    </p>
   </div>
   <div class='ocr_carea' id='block_1_74' title="bbox 256 5569 1834 5642">
    <p class='ocr_par' dir='ltr' id='par_1_74' title="bbox 256 5569 1834 5642">
     <span class='ocr_line' id='line_1_74' title="bbox 256 5569 1834 5642; baseline 0.006 -22"><span class='ocrx_word' id='word_1_540' title='bbox 256 5569 623 5624; x_wconf 84' lang='lat' dir='ltr'><strong>calumniator</strong></span> <span class='ocrx_word' id='word_1_541' title='bbox 653 5571 1052 5640; x_wconf 81' lang='lat' dir='ltr'><strong>proximorum.</strong></span> <span class='ocrx_word' id='word_1_542' title='bbox 1087 5570 1190 5637; x_wconf 88' lang='lat' dir='ltr'><strong>Qui</strong></span> <span class='ocrx_word' id='word_1_543' title='bbox 1215 5587 1346 5642; x_wconf 88' lang='lat' dir='ltr'><strong>ergo</strong></span> <span class='ocrx_word' id='word_1_544' title='bbox 1394 5572 1648 5628; x_wconf 89' lang='lat' dir='ltr'><strong>volumus</strong></span> <span class='ocrx_word' id='word_1_545' title='bbox 1675 5575 1834 5630; x_wconf 87' lang='lat' dir='ltr'><strong>nobis</strong></span> 
     </span>
    </p>
   </div>
   <div class='ocr_carea' id='block_1_75' title="bbox 255 5658 1828 5733">
    <p class='ocr_par' dir='ltr' id='par_1_75' title="bbox 255 5658 1828 5733">
     <span class='ocr_line' id='line_1_75' title="bbox 255 5658 1828 5733; baseline 0.007 -23"><span class='ocrx_word' id='word_1_546' title='bbox 255 5675 284 5711; x_wconf 81' lang='lat' dir='ltr'><strong>a</strong></span> <span class='ocrx_word' id='word_1_547' title='bbox 339 5658 448 5714; x_wconf 88' lang='lat' dir='ltr'><strong>Deo</strong></span> <span class='ocrx_word' id='word_1_548' title='bbox 477 5660 674 5714; x_wconf 91' lang='lat' dir='ltr'><strong>dimitti</strong></span> <span class='ocrx_word' id='word_1_549' title='bbox 720 5662 926 5731; x_wconf 77' lang='lat' dir='ltr'><strong>gravia,</strong></span> <span class='ocrx_word' id='word_1_550' title='bbox 966 5662 1306 5717; x_wconf 89' lang='lat' dir='ltr'><strong>dimittamus</strong></span> <span class='ocrx_word' id='word_1_551' title='bbox 1358 5663 1625 5733; x_wconf 86' lang='lat' dir='ltr'><strong>proximis</strong></span> <span class='ocrx_word' id='word_1_552' title='bbox 1671 5665 1828 5722; x_wconf 87' lang='lat' dir='ltr'><strong>levia.</strong></span> 
     </span>
    </p>
   </div>
   <div class='ocr_carea' id='block_1_76' title="bbox 257 5747 1826 5828">
    <p class='ocr_par' dir='ltr' id='par_1_76' title="bbox 257 5747 1826 5828">
     <span class='ocr_line' id='line_1_76' title="bbox 257 5747 1826 5828; baseline 0.006 -26"><span class='ocrx_word' id='word_1_553' title='bbox 257 5747 356 5803; x_wconf 66' lang='lat' dir='ltr'><strong>Lex</strong></span> <span class='ocrx_word' id='word_1_554' title='bbox 372 5751 419 5803; x_wconf 87' lang='lat' dir='ltr'><strong>ia</strong></span> <span class='ocrx_word' id='word_1_555' title='bbox 443 5756 640 5828; x_wconf 80' lang='lat' dir='ltr'><strong>quippe</strong></span> <span class='ocrx_word' id='word_1_556' title='bbox 657 5765 784 5807; x_wconf 90' lang='lat' dir='ltr'><strong>sunt</strong></span> <span class='ocrx_word' id='word_1_557' title='bbox 807 5754 988 5809; x_wconf 84' lang='lat' dir='ltr'><strong>omnia</strong></span> <span class='ocrx_word' id='word_1_558' title='bbox 1004 5771 1124 5824; x_wconf 76' lang='lat' dir='ltr'><strong>qua:</strong></span> <span class='ocrx_word' id='word_1_559' title='bbox 1138 5755 1294 5812; x_wconf 85' lang='lat' dir='ltr'><strong>nobis</strong></span> <span class='ocrx_word' id='word_1_560' title='bbox 1325 5756 1575 5812; x_wconf 90' lang='lat' dir='ltr'><strong>homines</strong></span> <span class='ocrx_word' id='word_1_561' title='bbox 1601 5756 1826 5828; x_wconf 86' lang='lat' dir='ltr'><strong>faciunt,</strong></span> 
     </span>
    </p>
   </div>
   <div class='ocr_carea' id='block_1_77' title="bbox 1979 1908 3563 1982">
    <p class='ocr_par' dir='ltr' id='par_1_77' title="bbox 1979 1908 3563 1982">
     <span class='ocr_line' id='line_1_77' title="bbox 1979 1908 3563 1982; baseline 0.003 -18"><span class='ocrx_word' id='word_1_562' title='bbox 1979 1909 2083 1964; x_wconf 92' lang='lat' dir='ltr'><strong>Sed</strong></span> <span class='ocrx_word' id='word_1_563' title='bbox 2112 1910 2250 1966; x_wconf 89' lang='lat' dir='ltr'><strong>dicis</strong></span> <span class='ocrx_word' id='word_1_564' title='bbox 2280 1929 2292 1964; x_wconf 91' lang='lat'>:</span> <span class='ocrx_word' id='word_1_565' title='bbox 2323 1908 2444 1964; x_wconf 87' lang='lat' dir='ltr'><strong>Non</strong></span> <span class='ocrx_word' id='word_1_566' title='bbox 2476 1925 2702 1980; x_wconf 88' lang='lat' dir='ltr'><strong>possum</strong></span> <span class='ocrx_word' id='word_1_567' title='bbox 2733 1911 3007 1967; x_wconf 90' lang='lat' dir='ltr'><strong>dimittere</strong></span> <span class='ocrx_word' id='word_1_568' title='bbox 3040 1913 3090 1967; x_wconf 91' lang='lat' dir='ltr'><strong>ei</strong></span> <span class='ocrx_word' id='word_1_569' title='bbox 3121 1913 3215 1982; x_wconf 89' lang='lat' dir='ltr'><strong>qui</strong></span> <span class='ocrx_word' id='word_1_570' title='bbox 3266 1913 3400 1967; x_wconf 92' lang='lat' dir='ltr'><strong>mihi</strong></span> <span class='ocrx_word' id='word_1_571' title='bbox 3433 1913 3563 1968; x_wconf 84' lang='lat' dir='ltr'><strong>facit</strong></span> 
     </span>
    </p>
   </div>
   <div class='ocr_carea' id='block_1_78' title="bbox 1975 2002 3557 2074">
    <p class='ocr_par' dir='ltr' id='par_1_78' title="bbox 1975 2002 3557 2074">
     <span class='ocr_line' id='line_1_78' title="bbox 1975 2002 3557 2074; baseline 0.003 -18"><span class='ocrx_word' id='word_1_572' title='bbox 1975 2002 2255 2073; x_wconf 88' lang='lat' dir='ltr'><strong>injuriam,</strong></span> <span class='ocrx_word' id='word_1_573' title='bbox 2282 2018 2383 2058; x_wconf 90' lang='lat' dir='ltr'><strong>nec</strong></span> <span class='ocrx_word' id='word_1_574' title='bbox 2405 2018 2592 2058; x_wconf 90' lang='lat' dir='ltr'><strong>amare</strong></span> <span class='ocrx_word' id='word_1_575' title='bbox 2618 2003 2772 2057; x_wconf 91' lang='lat' dir='ltr'><strong>illum</strong></span> <span class='ocrx_word' id='word_1_576' title='bbox 2806 2019 2837 2058; x_wconf 90' lang='lat' dir='ltr'><strong>a</strong></span> <span class='ocrx_word' id='word_1_577' title='bbox 2863 2019 2974 2074; x_wconf 90' lang='lat' dir='ltr'><strong>quo</strong></span> <span class='ocrx_word' id='word_1_578' title='bbox 2996 2005 3175 2074; x_wconf 89' lang='lat' dir='ltr'><strong>patior</strong></span> <span class='ocrx_word' id='word_1_579' title='bbox 3201 2005 3557 2061; x_wconf 89' lang='lat' dir='ltr'><strong>calumniam.</strong></span> 
     </span>
    </p>
   </div>
   <div class='ocr_carea' id='block_1_79' title="bbox 1973 2092 3562 2165">
    <p class='ocr_par' dir='ltr' id='par_1_79' title="bbox 1973 2092 3562 2165">
     <span class='ocr_line' id='line_1_79' title="bbox 1973 2092 3562 2165; baseline 0.001 -18"><span class='ocrx_word' id='word_1_580' title='bbox 1973 2092 2019 2148; x_wconf 90' lang='grc' dir='ltr'><strong>Ο</strong></span> <span class='ocrx_word' id='word_1_581' title='bbox 2045 2094 2240 2160; x_wconf 89' lang='lat' dir='ltr'><strong>amice,</strong></span> <span class='ocrx_word' id='word_1_582' title='bbox 2271 2094 2401 2164; x_wconf 92' lang='lat' dir='ltr'><strong>quid</strong></span> <span class='ocrx_word' id='word_1_583' title='bbox 2440 2093 2566 2148; x_wconf 88' lang='lat' dir='ltr'><strong>fecit</strong></span> <span class='ocrx_word' id='word_1_584' title='bbox 2604 2093 2700 2148; x_wconf 90' lang='lat' dir='ltr'><strong>tibi</strong></span> <span class='ocrx_word' id='word_1_585' title='bbox 2743 2093 2791 2149; x_wconf 92' lang='lat' dir='ltr'><strong>is</strong></span> <span class='ocrx_word' id='word_1_586' title='bbox 2831 2110 2993 2165; x_wconf 90' lang='lat' dir='ltr'><strong>quem</strong></span> <span class='ocrx_word' id='word_1_587' title='bbox 3041 2096 3244 2165; x_wconf 68' lang='lat' dir='ltr'><strong>quaeris</strong></span> <span class='ocrx_word' id='word_1_588' title='bbox 3275 2097 3562 2152; x_wconf 84' lang='lat' dir='ltr'><strong>occidere?</strong></span> 
     </span>
    </p>
   </div>
   <div class='ocr_carea' id='block_1_80' title="bbox 1973 2185 3554 2257">
    <p class='ocr_par' dir='ltr' id='par_1_80' title="bbox 1973 2185 3554 2257">
     <span class='ocr_line' id='line_1_80' title="bbox 1973 2185 3554 2257; baseline 0.002 -19"><span class='ocrx_word' id='word_1_589' title='bbox 1973 2186 2224 2241; x_wconf 77' lang='lat' dir='ltr'><strong>Amicum</strong></span> <span class='ocrx_word' id='word_1_590' title='bbox 2245 2202 2450 2252; x_wconf 91' lang='lat' dir='ltr'><strong>meum,</strong></span> <span class='ocrx_word' id='word_1_591' title='bbox 2469 2186 2905 2257; x_wconf 88' lang='lat' dir='ltr'><strong>inquis,occidit.</strong></span> <span class='ocrx_word' id='word_1_592' title='bbox 2934 2185 3143 2257; x_wconf 83' lang='lat' dir='ltr'><strong>thuid</strong></span> <span class='ocrx_word' id='word_1_593' title='bbox 3171 2187 3238 2241; x_wconf 89' lang='lat' dir='ltr'><strong>ad</strong></span> <span class='ocrx_word' id='word_1_594' title='bbox 3267 2197 3318 2242; x_wconf 90' lang='lat' dir='ltr'><strong>te</strong></span> <span class='ocrx_word' id='word_1_595' title='bbox 3348 2188 3554 2243; x_wconf 88' lang='lat' dir='ltr'><strong>occisio</strong></span> 
     </span>
    </p>
   </div>
   <div class='ocr_carea' id='block_1_81' title="bbox 1972 2278 3564 2350">
    <p class='ocr_par' dir='ltr' id='par_1_81' title="bbox 1972 2278 3564 2350">
     <span class='ocr_line' id='line_1_81' title="bbox 1972 2278 3564 2350; baseline 0 -17"><span class='ocrx_word' id='word_1_596' title='bbox 1972 2278 2232 2333; x_wconf 86' lang='lat' dir='ltr'><strong>hominis.</strong></span> <span class='ocrx_word' id='word_1_597' title='bbox 2277 2278 2480 2333; x_wconf 88' lang='lat' dir='ltr'><strong>Omnes</strong></span> <span class='ocrx_word' id='word_1_598' title='bbox 2526 2278 2668 2334; x_wconf 89' lang='lat' dir='ltr'><strong>servi</strong></span> <span class='ocrx_word' id='word_1_599' title='bbox 2717 2294 2908 2333; x_wconf 80' lang='lat' dir='ltr'><strong>sumus</strong></span> <span class='ocrx_word' id='word_1_600' title='bbox 2949 2278 3114 2334; x_wconf 88' lang='lat' dir='ltr'><strong>unius</strong></span> <span class='ocrx_word' id='word_1_601' title='bbox 3147 2279 3360 2334; x_wconf 87' lang='lat' dir='ltr'><strong>Domini</strong></span> <span class='ocrx_word' id='word_1_602' title='bbox 3414 2279 3564 2350; x_wconf 67' lang='lat' dir='ltr'><strong>regis</strong></span> 
     </span>
    </p>
   </div>
   <div class='ocr_carea' id='block_1_82' title="bbox 1971 2369 3558 2440">
    <p class='ocr_par' dir='ltr' id='par_1_82' title="bbox 1971 2369 3558 2440">
     <span class='ocr_line' id='line_1_82' title="bbox 1971 2369 3558 2440; baseline 0.003 -18"><span class='ocrx_word' id='word_1_603' title='bbox 1971 2371 2242 2436; x_wconf 67' lang='lat' dir='ltr'><strong>omnium,</strong></span> <span class='ocrx_word' id='word_1_604' title='bbox 2271 2370 2364 2440; x_wconf 90' lang='lat' dir='ltr'><strong>qui</strong></span> <span class='ocrx_word' id='word_1_605' title='bbox 2390 2370 2576 2439; x_wconf 88' lang='lat' dir='ltr'><strong>justus</strong></span> <span class='ocrx_word' id='word_1_606' title='bbox 2597 2369 2765 2440; x_wconf 83' lang='lat' dir='ltr'><strong>judcx</strong></span> <span class='ocrx_word' id='word_1_607' title='bbox 2790 2370 3086 2425; x_wconf 77' lang='lat' dir='ltr'><strong>vindicabit</strong></span> <span class='ocrx_word' id='word_1_608' title='bbox 3110 2386 3302 2425; x_wconf 86' lang='lat' dir='ltr'><strong>omnes</strong></span> <span class='ocrx_word' id='word_1_609' title='bbox 3325 2371 3558 2440; x_wconf 81' lang='lat' dir='ltr'><strong>injurias</strong></span> 
     </span>
    </p>
   </div>
   <div class='ocr_carea' id='block_1_83' title="bbox 1971 2456 3555 2527">
    <p class='ocr_par' dir='ltr' id='par_1_83' title="bbox 1971 2456 3555 2527">
     <span class='ocr_line' id='line_1_83' title="bbox 1971 2456 3555 2527; baseline 0.003 -17"><span class='ocrx_word' id='word_1_610' title='bbox 1971 2456 2275 2512; x_wconf 90' lang='lat' dir='ltr'><strong>hominum.</strong></span> <span class='ocrx_word' id='word_1_611' title='bbox 2302 2457 2406 2523; x_wconf 88' lang='lat' dir='ltr'><strong>Qui</strong></span> <span class='ocrx_word' id='word_1_612' title='bbox 2431 2473 2562 2527; x_wconf 84' lang='lat' dir='ltr'><strong>ergo</strong></span> <span class='ocrx_word' id='word_1_613' title='bbox 2601 2458 2878 2512; x_wconf 86' lang='lat' dir='ltr'><strong>hominem</strong></span> <span class='ocrx_word' id='word_1_614' title='bbox 2916 2459 3198 2524; x_wconf 90' lang='lat' dir='ltr'><strong>occiderit,</strong></span> <span class='ocrx_word' id='word_1_615' title='bbox 3231 2475 3340 2513; x_wconf 93' lang='lat' dir='ltr'><strong>non</strong></span> <span class='ocrx_word' id='word_1_616' title='bbox 3387 2460 3442 2514; x_wconf 92' lang='lat' dir='ltr'><strong>in</strong></span> <span class='ocrx_word' id='word_1_617' title='bbox 3482 2470 3555 2527; x_wconf 88' lang='lat' dir='ltr'><strong>te,</strong></span> 
     </span>
    </p>
   </div>
   <div class='ocr_carea' id='block_1_84' title="bbox 1970 2547 3555 2619">
    <p class='ocr_par' dir='ltr' id='par_1_84' title="bbox 1970 2547 3555 2619">
     <span class='ocr_line' id='line_1_84' title="bbox 1970 2547 3555 2619; baseline 0.002 -17"><span class='ocrx_word' id='word_1_618' title='bbox 1970 2548 2064 2602; x_wconf 90' lang='lat' dir='ltr'><strong>sed</strong></span> <span class='ocrx_word' id='word_1_619' title='bbox 2095 2548 2149 2600; x_wconf 92' lang='lat' dir='ltr'><strong>in</strong></span> <span class='ocrx_word' id='word_1_620' title='bbox 2187 2547 2336 2602; x_wconf 92' lang='lat' dir='ltr'><strong>illum</strong></span> <span class='ocrx_word' id='word_1_621' title='bbox 2368 2548 2656 2619; x_wconf 89' lang='lat' dir='ltr'><strong>delinquit,</strong></span> <span class='ocrx_word' id='word_1_622' title='bbox 2690 2551 2849 2619; x_wconf 88' lang='lat' dir='ltr'><strong>cujus</strong></span> <span class='ocrx_word' id='word_1_623' title='bbox 2881 2565 3100 2605; x_wconf 84' lang='lat' dir='ltr'><strong>servum</strong></span> <span class='ocrx_word' id='word_1_624' title='bbox 3147 2551 3371 2606; x_wconf 91' lang='lat' dir='ltr'><strong>occidit.</strong></span> <span class='ocrx_word' id='word_1_625' title='bbox 3413 2551 3479 2605; x_wconf 84' lang='lat' dir='ltr'><strong>Et</strong></span> <span class='ocrx_word' id='word_1_626' title='bbox 3507 2553 3555 2605; x_wconf 91' lang='lat' dir='ltr'><strong>si</strong></span> 
     </span>
    </p>
   </div>
   <div class='ocr_carea' id='block_1_85' title="bbox 1968 2639 3555 2713">
    <p class='ocr_par' dir='ltr' id='par_1_85' title="bbox 1968 2639 3555 2713">
     <span class='ocr_line' id='line_1_85' title="bbox 1968 2639 3555 2713; baseline 0.004 -20"><span class='ocrx_word' id='word_1_627' title='bbox 1968 2639 2094 2694; x_wconf 91' lang='lat' dir='ltr'><strong>inde</strong></span> <span class='ocrx_word' id='word_1_628' title='bbox 2124 2641 2386 2696; x_wconf 89' lang='lat' dir='ltr'><strong>ultionem</strong></span> <span class='ocrx_word' id='word_1_629' title='bbox 2415 2643 2638 2712; x_wconf 71' lang='lat' dir='ltr'><strong>quaeris,</strong></span> <span class='ocrx_word' id='word_1_630' title='bbox 2668 2643 2956 2713; x_wconf 88' lang='lat' dir='ltr'><strong>dupliciter</strong></span> <span class='ocrx_word' id='word_1_631' title='bbox 3000 2660 3126 2699; x_wconf 91' lang='lat' dir='ltr'><strong>reus</strong></span> <span class='ocrx_word' id='word_1_632' title='bbox 3154 2645 3266 2700; x_wconf 90' lang='lat' dir='ltr'><strong>eris</strong></span> <span class='ocrx_word' id='word_1_633' title='bbox 3293 2662 3307 2698; x_wconf 89' lang='lat'><strong>:</strong></span> <span class='ocrx_word' id='word_1_634' title='bbox 3339 2645 3394 2700; x_wconf 89' lang='lat' dir='ltr'><strong>in</strong></span> <span class='ocrx_word' id='word_1_635' title='bbox 3444 2661 3555 2700; x_wconf 87' lang='lat' dir='ltr'><strong>uno</strong></span> 
     </span>
    </p>
   </div>
   <div class='ocr_carea' id='block_1_86' title="bbox 1965 2732 3554 2807">
    <p class='ocr_par' dir='ltr' id='par_1_86' title="bbox 1965 2732 3554 2807">
     <span class='ocr_line' id='line_1_86' title="bbox 1965 2732 3554 2807; baseline 0.003 -22"><span class='ocrx_word' id='word_1_636' title='bbox 1965 2732 2112 2800; x_wconf 90' lang='lat' dir='ltr'><strong>quod</strong></span> <span class='ocrx_word' id='word_1_637' title='bbox 2141 2747 2465 2787; x_wconf 88' lang='lat' dir='ltr'><strong>conservum</strong></span> <span class='ocrx_word' id='word_1_638' title='bbox 2498 2743 2652 2788; x_wconf 84' lang='lat' dir='ltr'><strong>tuum</strong></span> <span class='ocrx_word' id='word_1_639' title='bbox 2675 2734 2964 2801; x_wconf 90' lang='lat' dir='ltr'><strong>occideris,</strong></span> <span class='ocrx_word' id='word_1_640' title='bbox 2990 2735 3044 2789; x_wconf 91' lang='lat' dir='ltr'><strong>in</strong></span> <span class='ocrx_word' id='word_1_641' title='bbox 3073 2735 3246 2792; x_wconf 89' lang='lat' dir='ltr'><strong>altero</strong></span> <span class='ocrx_word' id='word_1_642' title='bbox 3281 2737 3428 2807; x_wconf 72' lang='lat' dir='ltr'><strong>quc&#39;.‘</strong></span> <span class='ocrx_word' id='word_1_643' title='bbox 3447 2737 3554 2790; x_wconf 87' lang='lat' dir='ltr'><strong>do-</strong></span> 
     </span>
    </p>
   </div>
   <div class='ocr_carea' id='block_1_87' title="bbox 1965 2823 3070 2893">
    <p class='ocr_par' dir='ltr' id='par_1_87' title="bbox 1965 2823 3070 2893">
     <span class='ocr_line' id='line_1_87' title="bbox 1965 2823 3070 2893; baseline 0.005 -15"><span class='ocrx_word' id='word_1_644' title='bbox 1965 2823 2117 2878; x_wconf 72' lang='lat' dir='ltr'><strong>mino</strong></span> <span class='ocrx_word' id='word_1_645' title='bbox 2151 2833 2242 2878; x_wconf 91' lang='lat' dir='ltr'><strong>tuo</strong></span> <span class='ocrx_word' id='word_1_646' title='bbox 2267 2824 2535 2893; x_wconf 89' lang='lat' dir='ltr'><strong>judicium</strong></span> <span class='ocrx_word' id='word_1_647' title='bbox 2566 2843 2727 2882; x_wconf 91' lang='lat' dir='ltr'><strong>suum</strong></span> <span class='ocrx_word' id='word_1_648' title='bbox 2760 2827 3070 2883; x_wconf 83' lang='lat' dir='ltr'><strong>abstuleris.</strong></span> 
     </span>
    </p>
   </div>
   <div class='ocr_carea' id='block_1_88' title="bbox 2035 2912 3554 2984">
    <p class='ocr_par' dir='ltr' id='par_1_88' title="bbox 2035 2912 3554 2984">
     <span class='ocr_line' id='line_1_88' title="bbox 2035 2912 3554 2984; baseline 0.005 -19"><span class='ocrx_word' id='word_1_649' title='bbox 2035 2912 2203 2984; x_wconf 85' lang='lat' dir='ltr'><strong>Igitur</strong></span> <span class='ocrx_word' id='word_1_650' title='bbox 2231 2917 2278 2969; x_wconf 93' lang='lat' dir='ltr'><strong>si</strong></span> <span class='ocrx_word' id='word_1_651' title='bbox 2310 2917 2661 2972; x_wconf 87' lang='lat' dir='ltr'><strong>homicidium</strong></span> <span class='ocrx_word' id='word_1_652' title='bbox 2694 2917 2838 2973; x_wconf 87' lang='lat' dir='ltr'><strong>facto</strong></span> <span class='ocrx_word' id='word_1_653' title='bbox 2871 2919 2951 2971; x_wconf 91' lang='lat' dir='ltr'><strong>vel</strong></span> <span class='ocrx_word' id='word_1_654' title='bbox 2982 2917 3214 2973; x_wconf 89' lang='lat' dir='ltr'><strong>consilio</strong></span> <span class='ocrx_word' id='word_1_655' title='bbox 3243 2917 3554 2973; x_wconf 81' lang='lat' dir='ltr'><strong>vindicave-</strong></span> 
     </span>
    </p>
   </div>
   <div class='ocr_carea' id='block_1_89' title="bbox 1960 3007 3550 3080">
    <p class='ocr_par' dir='ltr' id='par_1_89' title="bbox 1960 3007 3550 3080">
     <span class='ocr_line' id='line_1_89' title="bbox 1960 3007 3550 3080; baseline 0.003 -20"><span class='ocrx_word' id='word_1_656' title='bbox 1960 3007 2059 3070; x_wconf 89' lang='lat' dir='ltr'><strong>ris,</strong></span> <span class='ocrx_word' id='word_1_657' title='bbox 2089 3023 2214 3062; x_wconf 92' lang='lat' dir='ltr'><strong>cum</strong></span> <span class='ocrx_word' id='word_1_658' title='bbox 2259 3009 2555 3064; x_wconf 92' lang='lat' dir='ltr'><strong>homicidio</strong></span> <span class='ocrx_word' id='word_1_659' title='bbox 2587 3012 2774 3080; x_wconf 90' lang='lat' dir='ltr'><strong>utique</strong></span> <span class='ocrx_word' id='word_1_660' title='bbox 2814 3010 3185 3077; x_wconf 85' lang='lat' dir='ltr'><strong>damnaberis,</strong></span> <span class='ocrx_word' id='word_1_661' title='bbox 3222 3011 3351 3080; x_wconf 90' lang='lat' dir='ltr'><strong>quia</strong></span> <span class='ocrx_word' id='word_1_662' title='bbox 3408 3029 3428 3062; x_wconf 86' lang='grc'><strong>‹</strong></span> <span class='ocrx_word' id='word_1_663' title='bbox 3455 3011 3550 3080; x_wconf 91' lang='lat' dir='ltr'><strong>qui</strong></span> 
     </span>
    </p>
   </div>
   <div class='ocr_carea' id='block_1_90' title="bbox 1962 3098 3552 3168">
    <p class='ocr_par' dir='ltr' id='par_1_90' title="bbox 1962 3098 3552 3168">
     <span class='ocr_line' id='line_1_90' title="bbox 1962 3098 3552 3168; baseline 0.003 -16"><span class='ocrx_word' id='word_1_664' title='bbox 1962 3099 2077 3154; x_wconf 91' lang='lat' dir='ltr'><strong>odit</strong></span> <span class='ocrx_word' id='word_1_665' title='bbox 2108 3098 2332 3155; x_wconf 79' lang='lat' dir='ltr'><strong>fratrem</strong></span> <span class='ocrx_word' id='word_1_666' title='bbox 2365 3116 2549 3168; x_wconf 89' lang='lat' dir='ltr'><strong>suum,</strong></span> <span class='ocrx_word' id='word_1_667' title='bbox 2581 3102 2852 3157; x_wconf 90' lang='lat' dir='ltr'><strong>homicida</strong></span> <span class='ocrx_word' id='word_1_668' title='bbox 2882 3111 2994 3168; x_wconf 93' lang='lat' dir='ltr'><strong>est;</strong></span> <span class='ocrx_word' id='word_1_669' title='bbox 3027 3112 3082 3156; x_wconf 88' lang='lat' dir='ltr'><strong>et</strong></span> <span class='ocrx_word' id='word_1_670' title='bbox 3106 3102 3197 3157; x_wconf 77' lang='lat' dir='ltr'><strong>hic</strong></span> <span class='ocrx_word' id='word_1_671' title='bbox 3225 3118 3336 3156; x_wconf 90' lang='lat' dir='ltr'><strong>non</strong></span> <span class='ocrx_word' id='word_1_672' title='bbox 3388 3103 3552 3157; x_wconf 84' lang='lat' dir='ltr'><strong>habet</strong></span> 
     </span>
    </p>
   </div>
   <div class='ocr_carea' id='block_1_91' title="bbox 1961 3191 3544 3262">
    <p class='ocr_par' dir='ltr' id='par_1_91' title="bbox 1961 3191 3544 3262">
     <span class='ocr_line' id='line_1_91' title="bbox 1961 3191 3544 3262; baseline 0.001 -18"><span class='ocrx_word' id='word_1_673' title='bbox 1961 3200 2171 3260; x_wconf 88' lang='lat' dir='ltr'><strong>partem</strong></span> <span class='ocrx_word' id='word_1_674' title='bbox 2203 3193 2256 3244; x_wconf 90' lang='lat' dir='ltr'><strong>in</strong></span> <span class='ocrx_word' id='word_1_675' title='bbox 2284 3201 2488 3248; x_wconf 69' lang='lat' dir='ltr'><strong>aeterna</strong></span> <span class='ocrx_word' id='word_1_676' title='bbox 2517 3194 2628 3247; x_wconf 89' lang='lat' dir='ltr'><strong>vita</strong></span> <span class='ocrx_word' id='word_1_677' title='bbox 2661 3191 2842 3261; x_wconf 84' lang='lat' dir='ltr'><strong>(Joan.</strong></span> <span class='ocrx_word' id='word_1_678' title='bbox 2879 3193 2984 3262; x_wconf 76' lang='lat' dir='ltr'><strong>tu).</strong></span> <span class='ocrx_word' id='word_1_679' title='bbox 3018 3213 3036 3243; x_wconf 77' lang='grc'><strong>›</strong></span> <span class='ocrx_word' id='word_1_680' title='bbox 3065 3195 3154 3260; x_wconf 86' lang='lat' dir='ltr'><strong>At,</strong></span> <span class='ocrx_word' id='word_1_681' title='bbox 3188 3203 3245 3248; x_wconf 88' lang='lat' dir='ltr'><strong>tu</strong></span> <span class='ocrx_word' id='word_1_682' title='bbox 3281 3194 3423 3248; x_wconf 87' lang='lat' dir='ltr'><strong>bone</strong></span> <span class='ocrx_word' id='word_1_683' title='bbox 3444 3194 3544 3260; x_wconf 87' lang='lat' dir='ltr'><strong>vir,</strong></span> 
     </span>
    </p>
   </div>
   <div class='ocr_carea' id='block_1_92' title="bbox 1960 3284 3549 3354">
    <p class='ocr_par' dir='ltr' id='par_1_92' title="bbox 1960 3284 3549 3354">
     <span class='ocr_line' id='line_1_92' title="bbox 1960 3284 3549 3354; baseline -0.001 -16"><span class='ocrx_word' id='word_1_684' title='bbox 1960 3299 2059 3338; x_wconf 90' lang='lat' dir='ltr'><strong>cur</strong></span> <span class='ocrx_word' id='word_1_685' title='bbox 2083 3288 2165 3340; x_wconf 90' lang='lat' dir='ltr'><strong>vis</strong></span> <span class='ocrx_word' id='word_1_686' title='bbox 2207 3285 2355 3340; x_wconf 91' lang='lat' dir='ltr'><strong>illius</strong></span> <span class='ocrx_word' id='word_1_687' title='bbox 2406 3285 2650 3340; x_wconf 89' lang='lat' dir='ltr'><strong>membra</strong></span> <span class='ocrx_word' id='word_1_688' title='bbox 2683 3285 2956 3350; x_wconf 89' lang='lat' dir='ltr'><strong>mutilare,</strong></span> <span class='ocrx_word' id='word_1_689' title='bbox 2988 3300 3152 3354; x_wconf 83' lang='lat' dir='ltr'><strong>quem</strong></span> <span class='ocrx_word' id='word_1_690' title='bbox 3204 3285 3406 3340; x_wconf 87' lang='lat' dir='ltr'><strong>summi</strong></span> <span class='ocrx_word' id='word_1_691' title='bbox 3437 3284 3549 3337; x_wconf 86' lang='lat' dir='ltr'><strong>lm-</strong></span> 
     </span>
    </p>
   </div>
   <div class='ocr_carea' id='block_1_93' title="bbox 1957 3375 3543 3446">
    <p class='ocr_par' dir='ltr' id='par_1_93' title="bbox 1957 3375 3543 3446">
     <span class='ocr_line' id='line_1_93' title="bbox 1957 3375 3543 3446; baseline -0.002 -15"><span class='ocrx_word' id='word_1_692' title='bbox 1957 3378 2227 3446; x_wconf 88' lang='lat' dir='ltr'><strong>petatoris</strong></span> <span class='ocrx_word' id='word_1_693' title='bbox 2273 3376 2446 3432; x_wconf 87' lang='lat' dir='ltr'><strong>Filius</strong></span> <span class='ocrx_word' id='word_1_694' title='bbox 2495 3393 2686 3432; x_wconf 92' lang='lat' dir='ltr'><strong>secum</strong></span> <span class='ocrx_word' id='word_1_695' title='bbox 2729 3375 2842 3430; x_wconf 90' lang='lat' dir='ltr'><strong>vult</strong></span> <span class='ocrx_word' id='word_1_696' title='bbox 2881 3376 3256 3446; x_wconf 88' lang='lat' dir='ltr'><strong>conregnare?</strong></span> <span class='ocrx_word' id='word_1_697' title='bbox 3283 3375 3543 3440; x_wconf 80' lang='lat' dir='ltr'><strong>Abstulit,</strong></span> 
     </span>
    </p>
   </div>
   <div class='ocr_carea' id='block_1_94' title="bbox 1959 3467 3546 3540">
    <p class='ocr_par' dir='ltr' id='par_1_94' title="bbox 1959 3467 3546 3540">
     <span class='ocr_line' id='line_1_94' title="bbox 1959 3467 3546 3540; baseline -0.002 -15"><span class='ocrx_word' id='word_1_698' title='bbox 1959 3471 2162 3540; x_wconf 90' lang='lat' dir='ltr'><strong>inquis,</strong></span> <span class='ocrx_word' id='word_1_699' title='bbox 2190 3470 2334 3524; x_wconf 91' lang='lat' dir='ltr'><strong>bona</strong></span> <span class='ocrx_word' id='word_1_700' title='bbox 2370 3485 2512 3523; x_wconf 87' lang='lat' dir='ltr'><strong>mea.</strong></span> <span class='ocrx_word' id='word_1_701' title='bbox 2547 3468 2680 3536; x_wconf 71' lang='lat' dir='ltr'><strong>Quae</strong></span> <span class='ocrx_word' id='word_1_702' title='bbox 2718 3469 2901 3522; x_wconf 87' lang='lat' dir='ltr'><strong>bona?</strong></span> <span class='ocrx_word' id='word_1_703' title='bbox 2929 3467 3160 3533; x_wconf 87' lang='lat' dir='ltr'><strong>Aurum,</strong></span> <span class='ocrx_word' id='word_1_704' title='bbox 3193 3467 3399 3536; x_wconf 87' lang='lat' dir='ltr'><strong>inquis.</strong></span> <span class='ocrx_word' id='word_1_705' title='bbox 3452 3477 3546 3522; x_wconf 87' lang='lat' dir='ltr'><strong>aut</strong></span> 
     </span>
    </p>
   </div>
   <div class='ocr_carea' id='block_1_95' title="bbox 1959 3555 3543 3632">
    <p class='ocr_par' dir='ltr' id='par_1_95' title="bbox 1959 3555 3543 3632">
     <span class='ocr_line' id='line_1_95' title="bbox 1959 3555 3543 3632; baseline -0.004 -16"><span class='ocrx_word' id='word_1_706' title='bbox 1959 3572 2268 3631; x_wconf 81' lang='lat' dir='ltr'><strong>argentum,</strong></span> <span class='ocrx_word' id='word_1_707' title='bbox 2295 3572 2390 3616; x_wconf 90' lang='lat' dir='ltr'><strong>aut</strong></span> <span class='ocrx_word' id='word_1_708' title='bbox 2415 3577 2643 3632; x_wconf 88' lang='lat' dir='ltr'><strong>equum,</strong></span> <span class='ocrx_word' id='word_1_709' title='bbox 2678 3569 2772 3614; x_wconf 89' lang='lat' dir='ltr'><strong>aut</strong></span> <span class='ocrx_word' id='word_1_710' title='bbox 2803 3560 3012 3629; x_wconf 91' lang='lat' dir='ltr'><strong>aliquid</strong></span> <span class='ocrx_word' id='word_1_711' title='bbox 3038 3558 3334 3628; x_wconf 91' lang='lat' dir='ltr'><strong>ejusmodi.</strong></span> <span class='ocrx_word' id='word_1_712' title='bbox 3365 3555 3409 3611; x_wconf 89' lang='grc' dir='ltr'><strong>Ο</strong></span> <span class='ocrx_word' id='word_1_713' title='bbox 3440 3558 3543 3611; x_wconf 92' lang='lat' dir='ltr'><strong>bo-</strong></span> 
     </span>
    </p>
   </div>
   <div class='ocr_carea' id='block_1_96' title="bbox 1957 3647 3545 3720">
    <p class='ocr_par' dir='ltr' id='par_1_96' title="bbox 1957 3647 3545 3720">
     <span class='ocr_line' id='line_1_96' title="bbox 1957 3647 3545 3720; baseline -0.003 -14"><span class='ocrx_word' id='word_1_714' title='bbox 1957 3667 2071 3720; x_wconf 91' lang='lat' dir='ltr'><strong>mo,</strong></span> <span class='ocrx_word' id='word_1_715' title='bbox 2102 3668 2285 3707; x_wconf 92' lang='lat' dir='ltr'><strong>nonne</strong></span> <span class='ocrx_word' id='word_1_716' title='bbox 2313 3653 2494 3708; x_wconf 92' lang='lat' dir='ltr'><strong>nudus</strong></span> <span class='ocrx_word' id='word_1_717' title='bbox 2525 3653 2578 3706; x_wconf 93' lang='lat' dir='ltr'><strong>in</strong></span> <span class='ocrx_word' id='word_1_718' title='bbox 2607 3653 2751 3706; x_wconf 90' lang='lat' dir='ltr'><strong>hunc</strong></span> <span class='ocrx_word' id='word_1_719' title='bbox 2779 3652 3046 3705; x_wconf 87' lang='lat' dir='ltr'><strong>mundum</strong></span> <span class='ocrx_word' id='word_1_720' title='bbox 3086 3649 3304 3714; x_wconf 90' lang='lat' dir='ltr'><strong>venisti,</strong></span> <span class='ocrx_word' id='word_1_721' title='bbox 3331 3657 3385 3703; x_wconf 89' lang='lat' dir='ltr'><strong>et</strong></span> <span class='ocrx_word' id='word_1_722' title='bbox 3409 3647 3545 3702; x_wconf 91' lang='lat' dir='ltr'><strong>nihil</strong></span> 
     </span>
    </p>
   </div>
   <div class='ocr_carea' id='block_1_97' title="bbox 1955 3741 3544 3812">
    <p class='ocr_par' dir='ltr' id='par_1_97' title="bbox 1955 3741 3544 3812">
     <span class='ocr_line' id='line_1_97' title="bbox 1955 3741 3544 3812; baseline 0 -16"><span class='ocrx_word' id='word_1_723' title='bbox 1955 3741 2150 3797; x_wconf 89' lang='lat' dir='ltr'><strong>horum</strong></span> <span class='ocrx_word' id='word_1_724' title='bbox 2204 3753 2381 3798; x_wconf 87' lang='lat' dir='ltr'><strong>tecum</strong></span> <span class='ocrx_word' id='word_1_725' title='bbox 2431 3745 2695 3798; x_wconf 88' lang='lat' dir='ltr'><strong>attulisti?</strong></span> <span class='ocrx_word' id='word_1_726' title='bbox 2746 3742 2854 3798; x_wconf 85' lang='lat' dir='ltr'><strong>Nec</strong></span> <span class='ocrx_word' id='word_1_727' title='bbox 2902 3743 3129 3797; x_wconf 88' lang='lat' dir='ltr'><strong>dubium</strong></span> <span class='ocrx_word' id='word_1_728' title='bbox 3187 3743 3319 3812; x_wconf 90' lang='lat' dir='ltr'><strong>quin</strong></span> <span class='ocrx_word' id='word_1_729' title='bbox 3364 3741 3544 3796; x_wconf 79' lang='lat' dir='ltr'><strong>nudus</strong></span> 
     </span>
    </p>
   </div>
   <div class='ocr_carea' id='block_1_98' title="bbox 1953 3831 3543 3901">
    <p class='ocr_par' dir='ltr' id='par_1_98' title="bbox 1953 3831 3543 3901">
     <span class='ocr_line' id='line_1_98' title="bbox 1953 3831 3543 3901; baseline 0.001 -17"><span class='ocrx_word' id='word_1_730' title='bbox 1953 3831 2116 3885; x_wconf 91' lang='lat' dir='ltr'><strong>etiam</strong></span> <span class='ocrx_word' id='word_1_731' title='bbox 2147 3833 2214 3887; x_wconf 93' lang='lat' dir='ltr'><strong>de</strong></span> <span class='ocrx_word' id='word_1_732' title='bbox 2249 3833 2452 3886; x_wconf 92' lang='lat' dir='ltr'><strong>mundo</strong></span> <span class='ocrx_word' id='word_1_733' title='bbox 2474 3833 2742 3896; x_wconf 90' lang='lat' dir='ltr'><strong>discedas,</strong></span> <span class='ocrx_word' id='word_1_734' title='bbox 2767 3841 2821 3886; x_wconf 90' lang='lat' dir='ltr'><strong>et</strong></span> <span class='ocrx_word' id='word_1_735' title='bbox 2846 3833 3031 3888; x_wconf 90' lang='lat' dir='ltr'><strong>omnia</strong></span> <span class='ocrx_word' id='word_1_736' title='bbox 3093 3833 3184 3886; x_wconf 92' lang='lat' dir='ltr'><strong>hic</strong></span> <span class='ocrx_word' id='word_1_737' title='bbox 3237 3833 3543 3901; x_wconf 79' lang='lat' dir='ltr'><strong>relinquas.</strong></span> 
     </span>
    </p>
   </div>
   <div class='ocr_carea' id='block_1_99' title="bbox 1953 3919 3540 3987">
    <p class='ocr_par' dir='ltr' id='par_1_99' title="bbox 1953 3919 3540 3987">
     <span class='ocr_line' id='line_1_99' title="bbox 1953 3919 3540 3987; baseline -0.001 -13"><span class='ocrx_word' id='word_1_738' title='bbox 1953 3919 2071 3975; x_wconf 81' lang='lat' dir='ltr'><strong>iluc</strong></span> <span class='ocrx_word' id='word_1_739' title='bbox 2102 3921 2356 3976; x_wconf 89' lang='lat' dir='ltr'><strong>universa</strong></span> <span class='ocrx_word' id='word_1_740' title='bbox 2387 3922 2454 3975; x_wconf 90' lang='lat' dir='ltr'><strong>de</strong></span> <span class='ocrx_word' id='word_1_741' title='bbox 2485 3931 2628 3976; x_wconf 87' lang='lat' dir='ltr'><strong>terra</strong></span> <span class='ocrx_word' id='word_1_742' title='bbox 2676 3930 2963 3987; x_wconf 90' lang='lat' dir='ltr'><strong>venerunt,</strong></span> <span class='ocrx_word' id='word_1_743' title='bbox 3003 3929 3057 3975; x_wconf 91' lang='lat' dir='ltr'><strong>et</strong></span> <span class='ocrx_word' id='word_1_744' title='bbox 3093 3922 3291 3975; x_wconf 91' lang='lat' dir='ltr'><strong>iterum</strong></span> <span class='ocrx_word' id='word_1_745' title='bbox 3335 3922 3392 3975; x_wconf 94' lang='lat' dir='ltr'><strong>in</strong></span> <span class='ocrx_word' id='word_1_746' title='bbox 3429 3930 3540 3975; x_wconf 90' lang='lat' dir='ltr'><strong>ter-</strong></span> 
     </span>
    </p>
   </div>
   <div class='ocr_carea' id='block_1_100' title="bbox 1952 4011 3545 4082">
    <p class='ocr_par' dir='ltr' id='par_1_100' title="bbox 1952 4011 3545 4082">
     <span class='ocr_line' id='line_1_100' title="bbox 1952 4011 3545 4082; baseline -0.001 -16"><span class='ocrx_word' id='word_1_747' title='bbox 1952 4028 2070 4066; x_wconf 87' lang='lat' dir='ltr'><strong>ram</strong></span> <span class='ocrx_word' id='word_1_748' title='bbox 2102 4013 2377 4066; x_wconf 90' lang='lat' dir='ltr'><strong>redibunt.</strong></span> <span class='ocrx_word' id='word_1_749' title='bbox 2407 4011 2555 4066; x_wconf 83' lang='lat' dir='ltr'><strong>Nihil</strong></span> <span class='ocrx_word' id='word_1_750' title='bbox 2583 4012 2752 4068; x_wconf 84' lang='lat' dir='ltr'><strong>habes</strong></span> <span class='ocrx_word' id='word_1_751' title='bbox 2782 4012 2870 4067; x_wconf 89' lang='lat' dir='ltr'><strong>hic</strong></span> <span class='ocrx_word' id='word_1_752' title='bbox 2906 4011 3212 4082; x_wconf 91' lang='lat' dir='ltr'><strong>proprium,</strong></span> <span class='ocrx_word' id='word_1_753' title='bbox 3244 4011 3336 4066; x_wconf 90' lang='lat' dir='ltr'><strong>sed</strong></span> <span class='ocrx_word' id='word_1_754' title='bbox 3364 4020 3545 4075; x_wconf 22' lang='lat' dir='ltr'><strong>totum,</strong></span> 
     </span>
    </p>
   </div>
   <div class='ocr_carea' id='block_1_101' title="bbox 1951 4101 3538 4172">
    <p class='ocr_par' dir='ltr' id='par_1_101' title="bbox 1951 4101 3538 4172">
     <span class='ocr_line' id='line_1_101' title="bbox 1951 4101 3538 4172; baseline -0.001 -14"><span class='ocrx_word' id='word_1_755' title='bbox 1951 4113 2034 4158; x_wconf 90' lang='lat' dir='ltr'><strong>est</strong></span> <span class='ocrx_word' id='word_1_756' title='bbox 2061 4103 2298 4158; x_wconf 88' lang='lat' dir='ltr'><strong>alienum</strong></span> <span class='ocrx_word' id='word_1_757' title='bbox 2339 4121 2351 4158; x_wconf 92' lang='lat'>:</span> <span class='ocrx_word' id='word_1_758' title='bbox 2386 4122 2405 4154; x_wconf 73' lang='grc' dir='ltr'><strong><em>ι</em></strong></span> <span class='ocrx_word' id='word_1_759' title='bbox 2439 4101 2654 4156; x_wconf 86' lang='lat' dir='ltr'><strong>Domini</strong></span> <span class='ocrx_word' id='word_1_760' title='bbox 2686 4111 2770 4156; x_wconf 91' lang='lat' dir='ltr'><strong>est</strong></span> <span class='ocrx_word' id='word_1_761' title='bbox 2805 4111 2950 4157; x_wconf 88' lang='lat' dir='ltr'><strong>terra</strong></span> <span class='ocrx_word' id='word_1_762' title='bbox 2997 4111 3052 4157; x_wconf 88' lang='lat' dir='ltr'><strong>et</strong></span> <span class='ocrx_word' id='word_1_763' title='bbox 3102 4102 3385 4172; x_wconf 86' lang='lat' dir='ltr'><strong>plenitudo</strong></span> <span class='ocrx_word' id='word_1_764' title='bbox 3418 4101 3538 4169; x_wconf 89' lang='lat' dir='ltr'><strong>ejus</strong></span> 
     </span>
    </p>
   </div>
   <div class='ocr_carea' id='block_1_102' title="bbox 1952 4191 3537 4265">
    <p class='ocr_par' dir='ltr' id='par_1_102' title="bbox 1952 4191 3537 4265">
     <span class='ocr_line' id='line_1_102' title="bbox 1952 4191 3537 4265; baseline -0.001 -19"><span class='ocrx_word' id='word_1_765' title='bbox 1952 4193 2125 4265; x_wconf 75' lang='lat' dir='ltr'><strong>(Psat.</strong></span> <span class='ocrx_word' id='word_1_766' title='bbox 2162 4198 2344 4263; x_wconf 61' lang='grc' dir='ltr'><strong>χχιιι).</strong></span> <span class='ocrx_word' id='word_1_767' title='bbox 2384 4212 2403 4244; x_wconf 77' lang='grc' dir='ltr'><strong><em>ι</em></strong></span> <span class='ocrx_word' id='word_1_768' title='bbox 2439 4192 2516 4248; x_wconf 91' lang='lat' dir='ltr'><strong>De</strong></span> <span class='ocrx_word' id='word_1_769' title='bbox 2544 4193 2706 4248; x_wconf 90' lang='lat' dir='ltr'><strong>bonis</strong></span> <span class='ocrx_word' id='word_1_770' title='bbox 2729 4194 2845 4248; x_wconf 90' lang='lat' dir='ltr'><strong>suis</strong></span> <span class='ocrx_word' id='word_1_771' title='bbox 2876 4201 3086 4262; x_wconf 88' lang='lat' dir='ltr'><strong>partem</strong></span> <span class='ocrx_word' id='word_1_772' title='bbox 3117 4193 3212 4246; x_wconf 89' lang='lat' dir='ltr'><strong>tibi</strong></span> <span class='ocrx_word' id='word_1_773' title='bbox 3241 4191 3537 4256; x_wconf 79' lang='lat' dir='ltr'><strong>concessit,</strong></span> 
     </span>
    </p>
   </div>
   <div class='ocr_carea' id='block_1_103' title="bbox 1949 4282 3535 4354">
    <p class='ocr_par' dir='ltr' id='par_1_103' title="bbox 1949 4282 3535 4354">
     <span class='ocr_line' id='line_1_103' title="bbox 1949 4282 3535 4354; baseline -0.002 -16"><span class='ocrx_word' id='word_1_774' title='bbox 1949 4285 2212 4354; x_wconf 82' lang='lat' dir='ltr'><strong>qua&#39;ndiu</strong></span> <span class='ocrx_word' id='word_1_775' title='bbox 2241 4285 2344 4338; x_wconf 86' lang='lat' dir='ltr'><strong>sibi</strong></span> <span class='ocrx_word' id='word_1_776' title='bbox 2372 4285 2606 4354; x_wconf 87' lang='lat' dir='ltr'><strong>placuit;</strong></span> <span class='ocrx_word' id='word_1_777' title='bbox 2637 4301 2762 4340; x_wconf 92' lang='lat' dir='ltr'><strong>cum</strong></span> <span class='ocrx_word' id='word_1_778' title='bbox 2790 4284 3000 4338; x_wconf 88' lang='lat' dir='ltr'><strong>diutius</strong></span> <span class='ocrx_word' id='word_1_779' title='bbox 3033 4293 3084 4339; x_wconf 90' lang='lat' dir='ltr'><strong>te</strong></span> <span class='ocrx_word' id='word_1_780' title='bbox 3110 4284 3309 4338; x_wconf 86' lang='lat' dir='ltr'><strong>habere</strong></span> <span class='ocrx_word' id='word_1_781' title='bbox 3335 4282 3535 4349; x_wconf 85' lang='lat' dir='ltr'><strong>noluit,</strong></span> 
     </span>
    </p>
   </div>
   <div class='ocr_carea' id='block_1_104' title="bbox 1949 4371 3534 4447">
    <p class='ocr_par' dir='ltr' id='par_1_104' title="bbox 1949 4371 3534 4447">
     <span class='ocr_line' id='line_1_104' title="bbox 1949 4371 3534 4447; baseline 0 -16"><span class='ocrx_word' id='word_1_782' title='bbox 1949 4377 2115 4431; x_wconf 88' lang='lat' dir='ltr'><strong>alium</strong></span> <span class='ocrx_word' id='word_1_783' title='bbox 2150 4377 2554 4447; x_wconf 86' lang='lat' dir='ltr'><strong>tollerejussit.</strong></span> <span class='ocrx_word' id='word_1_784' title='bbox 2598 4375 2851 4442; x_wconf 85' lang='lat' dir='ltr'><strong>Quandiu</strong></span> <span class='ocrx_word' id='word_1_785' title='bbox 2883 4375 3056 4429; x_wconf 91' lang='lat' dir='ltr'><strong>voluit</strong></span> <span class='ocrx_word' id='word_1_786' title='bbox 3105 4374 3248 4429; x_wconf 89' lang='lat' dir='ltr'><strong>bona</strong></span> <span class='ocrx_word' id='word_1_787' title='bbox 3302 4388 3401 4428; x_wconf 88' lang='lat' dir='ltr'><strong>sua</strong></span> <span class='ocrx_word' id='word_1_788' title='bbox 3429 4371 3534 4431; x_wconf 80' lang='lat' dir='ltr'><strong>Joh</strong></span> 
     </span>
    </p>
   </div>
   <div class='ocr_carea' id='block_1_105' title="bbox 1949 4465 3538 4538">
    <p class='ocr_par' dir='ltr' id='par_1_105' title="bbox 1949 4465 3538 4538">
     <span class='ocr_line' id='line_1_105' title="bbox 1949 4465 3538 4538; baseline -0.002 -15"><span class='ocrx_word' id='word_1_789' title='bbox 1949 4469 2175 4536; x_wconf 86' lang='lat' dir='ltr'><strong>tribuit;</strong></span> <span class='ocrx_word' id='word_1_790' title='bbox 2206 4485 2331 4524; x_wconf 91' lang='lat' dir='ltr'><strong>cum</strong></span> <span class='ocrx_word' id='word_1_791' title='bbox 2364 4470 2562 4524; x_wconf 88' lang='lat' dir='ltr'><strong>iterum</strong></span> <span class='ocrx_word' id='word_1_792' title='bbox 2594 4469 2696 4524; x_wconf 88' lang='lat' dir='ltr'><strong>sibi</strong></span> <span class='ocrx_word' id='word_1_793' title='bbox 2726 4469 2929 4538; x_wconf 88' lang='lat' dir='ltr'><strong>placuit</strong></span> <span class='ocrx_word' id='word_1_794' title='bbox 2957 4467 3006 4522; x_wconf 92' lang='lat' dir='ltr'><strong>ei</strong></span> <span class='ocrx_word' id='word_1_795' title='bbox 3037 4465 3289 4521; x_wconf 86' lang='lat' dir='ltr'><strong>auferens</strong></span> <span class='ocrx_word' id='word_1_796' title='bbox 3314 4465 3538 4520; x_wconf 87' lang='lat' dir='ltr'><strong>diabolo</strong></span> 
     </span>
    </p>
   </div>
   <div class='ocr_carea' id='block_1_106' title="bbox 1949 4557 3533 4630">
    <p class='ocr_par' dir='ltr' id='par_1_106' title="bbox 1949 4557 3533 4630">
     <span class='ocr_line' id='line_1_106' title="bbox 1949 4557 3533 4630; baseline -0.003 -14"><span class='ocrx_word' id='word_1_797' title='bbox 1949 4562 2115 4617; x_wconf 90' lang='lat' dir='ltr'><strong>dedit.</strong></span> <span class='ocrx_word' id='word_1_798' title='bbox 2157 4560 2312 4616; x_wconf 90' lang='lat' dir='ltr'><strong>Unde</strong></span> <span class='ocrx_word' id='word_1_799' title='bbox 2339 4572 2394 4616; x_wconf 90' lang='lat' dir='ltr'><strong>et</strong></span> <span class='ocrx_word' id='word_1_800' title='bbox 2423 4561 2577 4630; x_wconf 90' lang='lat' dir='ltr'><strong>ipse:</strong></span> <span class='ocrx_word' id='word_1_801' title='bbox 2609 4579 2628 4613; x_wconf 75' lang='grc' dir='ltr'>ι</span> <span class='ocrx_word' id='word_1_802' title='bbox 2673 4559 2957 4627; x_wconf 82' lang='lat' dir='ltr'><strong>Dominus,</strong></span> <span class='ocrx_word' id='word_1_803' title='bbox 2998 4559 3196 4630; x_wconf 89' lang='lat' dir='ltr'><strong>inquit,</strong></span> <span class='ocrx_word' id='word_1_804' title='bbox 3223 4557 3391 4623; x_wconf 77' lang='lat' dir='ltr'><strong>dedit,</strong></span> <span class='ocrx_word' id='word_1_805' title='bbox 3426 4557 3533 4612; x_wconf 84' lang='lat' dir='ltr'><strong>Do-</strong></span> 
     </span>
    </p>
   </div>
   <div class='ocr_carea' id='block_1_107' title="bbox 1947 4648 3532 4723">
    <p class='ocr_par' dir='ltr' id='par_1_107' title="bbox 1947 4648 3532 4723">
     <span class='ocr_line' id='line_1_107' title="bbox 1947 4648 3532 4723; baseline -0.007 -15"><span class='ocrx_word' id='word_1_806' title='bbox 1947 4655 2131 4709; x_wconf 89' lang='lat' dir='ltr'><strong>minus</strong></span> <span class='ocrx_word' id='word_1_807' title='bbox 2157 4654 2383 4708; x_wconf 89' lang='lat' dir='ltr'><strong>abstulit</strong></span> <span class='ocrx_word' id='word_1_808' title='bbox 2408 4651 2530 4723; x_wconf 80' lang='lat' dir='ltr'><strong>(Job</strong></span> <span class='ocrx_word' id='word_1_809' title='bbox 2560 4653 2622 4720; x_wconf 86' lang='lat' dir='ltr'><strong>l).</strong></span> <span class='ocrx_word' id='word_1_810' title='bbox 2656 4672 2675 4704; x_wconf 76' lang='grc' dir='ltr'><strong><em>ι</em></strong></span> <span class='ocrx_word' id='word_1_811' title='bbox 2711 4650 2829 4705; x_wconf 86' lang='lat' dir='ltr'><strong>Non</strong></span> <span class='ocrx_word' id='word_1_812' title='bbox 2858 4652 2995 4704; x_wconf 80' lang='lat' dir='ltr'><strong>dixit</strong></span> <span class='ocrx_word' id='word_1_813' title='bbox 3027 4669 3041 4705; x_wconf 91' lang='lat'><strong>:</strong></span> <span class='ocrx_word' id='word_1_814' title='bbox 3080 4669 3098 4701; x_wconf 83' lang='grc'><em>‹</em></span> <span class='ocrx_word' id='word_1_815' title='bbox 3138 4649 3398 4704; x_wconf 87' lang='lat' dir='ltr'><strong>Diabolus</strong></span> <span class='ocrx_word' id='word_1_816' title='bbox 3434 4648 3532 4702; x_wconf 57' lang='lat' dir='ltr'><strong>ab.</strong></span> 
     </span>
    </p>
   </div>
   <div class='ocr_carea' id='block_1_108' title="bbox 1947 4741 3524 4816">
    <p class='ocr_par' dir='ltr' id='par_1_108' title="bbox 1947 4741 3524 4816">
     <span class='ocr_line' id='line_1_108' title="bbox 1947 4741 3524 4816; baseline -0.005 -14"><span class='ocrx_word' id='word_1_817' title='bbox 1947 4747 2254 4816; x_wconf 90' lang='lat' dir='ltr'><strong>stulit,quia</strong></span> <span class='ocrx_word' id='word_1_818' title='bbox 2286 4746 2550 4800; x_wconf 90' lang='lat' dir='ltr'><strong>Dominus</strong></span> <span class='ocrx_word' id='word_1_819' title='bbox 2572 4745 2722 4800; x_wconf 87' lang='lat' dir='ltr'><strong>solus</strong></span> <span class='ocrx_word' id='word_1_820' title='bbox 2751 4744 2874 4798; x_wconf 91' lang='lat' dir='ltr'><strong>inde</strong></span> <span class='ocrx_word' id='word_1_821' title='bbox 2904 4752 3222 4813; x_wconf 87' lang='lat' dir='ltr'><strong>potestatem</strong></span> <span class='ocrx_word' id='word_1_822' title='bbox 3255 4741 3464 4795; x_wconf 87' lang='lat' dir='ltr'><strong>habuit.</strong></span> <span class='ocrx_word' id='word_1_823' title='bbox 3504 4761 3524 4793; x_wconf 84' lang='lat' dir='ltr'><strong>I</strong></span> 
     </span>
    </p>
   </div>
   <div class='ocr_carea' id='block_1_109' title="bbox 1943 4834 3529 4909">
    <p class='ocr_par' dir='ltr' id='par_1_109' title="bbox 1943 4834 3529 4909">
     <span class='ocr_line' id='line_1_109' title="bbox 1943 4834 3529 4909; baseline -0.001 -18"><span class='ocrx_word' id='word_1_824' title='bbox 1943 4837 2080 4892; x_wconf 88' lang='lat' dir='ltr'><strong>Cum</strong></span> <span class='ocrx_word' id='word_1_825' title='bbox 2110 4854 2240 4909; x_wconf 89' lang='lat' dir='ltr'><strong>ergo</strong></span> <span class='ocrx_word' id='word_1_826' title='bbox 2269 4839 2346 4893; x_wconf 93' lang='lat' dir='ltr'><strong>sis</strong></span> <span class='ocrx_word' id='word_1_827' title='bbox 2368 4837 2570 4892; x_wconf 86' lang='lat' dir='ltr'><strong>vermis</strong></span> <span class='ocrx_word' id='word_1_828' title='bbox 2595 4845 2650 4891; x_wconf 92' lang='lat' dir='ltr'><strong>et</strong></span> <span class='ocrx_word' id='word_1_829' title='bbox 2670 4836 2918 4906; x_wconf 76' lang='lat' dir='ltr'><strong>putredo,</strong></span> <span class='ocrx_word' id='word_1_830' title='bbox 2950 4850 3018 4889; x_wconf 88' lang='lat' dir='ltr'><strong>ne</strong></span> <span class='ocrx_word' id='word_1_831' title='bbox 3063 4835 3322 4904; x_wconf 83' lang='lat' dir='ltr'><strong>injuriam</strong></span> <span class='ocrx_word' id='word_1_832' title='bbox 3358 4834 3529 4890; x_wconf 87' lang='lat' dir='ltr'><strong>facias</strong></span> 
     </span>
    </p>
   </div>
   <div class='ocr_carea' id='block_1_110' title="bbox 1944 4927 3528 4999">
    <p class='ocr_par' dir='ltr' id='par_1_110' title="bbox 1944 4927 3528 4999">
     <span class='ocr_line' id='line_1_110' title="bbox 1944 4927 3528 4999; baseline -0.001 -17"><span class='ocrx_word' id='word_1_833' title='bbox 1944 4929 2076 4998; x_wconf 91' lang='lat' dir='ltr'><strong>Deo,</strong></span> <span class='ocrx_word' id='word_1_834' title='bbox 2101 4931 2386 4986; x_wconf 86' lang='lat' dir='ltr'><strong>vindicans</strong></span> <span class='ocrx_word' id='word_1_835' title='bbox 2413 4941 2462 4985; x_wconf 93' lang='lat' dir='ltr'><strong>te</strong></span> <span class='ocrx_word' id='word_1_836' title='bbox 2485 4931 2542 4983; x_wconf 88' lang='lat' dir='ltr'><strong>in</strong></span> <span class='ocrx_word' id='word_1_837' title='bbox 2565 4929 2836 4999; x_wconf 79' lang='lat' dir='ltr'><strong>proximo.</strong></span> <span class='ocrx_word' id='word_1_838' title='bbox 2859 4927 2941 4982; x_wconf 88' lang='lat' dir='ltr'><strong>Tu</strong></span> <span class='ocrx_word' id='word_1_839' title='bbox 2972 4937 3178 4993; x_wconf 90' lang='lat' dir='ltr'><strong>autem,</strong></span> <span class='ocrx_word' id='word_1_840' title='bbox 3211 4928 3398 4994; x_wconf 91' lang='lat' dir='ltr'><strong>chare,</strong></span> <span class='ocrx_word' id='word_1_841' title='bbox 3429 4943 3528 4982; x_wconf 92' lang='lat' dir='ltr'><strong>cur</strong></span> 
     </span>
    </p>
   </div>
   <div class='ocr_carea' id='block_1_111' title="bbox 1943 5020 3525 5094">
    <p class='ocr_par' dir='ltr' id='par_1_111' title="bbox 1943 5020 3525 5094">
     <span class='ocr_line' id='line_1_111' title="bbox 1943 5020 3525 5094; baseline -0.003 -16"><span class='ocrx_word' id='word_1_842' title='bbox 1943 5025 2026 5080; x_wconf 90' lang='lat' dir='ltr'><strong>vis</strong></span> <span class='ocrx_word' id='word_1_843' title='bbox 2073 5025 2225 5078; x_wconf 91' lang='lat' dir='ltr'><strong>illum</strong></span> <span class='ocrx_word' id='word_1_844' title='bbox 2277 5024 2559 5094; x_wconf 74' lang='lat' dir='ltr'><strong>instigare,</strong></span> <span class='ocrx_word' id='word_1_845' title='bbox 2591 5023 2671 5077; x_wconf 87' lang='lat' dir='ltr'><strong>vel</strong></span> <span class='ocrx_word' id='word_1_846' title='bbox 2716 5022 2882 5076; x_wconf 87' lang='lat' dir='ltr'><strong>rebus</strong></span> <span class='ocrx_word' id='word_1_847' title='bbox 2927 5022 3043 5076; x_wconf 89' lang='lat' dir='ltr'><strong>suis</strong></span> <span class='ocrx_word' id='word_1_848' title='bbox 3077 5021 3334 5091; x_wconf 83' lang='lat' dir='ltr'><strong>privare?</strong></span> <span class='ocrx_word' id='word_1_849' title='bbox 3365 5020 3525 5086; x_wconf 82' lang='lat' dir='ltr'><strong>Male,</strong></span> 
     </span>
    </p>
   </div>
   <div class='ocr_carea' id='block_1_112' title="bbox 1943 5111 3528 5185">
    <p class='ocr_par' dir='ltr' id='par_1_112' title="bbox 1943 5111 3528 5185">
     <span class='ocr_line' id='line_1_112' title="bbox 1943 5111 3528 5185; baseline -0.002 -17"><span class='ocrx_word' id='word_1_850' title='bbox 1943 5114 2149 5185; x_wconf 90' lang='lat' dir='ltr'><strong>inquis,</strong></span> <span class='ocrx_word' id='word_1_851' title='bbox 2180 5116 2400 5170; x_wconf 91' lang='lat' dir='ltr'><strong>locutus</strong></span> <span class='ocrx_word' id='word_1_852' title='bbox 2431 5125 2513 5169; x_wconf 85' lang='lat' dir='ltr'><strong>est</strong></span> <span class='ocrx_word' id='word_1_853' title='bbox 2542 5114 2699 5169; x_wconf 86' lang='lat' dir='ltr'><strong>mihi.</strong></span> <span class='ocrx_word' id='word_1_854' title='bbox 2726 5111 3095 5168; x_wconf 86' lang='lat' dir='ltr'><strong>Oinsensate!</strong></span> <span class='ocrx_word' id='word_1_855' title='bbox 3128 5113 3262 5184; x_wconf 88' lang='lat' dir='ltr'><strong>quid</strong></span> <span class='ocrx_word' id='word_1_856' title='bbox 3301 5119 3384 5166; x_wconf 86' lang='lat' dir='ltr'><strong>est</strong></span> <span class='ocrx_word' id='word_1_857' title='bbox 3406 5126 3528 5166; x_wconf 88' lang='lat' dir='ltr'><strong>ver-</strong></span> 
     </span>
    </p>
   </div>
   <div class='ocr_carea' id='block_1_113' title="bbox 1941 5203 3522 5275">
    <p class='ocr_par' dir='ltr' id='par_1_113' title="bbox 1941 5203 3522 5275">
     <span class='ocr_line' id='line_1_113' title="bbox 1941 5203 3522 5275; baseline -0.003 -16"><span class='ocrx_word' id='word_1_858' title='bbox 1941 5205 2071 5259; x_wconf 89' lang='lat' dir='ltr'><strong>bum</strong></span> <span class='ocrx_word' id='word_1_859' title='bbox 2103 5206 2207 5260; x_wconf 90' lang='lat' dir='ltr'><strong>nisi</strong></span> <span class='ocrx_word' id='word_1_860' title='bbox 2237 5205 2466 5261; x_wconf 81' lang='lat' dir='ltr'><strong>ventus?</strong></span> <span class='ocrx_word' id='word_1_861' title='bbox 2489 5204 2787 5275; x_wconf 88' lang='lat' dir='ltr'><strong>Postquam</strong></span> <span class='ocrx_word' id='word_1_862' title='bbox 2819 5205 2964 5260; x_wconf 91' lang='lat' dir='ltr'><strong>enim</strong></span> <span class='ocrx_word' id='word_1_863' title='bbox 2995 5205 3063 5260; x_wconf 92' lang='lat' dir='ltr'><strong>de</strong></span> <span class='ocrx_word' id='word_1_864' title='bbox 3109 5220 3205 5259; x_wconf 90' lang='lat' dir='ltr'><strong>ore</strong></span> <span class='ocrx_word' id='word_1_865' title='bbox 3238 5203 3522 5267; x_wconf 89' lang='lat' dir='ltr'><strong>volaverit,</strong></span> 
     </span>
    </p>
   </div>
   <div class='ocr_carea' id='block_1_114' title="bbox 1939 5296 3523 5366">
    <p class='ocr_par' dir='ltr' id='par_1_114' title="bbox 1939 5296 3523 5366">
     <span class='ocr_line' id='line_1_114' title="bbox 1939 5296 3523 5366; baseline -0.002 -14"><span class='ocrx_word' id='word_1_866' title='bbox 1939 5312 2069 5353; x_wconf 81' lang='lat' dir='ltr'><strong>mox</strong></span> <span class='ocrx_word' id='word_1_867' title='bbox 2102 5299 2155 5352; x_wconf 94' lang='lat' dir='ltr'><strong>in</strong></span> <span class='ocrx_word' id='word_1_868' title='bbox 2191 5313 2356 5354; x_wconf 85' lang='lat' dir='ltr'><strong>auras</strong></span> <span class='ocrx_word' id='word_1_869' title='bbox 2379 5299 2618 5354; x_wconf 85' lang='lat' dir='ltr'><strong>evanuit.</strong></span> <span class='ocrx_word' id='word_1_870' title='bbox 2651 5296 2754 5366; x_wconf 93' lang='lat' dir='ltr'><strong>Qui</strong></span> <span class='ocrx_word' id='word_1_871' title='bbox 2783 5306 2966 5354; x_wconf 89' lang='lat' dir='ltr'><strong>autem</strong></span> <span class='ocrx_word' id='word_1_872' title='bbox 3015 5298 3158 5352; x_wconf 86' lang='lat' dir='ltr'><strong>male</strong></span> <span class='ocrx_word' id='word_1_873' title='bbox 3197 5297 3412 5351; x_wconf 91' lang='lat' dir='ltr'><strong>locutus</strong></span> <span class='ocrx_word' id='word_1_874' title='bbox 3439 5305 3523 5350; x_wconf 85' lang='lat' dir='ltr'><strong>est</strong></span> 
     </span>
    </p>
   </div>
   <div class='ocr_carea' id='block_1_115' title="bbox 1939 5387 3525 5460">
    <p class='ocr_par' dir='ltr' id='par_1_115' title="bbox 1939 5387 3525 5460">
     <span class='ocr_line' id='line_1_115' title="bbox 1939 5387 3525 5460; baseline -0.002 -16"><span class='ocrx_word' id='word_1_875' title='bbox 1939 5404 2048 5444; x_wconf 91' lang='lat' dir='ltr'><strong>non</strong></span> <span class='ocrx_word' id='word_1_876' title='bbox 2081 5390 2202 5457; x_wconf 90' lang='lat' dir='ltr'><strong>tibi,</strong></span> <span class='ocrx_word' id='word_1_877' title='bbox 2235 5391 2330 5446; x_wconf 89' lang='lat' dir='ltr'><strong>sed</strong></span> <span class='ocrx_word' id='word_1_878' title='bbox 2355 5390 2458 5446; x_wconf 88' lang='lat' dir='ltr'><strong>sibi</strong></span> <span class='ocrx_word' id='word_1_879' title='bbox 2485 5391 2696 5456; x_wconf 91' lang='lat' dir='ltr'><strong>nocuit,</strong></span> <span class='ocrx_word' id='word_1_880' title='bbox 2719 5391 2849 5460; x_wconf 93' lang='lat' dir='ltr'><strong>quia</strong></span> <span class='ocrx_word' id='word_1_881' title='bbox 2876 5390 2969 5460; x_wconf 87' lang='lat' dir='ltr'><strong>qui</strong></span> <span class='ocrx_word' id='word_1_882' title='bbox 3005 5390 3170 5444; x_wconf 89' lang='lat' dir='ltr'><strong>etiam</strong></span> <span class='ocrx_word' id='word_1_883' title='bbox 3202 5387 3351 5442; x_wconf 82' lang='lat' dir='ltr'><strong>fatue</strong></span> <span class='ocrx_word' id='word_1_884' title='bbox 3375 5387 3525 5442; x_wconf 54' lang='lat' dir='ltr'><strong>dixe.</strong></span> 
     </span>
    </p>
   </div>
   <div class='ocr_carea' id='block_1_116' title="bbox 1936 5466 3519 5554">
    <p class='ocr_par' dir='ltr' id='par_1_116' title="bbox 1936 5466 3519 5554">
     <span class='ocr_line' id='line_1_116' title="bbox 1936 5466 3519 5554; baseline -0.002 -18"><span class='ocrx_word' id='word_1_885' title='bbox 1936 5482 2031 5548; x_wconf 85' lang='lat' dir='ltr'><strong>rit,</strong></span> <span class='ocrx_word' id='word_1_886' title='bbox 2069 5498 2197 5538; x_wconf 91' lang='lat' dir='ltr'><strong>reus</strong></span> <span class='ocrx_word' id='word_1_887' title='bbox 2226 5466 2486 5553; x_wconf 71' lang='lat' dir='ltr'><strong>gehennae</strong></span> <span class='ocrx_word' id='word_1_888' title='bbox 2529 5483 2671 5554; x_wconf 84' lang='lat' dir='ltr'><strong>ignis</strong></span> <span class='ocrx_word' id='word_1_889' title='bbox 2710 5482 2814 5537; x_wconf 89' lang='lat' dir='ltr'><strong>erit</strong></span> <span class='ocrx_word' id='word_1_890' title='bbox 2863 5479 3083 5550; x_wconf 78' lang='lat' dir='ltr'><strong>(Matth.</strong></span> <span class='ocrx_word' id='word_1_891' title='bbox 3130 5479 3208 5548; x_wconf 89' lang='lat' dir='ltr'><strong>v).</strong></span> <span class='ocrx_word' id='word_1_892' title='bbox 3241 5477 3345 5532; x_wconf 83' lang='lat' dir='ltr'><strong>Sed</strong></span> <span class='ocrx_word' id='word_1_893' title='bbox 3383 5479 3430 5533; x_wconf 89' lang='lat' dir='ltr'><strong>si</strong></span> <span class='ocrx_word' id='word_1_894' title='bbox 3461 5488 3519 5533; x_wconf 89' lang='lat' dir='ltr'><strong>tu</strong></span> 
     </span>
    </p>
   </div>
   <div class='ocr_carea' id='block_1_117' title="bbox 1936 5569 3521 5644">
    <p class='ocr_par' dir='ltr' id='par_1_117' title="bbox 1936 5569 3521 5644">
     <span class='ocr_line' id='line_1_117' title="bbox 1936 5569 3521 5644; baseline -0.003 -16"><span class='ocrx_word' id='word_1_895' title='bbox 1936 5573 2081 5628; x_wconf 89' lang='lat' dir='ltr'><strong>male</strong></span> <span class='ocrx_word' id='word_1_896' title='bbox 2120 5574 2347 5641; x_wconf 82' lang='lat' dir='ltr'><strong>vixeris,</strong></span> <span class='ocrx_word' id='word_1_897' title='bbox 2373 5573 2502 5644; x_wconf 90' lang='lat' dir='ltr'><strong>quid</strong></span> <span class='ocrx_word' id='word_1_898' title='bbox 2527 5572 2771 5644; x_wconf 86' lang='lat' dir='ltr'><strong>proderit</strong></span> <span class='ocrx_word' id='word_1_899' title='bbox 2793 5571 2890 5624; x_wconf 91' lang='lat' dir='ltr'><strong>tibi</strong></span> <span class='ocrx_word' id='word_1_900' title='bbox 2914 5569 3150 5638; x_wconf 87' lang='lat' dir='ltr'><strong>alicujus</strong></span> <span class='ocrx_word' id='word_1_901' title='bbox 3175 5569 3521 5624; x_wconf 83' lang='lat' dir='ltr'><strong>benedictio?</strong></span> 
     </span>
    </p>
   </div>
   <div class='ocr_carea' id='block_1_118' title="bbox 1937 5659 3518 5736">
    <p class='ocr_par' dir='ltr' id='par_1_118' title="bbox 1937 5659 3518 5736">
     <span class='ocr_line' id='line_1_118' title="bbox 1937 5659 3518 5736; baseline -0.003 -16"><span class='ocrx_word' id='word_1_902' title='bbox 1937 5661 1998 5720; x_wconf 91' lang='lat' dir='ltr'><strong>Si</strong></span> <span class='ocrx_word' id='word_1_903' title='bbox 2027 5680 2157 5720; x_wconf 85' lang='lat' dir='ltr'><strong>vero</strong></span> <span class='ocrx_word' id='word_1_904' title='bbox 2174 5665 2312 5720; x_wconf 88' lang='lat' dir='ltr'><strong>bene</strong></span> <span class='ocrx_word' id='word_1_905' title='bbox 2333 5663 2558 5732; x_wconf 81' lang='lat' dir='ltr'><strong>vixeris,</strong></span> <span class='ocrx_word' id='word_1_906' title='bbox 2580 5663 2712 5736; x_wconf 88' lang='lat' dir='ltr'><strong>quid</strong></span> <span class='ocrx_word' id='word_1_907' title='bbox 2735 5661 2916 5716; x_wconf 88' lang='lat' dir='ltr'><strong>oberit</strong></span> <span class='ocrx_word' id='word_1_908' title='bbox 2946 5659 3042 5714; x_wconf 89' lang='lat' dir='ltr'><strong>tibi</strong></span> <span class='ocrx_word' id='word_1_909' title='bbox 3071 5659 3310 5730; x_wconf 85' lang='lat' dir='ltr'><strong>alicujus</strong></span> <span class='ocrx_word' id='word_1_910' title='bbox 3343 5660 3518 5716; x_wconf 48' lang='lat' dir='ltr'><strong>malea</strong></span> 
     </span>
    </p>
   </div>
   <div class='ocr_carea' id='block_1_119' title="bbox 1935 5750 3512 5825">
    <p class='ocr_par' dir='ltr' id='par_1_119' title="bbox 1935 5750 3512 5825">
     <span class='ocr_line' id='line_1_119' title="bbox 1935 5750 3512 5825; baseline -0.006 -15"><span class='ocrx_word' id='word_1_911' title='bbox 1935 5754 2140 5810; x_wconf 85' lang='lat' dir='ltr'><strong>dictio?</strong></span> <span class='ocrx_word' id='word_1_912' title='bbox 2168 5754 2426 5812; x_wconf 85' lang='lat' dir='ltr'><strong>Miserum</strong></span> <span class='ocrx_word' id='word_1_913' title='bbox 2467 5763 2705 5825; x_wconf 84' lang='lat' dir='ltr'><strong>estergo</strong></span> <span class='ocrx_word' id='word_1_914' title='bbox 2752 5753 2950 5808; x_wconf 89' lang='lat' dir='ltr'><strong>horum</strong></span> <span class='ocrx_word' id='word_1_915' title='bbox 2980 5750 3312 5806; x_wconf 86' lang='lat' dir='ltr'><strong>miserorum</strong></span> <span class='ocrx_word' id='word_1_916' title='bbox 3347 5766 3512 5820; x_wconf 61' lang='lat' dir='ltr'><strong>auge-</strong></span> 
     </span>
    </p>
   </div>
  </div>
