3970 6446
456 371 589 425 {QII

1592 366 1920 424 WERNERI
1959 362 2254 421 ABBATIS
2290 362 2348 420 S.
2386 359 2605 417 BLASII

3594 362 3720 416 12ίὲ

455 502 516 539 rc
558 487 838 543 miseriam
881 502 976 557 per
1036 486 1356 552 vindictam,
1406 501 1531 540 cum
1569 487 1672 556 ipsi
1716 486 1902 541 miseri
1951 500 2043 540 suo
2074 485 2121 542 A
2147 479 2347 534 decore
2399 476 2844 547 profugavcrnnt.
2878 476 3213 549 Reversique
3271 476 3549 548 ingentem
3596 492 3717 545 pne-

456 592 555 647 prr
612 593 672 633 se
732 577 1150 648 provocaverint
1214 578 1353 632 iram
1421 575 1536 632 Dei.
1596 576 1741 633 Deus
1804 591 2045 647 namque

458 667 765 723 homicidas
786 668 1090 734 damnabit,
1117 676 1363 738 raptores
1390 684 1611 739 quoque
1642 669 1820 739 poenis
1851 668 2043 739 subju-

456 759 631 830 gahit,
664 759 983 815 maledictos
1021 759 1186 814 etiam
1213 760 1284 816 ah
1322 770 1527 816 aeterna
1551 760 1931 816 benedictione
1958 775 2044 817 se-

458 851 724 921 gregabit.
748 850 918 922 igitur
939 861 1137 907 cuncta
1168 852 1222 907 in
1251 867 1353 908 nos
1375 854 1674 909 commissa
1703 863 1832 911 sunt
1857 854 2044 909 dimit-

458 942 643 1008 tenda,
663 941 717 996 in
748 941 919 997 Deum
945 945 1241 1000 commissa
1271 954 1399 1000 sunt
1422 960 1453 999 a
1482 946 1719 1014 praelatis
1744 946 2038 1015 punienda.

457 1029 593 1098 Quae
618 1033 721 1104 ipsi
766 1034 823 1089 in
847 1034 1019 1091 Deum
1048 1052 1366 1106 peccamus,
1395 1038 1557 1109 digna
1591 1038 1911 1107 poenitentia
1942 1055 2045 1109 pu-

458 1125 698 1193 niamns,
721 1142 843 1197 quae
868 1128 1027 1184 nobis
1048 1130 1278 1199 subjecti
1301 1131 1353 1184 in
1370 1131 1542 1202 legem
1570 1131 1663 1186 Dei
1684 1141 2045 1202 peccaverunt

459 1231 571 1271 non
623 1219 938 1287 crudeliter,
977 1224 1072 1277 sed
1126 1222 1551 1278 misericorditer
1596 1224 1947 1294 castigemus,
1986 1233 2045 1279 ut

461 1306 674 1363 animas
723 1324 913 1365 eorum
948 1311 1243 1378 salvemus,
1276 1314 1404 1383 quia
1438 1333 1456 1365 ι
1481 1314 1751 1384 judicium
1786 1316 1906 1371 sine
1936 1315 2044 1370 mi-

462 1400 759 1455 sericordia
802 1402 853 1455 ei
905 1403 999 1472 qui
1052 1419 1161 1458 non
1238 1404 1366 1460 fecit
1424 1407 1854 1462 miscricordiam
1899 1407 2041 1479 (Jac.

462 1490 564 1555 tt);
605 1510 623 1543 ι
659 1507 782 1561 quae
816 1502 999 1547 autem
1042 1495 1096 1549 in
1123 1510 1223 1549 nos
1249 1496 1415 1551 verbo
1445 1498 1528 1552 vel
1584 1497 1728 1553 facto
1752 1501 2046 1556 commise-

461 1582 606 1646 rint,
648 1584 956 1640 relaxemus
986 1594 1041 1640 et
1065 1588 1324 1657 gaudium
1346 1597 1399 1643 et
1430 1590 1671 1645 laetitiam
1696 1592 2041 1661 recipiemus.

534 1672 689 1729 Nunc
713 1686 889 1731 vestra
922 1677 1139 1732 dileCtio
1162 1679 1347 1734 audiat
1367 1697 1531 1750 quam
1572 1682 1718 1752 juste
1754 1682 1897 1739 Deus
1922 1700 2046 1754 pec-

461 1772 698 1832 catores,
729 1776 783 1821 et
812 1783 975 1837 quam
1014 1768 1439 1826 misericorditer
1476 1787 1534 1828 se
1581 1773 1897 1830 invocantes
1924 1792 2047 1830 mu-

2144 570 2270 626 dam
2297 569 2663 640 collegerunt,
2693 567 3121 641 Hierosolymam
3147 576 3455 634 venerunt,
3485 567 3717 623 victimas

2144 660 2259 718 Deo
2303 660 2639 725 obtulerunt,
2666 660 2762 730 qui
2805 661 3064 730 populum
3121 676 3284 716 suum
3331 674 3430 730 per
3478 658 3714 713 feminam

2144 752 2396 820 redemit,
2427 760 2482 807 et
2512 751 2787 807 tristitiam
2815 766 3007 806 eorum
3056 751 3112 806 in
3141 750 3405 822 gaudium
3447 752 3712 805 convertit.

2147 844 2242 900 Sic
2269 843 2413 900 Deus
2443 843 2713 914 superbos
2754 843 3031 913 dispersit,
3062 841 3298 897 humiles
3352 849 3538 895 autem
3587 841 3716 895 exal-

2145 943 2271 991 tans
2295 935 2553 1004 protexit.
2586 932 2739 1000 Quod
2797 933 2912 988 haec
2962 933 3126 988 vidua
3157 933 3286 987 vicit
3314 942 3629 1001 tyrannum,
3652 932 3713 986 si-

2146 1025 2370 1097 gniﬁcat
2390 1024 2536 1096 quod
2568 1040 2700 1080 caro
2727 1023 2935 1078 Christi
2960 1023 3091 1079 vicit
3118 1023 3420 1078 diabolum.

2216 1116 2441 1188 Legitur
2474 1132 2693 1186 quoque
2736 1115 2883 1186 quod
2924 1130 3018 1169 rex
3046 1113 3320 1169 Assuerus
3373 1114 3578 1184 grande
3602 1129 3714 1169 con-

2146 1208 2350 1263 vivium
2375 1208 2588 1263 cunctis
2618 1208 2958 1279 principibus
2980 1217 3035 1263 et
3055 1208 3270 1278 papulis
3295 1207 3446 1278 regni
3480 1206 3564 1262 sui
3590 1205 3713 1262 fece-

2147 1300 2239 1366 rit,
2262 1310 2315 1355 et
2343 1300 2484 1354 inter
2505 1299 2696 1370 epulas
2716 1299 2959 1370 reginam
2986 1296 3169 1352 \"astbi
3192 1313 3400 1352 corona
3428 1296 3710 1352 redimitam

2146 1394 2418 1449 introduci
2440 1392 2667 1462 jusserit
2687 1392 2903 1463 (Esther
2926 1392 2988 1462 ι).
3014 1390 3190 1458 Quam
3244 1391 3452 1445 intrare
3498 1405 3710 1445 renuen-

2149 1492 2257 1538 tem
2284 1499 2380 1539 rex
2422 1499 2593 1555 regno
2617 1484 2871 1553 privavit,
2902 1481 3102 1537 Esther
3152 1496 3255 1551 pro
3288 1496 3356 1535 ea
3396 1489 3604 1550 sceptro
3633 1497 3711 1536 su-

2148 1574 2414 1630 blimavit.
2452 1573 2584 1628 Post
2621 1574 2735 1629 haec
2784 1589 2880 1628 rex
2924 1572 3218 1643 quemdam
3251 1572 3426 1624 Aman
3461 1586 3615 1641 super
3641 1588 3711 1626 re-

2148 1682 2314 1737 gnum
2348 1665 2625 1730 exaltavit,
2645 1673 2983 1734 cunctosque
3015 1664 3294 1735 principes
3326 1663 3377 1717 ei
3404 1663 3701 1733 subjugavit.

2148 1757 2251 1812 Cui
2290 1773 2415 1813 cum
2467 1772 2659 1812 omnes
2712 1757 3008 1826 coepissent
3060 1772 3203 1826 genu
3249 1772 3495 1823 curvare,
3523 1756 3705 1812 Mardo-

462 1856 597 1914 uiat.
630 1856 748 1927 Ipse
804 1860 1005 1929 quippe
1038 1871 1122 1916 est
1164 1862 1404 1919 clemens
1445 1864 1607 1920 Pater
1637 1867 1927 1935 bonorum,
1955 1884 2051 1939 po-
2079 1840 2122 1894 Β
2151 1847 2337 1939 ς¹¹ίξί¹⁸
2374 1846 2575 1939 ’θεῖνε
2624 1855 2856 1916 Patruus
2895 1845 3072 1900 "01"“
3118 1863 3245 1901 eum
3299 1847 3543 1902 θδοτπθ·
3578 1846 3710 1902 unde

462 1956 585 2003 lens
609 1947 876 2004 Dominus
912 1952 1204 2010 malorum.
1238 1952 1352 2010 Rex
1385 1955 1551 2010 David
1586 1955 1731 2013 Uria:
1759 1959 1883 2014 duci
1912 1974 2050 2014 uxo-

461 2053 575 2092 rem
626 2054 781 2094 suam
828 2041 1092 2098 abstulit:
1120 2044 1299 2114 ipsum
1346 2063 1564 2118 quoque
1617 2064 1713 2118 per
1760 2051 2052 2106 consilium

460 2128 682 2184 occidit.
713 2129 868 2198 Quod
897 2132 1165 2192 Dominus
1197 2138 1488 2206 ulciscens,
1518 2140 1781 2197 infantem
1806 2158 1870 2197 ex
1898 2144 2053 2199 adul-

461 2222 600 2275 terio
644 2230 833 2278 natum
871 2226 1236 2297 mortificavit,
1280 2230 1563 2303 ﬁliumque
1607 2235 1782 2305 ipsius
1818 2238 2049 2298 Absalo-

463 2328 612 2382 nem,
638 2330 801 2384 quem
849 2320 1121 2390 praecipue
1161 2324 1392 2391 amavit,
1425 2336 1614 2383 contra
1650 2345 1774 2385 eum
1824 2333 2043 2407 instiga-

460 2410 559 2462 vit.
588 2408 694 2476 Qui
741 2427 940 2469 uxores
982 2417 1155 2484 patris
1203 2419 1418 2488 publice
1445 2423 1689 2493 violavit,
1714 2428 1937 2500 insuper
1964 2433 2050 2504 ip—

463 2516 587 2556 sum
634 2517 803 2573 regno
864 2504 1114 2574 privavit.
1142 2508 1312 2576 Quem
1357 2512 1436 2568 sic
1490 2517 1836 2589 castigatum,
1883 2539 2051 2595 regno

463 2592 662 2648 iterum
702 2593 841 2651 Deus
889 2600 1145 2665 restituit,
1186 2605 1514 2671 parricidam
1556 2617 1738 2665 autem
1769 2592 1966 2669 lilium'
1994 2617 2049 2671 in

463 2684 752 2753 reprobam
786 2698 1016 2744 mortem
1057 2694 1295 2749 tradidit.
1324 2696 1493 2753 David
1543 2710 1724 2758 autem
1755 2708 2048 2777 paenitens,

463 2774 641 2862 magis
671 2776 851 2834 adhuc
880 2782 1214 2851 consolatur,
1252 2787 1380 2841 dum
1432 2787 1713 2862 Salomon,
1750 2774 1816 2852 ex
1861 2774 2050 2857 eadem

462 2861 668 2963 femina
698 2867 870 2938 ipsius
899 2869 1066 2963 filius,
1106 2874 1161 2963 in
1193 2877 1344 2947 regni
1383 2880 1524 2935 solio
1552 2861 1869 2943 collocatur.
1896 2889 2053 2963 Legi-

467 2963 559 3010 tur
587 2958 749 3012 etiam
790 2960 935 3029 quod
967 2977 1059 3016 rex
1090 2962 1385 3037 Cambyses
1431 2972 1657 3040 cupiens
1682 2975 1833 3032 solus
1858 2958 2054 3051 regna-

464 3061 547 3109 rc.
573 3047 740 3118 jussit
772 3048 1120 3109 llolofcrnem
1154 3056 1452 3129 principem
1488 3064 1695 3122 militiae
1736 3047 2053 3126 cunctavor-

465 3139 553 3196 bis
608 3157 773 3214 regna
830 3144 933 3200 sibi
985 3147 1296 3219 subjugare.
1336 3150 1440 3217 Qui
1493 3170 1618 3210 cum
1662 3159 1839 3215 valida
1885 3178 2050 3218 manu
2080 3179 2121 3235 ρ

465 3248 723 3303 egressus
750 3249 941 3293 omnes
986 3237 1041 3292 in
1071 3240 1303 3296 circuitu
1336 3244 1582 3301 civitates
1643 3250 1883 3307 munitas
1917 3269 2052 3309 con-

466 3323 649 3395 fregit,
687 3327 905 3382 tandem
960 3329 1027 3383 ad
1065 3328 1305 3387 Iudaeam
1354 3338 1679 3404 perveniens
1702 3382 1717 3407 ,
1749 3340 2053 3399 Bethuliam

466 3416 700 3472 obsedit.
728 3417 971 3489 Populus
998 3431 1178 3478 autem
1210 3424 1303 3481 Dei
1336 3438 1583 3485 metuens
1622 3447 1691 3486 ne
1713 3431 2053 3492 Hierusalem

468 3508 611 3563 sicut
647 3511 784 3565 alias
831 3512 1080 3570 civitates
1106 3516 1428 3587 destrueret,
1450 3522 1675 3592 jejuniis
1717 3534 1772 3580 et
1801 3527 2056 3583 obsecra-

468 3599 710 3658 tionibus
752 3604 971 3661 invocat
998 3605 1192 3676 Deum,
1224 3610 1316 3679 qui
1368 3621 1454 3667 est
1493 3622 1768 3683 protector
1809 3618 2052 3674 omnium

468 3694 805 3761 sperantium
846 3696 903 3750 in
949 3714 1025 3765 se,
1052 3707 1112 3753 ut
1159 3699 1405 3772 clypeum
1434 3719 1547 3761 sum
1572 3709 1924 3776 protectionis
1956 3713 2056 3767 ho-

469 3782 648 3839 stibus
695 3798 1009 3856 opponeret.
1061 3788 1467 3853 Habitatoribus
1538 3798 1721 3870 itaque
1793 3802 2056 3860 Bethuliae

468 3874 646 3932 victus
687 3877 1001 3949 defecerat,
1052 3884 1253 3953 quibus
1330 3889 1603 3946 exercitus
1672 3893 2053 3963 aquaeductum

470 3965 796 4022 succiderat.
828 3967 978 4035 Quos
1019 3970 1133 4041 jam
1181 3972 1497 4032 deficientes
1544 3979 1821 4050 principes
1858 3999 2057 4040 conso-

468 4052 671 4122 lontur,
709 4055 925 4113 Domini
954 4061 1219 4116 auxilium
1246 4064 1590 4133 pollicentur.

539 4142 597 4197 ln
619 4145 810 4201 eadem
850 4159 1033 4205 autem
1082 4153 1303 4209 civitate
1354 4156 1607 4227 religiosa
1656 4160 1836 4229 vidua,
1865 4162 2052 4221 Judith

469 4237 713 4304 nomine,
747 4238 846 4295 fuit
877 4259 1036 4313 :qua:
1062 4254 1183 4314 post
1209 4245 1520 4304 triduanum
1552 4251 1822 4322 jejunium
1855 4273 1913 4312 se
1934 4274 2055 4314 om-

470 4330 634 4387 nibus
678 4337 1015 4392 ornamentis
1056 4338 1355 4406 induit,ad
1397 4353 1576 4398 castra
1624 4344 1932 4407 Holofernis
1960 4353 2056 4409 de-

471 4423 684 4514 scendit
712 4422 925 4495 (Iudith
950 4427 1070 4497 vn).
1110 4428 1228 4495 Qua
1265 4430 1381 4486 visa
1436 4436 1618 4490 statim
1670 4440 1881 4509 capitur
1934 4443 2054 4514 ejus

2154 1937 2467 2007 indignatus
2489 1938 2761 2008 disposuit
2808 1952 2933 1992 eum
2968 1954 3095 1993 cum
3133 1940 3287 1993 omni
3336 1940 3589 2010 progenie
3627 1956 3707 1995 sua

2153 2029 2272 2084 neci
2298 2028 2457 2096 tradi,
2481 2045 2604 2084 cum
2645 2030 2790 2101 regis
2821 2030 3002 2100 sigillo
3043 2030 3285 2086 decrevit
3310 2046 3504 2086 omnes
3524 2029 3709 2086 ludam

2151 2136 2249 2191 per
2298 2120 2450 2191 regni
2517 2121 2745 2176 Assueri
2805 2121 2943 2177 ﬁnes
3001 2122 3405 2188 exterminari,
3463 2122 3708 2193 altumque

2151 2214 2327 2268 erexit
2345 2213 2666 2284 equulcum,
2699 2214 2754 2269 in
2798 2229 2909 2285 quo
2933 2215 3109 2270 voluit
3152 2216 3489 2286 suspendere
3520 2215 3707 2271 Mardo-

2154 2306 2389 2361 chzcum.
2419 2304 2628 2360 interea
2655 2307 2765 2360 duo
2796 2306 3050 2361 volebant
3076 2322 3259 2379 regem
3302 2308 3569 2375 occidere,
3594 2323 3709 2378 quos

2152 2413 2250 2469 per
2282 2397 2684 2454 Mardochaaum
2708 2398 2957 2470 proditos
2982 2400 3149 2471 jussit
3176 2416 3288 2457 rex
3332 2402 3574 2471 perdere.
3599 2400 3711 2455 Mar-

2151 2491 2437 2546 dochazum
2468 2506 2598 2547 vero
2628 2491 2786 2561 jubet
2813 2507 3054 2562 purpura
3079 2502 3133 2548 et
3154 2509 3363 2553 corona
3386 2492 3561 2558 indui,
3584 2494 3713 2564 regio

2152 2597 2293 2652 equo
2314 2597 2411 2652 per
2430 2583 2705 2639 civitatem
2730 2583 3091 2649 circumduci,
3117 2585 3292 2642 Aman
3325 2602 3453 2642 cum
3479 2586 3713 2641 militibus

2151 2672 2365 2744 praeire,
2398 2673 2588 2729 laudes
2611 2673 2661 2730 ei
2691 2673 3001 2732 concinere.
3029 2672 3143 2731 Hoc
3179 2674 3329 2735 facto
3368 2675 3713 2737 Mardoclueus

2152 2763 2354 2835 reginae
2381 2764 2519 2820 dixit
2574 2765 2704 2836 quia
2770 2767 2948 2828 Aman
2999 2783 3122 2827 eam
3169 2783 3298 2829 cum
3346 2768 3497 2825 omni
3543 2783 3713 2838 paren-

2152 2856 2258 2911 tcla
2301 2872 2401 2915 sua
2440 2858 2604 2913 morti
2635 2857 2862 2916 addixit.
2892 2861 3026 2928 Quae
3054 2861 3204 2919 omni
3244 2861 3449 2932 populo
3470 2861 3710 2931 jejunium

2154 2947 2367 3014 indixit,
2391 2965 2451 3003 se
2498 2965 2623 3005 cum
2690 2951 2773 3006 eis
2828 2952 3050 3023 vigiliis,
3094 2953 3346 3023 jejuniis,
3404 2953 3711 3009 orationibus

2153 3039 2362 3095 alllixit.
2391 3041 2513 3107 Quo
2542 3051 2763 3111 peracto
2790 3045 3104 3104 convivium
3139 3046 3421 3113 instruxit,
3450 3062 3613 3118 regem
3635 3048 3713 3101 in.

2153 3132 2353 3199 vitans,
2377 3132 2552 3187 Aman
2583 3148 2804 3204 quoque
2833 3135 3029 3191 adesse
3058 3136 3248 3207 jussit.
3277 3136 3417 3192 Inter
3432 3137 3611 3206 epulas.
3631 3153 3710 3193 re-

2156 3242 2279 3297 gem
2329 3241 2429 3298 pro
2479 3226 2564 3282 sui
2615 3228 2910 3298 populique
2934 3229 3044 3284 vita
3100 3240 3293 3301 rogat,
3338 3244 3396 3284 se
3438 3244 3721 3307 omnesque

2156 3332 2287 3373 suos
2324 3320 2394 3373 ab
2428 3320 2603 3374 Aman
2648 3319 2937 3376 damnatos
2986 3328 3195 3376 narrat.
3233 3319 3407 3387 Quem
3438 3336 3527 3375 rex
3553 3318 3718 3376 furore

2155 3412 2413 3480 repletus,
2439 3413 2602 3479 iussit
2644 3414 2906 3484 suspendi
2964 3415 3017 3467 in
3071 3412 3263 3467 eodem
3299 3412 3549 3482 equuleo,
3573 3428 3715 3483 quem

2155 3500 2272 3571 ipse
2321 3502 2645 3571 praaparavit
2687 3501 3049 3570 Mardochaeo.
3079 3501 3256 3556 Porro
3310 3501 3492 3572 ipsum
3531 3500 3718 3557 Mardo—
3750 3534 3753 3539 ›

2156 3591 2367 3647 chazum
2393 3608 2493 3662 pro
2522 3607 2589 3648 eo
2610 3595 2911 3665 principem
2954 3593 3257 3659 constituit,
3286 3593 3382 3664 qui
3406 3607 3614 3649 omnem
3642 3607 3720 3647 co-

2156 3683 2467 3753 gnationem
2498 3684 2676 3739 Aman
2727 3684 3025 3755 suspendio
3048 3684 3273 3739 interire
3295 3683 3486 3753 jussit.
3516 3682 3602 3738 Sic
3628 3682 3725 3739 Deo.

2156 3774 2476 3844 disponente
2491 3775 2756 3832 innocens
2769 3776 3000 3846 populus
3012 3775 3293 3843 liberatur,
3310 3790 3497 3831 semen
3513 3789 3722 3845 nequam

2150 3866 2297 3937 juste
2320 3867 2731 3923 exterminatur.
2764 3866 2864 3924 llic
2895 3884 2991 3925 rex
3019 3867 3274 3938 quamvis
3310 3869 3530 3940 gentilis
3559 3878 3721 3941 typum

2155 3958 2359 4014 Christi
2409 3959 2615 4029 gessit,
2656 3960 2751 4030 qui
2779 3975 2943 4015 verus
3001 3958 3116 4015 Rex
3162 3974 3355 4031 regum
3406 3960 3632 4030 genitus,
3665 3959 3724 4015 de

2156 4057 2338 4136 radice
2364 4055 2519 4113 Iesse
2563 4059 2819 4114 surrexit.

2226 4147 2327 4204 llic
2374 4150 2714 4221 principibus
2757 4160 2813 4206 et
2860 4151 3045 4221 populi
3097 4150 3251 4221 regni
3302 4152 3391 4205 sui
3440 4149 3727 4205 convivium

2156 4257 2414 4313 magnum
2447 4241 2592 4308 fecit,
2624 4243 2752 4313 quia
2781 4244 3045 4313 apostolis
3073 4243 3228 4298 orbis
3250 4242 3653 4312 principibuset
3673 4239 3727 4294 ﬁ-

2155 4333 2368 4389 delibus
2389 4335 2539 4402 regni
2565 4335 2787 4405 superni
2812 4335 3028 4405 populis
3048 4351 3249 4405 corpus
3270 4350 3433 4389 suum
3458 4345 3510 4389 et
3532 4347 3728 4392 sacram.

2159 4423 2497 4496 Scripturam
2542 4427 2598 4481 in
2636 4430 2826 4497 epulas
2868 4426 3035 4483 dedit.
3062 4425 3327 4498 Reginam
3360 4424 3549 4483 Vasthi
3579 4438 3724 4479 coro-

470 4512 896 4583 pulchritudine,
930 4521 1147 4590 nuptias
1188 4522 1428 4591 instruit,
1462 4527 1691 4585 celebris
1722 4532 1903 4589 cultus
1940 4512 2051 4591 ma-

2162 4529 2344 4575 natam
2377 4519 2446 4574 ad
2478 4518 2789 4574 convivium
2819 4520 3054 4585 vocavit,
3088 4519 3216 4589 quia
3256 4518 3591 4595 SynagOgam
3619 4516 3726 4585 lege

471 4606 772 4676 gnitudine.
807 4607 865 4662 In
906 4621 1064 4667 nocte
1090 4629 1220 4669 vero
1248 4617 1505 4673 omnibus
1532 4620 1702 4676 nimio
1729 4623 1858 4679 vino
1892 4642 2050 4698 sopo-

472 4699 629 4765 ratis,
668 4698 855 4756 Judith
902 4718 1167 4775 surgens,
1210 4706 1381 4762 Deum
1443 4708 1680 4780 invocat,
1713 4714 1950 4786 gladium
1999 4720 2053 4775 in

437 4786 450 4881 ’ξ
468 4788 670 4846 lectulo
694 4795 1015 4863 pendentem
1044 4801 1313 4871 evaginat,
1345 4813 1508 4875 caput
1529 4806 1662 4861 ebrii
1689 4808 1843 4865 ducis
1872 4826 2058 4882 ampu—

472 4891 574 4950 tat,
605 4885 671 4939 ad
706 4902 836 4943 suos
866 4893 1194 4959 quantocius
1230 4912 1357 4951 cum
1386 4898 1562 4969 capite
1605 4910 1829 4968 remeat,
1856 4917 2056 4957 convo-

472 4982 705 5046 catoque
760 4982 1016 5038 universo
1084 4988 1307 5056 populo,
1350 4999 1515 5059 caput
1573 4992 1825 5061 protulit;
1884 4992 2054 5048 Deum

474 5068 697 5124 laudare
722 5075 955 5141 monuit,
980 5078 1075 5145 qui
1119 5079 1199 5134 eis
1245 5080 1617 5139 liberationem
1666 5093 1718 5139 et
1773 5085 2057 5140 victoriam

474 5164 678 5234 pariter
725 5166 976 5220 contulit.
1000 5166 1070 5221 At
1111 5168 1187 5222 illi
1244 5182 1563 5241 recuperato
1615 5174 1833 5244 spiritu,
1886 5174 2057 5230 Deum

473 5256 861 5326 adoraverunt,
890 5268 1053 5330 atque
1092 5276 1217 5317 cum
1259 5279 1453 5334 magna
1492 5266 1676 5321 laetitia
1723 5269 1908 5325 laudes
1938 5284 2060 5339 per-

475 5351 838 5407 sultavcrunt.
869 5352 924 5405 ln
953 5352 1196 5407 crastino
1221 5354 1288 5407 de
1325 5354 1563 5421 civitate,
1596 5355 1780 5411 Juditb
1809 5360 2057 5427 consilio,

474 5458 601 5498 cum
652 5457 851 5513 magno
881 5442 1118 5497 tumultu
1179 5445 1709 5515 exeuntzimpetum
1768 5449 1821 5502 in
1878 5449 2061 5505 hostes

477 5534 703 5590 faciunt.
738 5534 815 5589 Illi
851 5550 980 5590 vero
1009 5544 1070 5589 ut
1113 5535 1395 5590 dominum
1432 5552 1594 5592 suum
1639 5541 1815 5609 capite
1844 5549 2063 5597 trunca-

477 5633 593 5678 tum
635 5626 979 5692 invenerunt,
1012 5626 1182 5679 nimio
1217 5626 1412 5681 timore
1446 5628 1702 5697 perculsi,
1735 5644 1926 5686 omnes
1968 5647 2064 5702 pa-

479 5720 609 5772 riter
638 5719 692 5771 l‘n
734 5719 916 5789 fugam
962 5719 1105 5774 versi
1143 5730 1292 5775 sunt.
1317 5719 1469 5788 Quos
1501 5721 1869 5792 insequentes,
1893 5724 2062 5779 multa

479 5811 648 5867 millia
692 5814 895 5874 passim
926 5821 1231 5869 straverunt
1299 5813 1539 5867 relicuos
1574 5830 1696 5869 cum
1743 5829 1941 5881 magno
1970 5815 2063 5871 de-

2158 4620 2212 4664 et
2242 4607 2522 4679 prephetis
2568 4609 2880 4665 redimitam
2928 4617 2997 4664 ad
3042 4608 3293 4664 caelestes
3332 4609 3522 4682 epulas
3550 4607 3729 4661 invitae

2159 4701 2256 4756 vit.
2290 4699 2423 4767 Quae
2462 4715 2699 4756 renuens
2742 4700 2975 4765 intrare,
3033 4716 3202 4771 regno
3248 4700 3516 4778 privatur,
3552 4697 3729 4753 Esther

2158 4793 2371 4863 captiva
2394 4791 2450 4846 in
2483 4791 2622 4847 solio
2643 4791 2817 4867 ipsius
2844 4791 3077 4857 locatur,
3104 4790 3232 4861 quia
3256 4788 3443 4845 Judaea
3468 4787 3731 4845 incredula

2158 4885 2225 4941 de
2259 4899 2426 4956 regno
2447 4882 2651 4939 Christi
2683 4883 2921 4953 ejicitur,
2947 4882 3187 4945 Ecclesia
3203 4882 3269 4936 de
3293 4882 3547 4955 gentibus
3572 4898 3603 4935 a
3625 4880 3731 4934 dia-

2158 4974 2284 5029 bolo
2303 4974 2516 5044 captiva
2543 4974 2599 5027 in
2626 4972 2926 5031 thalamum
2956 4973 3101 5044 regis
3134 4986 3364 5028 consors
3390 4971 3625 5031 caelestis
3658 4985 3733 5022 re.

2161 5066 2250 5137 gni
2278 5065 2517 5121 ducitur.
2546 5065 2726 5120 Aman
2758 5064 2853 5135 qui
2909 5080 2938 5117 a
2971 5078 3099 5134 rege
3135 5064 3428 5131 exaltatur,
3457 5072 3539 5118 est
3561 5060 3737 5116 Iudai-

2162 5171 2261 5212 cus
2287 5156 2543 5227 populus,
2574 5157 2669 5227 qui
2697 5171 2727 5210 a
2764 5154 2877 5212 Deo
2898 5169 3068 5228 regno
3094 5164 3151 5210 et
3170 5154 3496 5218 sacerdotio,
3520 5168 3585 5207 ac
3604 5150 3738 5206 d.vi-

2159 5263 2233 5303 no
2279 5248 2427 5303 cultu
2478 5248 2826 5307 sublimatur.
2865 5247 2971 5317 Qui
3043 5248 3243 5320 quaerit
3289 5248 3492 5319 regina:
3548 5258 3741 5316 proge-

2160 5340 2307 5395 niem
2343 5340 2665 5411 exstirpare,
2697 5342 2826 5413 quia
2869 5340 3132 5397 Judaicus
3165 5342 3400 5412 populus
3428 5342 3625 5410 quterit
3648 5335 3743 5391 Ec~

2160 5432 2341 5487 clesize
2386 5433 2650 5502 populum
2711 5433 3098 5490 exterminare.
3146 5434 3324 5491 Aman
3377 5445 3599 5503 quoque
3658 5427 3747 5497 qui

2162 5522 2504 5579 Mardochaeo
2553 5523 2849 5595 equuleum
2899 5524 3092 5591 erexit,
3134 5523 3416 5580 diabolum
3457 5520 3743 5592 signiﬁcat.

2162 5624 2255 5693 qui
2302 5639 2522 5679 crucem
2554 5622 2775 5679 Christo
2829 5616 3021 5676 erexit.
3052 5616 3112 5670 ln
3157 5618 3412 5673 eumdem
3454 5613 3746 5685 equuleum

2162 5721 2278 5791 ipse
2311 5719 2685 5789 suspenditur,
2716 5718 2847 5791 quia
2875 5715 3125 5774 diabolus
3168 5713 3222 5768 in
3274 5710 3457 5768 crucis
3508 5702 3746 5779 patibulo

2165 5809 2666 5877 comprehenditur.
2720 5809 2840 5866 Duo
2892 5809 2987 5882 qui
3041 5821 3208 5878 super
3259 5821 3442 5876 regem
3496 5802 3746 5875 eonjm'
