3970 6460
283 413 418 467 1215

1230 407 1802 465 DEFLURATIONES
1841 408 1942 464 SS.
1979 408 2286 468 PATRUM.
2327 444 2398 453 —-
2435 413 2564 470 LIB.
2606 414 2670 469 ll.

3411 423 3552 478 ΜΗ

279 528 431 592 bant,
455 534 584 582 sunt
611 526 722 581 duo
757 524 1002 580 inlldeles
1022 522 1227 593 populi,
1257 521 1516 578 Iudaicus
1549 533 1604 579 et
1625 524 1864 594 gentilis,
1897 527 1943 582 Α
1971 525 2136 591 leum,
2167 537 2250 583 est
2294 528 2662 586 Anticliristus
2707 532 2800 601 qui
2848 533 3050 603 p0pulo
3097 534 3335 589 fldelium
3365 537 3556 593 indicit

278 619 372 690 qui
422 619 708 673 Christum
754 631 936 687 regem
1000 613 1173 670 occidi
1241 615 1528 669 consilium
1582 615 1859 670 dederam.

277 711 428 779 Quos
451 709 829 765 Mardochmus
871 715 1122 772 accusat,
1150 705 1277 776 quia
1307 704 1655 761 Christianus
1692 719 1864 776 popu-

277 804 360 859 lus
410 817 574 872 opera
626 815 818 856 eorum
873 798 1163 868 improbat.
1195 796 1272 851 llli
1314 812 1344 850 a
1376 813 1500 868 rege
1544 805 1860 864 enecantur,

273 905 325 949 et
354 893 490 949 istla
513 895 736 949 Christo
761 895 1112 950 damnantur.
1130 895 1503 950 Mardochaeus
1542 911 1783 966 purpura
1808 904 1862 950 et

276 1000 480 1059 corona
511 987 822 1058 insignitur,
848 997 902 1042 et
937 985 1283 1041 Christianus
1315 987 1548 1055 populus
1599 986 1860 1057 martyrio

275 1089 328 1131 et
361 1086 562 1132 aeterna
593 1078 764 1148 gloria
805 1078 1052 1133 vestitur.
1088 1077 1242 1147 Equo
1271 1077 1421 1148 regio
1463 1093 1557 1146 per
1583 1078 1858 1133 civitatem

276 1167 513 1233 ducitur,
537 1169 665 1238 quia
703 1166 1050 1224 Christianus
1085 1169 1321 1239 populus
1349 1183 1379 1221 a
1419 1168 1735 1224 doctoribus
1763 1184 1860 1237 per

276 1267 452 1312 tctum
493 1258 758 1313 mundum
817 1260 1036 1314 colitur.
1061 1257 1207 1313 Ordo
1252 1273 1489 1328 namque
1535 1260 1856 1328 praedicato-

276 1364 397 1402 rum
433 1364 608 1418 equus
636 1347 840 1404 Christi
887 1349 1028 1420 regis
1079 1349 1298 1414 dicitur,
1329 1348 1384 1401 in
1418 1365 1543 1420 _quo
1591 1349 1708 1418 ipse
1765 1365 1861 1419 per

275 1440 461 1495 orbem
486 1440 716 1494 vehitur.
746 1439 923 1494 Aman
967 1455 1091 1494 cum
1123 1439 1388 1494 militibus
1429 1439 1620 1493 laudes
1650 1439 1698 1493 ei
1727 1453 1860 1492 con-

274 1539 454 1596 sonat,
484 1532 610 1600 quia
649 1530 909 1586 Judaicus
956 1529 1186 1600 populus
1224 1544 1348 1584 cum
1383 1529 1696 1599 gentilibus,
1731 1529 1860 1583 velit

272 1623 428 1688 nolit,
455 1621 754 1677 Christiani
809 1621 990 1691 populi
1047 1621 1312 1691 praeconia
1367 1621 1621 1674 celebrat.
1654 1617 1857 1690 Regina

266 1728 452 1784 regem
484 1714 552 1768 ad
590 1714 898 1769 convivium
930 1723 1106 1780 vocat,
1134 1715 1260 1784 quia
1297 1713 1539 1769 Ecclesia
1575 1713 1854 1769 Christum

267 1804 335 1858 ad
365 1806 634 1860 solemnia
666 1807 748 1860 sui
779 1805 1022 1874 corporis
1044 1806 1252 1861 invitat.
1278 1807 1452 1860 Aman
1478 1806 1639 1859 etiam
1665 1806 1856 1860 adesse

1965 618 2159 672 mortis
2185 619 2534 688 supplicium.
2569 620 2672 688 Qui
2701 625 2890 678 eodem
2915 626 3148 695 equuleo
3176 629 3551 697 suspenditur,

1965 709 2093 778 quia
2142 717 2195 763 et
2249 709 2366 778 ipse
2410 711 2605 767 mortis
2658 715 2927 784 supplicio
2957 715 3306 771 interimitur.
3338 716 3554 772 Martio.

1963 800 2149 856 chaeus
2180 817 2209 856 a
2237 817 2364 872 rege
2386 804 2640 874 princeps
2665 808 2980 875 praeficitur,
3005 809 3134 878 quia
3171 809 3345 865 lidelis
3381 826 3554 880 popu-

1962 891 2049 947 lus
2079 903 2298 962 peracto
2322 894 2532 964 judicio
2562 912 2727 966 super
2755 898 2938 952 omnia
2976 899 3120 954 bona
3174 899 3392 954 Domini
3428 917 3555 955 con-

1962 984 2227 1039 stituitur.
2266 982 2461 1038 Semen
2527 983 2702 1039 Aman
2748 988 3178 1055 exterminatur,
3231 989 3360 1059 quia
3419 999 3553 1044 tune

1962 1075 2240 1144 generatio
2275 1074 2544 1129 malorum
2582 1075 2894 1131 damnatur.
2919 1077 3162 1148 Pupulus
3192 1088 3375 1134 autem
3414 1083 3552 1150 regi.

1961 1180 2046 1219 me
2074 1165 2356 1231 liberatur,
2383 1173 2437 1219 ct
2465 1165 2683 1221 tristitia
2719 1166 2838 1235 ejus
2891 1167 2946 1221 in
2994 1168 3252 1238 gaudium
3300 1183 3552 1224 commu-

1961 1264 2124 1322 tatur,
2152 1257 2281 1326 quia
2329 1257 2606 1326 generatio
2651 1271 2924 1312 rcctorum
2956 1258 3328 1325 benedicetur,
3359 1259 3546 1314 laztitia

1898 1351 1907 1359 '
1959 1357 2012 1401 et
2062 1347 2424 1401 exsultatione
2465 1348 2793 1417 perfruetur.
2851 1348 3395 1416 Nunc,cbarissimi,
3429 1360 3546 1405 toto

1961 1433 2124 1495 corde
2148 1440 2241 1494 Dei
2269 1441 2626 1495 obsecramus
2669 1441 3009 1507 clementiam
3067 1442 3160 1511 qui
3205 1441 3354 1495 sedet
3382 1458 3546 1511 super

1963 1531 2221 1586 thronum
2251 1539 2304 1586 et
2323 1531 2534 1600 judicat
2553 1533 2887 1601 mquitatem,
2912 1531 3116 1588 faciens
3134 1533 3404 1602 judicium
3433 1548 3550 1586 om-

1960 1622 2124 1677 nibus
2166 1623 2421 1693 injnriam
2475 1623 2827 1692 patientibus,
2855 1632 2914 1677 ut
2961 1638 3063 1679 nos
3091 1623 3180 1677 illa
3211 1624 3299 1678 die
3323 1624 3390 1678 ab
3423 1624 3547 1677 inli-

1958 1716 2062 1772 deli
2088 1716 2287 1785 populo
2319 1725 2583 1786 segreget,
2612 1716 2754 1771 fideli
2797 1725 2980 1771 autem
3015 1717 3066 1770 in
3116 1731 3218 1772 suo
3250 1731 3416 1786 regno
3455 1731 3546 1770 as-

1959 1806 2146 1872 soeiet,
2183 1807 2270 1861 ubi
2312 1807 2504 1862 oculus
2555 1821 2662 1862 non
2705 1807 2866 1863 vidit.
2901 1823 3002 1864 nec
3049 1808 3200 1862 auris
3248 1808 3451 1861 audivit
3487 1804 3540 1878 (1

266 1897 445 1966 jubet,
471 1898 600 1966 quia
640 1897 840 1951 infideli
870 1867 1071 1966 populo
1114 1912 1243 1953 suas
1285 1899 1473 1967 epulas
1511 1897 1855 1968 przedicando
1889 1867 1931 1920 Β
1965 1897 2087 1954 Cor.
2125 1867 2205 1968 ll).

267 1990 495 2066 praebet.
524 1989 694 2044 Aman
721 2004 937 2067 quoque
966 1989 1063 2060 qui
1102 1987 1442 2045 Mardochzeo
1478 1989 1638 2059 erigit
1682 2004 1857 2060 equu-

994 2263 1592 2357 DOMINICA
1660 2264 2234 2359 VIGESIMA
2319 2266 2464 2355 TE
2489 2265 2806 2356 RTIA.

1561 2458 1924 2519 Secundum
1956 2459 2291 2520 Joannem.

335 2639 354 2673 ‹
395 2619 536 2675 Cum
581 2618 922 2674 sublevasset
949 2617 1138 2673 oculos
1178 2616 1338 2673 Jesus
1361 2627 1415 2673 et
1453 2619 1678 2675 vidisset
1713 2620 1843 2689 quia

259 2711 555 2769 multitudo
604 2711 842 2765 maxima
869 2710 1016 2764 venit
1043 2711 1108 2764 ad
1140 2725 1262 2765 eum
1287 2709 1466 2779 (Joan.
1499 2712 1596 2783 vt).
1639 2731 1657 2763 ι
1702 2711 1841 2777 Quia

262 2806 380 2859 haec
415 2803 577 2857 lectio
597 2801 907 2872 evangelica
946 2801 1244 2858 secundum
1277 2801 1718 2857 Ecclesiasticum
1751 2818 1842 2856 or-

257 2893 442 2947 dinem
476 2891 636 2946 debet
673 2890 729 2945 in
755 2890 936 2945 medio
973 2889 1415 2961 Quadragesima:
1442 2891 1682 2957 recitari,
1711 2891 1842 2946 libet

256 2998 409 3039 nunc
435 2985 490 3039 in
530 2985 942 3054 praesentiarum
967 2984 1320 3053 supersedere
1343 2984 1463 3054 ejus
1490 2983 1836 3053 expositioni,

255 3087 313 3130 et
336 3079 439 3131 al'a
466 3080 591 3133 huic
625 3077 945 3142 Dominicze,
966 3091 1087 3146 quae
1115 3077 1422 3132 intitulatur
1449 3096 1460 3130 :
1487 3076 1687 3143 Quinta
1716 3086 1842 3132 ante

253 3162 454 3218 Natale
495 3166 731 3232 Domini,
755 3168 1110 3240 congruentia
1161 3169 1228 3224 ad
1276 3167 1578 3239 profectum
1616 3170 1842 3225 audien—

253 3258 399 3312 tium
436 3273 533 3314 seu
572 3259 864 3330 legentium
891 3275 1136 3314 exarare.

328 3345 502 3403 Nemo
531 3348 714 3420 itaque
753 3357 1023 3415 vestrum,
1073 3349 1406 3416 charissimi,
1452 3350 1662 3405 dubitet
1701 3349 1840 3405 duos

1947 2619 2126 2673 videat
2150 2619 2376 2689 gloriam
2405 2618 2520 2673 Dei.
2553 2618 2620 2674 Et
2647 2620 2785 2690 ignis
2826 2621 2880 2673 in
2908 2629 3170 2675 aeternum
3208 2623 3539 2680 crueiandos

1947 2711 2206 2777 involvet,
2231 2713 2359 2780 quia
2391 2731 2409 2762 ι
2443 2713 2646 2767 vermis
2667 2727 2858 2767 eorrm
2891 2729 2998 2768 non
3032 2715 3283 2781 moritur,
3311 2727 3370 2772 ut
3395 2717 3538 2788 ignis

1946 2817 2055 2856 non
2079 2801 2411 2871 extinguitur
2434 2801 2594 2872 (Isai.
2614 2810 2760 2875 1.xth
2795 2823 2815 2856 ι
2840 2802 3016 2874 Hujus
3036 2821 3165 2877 ergo
3183 2807 3376 2876 judicii
3397 2811 3538 2880 ligu-

1944 2905 2060 2944 ram
2096 2905 2258 2945 arcus
2289 2891 2380 2945 ille
2408 2891 2463 2944 in
2489 2892 2725 2948 nubibus
2761 2904 3133 2964 repraesentat,
3157 2897 3250 2966 qui
3274 2913 3340 2952 ex
3380 2909 3536 2968 parte

1944 2982 2227 3048 caeruleus,
2254 2991 2313 3037 et'
2345 2997 2411 3037 ex
2461 2992 2615 3054 parte
2645 2985 2861 3040 videtur
2902 2987 3114 3056 igneus,
3147 2997 3206 3042 ut
3247 2989 3534 3059 utriusque

1938 3071 2130 3140 judicii
2158 3071 2312 3127 testis
2359 3075 2429 3127 sit
2461 3091 2474 3125 :
2501 3075 2665 3129 unius
2694 3075 2942 3132 videlicet
2978 3077 3091 3146 jam
3137 3077 3286 3144 facti,
3310 3081 3532 3148 quando

1944 3178 2100 3232 aqua:
2121 3163 2308 3218 diluvii
2343 3173 2498 3218 erant
2530 3180 2691 3234 super
2715 3175 2917 3222 terram
2948 3187 2962 3235 ;
2997 3169 3220 3225 alterius
3249 3171 3428 3225 adhuc
3450 3171 3534 3226 fa-

1944 3255 2142 3320 ciendi,
2167 3257 2384 3326 quando
2405 3256 2675 3326 judicabit
2721 3257 2865 3314 Deus
2913 3261 3172 3315 saeculum
3200 3277 3296 3331 per
3323 3263 3526 3332 ignem.

1945 3347 2384 3415 Contremiscite,
2411 3348 2629 3416 fratres,
2655 3363 2686 3404 a
2730 3359 2937 3406 terrore
2967 3353 3102 3407 tanti
3147 3353 3368 3423 judieis,
3395 3362 3454 3408 ut
3497 3370 3528 3407 a

245 3455 380 3495 esse
405 3441 577 3495 nostri
600 3440 976 3512 Redemptoris
1006 3441 1270 3497 adventus
1295 3463 1307 3497 :
1335 3460 1568 3514 quorum
1597 3444 1834 3513 primum
1862 3437 1903 3495 C
1937 3436 2076 3492 facie
2135 3454 2296 3493 arcus
2353 3439 2574 3511 fugiatis
2599 3461 2612 3495 :
2648 3461 2666 3492 ι
2700 3441 2903 3497 Arcum
2932 3459 3093 3498 suum
3123 3445 3348 3500 tetendit
3373 3487 3387 3511 ,
3419 3453 3524 3499 etc.

241 3531 370 3600 jam
400 3534 744 3602 praecessisse
762 3575 776 3600 ,
806 3534 1035 3588 alterum
1063 3535 1243 3590 adhuc
1265 3534 1508 3590 futurum
1536 3551 1658 3590 esse
1685 3547 1832 3592 certa

243 3624 363 3679 fide
418 3625 818 3694 cognoscimus.
875 3625 1174 3697 Utrumque
1243 3638 1435 3683 vestrm
1508 3627 1835 3684 fraternitati

239 3716 590 3787 distinguere
615 3731 793 3786 Opera:
816 3718 1062 3786 praatium
1093 3727 1208 3785 est,
1248 3729 1309 3772 ut
1340 3734 1404 3773 ex
1427 3720 1596 3774 altero
1628 3720 1838 3775 miseri-

242 3806 499 3860 cordiam
545 3821 786 3876 sperare,
810 3814 864 3861 et
915 3822 984 3862 ex
1029 3807 1202 3862 altero
1235 3807 1502 3876 judicium
1538 3808 1836 3864 formidare

245 3899 766 3969 sciatis,quatenus
812 3906 991 3954 vestra
1047 3900 1356 3955 sollicitudo
1405 3902 1546 3955 inter
1593 3918 1744 3972 spem
1782 3911 1836 3956 et

245 4001 464 4046 metum
507 3991 682 4060 posita
716 3991 1002 4062 diligenter
1047 3993 1311 4064 invigilet,
1343 4003 1397 4048 et
1447 3995 1588 4050 mala
1645 4011 1836 4052 cavere

246 4101 378 4155 quae
395 4084 603 4154 judicio
623 4086 938 4154 puniantur,
968 4095 1022 4141 et
1047 4086 1187 4140 bona
1217 4085 1498 4154 providere
1523 4102 1644 4156 qua:
1673 4087 1836 4142 mise-

246 4178 494 4231 ricordia
536 4187 970 4233 remunerentur.
1003 4177 1190 4232 Primo
1213 4179 1444 4232 adventu
1477 4194 1578 4233 suo
1608 4178 1837 4235 Redem-

245 4279 377 4338 ptor
408 4277 596 4323 noster
626 4270 680 4322 in
711 4268 944 4324 formam
969 4279 1168 4325 nostra:
1196 4271 1551 4325 humanitatis
1585 4285 1836 4326 mansue-

242 4369 337 4418 tus
374 4371 430 4416 et
460 4363 702 4428 humilis,
729 4364 867 4418 inter
899 4363 1146 4417 homines
1170 4365 1332 4418 homo
1355 4379 1536 4429 verus,
1565 4363 1832 4433 apparuit.

243 4453 509 4510 Secundo
533 4455 586 4508 in
615 4456 788 4525 gloria
824 4472 938 4510 sua:
969 4456 1271 4526 majestatis
1314 4457 1564 4511 excelsus
1597 4467 1650 4511 et
1681 4457 1837 4510 terri-

240 4545 400 4613 bilis,
450 4563 614 4616 super
661 4548 882 4617 angelos
932 4547 1078 4602 Deus
1122 4548 1288 4602 homo
1319 4548 1616 4618 apparebit.
1652 4546 1836 4602 Primo

240 4639 487 4693 adventu
544 4653 645 4708 pro
693 4639 851 4694 nobis
904 4639 1598 4708 judicatus,maledictum
1657 4639 1836 4694 crucis

239 4730 496 4800 pendens
535 4730 589 4783 in
617 4731 763 4800 ligno
793 4730 972 4785 crucis
1033 4730 1324 4796 sustinuit;
1358 4731 1620 4797 secundo,
1659 4739 1833 4785 totum

237 4822 517 4877 mundum
557 4821 904 4890 judicaturus
934 4821 1221 4877 manifesta
1275 4838 1388 4876 suae
1417 4822 1687 4892 passionis
1720 4822 1833 4874 vir-

237 4923 362 4968 tute
408 4913 607 4982 impios
635 4914 1035 4971 condemnabit.
1063 4911 1248 4967 Primo
1293 4914 1526 4968 adventu
1569 4914 1743 4968 latens
1778 4914 1832 4967 in

237 5019 416 5057 carne
448 5003 603 5072 quasi
644 5004 762 5058 ovis
802 5019 987 5060 coram
1033 5005 1289 5058 tondente
1319 5019 1378 5058 se
1410 5005 1490 5058 sic
1518 5005 1790 5058 obmutuit
1816 5022 1830 5070 ;

237 5093 515 5157 secundo,
549 5094 709 5163 quasi
740 5092 884 5150 Deus
934 5094 1218 5149 manifeste
1249 5095 1426 5153 veniet
1471 5105 1523 5149 et
1573 5111 1680 5149 non
1708 5096 1832 5150 sile-

235 5180 340 5238 bit.
377 5182 562 5238 Primo
608 5184 754 5238 enim
808 5185 1040 5243 adventu
1075 5184 1223 5240 siluit
1261 5184 1545 5253 ajudicio,
1570 5185 1666 5238 sed
1722 5199 1830 5238 non

237 5277 398 5330 siluit
423 5294 452 5330 a
481 5286 779 5346 praecepto;
807 5277 1047 5331 secundo
1096 5277 1255 5346 quasi
1305 5277 1618 5346 parturiens
1660 5276 1829 5346 loqui-

237 5378 356 5433 tur,
377 5369 505 5438 quia
525 5367 934 5424 sicutaitlsaias
961 5387 972 5422 :
999 5388 1016 5419 t
1040 5367 1439 5424 Vociferabitur
1465 5378 1517 5423 et
1543 5369 1818 5435 clamabit,

235 5471 292 5512 et
324 5475 490 5528 super
537 5460 790 5514 inimicos
821 5475 952 5514 suos
1000 5459 1576 5530 confortabiturUsai.
1603 5459 1758 5527 xui).
1803 5479 1818 5509 ι

236 5549 284 5601 0
335 5563 436 5600 vox
485 5549 593 5602 diei
633 5547 849 5602 Domini
882 5565 1091 5614 amara,
1121 5550 1472 5604 tribulabitur
1517 5551 1589 5603 ibi
1647 5549 1820 5603 fortis.

234 5638 384 5693 Nam
412 5641 556 5694 sicut
585 5641 660 5694 ait
697 5650 921 5696 sanctus
976 5641 1143 5696 David
1175 5661 1186 5696 :
1219 5661 1236 5693 ι
1267 5641 1410 5712 Ignis
1439 5641 1492 5694 in
1525 5653 1819 5711 conspectu

236 5731 378 5800 ejus,
437 5720 772 5796 exardescet,
837 5741 938 5786 etc.
970 5732 1141 5801 (Paul.
1190 5732 1359 5801 xux).
1401 5749 1419 5783 ι
1510 5729 1824 5800 Tempestas

239 5822 337 5883 illa
390 5821 581 5897 impios
631 5821 822 5894 procul
851 5823 1192 5896 pellet,quia
1243 5824 1458 5880 tolletur
1496 5823 1698 5897 impius
1753 5839 1818 5879 ne

1940 3529 2115 3601 (Psal.
2145 3530 2264 3601 vn).
2304 3550 2323 3583 ι
2358 3532 2465 3587 Sed
2500 3533 2624 3588 ideo
2649 3535 2931 3604 paululum
2955 3546 3200 3592 moratur
3221 3553 3318 3592 vos
3344 3536 3526 3602 ferire,

1938 3629 1998 3676 ut
2056 3619 2373 3678 festinemus
2405 3638 2437 3677 a
2466 3622 2606 3680 faeie
2651 3635 2816 3682 tanta:
2868 3628 3356 3683 animadversionis
3385 3628 3526 3682 ell'u-

1938 3727 2082 3785 gere.
2127 3712 2372 3771 «Dedisti
2426 3716 2572 3770 enim
2624 3719 2992 3775 metuentibus
3067 3729 3120 3774 te
3173 3719 3528 3790 significatio~

1939 3818 2084 3870 nem,
2118 3813 2223 3858 etc.
2250 3804 2449 3874 (ibid.).
2489 3825 2507 3857 ι
2539 3806 2646 3862 Sed
2705 3827 2724 3859 ι
2760 3818 2945 3864 cavete
3013 3825 3082 3865 ne
3137 3809 3264 3882 fuga
3343 3820 3527 3866 vestra

1937 3895 2114 3950 hieme
2143 3897 2224 3950 vel
2256 3895 2491 3952 Sabbato
2516 3899 2611 3955 fiat
2636 3899 2855 3970 (Matth.
2883 3902 3051 3972 xxiv).
3086 3922 3105 3953 ι
3133 3901 3321 3958 Hieme
3376 3905 3524 3959 enim

1937 3987 2074 4058 fugit
2094 3987 2181 4042 cui
2198 3989 2438 4044 eharitas
2460 3989 2821 4060 refrigeseens
2850 3993 3118 4046 bonorum
3142 4010 3367 4063 operum
3392 4011 3523 4050 cur-

1938 4095 2032 4134 sus
2083 4080 2326 4151 impedit.
2388 4079 2686 4136 Sabbatum
2737 4097 2955 4152 quoque
3005 4083 3412 4153 interveniens,
3466 4087 3522 4141 id

1937 4179 2021 4226 est
2049 4172 2314 4228 terminus
2339 4174 2460 4228 vita:
2481 4173 2714 4230 actionis
2755 4175 2913 4230 bona:
2951 4175 3269 4230 exercitium
3300 4177 3522 4232 interci-

1937 4261 2014 4315 dit
2035 4262 2395 4317 tardantihus.

2010 4353 2067 4408 Si
2125 4370 2274 4425 ergo,
2330 4354 2546 4420 fratres,
2578 4355 2645 4410 ab
2674 4355 2766 4410 illo
2798 4355 2960 4410 vultis
2999 4355 3208 4427 fugere,
3236 4359 3301 4412 ad
3335 4360 3514 4429 ipsum

1938 4446 2126 4517 fugite.
2162 4447 2220 4501 Si
2267 4446 2559 4502 adventum
2607 4447 2801 4517 judicii
2859 4447 3262 4517 pertimescitis,
3313 4449 3382 4502 ad
3419 4452 3516 4503 ad-

1939 4549 2164 4594 ventum
2212 4540 2605 4594 misericordite
2654 4539 2929 4609 respicite,
2973 4549 3026 4594 et
3054 4541 3106 4592 in
3155 4540 3259 4594 hac
3311 4541 3516 4595 hebdo-

1938 4631 2098 4685 mada
2124 4672 2139 4698 ,
2199 4646 2322 4701 qua:
2365 4640 2448 4686 est
2485 4629 2676 4700 quinta
2729 4641 2855 4685 ante
2906 4630 3241 4684 nativitatem
3272 4629 3512 4699 Domini,

1944 4731 1998 4777 et
2029 4724 2082 4777 in
2117 4723 2364 4793 sequenti
2391 4765 2406 4791 ,
2460 4739 2582 4794 qua:
2609 4731 2802 4794 quarta
2838 4723 2939 4777 erit
2967 4731 3092 4778 ante
3117 4720 3361 4778 Natalem
3401 4723 3513 4778 Do-

1939 4815 2093 4880 mini,
2127 4815 2377 4869 inchoate
2395 4817 2844 4884 praeparationem
2870 4815 3134 4870 adventus
3160 4815 3265 4870 sui.
3307 4813 3514 4871 Dicitur

1935 4906 2079 4960 enim
2111 4907 2226 4961 hzec
2258 4905 2536 4961 Dominica
2567 4907 2909 4976 praeparatio,
2940 4906 3069 4976 quia
3093 4906 3160 4961 ab
3191 4906 3318 4962 hinc
3340 4925 3514 4978 usque

1935 4999 2000 5052 ad
2028 4996 2216 5051 Natale
2244 4997 2459 5051 Domini
2483 4997 2641 5052 debet
2669 4997 2901 5066 quisque
2935 4997 3280 5052 Christianus
3307 5001 3514 5055 sanctis

1939 5089 2158 5143 studere
2205 5089 2363 5143 bonis
2405 5088 2682 5157 operibus,
2739 5099 2798 5143 ut
2849 5088 3010 5158 digne
3063 5091 3395 5160 suscipiatur
3444 5095 3512 5146 ab

1936 5194 2002 5232 eo
2031 5179 2285 5233 Christus
2327 5187 2508 5233 natus.
2557 5177 2681 5233 llaec
2730 5179 2894 5249 igitur
2938 5179 3277 5236 hebdomada
3323 5183 3510 5251 quinta

1931 5278 2055 5323 ante
2081 5269 2268 5323 Natale
2312 5269 2527 5323 Domini
2557 5270 2612 5323 in
2638 5271 2879 5340 antiquis
2907 5271 3214 5326 ollicialium
3244 5273 3397 5326 libris
3428 5273 3512 5325 in-

1932 5363 2200 5429 titulatur,
2233 5364 2419 5432 sicque
2443 5378 2678 5433 sequens
2701 5363 3041 5419 hebdomada
3064 5370 3259 5432 quarta
3284 5363 3509 5416 denom-

1930 5465 2037 5510 tur.
2070 5454 2175 5510 Sed
2209 5456 2311 5510 hoc
2347 5471 2456 5509 non
2491 5466 2650 5511 vacat
2678 5472 2708 5510 a
2731 5457 2992 5528 mysterio
3023 5465 3223 5509 nostrae
3246 5455 3509 5523 spiritalis

1927 5548 2356 5618 przeparationis.
2384 5547 2440 5600 ln
2465 5549 2651 5618 quinta
2675 5549 2820 5604 enim
2840 5545 3176 5602 hebdomada
3204 5559 3507 5614 praaparare

1933 5643 2014 5695 vel
2047 5641 2258 5695 initiare
2314 5656 2415 5695 nos
2467 5640 2730 5696 debemus
2776 5649 2998 5710 propter
3032 5637 3274 5708 quinque
3321 5645 3505 5690 aetates

1931 5733 2142 5799 mundi,
2187 5733 2240 5787 in
2273 5733 2471 5802 quibus
2495 5733 2715 5787 fuerunt
2740 5732 2873 5787 tales
2928 5730 3084 5785 electi
3125 5730 3217 5800 qui
3262 5728 3505 5784 credide-

1931 5835 2080 5894 runt,
2110 5834 2161 5880 et
2224 5833 2596 5896 speraverant,
2629 5832 2683 5881 et
2708 5823 3015 5881 dilexerunt
3051 5822 3342 5878 adventum
3392 5818 3500 5876 Do-
