  <div class='ocr_page' id='page_1' title='image "/cluster/home/n/w/nwhite01/storage/ocr_20150623/157/hvd.32044010248185/613.png"; bbox 0 0 3970 6446; ppageno 0'>
   <div class='ocr_carea' id='block_1_1' title="bbox 429 373 571 433">
    <p class='ocr_par' dir='ltr' id='par_1_1' title="bbox 429 373 571 433">
     <span class='ocr_line' id='line_1_1' title="bbox 429 373 571 433; baseline 0 0"><span class='ocrx_word' id='word_1_1' title='bbox 429 373 571 433; x_wconf 67' lang='grc'><strong>1215</strong></span> 
     </span>
    </p>
   </div>
   <div class='ocr_carea' id='block_1_2' title="bbox 1540 369 2566 431">
    <p class='ocr_par' dir='ltr' id='par_1_2' title="bbox 1540 369 2566 431">
     <span class='ocr_line' id='line_1_2' title="bbox 1540 369 2566 431; baseline 0.002 -5"><span class='ocrx_word' id='word_1_2' title='bbox 1540 369 1871 427; x_wconf 81' lang='lat' dir='ltr'><strong>WERNERI</strong></span> <span class='ocrx_word' id='word_1_3' title='bbox 1904 370 2203 428; x_wconf 79' lang='lat' dir='ltr'><strong>ABBATIS</strong></span> <span class='ocrx_word' id='word_1_4' title='bbox 2241 371 2301 430; x_wconf 85' lang='lat' dir='ltr'><strong>S.</strong></span> <span class='ocrx_word' id='word_1_5' title='bbox 2338 370 2566 431; x_wconf 79' lang='lat' dir='ltr'><strong>BLASII</strong></span> 
     </span>
    </p>
   </div>
   <div class='ocr_carea' id='block_1_3' title="bbox 3571 378 3726 460">
    <p class='ocr_par' dir='ltr' id='par_1_3' title="bbox 3571 378 3726 460">
     <span class='ocr_line' id='line_1_3' title="bbox 3571 378 3726 460; baseline 0.019 -27"><span class='ocrx_word' id='word_1_6' title='bbox 3571 378 3726 460; x_wconf 43' lang='grc' dir='ltr'><strong>ωδ,</strong></span> 
     </span>
    </p>
   </div>
   <div class='ocr_carea' id='block_1_4' title="bbox 427 483 3702 560">
    <p class='ocr_par' dir='ltr' id='par_1_4' title="bbox 427 483 3702 560">
     <span class='ocr_line' id='line_1_4' title="bbox 427 483 3702 560; baseline -0.001 -14"><span class='ocrx_word' id='word_1_7' title='bbox 427 491 605 558; x_wconf 87' lang='lat' dir='ltr'><strong>mini,</strong></span> <span class='ocrx_word' id='word_1_8' title='bbox 661 489 716 545; x_wconf 89' lang='lat' dir='ltr'><strong>in</strong></span> <span class='ocrx_word' id='word_1_9' title='bbox 771 498 966 560; x_wconf 87' lang='lat' dir='ltr'><strong>quarta</strong></span> <span class='ocrx_word' id='word_1_10' title='bbox 996 529 1011 554; x_wconf 90' lang='lat'><strong>,</strong></span> <span class='ocrx_word' id='word_1_11' title='bbox 1059 496 1282 558; x_wconf 90' lang='lat' dir='ltr'><strong>propter</strong></span> <span class='ocrx_word' id='word_1_12' title='bbox 1338 501 1393 542; x_wconf 85' lang='lat' dir='ltr'><strong>tv</strong></span> <span class='ocrx_word' id='word_1_13' title='bbox 1425 484 1646 541; x_wconf 82' lang='lat' dir='ltr'><strong>ordines</strong></span> <span class='ocrx_word' id='word_1_14' title='bbox 1717 485 2004 551; x_wconf 87' lang='lat' dir='ltr'><strong>librorum,</strong></span> <span class='ocrx_word' id='word_1_15' title='bbox 2036 486 2085 545; x_wconf 75' lang='grc' dir='ltr'><strong>Α</strong></span> <span class='ocrx_word' id='word_1_16' title='bbox 2112 483 2369 552; x_wconf 89' lang='lat' dir='ltr'><strong>allieitur,</strong></span> <span class='ocrx_word' id='word_1_17' title='bbox 2421 486 2508 541; x_wconf 85' lang='lat' dir='ltr'><strong>vel</strong></span> <span class='ocrx_word' id='word_1_18' title='bbox 2553 484 2892 542; x_wconf 79' lang='lat' dir='ltr'><strong>comedenda</strong></span> <span class='ocrx_word' id='word_1_19' title='bbox 2940 488 3268 553; x_wconf 74' lang='lat' dir='ltr'><strong>delectatur,</strong></span> <span class='ocrx_word' id='word_1_20' title='bbox 3320 483 3409 541; x_wconf 89' lang='lat' dir='ltr'><strong>vel</strong></span> <span class='ocrx_word' id='word_1_21' title='bbox 3453 486 3702 542; x_wconf 73' lang='lat' dir='ltr'><strong>manibus</strong></span> 
     </span>
    </p>
   </div>
   <div class='ocr_carea' id='block_1_5' title="bbox 429 576 2020 653">
    <p class='ocr_par' dir='ltr' id='par_1_5' title="bbox 429 576 2020 653">
     <span class='ocr_line' id='line_1_5' title="bbox 429 576 2020 653; baseline -0.004 -13"><span class='ocrx_word' id='word_1_22' title='bbox 429 584 638 640; x_wconf 74' lang='lat' dir='ltr'><strong>scilicet</strong></span> <span class='ocrx_word' id='word_1_23' title='bbox 679 582 813 653; x_wconf 87' lang='lat' dir='ltr'><strong>legis</strong></span> <span class='ocrx_word' id='word_1_24' title='bbox 853 581 1197 636; x_wconf 79' lang='lat' dir='ltr'><strong>Psaimorum</strong></span> <span class='ocrx_word' id='word_1_25' title='bbox 1276 577 1687 650; x_wconf 90' lang='lat' dir='ltr'><strong>prophetarum,</strong></span> <span class='ocrx_word' id='word_1_26' title='bbox 1713 586 1769 632; x_wconf 91' lang='lat' dir='ltr'><strong>et</strong></span> <span class='ocrx_word' id='word_1_27' title='bbox 1802 576 2020 633; x_wconf 90' lang='lat' dir='ltr'><strong>initium</strong></span> 
     </span>
    </p>
   </div>
   <div class='ocr_carea' id='block_1_6' title="bbox 428 669 2020 746">
    <p class='ocr_par' dir='ltr' id='par_1_6' title="bbox 428 669 2020 746">
     <span class='ocr_line' id='line_1_6' title="bbox 428 669 2020 746; baseline -0.003 -17"><span class='ocrx_word' id='word_1_28' title='bbox 428 674 715 746; x_wconf 76' lang='lat' dir='ltr'><strong>evangelii.</strong></span> <span class='ocrx_word' id='word_1_29' title='bbox 740 672 1003 739; x_wconf 84' lang='lat' dir='ltr'><strong>Quamvis</strong></span> <span class='ocrx_word' id='word_1_30' title='bbox 1027 671 1159 727; x_wconf 87' lang='lat' dir='ltr'><strong>liber</strong></span> <span class='ocrx_word' id='word_1_31' title='bbox 1184 670 1388 742; x_wconf 82' lang='lat' dir='ltr'><strong>Moysis</strong></span> <span class='ocrx_word' id='word_1_32' title='bbox 1417 679 1625 737; x_wconf 88' lang='lat' dir='ltr'><strong>narrat,</strong></span> <span class='ocrx_word' id='word_1_33' title='bbox 1647 670 1851 726; x_wconf 89' lang='lat' dir='ltr'><strong>electos</strong></span> <span class='ocrx_word' id='word_1_34' title='bbox 1870 669 2020 725; x_wconf 91' lang='lat' dir='ltr'><strong>viros</strong></span> 
     </span>
    </p>
   </div>
   <div class='ocr_carea' id='block_1_7' title="bbox 428 761 2021 833">
    <p class='ocr_par' dir='ltr' id='par_1_7' title="bbox 428 761 2021 833">
     <span class='ocr_line' id='line_1_7' title="bbox 428 761 2021 833; baseline -0.003 -12"><span class='ocrx_word' id='word_1_35' title='bbox 428 766 703 822; x_wconf 72' lang='lat' dir='ltr'><strong>exstitisse</strong></span> <span class='ocrx_word' id='word_1_36' title='bbox 718 764 772 818; x_wconf 92' lang='lat' dir='ltr'><strong>in</strong></span> <span class='ocrx_word' id='word_1_37' title='bbox 787 765 962 833; x_wconf 90' lang='lat' dir='ltr'><strong>prima</strong></span> <span class='ocrx_word' id='word_1_38' title='bbox 984 772 1039 819; x_wconf 92' lang='lat' dir='ltr'><strong>et</strong></span> <span class='ocrx_word' id='word_1_39' title='bbox 1049 764 1284 819; x_wconf 90' lang='lat' dir='ltr'><strong>secunda</strong></span> <span class='ocrx_word' id='word_1_40' title='bbox 1298 770 1354 818; x_wconf 89' lang='lat' dir='ltr'><strong>et</strong></span> <span class='ocrx_word' id='word_1_41' title='bbox 1365 762 1521 819; x_wconf 88' lang='lat' dir='ltr'><strong>tertia</strong></span> <span class='ocrx_word' id='word_1_42' title='bbox 1532 771 1691 818; x_wconf 66' lang='lat' dir='ltr'><strong>astate</strong></span> <span class='ocrx_word' id='word_1_43' title='bbox 1712 761 1922 825; x_wconf 86' lang='lat' dir='ltr'><strong>mundi,</strong></span> <span class='ocrx_word' id='word_1_44' title='bbox 1938 771 2021 816; x_wconf 86' lang='lat' dir='ltr'><strong>ta-</strong></span> 
     </span>
    </p>
   </div>
   <div class='ocr_carea' id='block_1_8' title="bbox 429 855 2021 927">
    <p class='ocr_par' dir='ltr' id='par_1_8' title="bbox 429 855 2021 927">
     <span class='ocr_line' id='line_1_8' title="bbox 429 855 2021 927; baseline 0 -16"><span class='ocrx_word' id='word_1_45' title='bbox 429 872 554 911; x_wconf 89' lang='lat' dir='ltr'><strong>men</strong></span> <span class='ocrx_word' id='word_1_46' title='bbox 570 871 634 910; x_wconf 91' lang='lat' dir='ltr'><strong>eo</strong></span> <span class='ocrx_word' id='word_1_47' title='bbox 658 865 898 925; x_wconf 90' lang='lat' dir='ltr'><strong>tempore</strong></span> <span class='ocrx_word' id='word_1_48' title='bbox 911 856 1130 927; x_wconf 92' lang='lat' dir='ltr'><strong>scripsit</strong></span> <span class='ocrx_word' id='word_1_49' title='bbox 1154 864 1327 911; x_wconf 91' lang='lat' dir='ltr'><strong>totum</strong></span> <span class='ocrx_word' id='word_1_50' title='bbox 1345 856 1399 910; x_wconf 92' lang='lat' dir='ltr'><strong>in</strong></span> <span class='ocrx_word' id='word_1_51' title='bbox 1420 871 1531 927; x_wconf 91' lang='lat' dir='ltr'><strong>quo</strong></span> <span class='ocrx_word' id='word_1_52' title='bbox 1546 855 1836 926; x_wconf 90' lang='lat' dir='ltr'><strong>deputatur</strong></span> <span class='ocrx_word' id='word_1_53' title='bbox 1857 855 2021 927; x_wconf 85' lang='lat' dir='ltr'><strong>legis-</strong></span> 
     </span>
    </p>
   </div>
   <div class='ocr_carea' id='block_1_9' title="bbox 428 945 2016 1018">
    <p class='ocr_par' dir='ltr' id='par_1_9' title="bbox 428 945 2016 1018">
     <span class='ocr_line' id='line_1_9' title="bbox 428 945 2016 1018; baseline -0.001 -15"><span class='ocrx_word' id='word_1_54' title='bbox 428 948 580 1003; x_wconf 91' lang='lat' dir='ltr'><strong>latio.</strong></span> <span class='ocrx_word' id='word_1_55' title='bbox 599 946 725 1002; x_wconf 66' lang='lat' dir='ltr'><strong>Haec</strong></span> <span class='ocrx_word' id='word_1_56' title='bbox 741 956 922 1002; x_wconf 92' lang='lat' dir='ltr'><strong>autem</strong></span> <span class='ocrx_word' id='word_1_57' title='bbox 937 956 1166 1018; x_wconf 90' lang='lat' dir='ltr'><strong>utraque</strong></span> <span class='ocrx_word' id='word_1_58' title='bbox 1187 955 1453 1017; x_wconf 90' lang='lat' dir='ltr'><strong>tempora,</strong></span> <span class='ocrx_word' id='word_1_59' title='bbox 1466 947 1871 1018; x_wconf 84' lang='lat' dir='ltr'><strong>scilicetquinta</strong></span> <span class='ocrx_word' id='word_1_60' title='bbox 1887 945 2016 1002; x_wconf 87' lang='lat' dir='ltr'><strong>beb-</strong></span> 
     </span>
    </p>
   </div>
   <div class='ocr_carea' id='block_1_10' title="bbox 429 1039 2019 1112">
    <p class='ocr_par' dir='ltr' id='par_1_10' title="bbox 429 1039 2019 1112">
     <span class='ocr_line' id='line_1_10' title="bbox 429 1039 2019 1112; baseline -0.001 -15"><span class='ocrx_word' id='word_1_61' title='bbox 429 1042 666 1097; x_wconf 83' lang='lat' dir='ltr'><strong>domada</strong></span> <span class='ocrx_word' id='word_1_62' title='bbox 700 1050 754 1096; x_wconf 87' lang='lat' dir='ltr'><strong>et</strong></span> <span class='ocrx_word' id='word_1_63' title='bbox 779 1049 974 1112; x_wconf 90' lang='lat' dir='ltr'><strong>quarta</strong></span> <span class='ocrx_word' id='word_1_64' title='bbox 1004 1041 1259 1096; x_wconf 89' lang='lat' dir='ltr'><strong>intimant</strong></span> <span class='ocrx_word' id='word_1_65' title='bbox 1289 1040 1448 1096; x_wconf 91' lang='lat' dir='ltr'><strong>nobis</strong></span> <span class='ocrx_word' id='word_1_66' title='bbox 1476 1040 1643 1095; x_wconf 89' lang='lat' dir='ltr'><strong>etiam</strong></span> <span class='ocrx_word' id='word_1_67' title='bbox 1694 1039 2019 1095; x_wconf 87' lang='lat' dir='ltr'><strong>rationalem</strong></span> 
     </span>
    </p>
   </div>
   <div class='ocr_carea' id='block_1_11' title="bbox 427 1131 2016 1204">
    <p class='ocr_par' dir='ltr' id='par_1_11' title="bbox 427 1131 2016 1204">
     <span class='ocr_line' id='line_1_11' title="bbox 427 1131 2016 1204; baseline 0.001 -18"><span class='ocrx_word' id='word_1_68' title='bbox 427 1133 876 1204; x_wconf 68' lang='lat' dir='ltr'><strong>praeparationem</strong></span> <span class='ocrx_word' id='word_1_69' title='bbox 927 1142 1149 1203; x_wconf 88' lang='lat' dir='ltr'><strong>propter</strong></span> <span class='ocrx_word' id='word_1_70' title='bbox 1196 1133 1439 1203; x_wconf 90' lang='lat' dir='ltr'><strong>quinque</strong></span> <span class='ocrx_word' id='word_1_71' title='bbox 1490 1147 1688 1189; x_wconf 80' lang='lat' dir='ltr'><strong>sensus</strong></span> <span class='ocrx_word' id='word_1_72' title='bbox 1736 1131 2016 1199; x_wconf 83' lang='lat' dir='ltr'><strong>hominis,</strong></span> 
     </span>
    </p>
   </div>
   <div class='ocr_carea' id='block_1_12' title="bbox 429 1224 2015 1299">
    <p class='ocr_par' dir='ltr' id='par_1_12' title="bbox 429 1224 2015 1299">
     <span class='ocr_line' id='line_1_12' title="bbox 429 1224 2015 1299; baseline -0.001 -17"><span class='ocrx_word' id='word_1_73' title='bbox 429 1228 525 1297; x_wconf 89' lang='lat' dir='ltr'><strong>qui</strong></span> <span class='ocrx_word' id='word_1_74' title='bbox 558 1229 746 1284; x_wconf 89' lang='lat' dir='ltr'><strong>insunt</strong></span> <span class='ocrx_word' id='word_1_75' title='bbox 794 1229 1014 1298; x_wconf 91' lang='lat' dir='ltr'><strong>corpori</strong></span> <span class='ocrx_word' id='word_1_76' title='bbox 1053 1236 1264 1294; x_wconf 88' lang='lat' dir='ltr'><strong>nostro,</strong></span> <span class='ocrx_word' id='word_1_77' title='bbox 1301 1237 1355 1283; x_wconf 90' lang='lat' dir='ltr'><strong>et</strong></span> <span class='ocrx_word' id='word_1_78' title='bbox 1376 1238 1596 1299; x_wconf 89' lang='lat' dir='ltr'><strong>propter</strong></span> <span class='ocrx_word' id='word_1_79' title='bbox 1624 1236 1863 1297; x_wconf 90' lang='lat' dir='ltr'><strong>quatuor</strong></span> <span class='ocrx_word' id='word_1_80' title='bbox 1902 1224 2015 1280; x_wconf 90' lang='lat' dir='ltr'><strong>ele-</strong></span> 
     </span>
    </p>
   </div>
   <div class='ocr_carea' id='block_1_13' title="bbox 431 1314 2019 1388">
    <p class='ocr_par' dir='ltr' id='par_1_13' title="bbox 431 1314 2019 1388">
     <span class='ocr_line' id='line_1_13' title="bbox 431 1314 2019 1388; baseline -0.002 -14"><span class='ocrx_word' id='word_1_81' title='bbox 431 1330 640 1385; x_wconf 85' lang='lat' dir='ltr'><strong>menta,</strong></span> <span class='ocrx_word' id='word_1_82' title='bbox 671 1318 875 1387; x_wconf 85' lang='lat' dir='ltr'><strong>quibus</strong></span> <span class='ocrx_word' id='word_1_83' title='bbox 930 1328 1144 1374; x_wconf 85' lang='lat' dir='ltr'><strong>constat</strong></span> <span class='ocrx_word' id='word_1_84' title='bbox 1177 1334 1376 1388; x_wconf 88' lang='lat' dir='ltr'><strong>corpus</strong></span> <span class='ocrx_word' id='word_1_85' title='bbox 1422 1326 1693 1374; x_wconf 88' lang='lat' dir='ltr'><strong>nostrum.</strong></span> <span class='ocrx_word' id='word_1_86' title='bbox 1753 1314 1825 1370; x_wconf 81' lang='lat' dir='ltr'><strong>At</strong></span> <span class='ocrx_word' id='word_1_87' title='bbox 1871 1330 2019 1371; x_wconf 89' lang='lat' dir='ltr'><strong>nunc</strong></span> 
     </span>
    </p>
   </div>
   <div class='ocr_carea' id='block_1_14' title="bbox 428 1407 2019 1480">
    <p class='ocr_par' dir='ltr' id='par_1_14' title="bbox 428 1407 2019 1480">
     <span class='ocr_line' id='line_1_14' title="bbox 428 1407 2019 1480; baseline 0 -17"><span class='ocrx_word' id='word_1_88' title='bbox 428 1408 627 1464; x_wconf 85' lang='lat' dir='ltr'><strong>tertius</strong></span> <span class='ocrx_word' id='word_1_89' title='bbox 658 1409 878 1465; x_wconf 86' lang='lat' dir='ltr'><strong>additur</strong></span> <span class='ocrx_word' id='word_1_90' title='bbox 914 1410 1240 1478; x_wconf 90' lang='lat' dir='ltr'><strong>intellectus,</strong></span> <span class='ocrx_word' id='word_1_91' title='bbox 1267 1415 1363 1480; x_wconf 80' lang='lat' dir='ltr'><strong>qui</strong></span> <span class='ocrx_word' id='word_1_92' title='bbox 1398 1424 1509 1464; x_wconf 92' lang='lat' dir='ltr'><strong>non</strong></span> <span class='ocrx_word' id='word_1_93' title='bbox 1554 1408 1738 1463; x_wconf 90' lang='lat' dir='ltr'><strong>minus</strong></span> <span class='ocrx_word' id='word_1_94' title='bbox 1764 1407 2019 1464; x_wconf 82' lang='lat' dir='ltr'><strong>convenit</strong></span> 
     </span>
    </p>
   </div>
   <div class='ocr_carea' id='block_1_15' title="bbox 428 1500 2017 1569">
    <p class='ocr_par' dir='ltr' id='par_1_15' title="bbox 428 1500 2017 1569">
     <span class='ocr_line' id='line_1_15' title="bbox 428 1500 2017 1569; baseline 0.002 -16"><span class='ocrx_word' id='word_1_95' title='bbox 428 1500 812 1569; x_wconf 80' lang='lat' dir='ltr'><strong>praeparationi</strong></span> <span class='ocrx_word' id='word_1_96' title='bbox 834 1501 1100 1557; x_wconf 81' lang='lat' dir='ltr'><strong>adventus</strong></span> <span class='ocrx_word' id='word_1_97' title='bbox 1119 1501 1358 1557; x_wconf 78' lang='lat' dir='ltr'><strong>Domini.</strong></span> <span class='ocrx_word' id='word_1_98' title='bbox 1386 1501 1627 1558; x_wconf 88' lang='lat' dir='ltr'><strong>Dicimus</strong></span> <span class='ocrx_word' id='word_1_99' title='bbox 1648 1501 2017 1557; x_wconf 86' lang='lat' dir='ltr'><strong>duosordines</strong></span> 
     </span>
    </p>
   </div>
   <div class='ocr_carea' id='block_1_16' title="bbox 431 1591 2016 1664">
    <p class='ocr_par' dir='ltr' id='par_1_16' title="bbox 431 1591 2016 1664">
     <span class='ocr_line' id='line_1_16' title="bbox 431 1591 2016 1664; baseline 0.004 -20"><span class='ocrx_word' id='word_1_100' title='bbox 431 1605 555 1646; x_wconf 89' lang='lat' dir='ltr'><strong>esse</strong></span> <span class='ocrx_word' id='word_1_101' title='bbox 578 1591 853 1661; x_wconf 90' lang='lat' dir='ltr'><strong>justorum</strong></span> <span class='ocrx_word' id='word_1_102' title='bbox 906 1594 962 1649; x_wconf 92' lang='lat' dir='ltr'><strong>in</strong></span> <span class='ocrx_word' id='word_1_103' title='bbox 1017 1593 1258 1650; x_wconf 86' lang='lat' dir='ltr'><strong>Ecclesia</strong></span> <span class='ocrx_word' id='word_1_104' title='bbox 1315 1602 1523 1660; x_wconf 89' lang='lat' dir='ltr'><strong>nostra,</strong></span> <span class='ocrx_word' id='word_1_105' title='bbox 1568 1594 1663 1664; x_wconf 91' lang='lat' dir='ltr'><strong>qui</strong></span> <span class='ocrx_word' id='word_1_106' title='bbox 1683 1594 1925 1649; x_wconf 64' lang='lat' dir='ltr'><strong>.‘student</strong></span> <span class='ocrx_word' id='word_1_107' title='bbox 1955 1608 2016 1650; x_wconf 86' lang='lat' dir='ltr'><strong>se</strong></span> 
     </span>
    </p>
   </div>
   <div class='ocr_carea' id='block_1_17' title="bbox 429 1685 2010 1755">
    <p class='ocr_par' dir='ltr' id='par_1_17' title="bbox 429 1685 2010 1755">
     <span class='ocr_line' id='line_1_17' title="bbox 429 1685 2010 1755; baseline 0.004 -21"><span class='ocrx_word' id='word_1_108' title='bbox 429 1695 737 1752; x_wconf 67' lang='lat' dir='ltr'><strong>praeparare</strong></span> <span class='ocrx_word' id='word_1_109' title='bbox 786 1685 853 1739; x_wconf 85' lang='lat' dir='ltr'><strong>ad</strong></span> <span class='ocrx_word' id='word_1_110' title='bbox 902 1686 1309 1755; x_wconf 84' lang='lat' dir='ltr'><strong>suscipiendum</strong></span> <span class='ocrx_word' id='word_1_111' title='bbox 1365 1695 1657 1741; x_wconf 88' lang='lat' dir='ltr'><strong>venturum</strong></span> <span class='ocrx_word' id='word_1_112' title='bbox 1695 1685 2010 1740; x_wconf 87' lang='lat' dir='ltr'><strong>Dominum.</strong></span> 
     </span>
    </p>
   </div>
   <div class='ocr_carea' id='block_1_18' title="bbox 434 1769 2013 1832">
    <p class='ocr_par' dir='ltr' id='par_1_18' title="bbox 434 1769 2013 1832">
     <span class='ocr_line' id='line_1_18' title="bbox 434 1769 2013 1832; baseline 0.003 -4"><span class='ocrx_word' id='word_1_113' title='bbox 434 1769 589 1829; x_wconf 86' lang='lat' dir='ltr'><strong>Unus</strong></span> <span class='ocrx_word' id='word_1_114' title='bbox 631 1776 768 1831; x_wconf 88' lang='lat' dir='ltr'><strong>ordo</strong></span> <span class='ocrx_word' id='word_1_115' title='bbox 801 1776 856 1830; x_wconf 91' lang='lat' dir='ltr'><strong>in</strong></span> <span class='ocrx_word' id='word_1_116' title='bbox 892 1778 1141 1832; x_wconf 69' lang='lat' dir='ltr'><strong>saeculari</strong></span> <span class='ocrx_word' id='word_1_117' title='bbox 1172 1777 1585 1832; x_wconf 83' lang='lat' dir='ltr'><strong>conversatione</strong></span> <span class='ocrx_word' id='word_1_118' title='bbox 1615 1777 1795 1832; x_wconf 90' lang='lat' dir='ltr'><strong>studet</strong></span> <span class='ocrx_word' id='word_1_119' title='bbox 1829 1797 1842 1832; x_wconf 87' lang='lat'><strong>:</strong></span> <span class='ocrx_word' id='word_1_120' title='bbox 1877 1777 2013 1832; x_wconf 88' lang='lat' dir='ltr'><strong>alter</strong></span> 
     </span>
    </p>
   </div>
   <div class='ocr_carea' id='block_1_19' title="bbox 430 1864 2013 1938">
    <p class='ocr_par' dir='ltr' id='par_1_19' title="bbox 430 1864 2013 1938">
     <span class='ocr_line' id='line_1_19' title="bbox 430 1864 2013 1938; baseline 0.004 -19"><span class='ocrx_word' id='word_1_121' title='bbox 430 1864 486 1919; x_wconf 92' lang='lat' dir='ltr'><strong>in</strong></span> <span class='ocrx_word' id='word_1_122' title='bbox 517 1866 769 1936; x_wconf 90' lang='lat' dir='ltr'><strong>spiritali.</strong></span> <span class='ocrx_word' id='word_1_123' title='bbox 816 1866 894 1922; x_wconf 91' lang='lat' dir='ltr'><strong>De</strong></span> <span class='ocrx_word' id='word_1_124' title='bbox 936 1869 1129 1923; x_wconf 85' lang='lat' dir='ltr'><strong>ordine</strong></span> <span class='ocrx_word' id='word_1_125' title='bbox 1154 1869 1499 1925; x_wconf 70' lang='lat' dir='ltr'><strong>saecularium</strong></span> <span class='ocrx_word' id='word_1_126' title='bbox 1529 1885 1826 1938; x_wconf 90' lang='lat' dir='ltr'><strong>possumus</strong></span> <span class='ocrx_word' id='word_1_127' title='bbox 1852 1871 2013 1927; x_wconf 92' lang='lat' dir='ltr'><strong>intel-</strong></span> 
     </span>
    </p>
   </div>
   <div class='ocr_carea' id='block_1_20' title="bbox 432 1955 2013 2030">
    <p class='ocr_par' dir='ltr' id='par_1_20' title="bbox 432 1955 2013 2030">
     <span class='ocr_line' id='line_1_20' title="bbox 432 1955 2013 2030; baseline 0.006 -20"><span class='ocrx_word' id='word_1_128' title='bbox 432 1955 600 2026; x_wconf 88' lang='lat' dir='ltr'><strong>ligere</strong></span> <span class='ocrx_word' id='word_1_129' title='bbox 630 1959 777 2029; x_wconf 87' lang='lat' dir='ltr'><strong>quod</strong></span> <span class='ocrx_word' id='word_1_130' title='bbox 817 1959 979 2014; x_wconf 85' lang='lat' dir='ltr'><strong>lectio</strong></span> <span class='ocrx_word' id='word_1_131' title='bbox 1014 1960 1147 2014; x_wconf 84' lang='lat' dir='ltr'><strong>dicit</strong></span> <span class='ocrx_word' id='word_1_132' title='bbox 1180 1959 1236 2014; x_wconf 89' lang='lat' dir='ltr'><strong>in</strong></span> <span class='ocrx_word' id='word_1_133' title='bbox 1268 1961 1459 2030; x_wconf 90' lang='lat' dir='ltr'><strong>quinta</strong></span> <span class='ocrx_word' id='word_1_134' title='bbox 1514 1961 1855 2018; x_wconf 85' lang='lat' dir='ltr'><strong>hebdomada</strong></span> <span class='ocrx_word' id='word_1_135' title='bbox 1886 1973 2013 2020; x_wconf 87' lang='lat' dir='ltr'><strong>ante</strong></span> 
     </span>
    </p>
   </div>
   <div class='ocr_carea' id='block_1_21' title="bbox 430 2042 2015 2124">
    <p class='ocr_par' dir='ltr' id='par_1_21' title="bbox 430 2042 2015 2124">
     <span class='ocr_line' id='line_1_21' title="bbox 430 2042 2015 2124; baseline 0.008 -27"><span class='ocrx_word' id='word_1_136' title='bbox 430 2042 775 2102; x_wconf 87' lang='lat' dir='ltr'><strong>Nativitatem</strong></span> <span class='ocrx_word' id='word_1_137' title='bbox 822 2046 1060 2112; x_wconf 86' lang='lat' dir='ltr'><strong>Domini,</strong></span> <span class='ocrx_word' id='word_1_138' title='bbox 1109 2050 1212 2104; x_wconf 89' lang='lat' dir='ltr'><strong>hoc</strong></span> <span class='ocrx_word' id='word_1_139' title='bbox 1240 2058 1324 2104; x_wconf 89' lang='lat' dir='ltr'><strong>est</strong></span> <span class='ocrx_word' id='word_1_140' title='bbox 1369 2050 1636 2107; x_wconf 89' lang='lat' dir='ltr'><strong>hodierno</strong></span> <span class='ocrx_word' id='word_1_141' title='bbox 1674 2070 1688 2107; x_wconf 90' lang='lat'><strong>:</strong></span> <span class='ocrx_word' id='word_1_142' title='bbox 1724 2072 1743 2104; x_wconf 75' lang='grc' dir='ltr'>ι</span> <span class='ocrx_word' id='word_1_143' title='bbox 1784 2052 2015 2124; x_wconf 87' lang='lat' dir='ltr'><strong>Propter</strong></span> 
     </span>
    </p>
   </div>
   <div class='ocr_carea' id='block_1_22' title="bbox 431 2133 2015 2209">
    <p class='ocr_par' dir='ltr' id='par_1_22' title="bbox 431 2133 2015 2209">
     <span class='ocr_line' id='line_1_22' title="bbox 431 2133 2015 2209; baseline 0.007 -18"><span class='ocrx_word' id='word_1_144' title='bbox 431 2133 539 2191; x_wconf 88' lang='lat' dir='ltr'><strong>hoc</strong></span> <span class='ocrx_word' id='word_1_145' title='bbox 566 2150 692 2191; x_wconf 91' lang='lat' dir='ltr'><strong>ecce</strong></span> <span class='ocrx_word' id='word_1_146' title='bbox 713 2137 830 2192; x_wconf 89' lang='lat' dir='ltr'><strong>dies</strong></span> <span class='ocrx_word' id='word_1_147' title='bbox 860 2138 1102 2205; x_wconf 88' lang='lat' dir='ltr'><strong>veniunt,</strong></span> <span class='ocrx_word' id='word_1_148' title='bbox 1135 2139 1267 2194; x_wconf 85' lang='lat' dir='ltr'><strong>dicit</strong></span> <span class='ocrx_word' id='word_1_149' title='bbox 1303 2140 1585 2209; x_wconf 88' lang='lat' dir='ltr'><strong>Dominus,</strong></span> <span class='ocrx_word' id='word_1_150' title='bbox 1617 2152 1670 2198; x_wconf 92' lang='lat' dir='ltr'><strong>et</strong></span> <span class='ocrx_word' id='word_1_151' title='bbox 1697 2159 1808 2199; x_wconf 89' lang='lat' dir='ltr'><strong>non</strong></span> <span class='ocrx_word' id='word_1_152' title='bbox 1832 2145 2015 2202; x_wconf 91' lang='lat' dir='ltr'><strong>dicent</strong></span> 
     </span>
    </p>
   </div>
   <div class='ocr_carea' id='block_1_23' title="bbox 431 2227 2013 2301">
    <p class='ocr_par' dir='ltr' id='par_1_23' title="bbox 431 2227 2013 2301">
     <span class='ocr_line' id='line_1_23' title="bbox 431 2227 2013 2301; baseline 0.007 -17"><span class='ocrx_word' id='word_1_153' title='bbox 431 2231 573 2285; x_wconf 86' lang='lat' dir='ltr'><strong>ultra</strong></span> <span class='ocrx_word' id='word_1_154' title='bbox 606 2246 619 2283; x_wconf 89' lang='lat'><strong>:</strong></span> <span class='ocrx_word' id='word_1_155' title='bbox 646 2227 790 2284; x_wconf 83' lang='lat' dir='ltr'><strong>Vivit</strong></span> <span class='ocrx_word' id='word_1_156' title='bbox 820 2229 1106 2298; x_wconf 89' lang='lat' dir='ltr'><strong>Dominus,</strong></span> <span class='ocrx_word' id='word_1_157' title='bbox 1143 2232 1238 2301; x_wconf 88' lang='lat' dir='ltr'><strong>qui</strong></span> <span class='ocrx_word' id='word_1_158' title='bbox 1282 2232 1469 2288; x_wconf 73' lang='lat' dir='ltr'><strong>eduxit</strong></span> <span class='ocrx_word' id='word_1_159' title='bbox 1490 2242 1544 2289; x_wconf 90' lang='lat' dir='ltr'><strong>et</strong></span> <span class='ocrx_word' id='word_1_160' title='bbox 1573 2235 1799 2292; x_wconf 81' lang='lat' dir='ltr'><strong>adduxit</strong></span> <span class='ocrx_word' id='word_1_161' title='bbox 1826 2252 2013 2295; x_wconf 87' lang='lat' dir='ltr'><strong>semen</strong></span> 
     </span>
    </p>
   </div>
   <div class='ocr_carea' id='block_1_24' title="bbox 430 2319 2017 2401">
    <p class='ocr_par' dir='ltr' id='par_1_24' title="bbox 430 2319 2017 2401">
     <span class='ocr_line' id='line_1_24' title="bbox 430 2319 2017 2401; baseline 0.007 -24"><span class='ocrx_word' id='word_1_162' title='bbox 430 2323 630 2378; x_wconf 86' lang='lat' dir='ltr'><strong>dcmus</strong></span> <span class='ocrx_word' id='word_1_163' title='bbox 680 2319 845 2377; x_wconf 84' lang='lat' dir='ltr'><strong>Israel</strong></span> <span class='ocrx_word' id='word_1_164' title='bbox 870 2323 937 2377; x_wconf 91' lang='lat' dir='ltr'><strong>de</strong></span> <span class='ocrx_word' id='word_1_165' title='bbox 981 2331 1122 2378; x_wconf 87' lang='lat' dir='ltr'><strong>terra</strong></span> <span class='ocrx_word' id='word_1_166' title='bbox 1149 2325 1425 2394; x_wconf 86' lang='lat' dir='ltr'><strong>aquilonis</strong></span> <span class='ocrx_word' id='word_1_167' title='bbox 1460 2327 1595 2398; x_wconf 60' lang='lat' dir='ltr'><strong>(lar.</strong></span> <span class='ocrx_word' id='word_1_168' title='bbox 1653 2341 1872 2401; x_wconf 50' lang='lat' dir='ltr'><strong>nm)»</strong></span> <span class='ocrx_word' id='word_1_169' title='bbox 1904 2330 2017 2388; x_wconf 84' lang='lat' dir='ltr'><strong>Ad-</strong></span> 
     </span>
    </p>
   </div>
   <div class='ocr_carea' id='block_1_25' title="bbox 429 2414 2013 2495">
    <p class='ocr_par' dir='ltr' id='par_1_25' title="bbox 429 2414 2013 2495">
     <span class='ocr_line' id='line_1_25' title="bbox 429 2414 2013 2495; baseline 0.008 -25"><span class='ocrx_word' id='word_1_170' title='bbox 429 2415 587 2470; x_wconf 83' lang='lat' dir='ltr'><strong>duxit</strong></span> <span class='ocrx_word' id='word_1_171' title='bbox 635 2414 901 2471; x_wconf 87' lang='lat' dir='ltr'><strong>Dominus</strong></span> <span class='ocrx_word' id='word_1_172' title='bbox 962 2415 1104 2471; x_wconf 88' lang='lat' dir='ltr'><strong>lilios</strong></span> <span class='ocrx_word' id='word_1_173' title='bbox 1154 2417 1321 2473; x_wconf 89' lang='lat' dir='ltr'><strong>lsrael</strong></span> <span class='ocrx_word' id='word_1_174' title='bbox 1370 2420 1439 2475; x_wconf 93' lang='lat' dir='ltr'><strong>de</strong></span> <span class='ocrx_word' id='word_1_175' title='bbox 1510 2430 1653 2477; x_wconf 88' lang='lat' dir='ltr'><strong>terra</strong></span> <span class='ocrx_word' id='word_1_176' title='bbox 1715 2426 2013 2495; x_wconf 86' lang='lat' dir='ltr'><strong>aquilonis,</strong></span> 
     </span>
    </p>
   </div>
   <div class='ocr_carea' id='block_1_26' title="bbox 431 2506 2017 2583">
    <p class='ocr_par' dir='ltr' id='par_1_26' title="bbox 431 2506 2017 2583">
     <span class='ocr_line' id='line_1_26' title="bbox 431 2506 2017 2583; baseline 0.01 -24"><span class='ocrx_word' id='word_1_177' title='bbox 431 2506 651 2575; x_wconf 85' lang='lat' dir='ltr'><strong>quando</strong></span> <span class='ocrx_word' id='word_1_178' title='bbox 680 2506 747 2562; x_wconf 92' lang='lat' dir='ltr'><strong>de</strong></span> <span class='ocrx_word' id='word_1_179' title='bbox 778 2506 1077 2580; x_wconf 82' lang='lat' dir='ltr'><strong>Babylonia</strong></span> <span class='ocrx_word' id='word_1_180' title='bbox 1129 2511 1332 2565; x_wconf 88' lang='lat' dir='ltr'><strong>reversi</strong></span> <span class='ocrx_word' id='word_1_181' title='bbox 1380 2521 1510 2567; x_wconf 88' lang='lat' dir='ltr'><strong>sunt</strong></span> <span class='ocrx_word' id='word_1_182' title='bbox 1538 2513 1594 2567; x_wconf 91' lang='lat' dir='ltr'><strong>in</strong></span> <span class='ocrx_word' id='word_1_183' title='bbox 1625 2512 1891 2583; x_wconf 71' lang='lat' dir='ltr'><strong>Iudaeam;</strong></span> <span class='ocrx_word' id='word_1_184' title='bbox 1921 2519 2017 2575; x_wconf 86' lang='lat' dir='ltr'><strong>sed</strong></span> 
     </span>
    </p>
   </div>
   <div class='ocr_carea' id='block_1_27' title="bbox 430 2598 2015 2677">
    <p class='ocr_par' dir='ltr' id='par_1_27' title="bbox 430 2598 2015 2677">
     <span class='ocr_line' id='line_1_27' title="bbox 430 2598 2015 2677; baseline 0.009 -27"><span class='ocrx_word' id='word_1_185' title='bbox 430 2606 657 2652; x_wconf 77' lang='lat' dir='ltr'><strong>econtra</strong></span> <span class='ocrx_word' id='word_1_186' title='bbox 696 2598 891 2654; x_wconf 89' lang='lat' dir='ltr'><strong>melius</strong></span> <span class='ocrx_word' id='word_1_187' title='bbox 954 2600 1177 2655; x_wconf 85' lang='lat' dir='ltr'><strong>adducit</strong></span> <span class='ocrx_word' id='word_1_188' title='bbox 1225 2611 1446 2657; x_wconf 90' lang='lat' dir='ltr'><strong>nostros</strong></span> <span class='ocrx_word' id='word_1_189' title='bbox 1484 2604 1661 2661; x_wconf 93' lang='lat' dir='ltr'><strong>bonos</strong></span> <span class='ocrx_word' id='word_1_190' title='bbox 1705 2608 2015 2677; x_wconf 59' lang='lat' dir='ltr'><strong>saeculares,</strong></span> 
     </span>
    </p>
   </div>
   <div class='ocr_carea' id='block_1_28' title="bbox 431 2685 2018 2754">
    <p class='ocr_par' dir='ltr' id='par_1_28' title="bbox 431 2685 2018 2754">
     <span class='ocr_line' id='line_1_28' title="bbox 431 2685 2018 2754; baseline 0.01 -16"><span class='ocrx_word' id='word_1_191' title='bbox 431 2685 698 2742; x_wconf 84' lang='lat' dir='ltr'><strong>Dominus</strong></span> <span class='ocrx_word' id='word_1_192' title='bbox 730 2688 796 2742; x_wconf 87' lang='lat' dir='ltr'><strong>ad</strong></span> <span class='ocrx_word' id='word_1_193' title='bbox 820 2688 1087 2753; x_wconf 71' lang='lat' dir='ltr'><strong>Judaeam,</strong></span> <span class='ocrx_word' id='word_1_194' title='bbox 1128 2690 1180 2745; x_wconf 91' lang='lat' dir='ltr'><strong>id</strong></span> <span class='ocrx_word' id='word_1_195' title='bbox 1208 2691 1274 2745; x_wconf 90' lang='lat' dir='ltr'><strong>ad</strong></span> <span class='ocrx_word' id='word_1_196' title='bbox 1298 2707 1480 2746; x_wconf 89' lang='lat' dir='ltr'><strong>veram</strong></span> <span class='ocrx_word' id='word_1_197' title='bbox 1514 2694 1914 2752; x_wconf 85' lang='lat' dir='ltr'><strong>confessionem</strong></span> <span class='ocrx_word' id='word_1_198' title='bbox 1950 2699 2018 2754; x_wconf 91' lang='lat' dir='ltr'><strong>de</strong></span> 
     </span>
    </p>
   </div>
   <div class='ocr_carea' id='block_1_29' title="bbox 431 2772 2019 2853">
    <p class='ocr_par' dir='ltr' id='par_1_29' title="bbox 431 2772 2019 2853">
     <span class='ocr_line' id='line_1_29' title="bbox 431 2772 2019 2853; baseline 0.008 -26"><span class='ocrx_word' id='word_1_199' title='bbox 431 2772 758 2828; x_wconf 85' lang='lat' dir='ltr'><strong>confusione</strong></span> <span class='ocrx_word' id='word_1_200' title='bbox 786 2772 1099 2844; x_wconf 56' lang='lat' dir='ltr'><strong>Babyloniae</strong></span> <span class='ocrx_word' id='word_1_201' title='bbox 1119 2777 1340 2846; x_wconf 89' lang='lat' dir='ltr'><strong>quando</strong></span> <span class='ocrx_word' id='word_1_202' title='bbox 1366 2794 1462 2834; x_wconf 91' lang='lat' dir='ltr'><strong>eos</strong></span> <span class='ocrx_word' id='word_1_203' title='bbox 1498 2779 1691 2835; x_wconf 87' lang='lat' dir='ltr'><strong>liberat</strong></span> <span class='ocrx_word' id='word_1_204' title='bbox 1737 2782 1806 2838; x_wconf 89' lang='lat' dir='ltr'><strong>de</strong></span> <span class='ocrx_word' id='word_1_205' title='bbox 1866 2794 2019 2853; x_wconf 82' lang='lat' dir='ltr'><strong>pote-</strong></span> 
     </span>
    </p>
   </div>
   <div class='ocr_carea' id='block_1_30' title="bbox 433 2864 2019 2947">
    <p class='ocr_par' dir='ltr' id='par_1_30' title="bbox 433 2864 2019 2947">
     <span class='ocr_line' id='line_1_30' title="bbox 433 2864 2019 2947; baseline 0.008 -29"><span class='ocrx_word' id='word_1_206' title='bbox 433 2872 575 2918; x_wconf 85' lang='lat' dir='ltr'><strong>state</strong></span> <span class='ocrx_word' id='word_1_207' title='bbox 602 2864 806 2919; x_wconf 89' lang='lat' dir='ltr'><strong>diaboli</strong></span> <span class='ocrx_word' id='word_1_208' title='bbox 837 2875 890 2920; x_wconf 92' lang='lat' dir='ltr'><strong>et</strong></span> <span class='ocrx_word' id='word_1_209' title='bbox 911 2866 980 2922; x_wconf 87' lang='lat' dir='ltr'><strong>de</strong></span> <span class='ocrx_word' id='word_1_210' title='bbox 1033 2883 1263 2938; x_wconf 89' lang='lat' dir='ltr'><strong>corpore</strong></span> <span class='ocrx_word' id='word_1_211' title='bbox 1296 2870 1435 2939; x_wconf 86' lang='lat' dir='ltr'><strong>ejus.</strong></span> <span class='ocrx_word' id='word_1_212' title='bbox 1466 2870 1579 2928; x_wconf 83' lang='lat' dir='ltr'><strong>Hoc</strong></span> <span class='ocrx_word' id='word_1_213' title='bbox 1622 2873 1682 2927; x_wconf 85' lang='lat' dir='ltr'><strong>lit</strong></span> <span class='ocrx_word' id='word_1_214' title='bbox 1703 2889 1798 2943; x_wconf 91' lang='lat' dir='ltr'><strong>per</strong></span> <span class='ocrx_word' id='word_1_215' title='bbox 1839 2876 2019 2947; x_wconf 84' lang='lat' dir='ltr'><strong>bapti—</strong></span> 
     </span>
    </p>
   </div>
   <div class='ocr_carea' id='block_1_31' title="bbox 433 2958 2021 3032">
    <p class='ocr_par' dir='ltr' id='par_1_31' title="bbox 433 2958 2021 3032">
     <span class='ocr_line' id='line_1_31' title="bbox 433 2958 2021 3032; baseline 0.009 -22"><span class='ocrx_word' id='word_1_216' title='bbox 433 2970 615 3010; x_wconf 84' lang='lat' dir='ltr'><strong>smum</strong></span> <span class='ocrx_word' id='word_1_217' title='bbox 711 2972 875 3026; x_wconf 91' lang='lat' dir='ltr'><strong>quem</strong></span> <span class='ocrx_word' id='word_1_218' title='bbox 954 2958 1157 3015; x_wconf 82' lang='lat' dir='ltr'><strong>habent</strong></span> <span class='ocrx_word' id='word_1_219' title='bbox 1254 2963 1545 3020; x_wconf 84' lang='lat' dir='ltr'><strong>saeculares</strong></span> <span class='ocrx_word' id='word_1_220' title='bbox 1590 3006 1606 3032; x_wconf 93' lang='lat'><strong>,</strong></span> <span class='ocrx_word' id='word_1_221' title='bbox 1693 2966 1879 3023; x_wconf 81' lang='lat' dir='ltr'><strong>fideles</strong></span> <span class='ocrx_word' id='word_1_222' title='bbox 1965 2979 2021 3024; x_wconf 92' lang='lat' dir='ltr'><strong>et</strong></span> 
     </span>
    </p>
   </div>
   <div class='ocr_carea' id='block_1_32' title="bbox 435 3045 730 3114">
    <p class='ocr_par' dir='ltr' id='par_1_32' title="bbox 435 3045 730 3114">
     <span class='ocr_line' id='line_1_32' title="bbox 435 3045 730 3114; baseline 0.01 -15"><span class='ocrx_word' id='word_1_223' title='bbox 435 3045 730 3114; x_wconf 77' lang='lat' dir='ltr'><strong>spiritales.</strong></span> 
     </span>
    </p>
   </div>
   <div class='ocr_carea' id='block_1_33' title="bbox 2122 577 3704 650">
    <p class='ocr_par' dir='ltr' id='par_1_33' title="bbox 2122 577 3704 650">
     <span class='ocr_line' id='line_1_33' title="bbox 2122 577 3704 650; baseline 0.001 -16"><span class='ocrx_word' id='word_1_224' title='bbox 2122 579 2266 634; x_wconf 89' lang='lat' dir='ltr'><strong>male</strong></span> <span class='ocrx_word' id='word_1_225' title='bbox 2305 587 2583 650; x_wconf 89' lang='lat' dir='ltr'><strong>operatur.</strong></span> <span class='ocrx_word' id='word_1_226' title='bbox 2619 577 2717 635; x_wconf 86' lang='lat' dir='ltr'><strong>His</strong></span> <span class='ocrx_word' id='word_1_227' title='bbox 2743 579 2987 650; x_wconf 89' lang='lat' dir='ltr'><strong>quinque</strong></span> <span class='ocrx_word' id='word_1_228' title='bbox 3029 580 3241 634; x_wconf 88' lang='lat' dir='ltr'><strong>viribus</strong></span> <span class='ocrx_word' id='word_1_229' title='bbox 3262 592 3397 632; x_wconf 90' lang='lat' dir='ltr'><strong>caro</strong></span> <span class='ocrx_word' id='word_1_230' title='bbox 3433 580 3704 647; x_wconf 74' lang='lat' dir='ltr'><strong>superavit</strong></span> 
     </span>
    </p>
   </div>
   <div class='ocr_carea' id='block_1_34' title="bbox 2121 668 3703 739">
    <p class='ocr_par' dir='ltr' id='par_1_34' title="bbox 2121 668 3703 739">
     <span class='ocr_line' id='line_1_34' title="bbox 2121 668 3703 739; baseline 0.001 -15"><span class='ocrx_word' id='word_1_231' title='bbox 2121 669 2363 739; x_wconf 88' lang='lat' dir='ltr'><strong>primum</strong></span> <span class='ocrx_word' id='word_1_232' title='bbox 2403 669 2709 736; x_wconf 87' lang='lat' dir='ltr'><strong>hominem,</strong></span> <span class='ocrx_word' id='word_1_233' title='bbox 2752 678 2807 726; x_wconf 91' lang='lat' dir='ltr'><strong>et</strong></span> <span class='ocrx_word' id='word_1_234' title='bbox 2844 668 3013 724; x_wconf 87' lang='lat' dir='ltr'><strong>homo</strong></span> <span class='ocrx_word' id='word_1_235' title='bbox 3088 668 3404 733; x_wconf 84' lang='lat' dir='ltr'><strong>succubuit,</strong></span> <span class='ocrx_word' id='word_1_236' title='bbox 3459 670 3703 738; x_wconf 85' lang='lat' dir='ltr'><strong>quamvis</strong></span> 
     </span>
    </p>
   </div>
   <div class='ocr_carea' id='block_1_35' title="bbox 2119 760 3704 832">
    <p class='ocr_par' dir='ltr' id='par_1_35' title="bbox 2119 760 3704 832">
     <span class='ocr_line' id='line_1_35' title="bbox 2119 760 3704 832; baseline 0.001 -17"><span class='ocrx_word' id='word_1_237' title='bbox 2119 761 2338 832; x_wconf 87' lang='lat' dir='ltr'><strong>positus</strong></span> <span class='ocrx_word' id='word_1_238' title='bbox 2363 770 2511 818; x_wconf 88' lang='lat' dir='ltr'><strong>esset</strong></span> <span class='ocrx_word' id='word_1_239' title='bbox 2540 761 2597 816; x_wconf 92' lang='lat' dir='ltr'><strong>in</strong></span> <span class='ocrx_word' id='word_1_240' title='bbox 2632 761 2907 832; x_wconf 86' lang='lat' dir='ltr'><strong>paradiso,</strong></span> <span class='ocrx_word' id='word_1_241' title='bbox 2954 760 3050 815; x_wconf 92' lang='lat' dir='ltr'><strong>sed</strong></span> <span class='ocrx_word' id='word_1_242' title='bbox 3090 761 3247 831; x_wconf 87' lang='lat' dir='ltr'><strong>prius</strong></span> <span class='ocrx_word' id='word_1_243' title='bbox 3302 775 3565 826; x_wconf 65' lang='lat' dir='ltr'><strong>aggressa</strong></span> <span class='ocrx_word' id='word_1_244' title='bbox 3593 775 3704 817; x_wconf 84' lang='lat' dir='ltr'><strong>esse</strong></span> 
     </span>
    </p>
   </div>
   <div class='ocr_carea' id='block_1_36' title="bbox 2121 850 3701 923">
    <p class='ocr_par' dir='ltr' id='par_1_36' title="bbox 2121 850 3701 923">
     <span class='ocr_line' id='line_1_36' title="bbox 2121 850 3701 923; baseline 0.002 -17"><span class='ocrx_word' id='word_1_245' title='bbox 2121 853 2408 908; x_wconf 86' lang='lat' dir='ltr'><strong>mulierem</strong></span> <span class='ocrx_word' id='word_1_246' title='bbox 2438 862 2501 908; x_wconf 89' lang='lat' dir='ltr'><strong>ut</strong></span> <span class='ocrx_word' id='word_1_247' title='bbox 2526 853 2851 908; x_wconf 89' lang='lat' dir='ltr'><strong>debiliorem</strong></span> <span class='ocrx_word' id='word_1_248' title='bbox 2882 860 3116 923; x_wconf 89' lang='lat' dir='ltr'><strong>partem.</strong></span> <span class='ocrx_word' id='word_1_249' title='bbox 3168 850 3313 907; x_wconf 84' lang='lat' dir='ltr'><strong>Audi</strong></span> <span class='ocrx_word' id='word_1_250' title='bbox 3357 851 3430 906; x_wconf 91' lang='lat' dir='ltr'><strong>de</strong></span> <span class='ocrx_word' id='word_1_251' title='bbox 3483 852 3701 909; x_wconf 86' lang='lat' dir='ltr'><strong>muliere</strong></span> 
     </span>
    </p>
   </div>
   <div class='ocr_carea' id='block_1_37' title="bbox 2119 943 3702 1016">
    <p class='ocr_par' dir='ltr' id='par_1_37' title="bbox 2119 943 3702 1016">
     <span class='ocr_line' id='line_1_37' title="bbox 2119 943 3702 1016; baseline 0.001 -17"><span class='ocrx_word' id='word_1_252' title='bbox 2119 944 2344 1015; x_wconf 84' lang='lat' dir='ltr'><strong>quando</strong></span> <span class='ocrx_word' id='word_1_253' title='bbox 2371 944 2617 1016; x_wconf 89' lang='lat' dir='ltr'><strong>quinque</strong></span> <span class='ocrx_word' id='word_1_254' title='bbox 2661 944 2919 1001; x_wconf 88' lang='lat' dir='ltr'><strong>sensibus</strong></span> <span class='ocrx_word' id='word_1_255' title='bbox 2952 944 3200 1014; x_wconf 90' lang='lat' dir='ltr'><strong>corporis</strong></span> <span class='ocrx_word' id='word_1_256' title='bbox 3242 943 3519 1014; x_wconf 84' lang='lat' dir='ltr'><strong>peccavit.</strong></span> <span class='ocrx_word' id='word_1_257' title='bbox 3553 945 3702 1000; x_wconf 78' lang='lat' dir='ltr'><strong>Auri-</strong></span> 
     </span>
    </p>
   </div>
   <div class='ocr_carea' id='block_1_38' title="bbox 2120 1036 3702 1107">
    <p class='ocr_par' dir='ltr' id='par_1_38' title="bbox 2120 1036 3702 1107">
     <span class='ocr_line' id='line_1_38' title="bbox 2120 1036 3702 1107; baseline 0 -14"><span class='ocrx_word' id='word_1_258' title='bbox 2120 1037 2227 1094; x_wconf 85' lang='lat' dir='ltr'><strong>bus</strong></span> <span class='ocrx_word' id='word_1_259' title='bbox 2255 1037 2673 1106; x_wconf 87' lang='lat' dir='ltr'><strong>persuasionem</strong></span> <span class='ocrx_word' id='word_1_260' title='bbox 2707 1037 2914 1093; x_wconf 90' lang='lat' dir='ltr'><strong>diaholi</strong></span> <span class='ocrx_word' id='word_1_261' title='bbox 2944 1036 3153 1107; x_wconf 90' lang='lat' dir='ltr'><strong>accepit</strong></span> <span class='ocrx_word' id='word_1_262' title='bbox 3176 1044 3232 1091; x_wconf 90' lang='lat' dir='ltr'><strong>et</strong></span> <span class='ocrx_word' id='word_1_263' title='bbox 3253 1036 3567 1103; x_wconf 87' lang='lat' dir='ltr'><strong>consensit,</strong></span> <span class='ocrx_word' id='word_1_264' title='bbox 3589 1052 3702 1093; x_wconf 87' lang='lat' dir='ltr'><strong>cum</strong></span> 
     </span>
    </p>
   </div>
   <div class='ocr_carea' id='block_1_39' title="bbox 2119 1127 3704 1200">
    <p class='ocr_par' dir='ltr' id='par_1_39' title="bbox 2119 1127 3704 1200">
     <span class='ocr_line' id='line_1_39' title="bbox 2119 1127 3704 1200; baseline 0.001 -14"><span class='ocrx_word' id='word_1_265' title='bbox 2119 1130 2213 1187; x_wconf 92' lang='lat' dir='ltr'><strong>ille</strong></span> <span class='ocrx_word' id='word_1_266' title='bbox 2265 1131 2394 1187; x_wconf 90' lang='lat' dir='ltr'><strong>talia</strong></span> <span class='ocrx_word' id='word_1_267' title='bbox 2442 1130 2723 1187; x_wconf 88' lang='lat' dir='ltr'><strong>intimaret</strong></span> <span class='ocrx_word' id='word_1_268' title='bbox 2795 1129 2986 1186; x_wconf 86' lang='lat' dir='ltr'><strong>dicens</strong></span> <span class='ocrx_word' id='word_1_269' title='bbox 3039 1148 3055 1185; x_wconf 89' lang='lat'><strong>:</strong></span> <span class='ocrx_word' id='word_1_270' title='bbox 3094 1148 3113 1181; x_wconf 77' lang='grc' dir='ltr'>ι</span> <span class='ocrx_word' id='word_1_271' title='bbox 3153 1127 3212 1184; x_wconf 90' lang='lat' dir='ltr'><strong>In</strong></span> <span class='ocrx_word' id='word_1_272' title='bbox 3238 1144 3597 1200; x_wconf 90' lang='lat' dir='ltr'><strong>quacumque</strong></span> <span class='ocrx_word' id='word_1_273' title='bbox 3626 1130 3704 1187; x_wconf 89' lang='lat' dir='ltr'><strong>die</strong></span> 
     </span>
    </p>
   </div>
   <div class='ocr_carea' id='block_1_40' title="bbox 2119 1221 3700 1292">
    <p class='ocr_par' dir='ltr' id='par_1_40' title="bbox 2119 1221 3700 1292">
     <span class='ocr_line' id='line_1_40' title="bbox 2119 1221 3700 1292; baseline 0.002 -16"><span class='ocrx_word' id='word_1_274' title='bbox 2119 1221 2423 1279; x_wconf 87' lang='lat' dir='ltr'><strong>comederis</strong></span> <span class='ocrx_word' id='word_1_275' title='bbox 2468 1237 2537 1278; x_wconf 74' lang='lat' dir='ltr'><strong>ex</strong></span> <span class='ocrx_word' id='word_1_276' title='bbox 2584 1237 2673 1289; x_wconf 91' lang='lat' dir='ltr'><strong>eo,</strong></span> <span class='ocrx_word' id='word_1_277' title='bbox 2698 1222 3014 1292; x_wconf 87' lang='lat' dir='ltr'><strong>aperientur</strong></span> <span class='ocrx_word' id='word_1_278' title='bbox 3066 1221 3213 1277; x_wconf 89' lang='lat' dir='ltr'><strong>oculi</strong></span> <span class='ocrx_word' id='word_1_279' title='bbox 3246 1222 3442 1287; x_wconf 83' lang='lat' dir='ltr'><strong>vestri,</strong></span> <span class='ocrx_word' id='word_1_280' title='bbox 3476 1231 3532 1276; x_wconf 87' lang='lat' dir='ltr'><strong>et</strong></span> <span class='ocrx_word' id='word_1_281' title='bbox 3558 1223 3700 1279; x_wconf 81' lang='lat' dir='ltr'><strong>eritis</strong></span> 
     </span>
    </p>
   </div>
   <div class='ocr_carea' id='block_1_41' title="bbox 2119 1311 3695 1384">
    <p class='ocr_par' dir='ltr' id='par_1_41' title="bbox 2119 1311 3695 1384">
     <span class='ocr_line' id='line_1_41' title="bbox 2119 1311 3695 1384; baseline -0.001 -14"><span class='ocrx_word' id='word_1_282' title='bbox 2119 1313 2267 1370; x_wconf 85' lang='lat' dir='ltr'><strong>sicut</strong></span> <span class='ocrx_word' id='word_1_283' title='bbox 2313 1312 2421 1381; x_wconf 92' lang='lat' dir='ltr'><strong>Dii,</strong></span> <span class='ocrx_word' id='word_1_284' title='bbox 2459 1313 2695 1370; x_wconf 87' lang='lat' dir='ltr'><strong>scientes</strong></span> <span class='ocrx_word' id='word_1_285' title='bbox 2719 1313 2926 1369; x_wconf 88' lang='lat' dir='ltr'><strong>bonum</strong></span> <span class='ocrx_word' id='word_1_286' title='bbox 2960 1322 3016 1369; x_wconf 88' lang='lat' dir='ltr'><strong>et</strong></span> <span class='ocrx_word' id='word_1_287' title='bbox 3074 1313 3282 1369; x_wconf 88' lang='lat' dir='ltr'><strong>malum</strong></span> <span class='ocrx_word' id='word_1_288' title='bbox 3328 1311 3489 1383; x_wconf 79' lang='lat' dir='ltr'><strong>(Gen.</strong></span> <span class='ocrx_word' id='word_1_289' title='bbox 3524 1315 3628 1384; x_wconf 79' lang='lat' dir='ltr'><strong>Ill).</strong></span> <span class='ocrx_word' id='word_1_290' title='bbox 3678 1333 3695 1368; x_wconf 77' lang='grc' dir='ltr'>ι</span> 
     </span>
    </p>
   </div>
   <div class='ocr_carea' id='block_1_42' title="bbox 2118 1403 3699 1476">
    <p class='ocr_par' dir='ltr' id='par_1_42' title="bbox 2118 1403 3699 1476">
     <span class='ocr_line' id='line_1_42' title="bbox 2118 1403 3699 1476; baseline 0.001 -15"><span class='ocrx_word' id='word_1_291' title='bbox 2118 1403 2259 1461; x_wconf 87' lang='lat' dir='ltr'><strong>Ecce</strong></span> <span class='ocrx_word' id='word_1_292' title='bbox 2288 1406 2511 1476; x_wconf 85' lang='lat' dir='ltr'><strong>quando</strong></span> <span class='ocrx_word' id='word_1_293' title='bbox 2537 1405 2736 1461; x_wconf 88' lang='lat' dir='ltr'><strong>mulier</strong></span> <span class='ocrx_word' id='word_1_294' title='bbox 2759 1421 2859 1476; x_wconf 91' lang='lat' dir='ltr'><strong>per</strong></span> <span class='ocrx_word' id='word_1_295' title='bbox 2891 1405 3138 1460; x_wconf 89' lang='lat' dir='ltr'><strong>auditum</strong></span> <span class='ocrx_word' id='word_1_296' title='bbox 3195 1405 3523 1471; x_wconf 85' lang='lat' dir='ltr'><strong>succubuit;</strong></span> <span class='ocrx_word' id='word_1_297' title='bbox 3551 1406 3699 1462; x_wconf 85' lang='lat' dir='ltr'><strong>modo</strong></span> 
     </span>
    </p>
   </div>
   <div class='ocr_carea' id='block_1_43' title="bbox 2116 1496 3699 1567">
    <p class='ocr_par' dir='ltr' id='par_1_43' title="bbox 2116 1496 3699 1567">
     <span class='ocr_line' id='line_1_43' title="bbox 2116 1496 3699 1567; baseline 0.002 -15"><span class='ocrx_word' id='word_1_298' title='bbox 2116 1496 2335 1552; x_wconf 87' lang='lat' dir='ltr'><strong>attende</strong></span> <span class='ocrx_word' id='word_1_299' title='bbox 2375 1497 2596 1567; x_wconf 90' lang='lat' dir='ltr'><strong>quando</strong></span> <span class='ocrx_word' id='word_1_300' title='bbox 2640 1497 2871 1553; x_wconf 90' lang='lat' dir='ltr'><strong>odoratu</strong></span> <span class='ocrx_word' id='word_1_301' title='bbox 2913 1505 2970 1553; x_wconf 90' lang='lat' dir='ltr'><strong>et</strong></span> <span class='ocrx_word' id='word_1_302' title='bbox 3014 1497 3139 1553; x_wconf 87' lang='lat' dir='ltr'><strong>visu</strong></span> <span class='ocrx_word' id='word_1_303' title='bbox 3190 1496 3422 1567; x_wconf 88' lang='lat' dir='ltr'><strong>decepta</strong></span> <span class='ocrx_word' id='word_1_304' title='bbox 3471 1506 3575 1553; x_wconf 90' lang='lat' dir='ltr'><strong>est.</strong></span> <span class='ocrx_word' id='word_1_305' title='bbox 3619 1497 3699 1555; x_wconf 80' lang='lat' dir='ltr'><strong>Ait</strong></span> 
     </span>
    </p>
   </div>
   <div class='ocr_carea' id='block_1_44' title="bbox 2119 1587 3694 1660">
    <p class='ocr_par' dir='ltr' id='par_1_44' title="bbox 2119 1587 3694 1660">
     <span class='ocr_line' id='line_1_44' title="bbox 2119 1587 3694 1660; baseline -0.001 -15"><span class='ocrx_word' id='word_1_306' title='bbox 2119 1587 2430 1659; x_wconf 88' lang='lat' dir='ltr'><strong>Scriptura:</strong></span> <span class='ocrx_word' id='word_1_307' title='bbox 2475 1607 2495 1642; x_wconf 79' lang='grc' dir='ltr'>ι</span> <span class='ocrx_word' id='word_1_308' title='bbox 2518 1588 2666 1644; x_wconf 85' lang='lat' dir='ltr'><strong>Vidit</strong></span> <span class='ocrx_word' id='word_1_309' title='bbox 2682 1588 2879 1645; x_wconf 88' lang='lat' dir='ltr'><strong>mulier</strong></span> <span class='ocrx_word' id='word_1_310' title='bbox 2899 1589 3047 1660; x_wconf 90' lang='lat' dir='ltr'><strong>quod</strong></span> <span class='ocrx_word' id='word_1_311' title='bbox 3073 1588 3280 1644; x_wconf 91' lang='lat' dir='ltr'><strong>bonum</strong></span> <span class='ocrx_word' id='word_1_312' title='bbox 3306 1598 3454 1644; x_wconf 85' lang='lat' dir='ltr'><strong>esset</strong></span> <span class='ocrx_word' id='word_1_313' title='bbox 3478 1588 3694 1659; x_wconf 79' lang='lat' dir='ltr'><strong>lignum,</strong></span> 
     </span>
    </p>
   </div>
   <div class='ocr_carea' id='block_1_45' title="bbox 2115 1682 3693 1751">
    <p class='ocr_par' dir='ltr' id='par_1_45' title="bbox 2115 1682 3693 1751">
     <span class='ocr_line' id='line_1_45' title="bbox 2115 1682 3693 1751; baseline 0.001 -13"><span class='ocrx_word' id='word_1_314' title='bbox 2115 1691 2171 1738; x_wconf 91' lang='lat' dir='ltr'><strong>et</strong></span> <span class='ocrx_word' id='word_1_315' title='bbox 2202 1683 2272 1738; x_wconf 88' lang='lat' dir='ltr'><strong>ad</strong></span> <span class='ocrx_word' id='word_1_316' title='bbox 2329 1682 2662 1739; x_wconf 88' lang='lat' dir='ltr'><strong>vescendum</strong></span> <span class='ocrx_word' id='word_1_317' title='bbox 2707 1696 2904 1749; x_wconf 85' lang='lat' dir='ltr'><strong>suave,</strong></span> <span class='ocrx_word' id='word_1_318' title='bbox 2955 1690 3012 1737; x_wconf 91' lang='lat' dir='ltr'><strong>et</strong></span> <span class='ocrx_word' id='word_1_319' title='bbox 3068 1682 3367 1751; x_wconf 88' lang='lat' dir='ltr'><strong>pulchrum</strong></span> <span class='ocrx_word' id='word_1_320' title='bbox 3410 1682 3600 1749; x_wconf 87' lang='lat' dir='ltr'><strong>oculis,</strong></span> <span class='ocrx_word' id='word_1_321' title='bbox 3643 1692 3693 1740; x_wconf 88' lang='lat' dir='ltr'><strong>ct</strong></span> 
     </span>
    </p>
   </div>
   <div class='ocr_carea' id='block_1_46' title="bbox 2116 1773 3692 1844">
    <p class='ocr_par' dir='ltr' id='par_1_46' title="bbox 2116 1773 3692 1844">
     <span class='ocr_line' id='line_1_46' title="bbox 2116 1773 3692 1844; baseline -0.001 -15"><span class='ocrx_word' id='word_1_322' title='bbox 2116 1782 2340 1844; x_wconf 90' lang='lat' dir='ltr'><strong>aspectu</strong></span> <span class='ocrx_word' id='word_1_323' title='bbox 2389 1773 2707 1829; x_wconf 84' lang='lat' dir='ltr'><strong>delectabile</strong></span> <span class='ocrx_word' id='word_1_324' title='bbox 2733 1773 2942 1841; x_wconf 83' lang='lat' dir='ltr'><strong>(ibid.).</strong></span> <span class='ocrx_word' id='word_1_325' title='bbox 2974 1791 2994 1824; x_wconf 70' lang='grc' dir='ltr'><strong><em>ι</em></strong></span> <span class='ocrx_word' id='word_1_326' title='bbox 3031 1773 3171 1828; x_wconf 86' lang='lat' dir='ltr'><strong>Cum</strong></span> <span class='ocrx_word' id='word_1_327' title='bbox 3199 1773 3329 1827; x_wconf 87' lang='lat' dir='ltr'><strong>dicit</strong></span> <span class='ocrx_word' id='word_1_328' title='bbox 3359 1790 3375 1828; x_wconf 90' lang='lat'>:</span> <span class='ocrx_word' id='word_1_329' title='bbox 3414 1793 3435 1825; x_wconf 77' lang='grc' dir='ltr'>ι</span> <span class='ocrx_word' id='word_1_330' title='bbox 3469 1789 3627 1829; x_wconf 83' lang='lat' dir='ltr'><strong>suave</strong></span> <span class='ocrx_word' id='word_1_331' title='bbox 3652 1795 3692 1843; x_wconf 74' lang='grc' dir='ltr'><strong>ι,</strong></span> 
     </span>
    </p>
   </div>
   <div class='ocr_carea' id='block_1_47' title="bbox 2113 1864 3688 1935">
    <p class='ocr_par' dir='ltr' id='par_1_47' title="bbox 2113 1864 3688 1935">
     <span class='ocr_line' id='line_1_47' title="bbox 2113 1864 3688 1935; baseline -0.001 -15"><span class='ocrx_word' id='word_1_332' title='bbox 2113 1875 2269 1935; x_wconf 87' lang='lat' dir='ltr'><strong>capta</strong></span> <span class='ocrx_word' id='word_1_333' title='bbox 2295 1874 2381 1921; x_wconf 89' lang='lat' dir='ltr'><strong>est</strong></span> <span class='ocrx_word' id='word_1_334' title='bbox 2420 1864 2694 1920; x_wconf 91' lang='lat' dir='ltr'><strong>odoratu:</strong></span> <span class='ocrx_word' id='word_1_335' title='bbox 2728 1880 2855 1921; x_wconf 91' lang='lat' dir='ltr'><strong>cum</strong></span> <span class='ocrx_word' id='word_1_336' title='bbox 2884 1865 2959 1919; x_wconf 85' lang='lat' dir='ltr'><strong>ait</strong></span> <span class='ocrx_word' id='word_1_337' title='bbox 2991 1883 3005 1920; x_wconf 89' lang='lat'><strong>:</strong></span> <span class='ocrx_word' id='word_1_338' title='bbox 3042 1883 3062 1917; x_wconf 73' lang='grc' dir='ltr'>ι</span> <span class='ocrx_word' id='word_1_339' title='bbox 3114 1865 3413 1935; x_wconf 88' lang='lat' dir='ltr'><strong>pulchrum</strong></span> <span class='ocrx_word' id='word_1_340' title='bbox 3449 1866 3620 1921; x_wconf 83' lang='lat' dir='ltr'><strong>oculis</strong></span> <span class='ocrx_word' id='word_1_341' title='bbox 3646 1885 3688 1929; x_wconf 74' lang='grc' dir='ltr'><strong>ι,</strong></span> 
     </span>
    </p>
   </div>
   <div class='ocr_carea' id='block_1_48' title="bbox 2113 1955 3695 2027">
    <p class='ocr_par' dir='ltr' id='par_1_48' title="bbox 2113 1955 3695 2027">
     <span class='ocr_line' id='line_1_48' title="bbox 2113 1955 3695 2027; baseline 0.001 -17"><span class='ocrx_word' id='word_1_342' title='bbox 2113 1955 2403 2027; x_wconf 90' lang='lat' dir='ltr'><strong>illaqueata</strong></span> <span class='ocrx_word' id='word_1_343' title='bbox 2431 1964 2515 2013; x_wconf 90' lang='lat' dir='ltr'><strong>est</strong></span> <span class='ocrx_word' id='word_1_344' title='bbox 2542 1957 2684 2013; x_wconf 89' lang='lat' dir='ltr'><strong>visu.</strong></span> <span class='ocrx_word' id='word_1_345' title='bbox 2723 1956 2918 2013; x_wconf 83' lang='lat' dir='ltr'><strong>Adhuc</strong></span> <span class='ocrx_word' id='word_1_346' title='bbox 2949 1966 3247 2027; x_wconf 88' lang='lat' dir='ltr'><strong>supersunt</strong></span> <span class='ocrx_word' id='word_1_347' title='bbox 3291 1957 3408 2013; x_wconf 90' lang='lat' dir='ltr'><strong>duo</strong></span> <span class='ocrx_word' id='word_1_348' title='bbox 3456 1957 3695 2025; x_wconf 81' lang='lat' dir='ltr'><strong>ministri,</strong></span> 
     </span>
    </p>
   </div>
   <div class='ocr_carea' id='block_1_49' title="bbox 2114 2048 3693 2120">
    <p class='ocr_par' dir='ltr' id='par_1_49' title="bbox 2114 2048 3693 2120">
     <span class='ocr_line' id='line_1_49' title="bbox 2114 2048 3693 2120; baseline 0.001 -17"><span class='ocrx_word' id='word_1_349' title='bbox 2114 2048 2210 2119; x_wconf 91' lang='lat' dir='ltr'><strong>qui</strong></span> <span class='ocrx_word' id='word_1_350' title='bbox 2241 2056 2415 2103; x_wconf 92' lang='lat' dir='ltr'><strong>totum</strong></span> <span class='ocrx_word' id='word_1_351' title='bbox 2468 2048 2647 2105; x_wconf 89' lang='lat' dir='ltr'><strong>scelus</strong></span> <span class='ocrx_word' id='word_1_352' title='bbox 2676 2056 3129 2119; x_wconf 88' lang='lat' dir='ltr'><strong>perpetraverunt</strong></span> <span class='ocrx_word' id='word_1_353' title='bbox 3164 2066 3178 2103; x_wconf 89' lang='lat'><strong>:</strong></span> <span class='ocrx_word' id='word_1_354' title='bbox 3204 2057 3387 2103; x_wconf 85' lang='lat' dir='ltr'><strong>tactus</strong></span> <span class='ocrx_word' id='word_1_355' title='bbox 3417 2058 3476 2104; x_wconf 88' lang='lat' dir='ltr'><strong>et</strong></span> <span class='ocrx_word' id='word_1_356' title='bbox 3502 2059 3693 2120; x_wconf 87' lang='lat' dir='ltr'><strong>gustus.</strong></span> 
     </span>
    </p>
   </div>
   <div class='ocr_carea' id='block_1_50' title="bbox 2122 2139 3696 2211">
    <p class='ocr_par' dir='ltr' id='par_1_50' title="bbox 2122 2139 3696 2211">
     <span class='ocr_line' id='line_1_50' title="bbox 2122 2139 3696 2211; baseline -0.001 -16"><span class='ocrx_word' id='word_1_357' title='bbox 2122 2139 2261 2195; x_wconf 77' lang='lat' dir='ltr'><strong>Vide</strong></span> <span class='ocrx_word' id='word_1_358' title='bbox 2328 2154 2460 2211; x_wconf 86' lang='lat' dir='ltr'><strong>ergo</strong></span> <span class='ocrx_word' id='word_1_359' title='bbox 2488 2139 2711 2211; x_wconf 89' lang='lat' dir='ltr'><strong>quando</strong></span> <span class='ocrx_word' id='word_1_360' title='bbox 2752 2155 2850 2210; x_wconf 92' lang='lat' dir='ltr'><strong>per</strong></span> <span class='ocrx_word' id='word_1_361' title='bbox 2892 2140 3015 2195; x_wconf 89' lang='lat' dir='ltr'><strong>illos</strong></span> <span class='ocrx_word' id='word_1_362' title='bbox 3044 2154 3175 2196; x_wconf 90' lang='lat' dir='ltr'><strong>caro</strong></span> <span class='ocrx_word' id='word_1_363' title='bbox 3234 2141 3520 2211; x_wconf 89' lang='lat' dir='ltr'><strong>inceptum</strong></span> <span class='ocrx_word' id='word_1_364' title='bbox 3556 2156 3696 2195; x_wconf 88' lang='lat' dir='ltr'><strong>suum</strong></span> 
     </span>
    </p>
   </div>
   <div class='ocr_carea' id='block_1_51' title="bbox 2116 2231 3697 2301">
    <p class='ocr_par' dir='ltr' id='par_1_51' title="bbox 2116 2231 3697 2301">
     <span class='ocr_line' id='line_1_51' title="bbox 2116 2231 3697 2301; baseline -0.001 -13"><span class='ocrx_word' id='word_1_365' title='bbox 2116 2231 2541 2288; x_wconf 83' lang='lat' dir='ltr'><strong>consummavit.</strong></span> <span class='ocrx_word' id='word_1_366' title='bbox 2570 2231 2849 2301; x_wconf 89' lang='lat' dir='ltr'><strong>Scriptum</strong></span> <span class='ocrx_word' id='word_1_367' title='bbox 2859 2239 2943 2286; x_wconf 91' lang='lat' dir='ltr'><strong>est</strong></span> <span class='ocrx_word' id='word_1_368' title='bbox 2956 2240 3168 2287; x_wconf 89' lang='lat' dir='ltr'><strong>autem:</strong></span> <span class='ocrx_word' id='word_1_369' title='bbox 3190 2231 3288 2286; x_wconf 70' lang='lat' dir='ltr'><strong>«Et</strong></span> <span class='ocrx_word' id='word_1_370' title='bbox 3304 2232 3433 2286; x_wconf 88' lang='lat' dir='ltr'><strong>tulit</strong></span> <span class='ocrx_word' id='word_1_371' title='bbox 3454 2232 3523 2287; x_wconf 90' lang='lat' dir='ltr'><strong>de</strong></span> <span class='ocrx_word' id='word_1_372' title='bbox 3540 2231 3697 2287; x_wconf 79' lang='lat' dir='ltr'><strong>fructu</strong></span> 
     </span>
    </p>
   </div>
   <div class='ocr_carea' id='block_1_52' title="bbox 2115 2320 3697 2391">
    <p class='ocr_par' dir='ltr' id='par_1_52' title="bbox 2115 2320 3697 2391">
     <span class='ocr_line' id='line_1_52' title="bbox 2115 2320 3697 2391; baseline 0.001 -14"><span class='ocrx_word' id='word_1_373' title='bbox 2115 2322 2263 2378; x_wconf 91' lang='lat' dir='ltr'><strong>illius</strong></span> <span class='ocrx_word' id='word_1_374' title='bbox 2295 2330 2350 2378; x_wconf 91' lang='lat' dir='ltr'><strong>et</strong></span> <span class='ocrx_word' id='word_1_375' title='bbox 2369 2322 2607 2378; x_wconf 90' lang='lat' dir='ltr'><strong>comedit</strong></span> <span class='ocrx_word' id='word_1_376' title='bbox 2639 2321 2874 2391; x_wconf 72' lang='lat' dir='ltr'><strong>(ibid.).i</strong></span> <span class='ocrx_word' id='word_1_377' title='bbox 2931 2320 3126 2377; x_wconf 84' lang='lat' dir='ltr'><strong>Manus</strong></span> <span class='ocrx_word' id='word_1_378' title='bbox 3155 2322 3316 2390; x_wconf 86' lang='lat' dir='ltr'><strong>tulit,</strong></span> <span class='ocrx_word' id='word_1_379' title='bbox 3353 2337 3421 2378; x_wconf 92' lang='lat' dir='ltr'><strong>os</strong></span> <span class='ocrx_word' id='word_1_380' title='bbox 3463 2323 3697 2391; x_wconf 85' lang='lat' dir='ltr'><strong>comedit,</strong></span> 
     </span>
    </p>
   </div>
   <div class='ocr_carea' id='block_1_53' title="bbox 2116 2413 3696 2485">
    <p class='ocr_par' dir='ltr' id='par_1_53' title="bbox 2116 2413 3696 2485">
     <span class='ocr_line' id='line_1_53' title="bbox 2116 2413 3696 2485; baseline 0 -15"><span class='ocrx_word' id='word_1_381' title='bbox 2116 2423 2294 2470; x_wconf 88' lang='lat' dir='ltr'><strong>tactus</strong></span> <span class='ocrx_word' id='word_1_382' title='bbox 2327 2413 2681 2479; x_wconf 88' lang='lat' dir='ltr'><strong>ministravit,</strong></span> <span class='ocrx_word' id='word_1_383' title='bbox 2737 2423 2930 2485; x_wconf 88' lang='lat' dir='ltr'><strong>gustus</strong></span> <span class='ocrx_word' id='word_1_384' title='bbox 2966 2421 3249 2483; x_wconf 85' lang='lat' dir='ltr'><strong>peccatum</strong></span> <span class='ocrx_word' id='word_1_385' title='bbox 3287 2415 3696 2470; x_wconf 83' lang='lat' dir='ltr'><strong>consummavit.</strong></span> 
     </span>
    </p>
   </div>
   <div class='ocr_carea' id='block_1_54' title="bbox 2116 2504 3700 2576">
    <p class='ocr_par' dir='ltr' id='par_1_54' title="bbox 2116 2504 3700 2576">
     <span class='ocr_line' id='line_1_54' title="bbox 2116 2504 3700 2576; baseline -0.001 -14"><span class='ocrx_word' id='word_1_386' title='bbox 2116 2506 2393 2562; x_wconf 91' lang='lat' dir='ltr'><strong>Prostrata</strong></span> <span class='ocrx_word' id='word_1_387' title='bbox 2420 2504 2586 2576; x_wconf 80' lang='lat' dir='ltr'><strong>igitur</strong></span> <span class='ocrx_word' id='word_1_388' title='bbox 2608 2504 2819 2575; x_wconf 79' lang='lat' dir='ltr'><strong>origine</strong></span> <span class='ocrx_word' id='word_1_389' title='bbox 2841 2506 3111 2570; x_wconf 91' lang='lat' dir='ltr'><strong>omnium,</strong></span> <span class='ocrx_word' id='word_1_390' title='bbox 3142 2512 3319 2559; x_wconf 91' lang='lat' dir='ltr'><strong>totum</strong></span> <span class='ocrx_word' id='word_1_391' title='bbox 3346 2508 3614 2560; x_wconf 89' lang='lat' dir='ltr'><strong>mundum</strong></span> <span class='ocrx_word' id='word_1_392' title='bbox 3634 2506 3700 2561; x_wconf 89' lang='lat' dir='ltr'><strong>illi</strong></span> 
     </span>
    </p>
   </div>
   <div class='ocr_carea' id='block_1_55' title="bbox 2116 2595 3700 2668">
    <p class='ocr_par' dir='ltr' id='par_1_55' title="bbox 2116 2595 3700 2668">
     <span class='ocr_line' id='line_1_55' title="bbox 2116 2595 3700 2668; baseline -0.001 -13"><span class='ocrx_word' id='word_1_393' title='bbox 2116 2599 2361 2655; x_wconf 90' lang='lat' dir='ltr'><strong>ministri</strong></span> <span class='ocrx_word' id='word_1_394' title='bbox 2387 2597 2644 2667; x_wconf 88' lang='lat' dir='ltr'><strong>deinceps</strong></span> <span class='ocrx_word' id='word_1_395' title='bbox 2665 2596 3052 2668; x_wconf 85' lang='lat' dir='ltr'><strong>subjugabant.</strong></span> <span class='ocrx_word' id='word_1_396' title='bbox 3077 2595 3226 2651; x_wconf 77' lang='lat' dir='ltr'><strong>Vidit</strong></span> <span class='ocrx_word' id='word_1_397' title='bbox 3253 2596 3425 2667; x_wconf 89' lang='lat' dir='ltr'><strong>igitur</strong></span> <span class='ocrx_word' id='word_1_398' title='bbox 3454 2595 3700 2653; x_wconf 84' lang='lat' dir='ltr'><strong>Dominus</strong></span> 
     </span>
    </p>
   </div>
   <div class='ocr_carea' id='block_1_56' title="bbox 2117 2687 3695 2759">
    <p class='ocr_par' dir='ltr' id='par_1_56' title="bbox 2117 2687 3695 2759">
     <span class='ocr_line' id='line_1_56' title="bbox 2117 2687 3695 2759; baseline -0.001 -13"><span class='ocrx_word' id='word_1_399' title='bbox 2117 2700 2173 2746; x_wconf 95' lang='lat' dir='ltr'><strong>et</strong></span> <span class='ocrx_word' id='word_1_400' title='bbox 2229 2689 2563 2759; x_wconf 81' lang='lat' dir='ltr'><strong>Redemptor</strong></span> <span class='ocrx_word' id='word_1_401' title='bbox 2615 2697 2802 2743; x_wconf 89' lang='lat' dir='ltr'><strong>noster</strong></span> <span class='ocrx_word' id='word_1_402' title='bbox 2842 2687 2975 2758; x_wconf 90' lang='lat' dir='ltr'><strong>quia</strong></span> <span class='ocrx_word' id='word_1_403' title='bbox 3024 2703 3157 2743; x_wconf 89' lang='lat' dir='ltr'><strong>caro</strong></span> <span class='ocrx_word' id='word_1_404' title='bbox 3190 2695 3375 2743; x_wconf 89' lang='lat' dir='ltr'><strong>totum</strong></span> <span class='ocrx_word' id='word_1_405' title='bbox 3445 2688 3695 2744; x_wconf 86' lang='lat' dir='ltr'><strong>mundum</strong></span> 
     </span>
    </p>
   </div>
   <div class='ocr_carea' id='block_1_57' title="bbox 2118 2780 3699 2854">
    <p class='ocr_par' dir='ltr' id='par_1_57' title="bbox 2118 2780 3699 2854">
     <span class='ocr_line' id='line_1_57' title="bbox 2118 2780 3699 2854; baseline -0.001 -16"><span class='ocrx_word' id='word_1_406' title='bbox 2118 2783 2193 2838; x_wconf 92' lang='lat' dir='ltr'><strong>ita</strong></span> <span class='ocrx_word' id='word_1_407' title='bbox 2222 2781 2591 2854; x_wconf 82' lang='lat' dir='ltr'><strong>expugnabat,</strong></span> <span class='ocrx_word' id='word_1_408' title='bbox 2637 2781 2766 2851; x_wconf 90' lang='lat' dir='ltr'><strong>quia</strong></span> <span class='ocrx_word' id='word_1_409' title='bbox 2814 2780 3011 2835; x_wconf 89' lang='lat' dir='ltr'><strong>ancilla</strong></span> <span class='ocrx_word' id='word_1_410' title='bbox 3060 2780 3347 2835; x_wconf 90' lang='lat' dir='ltr'><strong>dominam</strong></span> <span class='ocrx_word' id='word_1_411' title='bbox 3392 2795 3556 2837; x_wconf 87' lang='lat' dir='ltr'><strong>suam</strong></span> <span class='ocrx_word' id='word_1_412' title='bbox 3608 2780 3699 2836; x_wconf 83' lang='lat' dir='ltr'><strong>sibi</strong></span> 
     </span>
    </p>
   </div>
   <div class='ocr_carea' id='block_1_58' title="bbox 2119 2872 3697 2948">
    <p class='ocr_par' dir='ltr' id='par_1_58' title="bbox 2119 2872 3697 2948">
     <span class='ocr_line' id='line_1_58' title="bbox 2119 2872 3697 2948; baseline -0.004 -14"><span class='ocrx_word' id='word_1_413' title='bbox 2119 2877 2509 2948; x_wconf 82' lang='lat' dir='ltr'><strong>subjugaverat</strong></span> <span class='ocrx_word' id='word_1_414' title='bbox 2542 2875 2695 2947; x_wconf 82' lang='lat' dir='ltr'><strong>(Gen.</strong></span> <span class='ocrx_word' id='word_1_415' title='bbox 2735 2874 2873 2944; x_wconf 60' lang='grc' dir='ltr'><strong>ενι),</strong></span> <span class='ocrx_word' id='word_1_416' title='bbox 2909 2873 3103 2928; x_wconf 91' lang='lat' dir='ltr'><strong>habuit</strong></span> <span class='ocrx_word' id='word_1_417' title='bbox 3156 2888 3284 2928; x_wconf 89' lang='lat' dir='ltr'><strong>cum</strong></span> <span class='ocrx_word' id='word_1_418' title='bbox 3333 2872 3697 2930; x_wconf 85' lang='lat' dir='ltr'><strong>misericordia</strong></span> 
     </span>
    </p>
   </div>
   <div class='ocr_carea' id='block_1_59' title="bbox 2120 2966 3701 3039">
    <p class='ocr_par' dir='ltr' id='par_1_59' title="bbox 2120 2966 3701 3039">
     <span class='ocr_line' id='line_1_59' title="bbox 2120 2966 3701 3039; baseline -0.001 -14"><span class='ocrx_word' id='word_1_419' title='bbox 2120 2987 2219 3026; x_wconf 88' lang='lat' dir='ltr'><strong>sua</strong></span> <span class='ocrx_word' id='word_1_420' title='bbox 2241 2969 2530 3024; x_wconf 90' lang='lat' dir='ltr'><strong>consilium</strong></span> <span class='ocrx_word' id='word_1_421' title='bbox 2556 2966 2701 3039; x_wconf 87' lang='lat' dir='ltr'><strong>quod</strong></span> <span class='ocrx_word' id='word_1_422' title='bbox 2718 2967 2787 3022; x_wconf 92' lang='lat' dir='ltr'><strong>ab</strong></span> <span class='ocrx_word' id='word_1_423' title='bbox 2804 2967 2907 3022; x_wconf 92' lang='lat' dir='ltr'><strong>hac</strong></span> <span class='ocrx_word' id='word_1_424' title='bbox 2936 2967 3250 3036; x_wconf 88' lang='lat' dir='ltr'><strong>captivitate</strong></span> <span class='ocrx_word' id='word_1_425' title='bbox 3276 2967 3536 3023; x_wconf 88' lang='lat' dir='ltr'><strong>liberaret</strong></span> <span class='ocrx_word' id='word_1_426' title='bbox 3558 2984 3701 3023; x_wconf 84' lang='lat' dir='ltr'><strong>mun-</strong></span> 
     </span>
    </p>
   </div>
   <div class='ocr_carea' id='block_1_60' title="bbox 2120 3060 3694 3132">
    <p class='ocr_par' dir='ltr' id='par_1_60' title="bbox 2120 3060 3694 3132">
     <span class='ocr_line' id='line_1_60' title="bbox 2120 3060 3694 3132; baseline -0.001 -15"><span class='ocrx_word' id='word_1_427' title='bbox 2120 3063 2272 3117; x_wconf 89' lang='lat' dir='ltr'><strong>dum.</strong></span> <span class='ocrx_word' id='word_1_428' title='bbox 2320 3061 2600 3117; x_wconf 87' lang='lat' dir='ltr'><strong>inimicam</strong></span> <span class='ocrx_word' id='word_1_429' title='bbox 2650 3076 2782 3132; x_wconf 90' lang='lat' dir='ltr'><strong>ergo</strong></span> <span class='ocrx_word' id='word_1_430' title='bbox 2830 3067 3078 3115; x_wconf 89' lang='lat' dir='ltr'><strong>nostram</strong></span> <span class='ocrx_word' id='word_1_431' title='bbox 3124 3075 3355 3115; x_wconf 90' lang='lat' dir='ltr'><strong>carnem</strong></span> <span class='ocrx_word' id='word_1_432' title='bbox 3407 3060 3598 3121; x_wconf 88' lang='lat' dir='ltr'><strong>induit,</strong></span> <span class='ocrx_word' id='word_1_433' title='bbox 3638 3068 3694 3115; x_wconf 89' lang='lat' dir='ltr'><strong>ut</strong></span> 
     </span>
    </p>
   </div>
   <div class='ocr_carea' id='block_1_61' title="bbox 506 3134 3693 3235">
    <p class='ocr_par' dir='ltr' id='par_1_61' title="bbox 506 3134 3693 3235">
     <span class='ocr_line' id='line_1_61' title="bbox 506 3134 3693 3235; baseline 0.006 -47"><span class='ocrx_word' id='word_1_434' title='bbox 506 3134 610 3201; x_wconf 86' lang='lat' dir='ltr'><strong>Qui</strong></span> <span class='ocrx_word' id='word_1_435' title='bbox 636 3137 781 3192; x_wconf 92' lang='lat' dir='ltr'><strong>enim</strong></span> <span class='ocrx_word' id='word_1_436' title='bbox 822 3138 877 3235; x_wconf 81' lang='lat' dir='ltr'><strong>in</strong></span> <span class='ocrx_word' id='word_1_437' title='bbox 909 3139 1094 3195; x_wconf 90' lang='lat' dir='ltr'><strong>animo</strong></span> <span class='ocrx_word' id='word_1_438' title='bbox 1153 3142 1440 3212; x_wconf 87' lang='lat' dir='ltr'><strong>patiuntur</strong></span> <span class='ocrx_word' id='word_1_439' title='bbox 1486 3147 1763 3217; x_wconf 90' lang='lat' dir='ltr'><strong>aquilonis</strong></span> <span class='ocrx_word' id='word_1_440' title='bbox 1810 3148 2022 3222; x_wconf 87' lang='lat' dir='ltr'><strong>frigidi-</strong></span> <span class='ocrx_word' id='word_1_441' title='bbox 2048 3179 2091 3235; x_wconf 66' lang='grc' dir='ltr'>ο</span> <span class='ocrx_word' id='word_1_442' title='bbox 2124 3172 2249 3212; x_wconf 91' lang='lat' dir='ltr'><strong>cum</strong></span> <span class='ocrx_word' id='word_1_443' title='bbox 2284 3169 2347 3210; x_wconf 89' lang='lat' dir='ltr'><strong>ea</strong></span> <span class='ocrx_word' id='word_1_444' title='bbox 2404 3161 2691 3224; x_wconf 83' lang='lat' dir='ltr'><strong>pugnaret,</strong></span> <span class='ocrx_word' id='word_1_445' title='bbox 2746 3160 2802 3206; x_wconf 91' lang='lat' dir='ltr'><strong>et</strong></span> <span class='ocrx_word' id='word_1_446' title='bbox 2827 3166 2950 3206; x_wconf 90' lang='lat' dir='ltr'><strong>eam</strong></span> <span class='ocrx_word' id='word_1_447' title='bbox 3001 3151 3408 3221; x_wconf 87' lang='lat' dir='ltr'><strong>comprimeret,</strong></span> <span class='ocrx_word' id='word_1_448' title='bbox 3440 3160 3496 3206; x_wconf 88' lang='lat' dir='ltr'><strong>et</strong></span> <span class='ocrx_word' id='word_1_449' title='bbox 3537 3151 3693 3206; x_wconf 79' lang='lat' dir='ltr'><strong>mini-</strong></span> 
     </span>
    </p>
   </div>
   <div class='ocr_carea' id='block_1_62' title="bbox 435 3232 2023 3311">
    <p class='ocr_par' dir='ltr' id='par_1_62' title="bbox 435 3232 2023 3311">
     <span class='ocr_line' id='line_1_62' title="bbox 435 3232 2023 3311; baseline 0.01 -28"><span class='ocrx_word' id='word_1_450' title='bbox 435 3236 625 3297; x_wconf 78' lang='lat' dir='ltr'><strong>tatem,</strong></span> <span class='ocrx_word' id='word_1_451' title='bbox 674 3232 917 3287; x_wconf 90' lang='lat' dir='ltr'><strong>membra</strong></span> <span class='ocrx_word' id='word_1_452' title='bbox 994 3243 1123 3289; x_wconf 87' lang='lat' dir='ltr'><strong>sunt</strong></span> <span class='ocrx_word' id='word_1_453' title='bbox 1182 3236 1403 3291; x_wconf 89' lang='lat' dir='ltr'><strong>diaboli.</strong></span> <span class='ocrx_word' id='word_1_454' title='bbox 1458 3238 1677 3305; x_wconf 90' lang='lat' dir='ltr'><strong>Quanto</strong></span> <span class='ocrx_word' id='word_1_455' title='bbox 1725 3243 1877 3311; x_wconf 72' lang='lat' dir='ltr'><strong>pejor</strong></span> <span class='ocrx_word' id='word_1_456' title='bbox 1938 3252 2023 3299; x_wconf 90' lang='lat' dir='ltr'><strong>est</strong></span> 
     </span>
    </p>
   </div>
   <div class='ocr_carea' id='block_1_63' title="bbox 439 3317 2020 3402">
    <p class='ocr_par' dir='ltr' id='par_1_63' title="bbox 439 3317 2020 3402">
     <span class='ocr_line' id='line_1_63' title="bbox 439 3317 2020 3402; baseline 0.011 -31"><span class='ocrx_word' id='word_1_457' title='bbox 439 3317 695 3374; x_wconf 88' lang='lat' dir='ltr'><strong>diabolus</strong></span> <span class='ocrx_word' id='word_1_458' title='bbox 726 3329 875 3377; x_wconf 91' lang='lat' dir='ltr'><strong>totus</strong></span> <span class='ocrx_word' id='word_1_459' title='bbox 906 3322 962 3376; x_wconf 91' lang='lat' dir='ltr'><strong>in</strong></span> <span class='ocrx_word' id='word_1_460' title='bbox 1012 3339 1245 3394; x_wconf 88' lang='lat' dir='ltr'><strong>corpore</strong></span> <span class='ocrx_word' id='word_1_461' title='bbox 1296 3341 1420 3393; x_wconf 89' lang='lat' dir='ltr'><strong>suo,</strong></span> <span class='ocrx_word' id='word_1_462' title='bbox 1470 3327 1524 3383; x_wconf 91' lang='lat' dir='ltr'><strong>id</strong></span> <span class='ocrx_word' id='word_1_463' title='bbox 1571 3339 1654 3385; x_wconf 85' lang='lat' dir='ltr'><strong>est</strong></span> <span class='ocrx_word' id='word_1_464' title='bbox 1714 3332 1769 3386; x_wconf 93' lang='lat' dir='ltr'><strong>in</strong></span> <span class='ocrx_word' id='word_1_465' title='bbox 1822 3333 2020 3402; x_wconf 88' lang='lat' dir='ltr'><strong>capite,</strong></span> 
     </span>
    </p>
   </div>
   <div class='ocr_carea' id='block_1_64' title="bbox 439 3417 2023 3489">
    <p class='ocr_par' dir='ltr' id='par_1_64' title="bbox 439 3417 2023 3489">
     <span class='ocr_line' id='line_1_64' title="bbox 439 3417 2023 3489; baseline 0.011 -25"><span class='ocrx_word' id='word_1_466' title='bbox 439 3426 604 3489; x_wconf 87' lang='lat' dir='ltr'><strong>quam</strong></span> <span class='ocrx_word' id='word_1_467' title='bbox 640 3430 808 3469; x_wconf 90' lang='lat' dir='ltr'><strong>unum</strong></span> <span class='ocrx_word' id='word_1_468' title='bbox 835 3417 1142 3471; x_wconf 87' lang='lat' dir='ltr'><strong>membrum</strong></span> <span class='ocrx_word' id='word_1_469' title='bbox 1173 3419 1327 3488; x_wconf 87' lang='lat' dir='ltr'><strong>ejus,</strong></span> <span class='ocrx_word' id='word_1_470' title='bbox 1363 3430 1517 3476; x_wconf 91' lang='lat' dir='ltr'><strong>tanto</strong></span> <span class='ocrx_word' id='word_1_471' title='bbox 1558 3424 1754 3481; x_wconf 91' lang='lat' dir='ltr'><strong>melius</strong></span> <span class='ocrx_word' id='word_1_472' title='bbox 1806 3426 2023 3482; x_wconf 88' lang='lat' dir='ltr'><strong>liberati</strong></span> 
     </span>
    </p>
   </div>
   <div class='ocr_carea' id='block_1_65' title="bbox 439 3500 2023 3581">
    <p class='ocr_par' dir='ltr' id='par_1_65' title="bbox 439 3500 2023 3581">
     <span class='ocr_line' id='line_1_65' title="bbox 439 3500 2023 3581; baseline 0.011 -23"><span class='ocrx_word' id='word_1_473' title='bbox 439 3517 634 3559; x_wconf 80' lang='lat' dir='ltr'><strong>sumus</strong></span> <span class='ocrx_word' id='word_1_474' title='bbox 685 3520 714 3558; x_wconf 90' lang='lat' dir='ltr'><strong>a</strong></span> <span class='ocrx_word' id='word_1_475' title='bbox 764 3506 966 3561; x_wconf 88' lang='lat' dir='ltr'><strong>diaboli</strong></span> <span class='ocrx_word' id='word_1_476' title='bbox 1001 3518 1288 3577; x_wconf 82' lang='lat' dir='ltr'><strong>potestate,</strong></span> <span class='ocrx_word' id='word_1_477' title='bbox 1324 3527 1488 3581; x_wconf 65' lang='lat' dir='ltr'><strong>quam</strong></span> <span class='ocrx_word' id='word_1_478' title='bbox 1526 3500 1707 3570; x_wconf 85' lang='lat' dir='ltr'><strong>essent</strong></span> <span class='ocrx_word' id='word_1_479' title='bbox 1734 3517 1828 3571; x_wconf 86' lang='lat' dir='ltr'><strong>lilii</strong></span> <span class='ocrx_word' id='word_1_480' title='bbox 1860 3517 2023 3576; x_wconf 89' lang='lat' dir='ltr'><strong>Israel</strong></span> 
     </span>
    </p>
   </div>
   <div class='ocr_carea' id='block_1_66' title="bbox 439 3594 2026 3672">
    <p class='ocr_par' dir='ltr' id='par_1_66' title="bbox 439 3594 2026 3672">
     <span class='ocr_line' id='line_1_66' title="bbox 439 3594 2026 3672; baseline 0.014 -28"><span class='ocrx_word' id='word_1_481' title='bbox 439 3606 470 3653; x_wconf 67' lang='grc' dir='ltr'><strong>β</strong></span> <span class='ocrx_word' id='word_1_482' title='bbox 502 3594 720 3661; x_wconf 78' lang='lat' dir='ltr'><strong>regibus</strong></span> <span class='ocrx_word' id='word_1_483' title='bbox 761 3595 1165 3654; x_wconf 59' lang='lat' dir='ltr'><strong>Chaldaeorum.</strong></span> <span class='ocrx_word' id='word_1_484' title='bbox 1205 3601 1277 3655; x_wconf 87' lang='lat' dir='ltr'><strong>De</strong></span> <span class='ocrx_word' id='word_1_485' title='bbox 1322 3603 1458 3672; x_wconf 90' lang='lat' dir='ltr'><strong>ipsis</strong></span> <span class='ocrx_word' id='word_1_486' title='bbox 1501 3607 1854 3665; x_wconf 70' lang='lat' dir='ltr'><strong>saecularibus</strong></span> <span class='ocrx_word' id='word_1_487' title='bbox 1911 3628 2026 3667; x_wconf 87' lang='lat' dir='ltr'><strong>me-</strong></span> 
     </span>
    </p>
   </div>
   <div class='ocr_carea' id='block_1_67' title="bbox 440 3683 2023 3761">
    <p class='ocr_par' dir='ltr' id='par_1_67' title="bbox 440 3683 2023 3761">
     <span class='ocr_line' id='line_1_67' title="bbox 440 3683 2023 3761; baseline 0.015 -28"><span class='ocrx_word' id='word_1_488' title='bbox 440 3693 621 3743; x_wconf 82' lang='lat' dir='ltr'><strong>morat</strong></span> <span class='ocrx_word' id='word_1_489' title='bbox 648 3683 999 3754; x_wconf 81' lang='lat' dir='ltr'><strong>Fvangelium</strong></span> <span class='ocrx_word' id='word_1_490' title='bbox 1029 3690 1173 3756; x_wconf 84' lang='lat' dir='ltr'><strong>quod</strong></span> <span class='ocrx_word' id='word_1_491' title='bbox 1234 3691 1287 3743; x_wconf 90' lang='lat' dir='ltr'><strong>in</strong></span> <span class='ocrx_word' id='word_1_492' title='bbox 1315 3703 1520 3761; x_wconf 88' lang='lat' dir='ltr'><strong>quanta</strong></span> <span class='ocrx_word' id='word_1_493' title='bbox 1550 3708 1848 3753; x_wconf 80' lang='lat' dir='ltr'><strong>memorata</strong></span> <span class='ocrx_word' id='word_1_494' title='bbox 1889 3702 2023 3758; x_wconf 87' lang='lat' dir='ltr'><strong>heb-</strong></span> 
     </span>
    </p>
   </div>
   <div class='ocr_carea' id='block_1_68' title="bbox 439 3773 2023 3856">
    <p class='ocr_par' dir='ltr' id='par_1_68' title="bbox 439 3773 2023 3856">
     <span class='ocr_line' id='line_1_68' title="bbox 439 3773 2023 3856; baseline 0.015 -28"><span class='ocrx_word' id='word_1_495' title='bbox 439 3773 672 3828; x_wconf 85' lang='lat' dir='ltr'><strong>domada</strong></span> <span class='ocrx_word' id='word_1_496' title='bbox 703 3776 921 3844; x_wconf 12' lang='lat' dir='ltr'><strong>lingitnr.</strong></span> <span class='ocrx_word' id='word_1_497' title='bbox 947 3777 1145 3834; x_wconf 85' lang='lat' dir='ltr'><strong>Narrat</strong></span> <span class='ocrx_word' id='word_1_498' title='bbox 1172 3782 1315 3836; x_wconf 90' lang='lat' dir='ltr'><strong>enim</strong></span> <span class='ocrx_word' id='word_1_499' title='bbox 1360 3786 1603 3856; x_wconf 86' lang='lat' dir='ltr'><strong>quinque</strong></span> <span class='ocrx_word' id='word_1_500' title='bbox 1646 3791 1812 3847; x_wconf 89' lang='lat' dir='ltr'><strong>millia</strong></span> <span class='ocrx_word' id='word_1_501' title='bbox 1844 3794 2023 3850; x_wconf 85' lang='lat' dir='ltr'><strong>homi-</strong></span> 
     </span>
    </p>
   </div>
   <div class='ocr_carea' id='block_1_69' title="bbox 441 3863 2022 3959">
    <p class='ocr_par' dir='ltr' id='par_1_69' title="bbox 441 3863 2022 3959">
     <span class='ocr_line' id='line_1_69' title="bbox 441 3863 2022 3959; baseline 0.015 -40"><span class='ocrx_word' id='word_1_502' title='bbox 441 3880 570 3919; x_wconf 91' lang='lat' dir='ltr'><strong>num</strong></span> <span class='ocrx_word' id='word_1_503' title='bbox 597 3863 885 3921; x_wconf 89' lang='lat' dir='ltr'><strong>Dominnm</strong></span> <span class='ocrx_word' id='word_1_504' title='bbox 912 3870 1123 3937; x_wconf 84' lang='lat' dir='ltr'><strong>pavisse</strong></span> <span class='ocrx_word' id='word_1_505' title='bbox 1136 3885 1200 3926; x_wconf 81' lang='lat' dir='ltr'><strong>ex</strong></span> <span class='ocrx_word' id='word_1_506' title='bbox 1220 3878 1461 3943; x_wconf 80' lang='lat' dir='ltr'><strong>quinque</strong></span> <span class='ocrx_word' id='word_1_507' title='bbox 1484 3881 1714 3946; x_wconf 85' lang='lat' dir='ltr'><strong>panibus</strong></span> <span class='ocrx_word' id='word_1_508' title='bbox 1730 3882 1883 3949; x_wconf 84' lang='lat' dir='ltr'><strong>(Luc.</strong></span> <span class='ocrx_word' id='word_1_509' title='bbox 1903 3894 2022 3959; x_wconf 82' lang='lat' dir='ltr'><strong>vn).</strong></span> 
     </span>
    </p>
   </div>
   <div class='ocr_carea' id='block_1_70' title="bbox 440 3952 2023 4041">
    <p class='ocr_par' dir='ltr' id='par_1_70' title="bbox 440 3952 2023 4041">
     <span class='ocr_line' id='line_1_70' title="bbox 440 3952 2023 4041; baseline 0.018 -37"><span class='ocrx_word' id='word_1_510' title='bbox 440 3952 595 4019; x_wconf 79' lang='lat' dir='ltr'><strong>Quod</strong></span> <span class='ocrx_word' id='word_1_511' title='bbox 638 3955 710 4009; x_wconf 91' lang='lat' dir='ltr'><strong>ita</strong></span> <span class='ocrx_word' id='word_1_512' title='bbox 746 3955 886 4011; x_wconf 82' lang='lat' dir='ltr'><strong>Beda</strong></span> <span class='ocrx_word' id='word_1_513' title='bbox 915 3961 1136 4028; x_wconf 81' lang='lat' dir='ltr'><strong>exponit</strong></span> <span class='ocrx_word' id='word_1_514' title='bbox 1166 3963 1219 4015; x_wconf 89' lang='lat' dir='ltr'><strong>in</strong></span> <span class='ocrx_word' id='word_1_515' title='bbox 1247 3967 1530 4036; x_wconf 83' lang='lat' dir='ltr'><strong>evangelio</strong></span> <span class='ocrx_word' id='word_1_516' title='bbox 1571 3986 1733 4041; x_wconf 83' lang='lat' dir='ltr'><strong>super</strong></span> <span class='ocrx_word' id='word_1_517' title='bbox 1777 3952 2023 4033; x_wconf 82' lang='lat' dir='ltr'><strong>Lucam:</strong></span> 
     </span>
    </p>
   </div>
   <div class='ocr_carea' id='block_1_71' title="bbox 442 4042 2027 4139">
    <p class='ocr_par' dir='ltr' id='par_1_71' title="bbox 442 4042 2027 4139">
     <span class='ocr_line' id='line_1_71' title="bbox 442 4042 2027 4139; baseline 0.018 -43"><span class='ocrx_word' id='word_1_518' title='bbox 442 4042 612 4100; x_wconf 81' lang='lat' dir='ltr'><strong>Erant</strong></span> <span class='ocrx_word' id='word_1_519' title='bbox 677 4058 860 4103; x_wconf 85' lang='lat' dir='ltr'><strong>autem</strong></span> <span class='ocrx_word' id='word_1_520' title='bbox 944 4050 1056 4107; x_wconf 87' lang='lat' dir='ltr'><strong>fere</strong></span> <span class='ocrx_word' id='word_1_521' title='bbox 1139 4054 1262 4119; x_wconf 86' lang='lat' dir='ltr'><strong>viri,</strong></span> <span class='ocrx_word' id='word_1_522' title='bbox 1333 4059 1576 4129; x_wconf 82' lang='lat' dir='ltr'><strong>quinque</strong></span> <span class='ocrx_word' id='word_1_523' title='bbox 1626 4065 1815 4131; x_wconf 85' lang='lat' dir='ltr'><strong>millia,</strong></span> <span class='ocrx_word' id='word_1_524' title='bbox 1899 4071 2027 4139; x_wconf 86' lang='lat' dir='ltr'><strong>quia</strong></span> 
     </span>
    </p>
   </div>
   <div class='ocr_carea' id='block_1_72' title="bbox 443 4149 2028 4227">
    <p class='ocr_par' dir='ltr' id='par_1_72' title="bbox 443 4149 2028 4227">
     <span class='ocr_line' id='line_1_72' title="bbox 443 4149 2028 4227; baseline 0.019 -38"><span class='ocrx_word' id='word_1_525' title='bbox 443 4155 687 4209; x_wconf 84' lang='lat' dir='ltr'><strong>qumque</strong></span> <span class='ocrx_word' id='word_1_526' title='bbox 712 4153 839 4197; x_wconf 91' lang='lat' dir='ltr'><strong>sunt</strong></span> <span class='ocrx_word' id='word_1_527' title='bbox 864 4149 1164 4201; x_wconf 84' lang='lat' dir='ltr'><strong>exteriores</strong></span> <span class='ocrx_word' id='word_1_528' title='bbox 1190 4149 1426 4206; x_wconf 87' lang='lat' dir='ltr'><strong>hominis</strong></span> <span class='ocrx_word' id='word_1_529' title='bbox 1453 4168 1683 4222; x_wconf 85' lang='lat' dir='ltr'><strong>sensus;</strong></span> <span class='ocrx_word' id='word_1_530' title='bbox 1709 4159 1800 4227; x_wconf 89' lang='lat' dir='ltr'><strong>qui</strong></span> <span class='ocrx_word' id='word_1_531' title='bbox 1832 4176 2028 4219; x_wconf 87' lang='lat' dir='ltr'><strong>sensus</strong></span> 
     </span>
    </p>
   </div>
   <div class='ocr_carea' id='block_1_73' title="bbox 442 4233 2030 4311">
    <p class='ocr_par' dir='ltr' id='par_1_73' title="bbox 442 4233 2030 4311">
     <span class='ocr_line' id='line_1_73' title="bbox 442 4233 2030 4311; baseline 0.017 -29"><span class='ocrx_word' id='word_1_532' title='bbox 442 4241 588 4283; x_wconf 77' lang='lat' dir='ltr'><strong>recte</strong></span> <span class='ocrx_word' id='word_1_533' title='bbox 620 4233 719 4285; x_wconf 83' lang='lat' dir='ltr'><strong>viri</strong></span> <span class='ocrx_word' id='word_1_534' title='bbox 773 4236 1050 4304; x_wconf 85' lang='lat' dir='ltr'><strong>dicuntur,</strong></span> <span class='ocrx_word' id='word_1_535' title='bbox 1085 4243 1213 4311; x_wconf 89' lang='lat' dir='ltr'><strong>quia</strong></span> <span class='ocrx_word' id='word_1_536' title='bbox 1247 4244 1577 4302; x_wconf 89' lang='lat' dir='ltr'><strong>fortissimos</strong></span> <span class='ocrx_word' id='word_1_537' title='bbox 1626 4248 1810 4306; x_wconf 87' lang='lat' dir='ltr'><strong>hostes</strong></span> <span class='ocrx_word' id='word_1_538' title='bbox 1834 4254 2030 4310; x_wconf 75' lang='lat' dir='ltr'><strong>animae</strong></span> 
     </span>
    </p>
   </div>
   <div class='ocr_carea' id='block_1_74' title="bbox 446 4325 2030 4409">
    <p class='ocr_par' dir='ltr' id='par_1_74' title="bbox 446 4325 2030 4409">
     <span class='ocr_line' id='line_1_74' title="bbox 446 4325 2030 4409; baseline 0.016 -34"><span class='ocrx_word' id='word_1_539' title='bbox 446 4330 646 4376; x_wconf 75' lang='lat' dir='ltr'><strong>nostra:</strong></span> <span class='ocrx_word' id='word_1_540' title='bbox 699 4325 751 4379; x_wconf 91' lang='lat' dir='ltr'><strong>in</strong></span> <span class='ocrx_word' id='word_1_541' title='bbox 787 4327 869 4383; x_wconf 91' lang='lat' dir='ltr'><strong>eis</strong></span> <span class='ocrx_word' id='word_1_542' title='bbox 912 4330 1197 4389; x_wconf 88' lang='lat' dir='ltr'><strong>habemus.</strong></span> <span class='ocrx_word' id='word_1_543' title='bbox 1229 4334 1445 4391; x_wconf 86' lang='lat' dir='ltr'><strong>Etcum</strong></span> <span class='ocrx_word' id='word_1_544' title='bbox 1492 4350 1638 4395; x_wconf 88' lang='lat' dir='ltr'><strong>esset</strong></span> <span class='ocrx_word' id='word_1_545' title='bbox 1676 4343 1892 4409; x_wconf 87' lang='lat' dir='ltr'><strong>ancilla,</strong></span> <span class='ocrx_word' id='word_1_546' title='bbox 1928 4346 2030 4401; x_wconf 85' lang='lat' dir='ltr'><strong>do-</strong></span> 
     </span>
    </p>
   </div>
   <div class='ocr_carea' id='block_1_75' title="bbox 446 4413 2031 4501">
    <p class='ocr_par' dir='ltr' id='par_1_75' title="bbox 446 4413 2031 4501">
     <span class='ocr_line' id='line_1_75' title="bbox 446 4413 2031 4501; baseline 0.016 -33"><span class='ocrx_word' id='word_1_547' title='bbox 446 4413 650 4468; x_wconf 82' lang='lat' dir='ltr'><strong>minam</strong></span> <span class='ocrx_word' id='word_1_548' title='bbox 684 4418 784 4472; x_wconf 87' lang='lat' dir='ltr'><strong>sibi</strong></span> <span class='ocrx_word' id='word_1_549' title='bbox 809 4422 1009 4477; x_wconf 86' lang='lat' dir='ltr'><strong>servire</strong></span> <span class='ocrx_word' id='word_1_550' title='bbox 1028 4428 1204 4497; x_wconf 81' lang='lat' dir='ltr'><strong>coegit</strong></span> <span class='ocrx_word' id='word_1_551' title='bbox 1225 4427 1375 4497; x_wconf 84' lang='lat' dir='ltr'><strong>(Cen.</strong></span> <span class='ocrx_word' id='word_1_552' title='bbox 1393 4432 1525 4501; x_wconf 78' lang='lat' dir='ltr'><strong>xvi).</strong></span> <span class='ocrx_word' id='word_1_553' title='bbox 1556 4431 1688 4499; x_wconf 74' lang='lat' dir='ltr'><strong>Qua:</strong></span> <span class='ocrx_word' id='word_1_554' title='bbox 1710 4446 1890 4490; x_wconf 77' lang='lat' dir='ltr'><strong>autem</strong></span> <span class='ocrx_word' id='word_1_555' title='bbox 1915 4448 2031 4493; x_wconf 89' lang='lat' dir='ltr'><strong>erat</strong></span> 
     </span>
    </p>
   </div>
   <div class='ocr_carea' id='block_1_76' title="bbox 2124 3244 3702 3315">
    <p class='ocr_par' dir='ltr' id='par_1_76' title="bbox 2124 3244 3702 3315">
     <span class='ocr_line' id='line_1_76' title="bbox 2124 3244 3702 3315; baseline -0.005 -8"><span class='ocrx_word' id='word_1_556' title='bbox 2124 3260 2267 3307; x_wconf 89' lang='lat' dir='ltr'><strong>stros</strong></span> <span class='ocrx_word' id='word_1_557' title='bbox 2320 3262 2451 3303; x_wconf 91' lang='lat' dir='ltr'><strong>suos</strong></span> <span class='ocrx_word' id='word_1_558' title='bbox 2490 3246 2817 3309; x_wconf 86' lang='lat' dir='ltr'><strong>debilitaret,</strong></span> <span class='ocrx_word' id='word_1_559' title='bbox 2861 3253 2923 3299; x_wconf 91' lang='lat' dir='ltr'><strong>ut</strong></span> <span class='ocrx_word' id='word_1_560' title='bbox 2952 3244 3215 3315; x_wconf 89' lang='lat' dir='ltr'><strong>deinceps</strong></span> <span class='ocrx_word' id='word_1_561' title='bbox 3246 3259 3357 3299; x_wconf 88' lang='lat' dir='ltr'><strong>non</strong></span> <span class='ocrx_word' id='word_1_562' title='bbox 3394 3252 3618 3315; x_wconf 83' lang='lat' dir='ltr'><strong>possent</strong></span> <span class='ocrx_word' id='word_1_563' title='bbox 3651 3244 3702 3299; x_wconf 88' lang='lat' dir='ltr'><strong>ei</strong></span> 
     </span>
    </p>
   </div>
   <div class='ocr_carea' id='block_1_77' title="bbox 2125 3335 3695 3408">
    <p class='ocr_par' dir='ltr' id='par_1_77' title="bbox 2125 3335 3695 3408">
     <span class='ocr_line' id='line_1_77' title="bbox 2125 3335 3695 3408; baseline -0.004 -13"><span class='ocrx_word' id='word_1_564' title='bbox 2125 3339 2404 3405; x_wconf 87' lang='lat' dir='ltr'><strong>resistere,</strong></span> <span class='ocrx_word' id='word_1_565' title='bbox 2466 3346 2522 3391; x_wconf 89' lang='lat' dir='ltr'><strong>et</strong></span> <span class='ocrx_word' id='word_1_566' title='bbox 2565 3338 2790 3392; x_wconf 90' lang='lat' dir='ltr'><strong>domina</strong></span> <span class='ocrx_word' id='word_1_567' title='bbox 2842 3335 3105 3391; x_wconf 79' lang='lat' dir='ltr'><strong>famulam</strong></span> <span class='ocrx_word' id='word_1_568' title='bbox 3157 3352 3318 3392; x_wconf 89' lang='lat' dir='ltr'><strong>suam</strong></span> <span class='ocrx_word' id='word_1_569' title='bbox 3357 3337 3695 3408; x_wconf 85' lang='lat' dir='ltr'><strong>gubernaret.</strong></span> 
     </span>
    </p>
   </div>
   <div class='ocr_carea' id='block_1_78' title="bbox 2125 3426 3700 3500">
    <p class='ocr_par' dir='ltr' id='par_1_78' title="bbox 2125 3426 3700 3500">
     <span class='ocr_line' id='line_1_78' title="bbox 2125 3426 3700 3500; baseline -0.002 -17"><span class='ocrx_word' id='word_1_570' title='bbox 2125 3428 2301 3500; x_wconf 87' lang='lat' dir='ltr'><strong>Elegit</strong></span> <span class='ocrx_word' id='word_1_571' title='bbox 2343 3428 2526 3497; x_wconf 88' lang='lat' dir='ltr'><strong>itaque</strong></span> <span class='ocrx_word' id='word_1_572' title='bbox 2574 3435 2972 3498; x_wconf 88' lang='lat' dir='ltr'><strong>competentem</strong></span> <span class='ocrx_word' id='word_1_573' title='bbox 3005 3441 3250 3497; x_wconf 60' lang='lat' dir='ltr'><strong>prunam,</strong></span> <span class='ocrx_word' id='word_1_574' title='bbox 3293 3427 3353 3480; x_wconf 88' lang='lat' dir='ltr'><strong>in</strong></span> <span class='ocrx_word' id='word_1_575' title='bbox 3402 3441 3614 3481; x_wconf 88' lang='lat' dir='ltr'><strong>crucem</strong></span> <span class='ocrx_word' id='word_1_576' title='bbox 3648 3426 3700 3480; x_wconf 90' lang='lat' dir='ltr'><strong>in</strong></span> 
     </span>
    </p>
   </div>
   <div class='ocr_carea' id='block_1_79' title="bbox 2125 3515 3704 3591">
    <p class='ocr_par' dir='ltr' id='par_1_79' title="bbox 2125 3515 3704 3591">
     <span class='ocr_line' id='line_1_79' title="bbox 2125 3515 3704 3591; baseline -0.003 -18"><span class='ocrx_word' id='word_1_577' title='bbox 2125 3536 2232 3591; x_wconf 91' lang='lat' dir='ltr'><strong>qua</strong></span> <span class='ocrx_word' id='word_1_578' title='bbox 2266 3520 2481 3574; x_wconf 90' lang='lat' dir='ltr'><strong>hostem</strong></span> <span class='ocrx_word' id='word_1_579' title='bbox 2504 3529 2754 3573; x_wconf 88' lang='lat' dir='ltr'><strong>nostrum</strong></span> <span class='ocrx_word' id='word_1_580' title='bbox 2786 3518 3131 3589; x_wconf 82' lang='lat' dir='ltr'><strong>cruciﬁgeret</strong></span> <span class='ocrx_word' id='word_1_581' title='bbox 3177 3524 3233 3572; x_wconf 89' lang='lat' dir='ltr'><strong>et</strong></span> <span class='ocrx_word' id='word_1_582' title='bbox 3259 3532 3466 3572; x_wconf 85' lang='lat' dir='ltr'><strong>sensus</strong></span> <span class='ocrx_word' id='word_1_583' title='bbox 3497 3515 3704 3586; x_wconf 87' lang='lat' dir='ltr'><strong>puniret</strong></span> 
     </span>
    </p>
   </div>
   <div class='ocr_carea' id='block_1_80' title="bbox 2128 3609 3704 3680">
    <p class='ocr_par' dir='ltr' id='par_1_80' title="bbox 2128 3609 3704 3680">
     <span class='ocr_line' id='line_1_80' title="bbox 2128 3609 3704 3680; baseline -0.003 -13"><span class='ocrx_word' id='word_1_584' title='bbox 2128 3623 2372 3668; x_wconf 88' lang='lat' dir='ltr'><strong>nostros.</strong></span> <span class='ocrx_word' id='word_1_585' title='bbox 2417 3609 2571 3667; x_wconf 91' lang='lat' dir='ltr'><strong>Oculi</strong></span> <span class='ocrx_word' id='word_1_586' title='bbox 2619 3610 3017 3680; x_wconf 89' lang='lat' dir='ltr'><strong>turpitudinem</strong></span> <span class='ocrx_word' id='word_1_587' title='bbox 3064 3624 3245 3680; x_wconf 65' lang='lat' dir='ltr'><strong>paena:</strong></span> <span class='ocrx_word' id='word_1_588' title='bbox 3290 3622 3349 3664; x_wconf 90' lang='lat' dir='ltr'><strong>et</strong></span> <span class='ocrx_word' id='word_1_589' title='bbox 3393 3610 3704 3664; x_wconf 80' lang='lat' dir='ltr'><strong>insultantes</strong></span> 
     </span>
    </p>
   </div>
   <div class='ocr_carea' id='block_1_81' title="bbox 2123 3705 3708 3772">
    <p class='ocr_par' dir='ltr' id='par_1_81' title="bbox 2123 3705 3708 3772">
     <span class='ocr_line' id='line_1_81' title="bbox 2123 3705 3708 3772; baseline -0.003 -11"><span class='ocrx_word' id='word_1_590' title='bbox 2123 3707 2399 3771; x_wconf 87' lang='lat' dir='ltr'><strong>viderunt,</strong></span> <span class='ocrx_word' id='word_1_591' title='bbox 2430 3714 2484 3760; x_wconf 92' lang='lat' dir='ltr'><strong>et</strong></span> <span class='ocrx_word' id='word_1_592' title='bbox 2502 3705 2756 3760; x_wconf 88' lang='lat' dir='ltr'><strong>tenebras</strong></span> <span class='ocrx_word' id='word_1_593' title='bbox 2779 3705 3297 3766; x_wconf 87' lang='lat' dir='ltr'><strong>mortissenserunt.</strong></span> <span class='ocrx_word' id='word_1_594' title='bbox 3323 3718 3493 3759; x_wconf 86' lang='lat' dir='ltr'><strong>aures</strong></span> <span class='ocrx_word' id='word_1_595' title='bbox 3520 3716 3708 3772; x_wconf 77' lang='lat' dir='ltr'><strong>oppro-</strong></span> 
     </span>
    </p>
   </div>
   <div class='ocr_carea' id='block_1_82' title="bbox 2125 3793 3701 3867">
    <p class='ocr_par' dir='ltr' id='par_1_82' title="bbox 2125 3793 3701 3867">
     <span class='ocr_line' id='line_1_82' title="bbox 2125 3793 3701 3867; baseline -0.005 -14"><span class='ocrx_word' id='word_1_596' title='bbox 2125 3799 2243 3854; x_wconf 90' lang='lat' dir='ltr'><strong>bria</strong></span> <span class='ocrx_word' id='word_1_597' title='bbox 2271 3797 2585 3867; x_wconf 89' lang='lat' dir='ltr'><strong>turpissima</strong></span> <span class='ocrx_word' id='word_1_598' title='bbox 2611 3797 2999 3864; x_wconf 84' lang='lat' dir='ltr'><strong>audierunt,os</strong></span> <span class='ocrx_word' id='word_1_599' title='bbox 3022 3797 3117 3851; x_wconf 89' lang='lat' dir='ltr'><strong>ait:</strong></span> <span class='ocrx_word' id='word_1_600' title='bbox 3143 3793 3523 3865; x_wconf 57' lang='lat' dir='ltr'><strong>«Sitio-{10am</strong></span> <span class='ocrx_word' id='word_1_601' title='bbox 3542 3795 3701 3855; x_wconf 62' lang='lat' dir='ltr'><strong>xm,»</strong></span> 
     </span>
    </p>
   </div>
   <div class='ocr_carea' id='block_1_83' title="bbox 2127 3887 3707 3959">
    <p class='ocr_par' dir='ltr' id='par_1_83' title="bbox 2127 3887 3707 3959">
     <span class='ocr_line' id='line_1_83' title="bbox 2127 3887 3707 3959; baseline -0.004 -14"><span class='ocrx_word' id='word_1_602' title='bbox 2127 3899 2180 3945; x_wconf 92' lang='lat' dir='ltr'><strong>et</strong></span> <span class='ocrx_word' id='word_1_603' title='bbox 2227 3889 2365 3947; x_wconf 86' lang='lat' dir='ltr'><strong>fellis</strong></span> <span class='ocrx_word' id='word_1_604' title='bbox 2415 3899 2469 3944; x_wconf 90' lang='lat' dir='ltr'><strong>et</strong></span> <span class='ocrx_word' id='word_1_605' title='bbox 2515 3889 2652 3944; x_wconf 90' lang='lat' dir='ltr'><strong>aceti</strong></span> <span class='ocrx_word' id='word_1_606' title='bbox 2702 3888 3125 3943; x_wconf 90' lang='lat' dir='ltr'><strong>amaritudinem</strong></span> <span class='ocrx_word' id='word_1_607' title='bbox 3187 3887 3475 3959; x_wconf 90' lang='lat' dir='ltr'><strong>gustavit;</strong></span> <span class='ocrx_word' id='word_1_608' title='bbox 3522 3898 3707 3939; x_wconf 86' lang='lat' dir='ltr'><strong>manus</strong></span> 
     </span>
    </p>
   </div>
   <div class='ocr_carea' id='block_1_84' title="bbox 2127 3978 3703 4050">
    <p class='ocr_par' dir='ltr' id='par_1_84' title="bbox 2127 3978 3703 4050">
     <span class='ocr_line' id='line_1_84' title="bbox 2127 3978 3703 4050; baseline -0.006 -13"><span class='ocrx_word' id='word_1_609' title='bbox 2127 3981 2403 4037; x_wconf 61' lang='lat' dir='ltr'><strong>cruciﬁxae</strong></span> <span class='ocrx_word' id='word_1_610' title='bbox 2423 3990 2582 4046; x_wconf 86' lang='lat' dir='ltr'><strong>sunt,</strong></span> <span class='ocrx_word' id='word_1_611' title='bbox 2613 3988 2795 4035; x_wconf 90' lang='lat' dir='ltr'><strong>ettota</strong></span> <span class='ocrx_word' id='word_1_612' title='bbox 2820 3995 2951 4034; x_wconf 88' lang='lat' dir='ltr'><strong>caro</strong></span> <span class='ocrx_word' id='word_1_613' title='bbox 2980 3978 3056 4033; x_wconf 90' lang='lat' dir='ltr'><strong>ibi</strong></span> <span class='ocrx_word' id='word_1_614' title='bbox 3083 3993 3345 4050; x_wconf 88' lang='lat' dir='ltr'><strong>perpessa</strong></span> <span class='ocrx_word' id='word_1_615' title='bbox 3374 3985 3480 4043; x_wconf 88' lang='lat' dir='ltr'><strong>est,</strong></span> <span class='ocrx_word' id='word_1_616' title='bbox 3514 3987 3572 4031; x_wconf 90' lang='lat' dir='ltr'><strong>ut</strong></span> <span class='ocrx_word' id='word_1_617' title='bbox 3599 3983 3703 4029; x_wconf 91' lang='lat' dir='ltr'><strong>tota</strong></span> 
     </span>
    </p>
   </div>
   <div class='ocr_carea' id='block_1_85' title="bbox 2129 4068 3705 4142">
    <p class='ocr_par' dir='ltr' id='par_1_85' title="bbox 2129 4068 3705 4142">
     <span class='ocr_line' id='line_1_85' title="bbox 2129 4068 3705 4142; baseline -0.003 -15"><span class='ocrx_word' id='word_1_618' title='bbox 2129 4074 2287 4128; x_wconf 90' lang='lat' dir='ltr'><strong>nobis</strong></span> <span class='ocrx_word' id='word_1_619' title='bbox 2315 4073 2613 4142; x_wconf 88' lang='lat' dir='ltr'><strong>subjaceat,</strong></span> <span class='ocrx_word' id='word_1_620' title='bbox 2652 4082 2705 4127; x_wconf 93' lang='lat' dir='ltr'><strong>et</strong></span> <span class='ocrx_word' id='word_1_621' title='bbox 2756 4072 2991 4142; x_wconf 89' lang='lat' dir='ltr'><strong>amplius</strong></span> <span class='ocrx_word' id='word_1_622' title='bbox 3042 4072 3243 4126; x_wconf 72' lang='lat' dir='ltr'><strong>anima:</strong></span> <span class='ocrx_word' id='word_1_623' title='bbox 3292 4071 3532 4127; x_wconf 87' lang='lat' dir='ltr'><strong>obediat.</strong></span> <span class='ocrx_word' id='word_1_624' title='bbox 3574 4068 3705 4123; x_wconf 82' lang='lat' dir='ltr'><strong>Ecce</strong></span> 
     </span>
    </p>
   </div>
   <div class='ocr_carea' id='block_1_86' title="bbox 2128 4162 3704 4234">
    <p class='ocr_par' dir='ltr' id='par_1_86' title="bbox 2128 4162 3704 4234">
     <span class='ocr_line' id='line_1_86' title="bbox 2128 4162 3704 4234; baseline -0.003 -15"><span class='ocrx_word' id='word_1_625' title='bbox 2128 4166 2272 4219; x_wconf 93' lang='lat' dir='ltr'><strong>enim</strong></span> <span class='ocrx_word' id='word_1_626' title='bbox 2332 4166 2580 4233; x_wconf 83' lang='lat' dir='ltr'><strong>subjacet</strong></span> <span class='ocrx_word' id='word_1_627' title='bbox 2635 4164 2804 4229; x_wconf 87' lang='lat' dir='ltr'><strong>victa,</strong></span> <span class='ocrx_word' id='word_1_628' title='bbox 2850 4180 2978 4219; x_wconf 90' lang='lat' dir='ltr'><strong>ecce</strong></span> <span class='ocrx_word' id='word_1_629' title='bbox 3029 4163 3226 4217; x_wconf 86' lang='lat' dir='ltr'><strong>ancilla</strong></span> <span class='ocrx_word' id='word_1_630' title='bbox 3283 4162 3558 4234; x_wconf 78' lang='lat' dir='ltr'><strong>flagellata</strong></span> <span class='ocrx_word' id='word_1_631' title='bbox 3606 4168 3704 4215; x_wconf 85' lang='lat' dir='ltr'><strong>est.</strong></span> 
     </span>
    </p>
   </div>
   <div class='ocr_carea' id='block_1_87' title="bbox 2128 4247 3714 4327">
    <p class='ocr_par' dir='ltr' id='par_1_87' title="bbox 2128 4247 3714 4327">
     <span class='ocr_line' id='line_1_87' title="bbox 2128 4247 3714 4327; baseline -0.001 -16"><span class='ocrx_word' id='word_1_632' title='bbox 2128 4257 2259 4311; x_wconf 80' lang='lat' dir='ltr'><strong>lude</strong></span> <span class='ocrx_word' id='word_1_633' title='bbox 2296 4257 2545 4327; x_wconf 83' lang='lat' dir='ltr'><strong>estquod</strong></span> <span class='ocrx_word' id='word_1_634' title='bbox 2590 4257 2833 4327; x_wconf 83' lang='lat' dir='ltr'><strong>quinque</strong></span> <span class='ocrx_word' id='word_1_635' title='bbox 2889 4257 3058 4311; x_wconf 85' lang='lat' dir='ltr'><strong>millia</strong></span> <span class='ocrx_word' id='word_1_636' title='bbox 3084 4247 3188 4310; x_wconf 84' lang='lat' dir='ltr'><strong>viri</strong></span> <span class='ocrx_word' id='word_1_637' title='bbox 3234 4255 3533 4310; x_wconf 89' lang='lat' dir='ltr'><strong>Dominum</strong></span> <span class='ocrx_word' id='word_1_638' title='bbox 3590 4260 3714 4310; x_wconf 79' lang='lat' dir='ltr'><strong>sunt</strong></span> 
     </span>
    </p>
   </div>
   <div class='ocr_carea' id='block_1_88' title="bbox 2130 4345 3708 4420">
    <p class='ocr_par' dir='ltr' id='par_1_88' title="bbox 2130 4345 3708 4420">
     <span class='ocr_line' id='line_1_88' title="bbox 2130 4345 3708 4420; baseline -0.004 -14"><span class='ocrx_word' id='word_1_639' title='bbox 2130 4351 2325 4412; x_wconf 83' lang='lat' dir='ltr'><strong>secuti,</strong></span> <span class='ocrx_word' id='word_1_640' title='bbox 2376 4351 2504 4420; x_wconf 91' lang='lat' dir='ltr'><strong>quia</strong></span> <span class='ocrx_word' id='word_1_641' title='bbox 2554 4349 2628 4403; x_wconf 90' lang='lat' dir='ltr'><strong>illi</strong></span> <span class='ocrx_word' id='word_1_642' title='bbox 2652 4350 2833 4405; x_wconf 88' lang='lat' dir='ltr'><strong>adhuc</strong></span> <span class='ocrx_word' id='word_1_643' title='bbox 2888 4349 2942 4403; x_wconf 90' lang='lat' dir='ltr'><strong>in</strong></span> <span class='ocrx_word' id='word_1_644' title='bbox 2987 4349 3238 4404; x_wconf 66' lang='lat' dir='ltr'><strong>saeculari</strong></span> <span class='ocrx_word' id='word_1_645' title='bbox 3301 4348 3494 4402; x_wconf 89' lang='lat' dir='ltr'><strong>habitu</strong></span> <span class='ocrx_word' id='word_1_646' title='bbox 3554 4345 3708 4416; x_wconf 87' lang='lat' dir='ltr'><strong>positi</strong></span> 
     </span>
    </p>
   </div>
   <div class='ocr_carea' id='block_1_89' title="bbox 2130 4436 3710 4508">
    <p class='ocr_par' dir='ltr' id='par_1_89' title="bbox 2130 4436 3710 4508">
     <span class='ocr_line' id='line_1_89' title="bbox 2130 4436 3710 4508; baseline -0.005 -12"><span class='ocrx_word' id='word_1_647' title='bbox 2130 4441 2267 4496; x_wconf 88' lang='lat' dir='ltr'><strong>bene</strong></span> <span class='ocrx_word' id='word_1_648' title='bbox 2321 4450 2642 4495; x_wconf 88' lang='lat' dir='ltr'><strong>meruerunt</strong></span> <span class='ocrx_word' id='word_1_649' title='bbox 2694 4441 2771 4495; x_wconf 92' lang='lat' dir='ltr'><strong>uti</strong></span> <span class='ocrx_word' id='word_1_650' title='bbox 2831 4440 3233 4504; x_wconf 77' lang='lat' dir='ltr'><strong>exterioribus,</strong></span> <span class='ocrx_word' id='word_1_651' title='bbox 3282 4454 3408 4508; x_wconf 72' lang='lat' dir='ltr'><strong>qua:</strong></span> <span class='ocrx_word' id='word_1_652' title='bbox 3440 4436 3710 4508; x_wconf 85' lang='lat' dir='ltr'><strong>possident</strong></span> 
     </span>
    </p>
   </div>
   <div class='ocr_carea' id='block_1_90' title="bbox 447 4503 3710 4603">
    <p class='ocr_par' dir='ltr' id='par_1_90' title="bbox 447 4503 3710 4603">
     <span class='ocr_line' id='line_1_90' title="bbox 447 4503 3710 4603; baseline 0.007 -44"><span class='ocrx_word' id='word_1_653' title='bbox 447 4503 563 4603; x_wconf 67' lang='lat' dir='ltr'><strong>haec</strong></span> <span class='ocrx_word' id='word_1_654' title='bbox 584 4509 778 4564; x_wconf 78' lang='lat' dir='ltr'><strong>ancilla</strong></span> <span class='ocrx_word' id='word_1_655' title='bbox 804 4512 827 4565; x_wconf 89' lang='lat'><strong>?</strong></span> <span class='ocrx_word' id='word_1_656' title='bbox 849 4511 991 4567; x_wconf 80' lang='lat' dir='ltr'><strong>Caro</strong></span> <span class='ocrx_word' id='word_1_657' title='bbox 1020 4516 1291 4585; x_wconf 86' lang='lat' dir='ltr'><strong>videlicet,</strong></span> <span class='ocrx_word' id='word_1_658' title='bbox 1330 4519 1399 4574; x_wconf 89' lang='lat' dir='ltr'><strong>de</strong></span> <span class='ocrx_word' id='word_1_659' title='bbox 1440 4537 1546 4592; x_wconf 91' lang='lat' dir='ltr'><strong>qua</strong></span> <span class='ocrx_word' id='word_1_660' title='bbox 1579 4524 1655 4578; x_wconf 90' lang='lat' dir='ltr'><strong>ait</strong></span> <span class='ocrx_word' id='word_1_661' title='bbox 1685 4524 1979 4596; x_wconf 84' lang='lat' dir='ltr'><strong>Apostolus</strong></span> <span class='ocrx_word' id='word_1_662' title='bbox 2013 4547 2025 4583; x_wconf 91' lang='lat'><strong>:</strong></span> <span class='ocrx_word' id='word_1_663' title='bbox 2060 4534 2104 4588; x_wconf 92' lang='lat' dir='ltr'><strong>D</strong></span> <span class='ocrx_word' id='word_1_664' title='bbox 2134 4533 2251 4587; x_wconf 90' lang='lat' dir='ltr'><strong>suis</strong></span> <span class='ocrx_word' id='word_1_665' title='bbox 2280 4532 2523 4603; x_wconf 88' lang='lat' dir='ltr'><strong>quinque</strong></span> <span class='ocrx_word' id='word_1_666' title='bbox 2552 4532 2827 4588; x_wconf 88' lang='lat' dir='ltr'><strong>sensibus.</strong></span> <span class='ocrx_word' id='word_1_667' title='bbox 2862 4533 2966 4600; x_wconf 85' lang='lat' dir='ltr'><strong>Qui</strong></span> <span class='ocrx_word' id='word_1_668' title='bbox 3017 4542 3164 4589; x_wconf 90' lang='lat' dir='ltr'><strong>recte</strong></span> <span class='ocrx_word' id='word_1_669' title='bbox 3208 4503 3457 4602; x_wconf 46' lang='lat' dir='ltr'><strong>qui-nque</strong></span> <span class='ocrx_word' id='word_1_670' title='bbox 3487 4530 3710 4601; x_wconf 85' lang='lat' dir='ltr'><strong>panibus</strong></span> 
     </span>
    </p>
   </div>
   <div class='ocr_carea' id='block_1_91' title="bbox 454 4596 2031 4687">
    <p class='ocr_par' dir='ltr' id='par_1_91' title="bbox 454 4596 2031 4687">
     <span class='ocr_line' id='line_1_91' title="bbox 454 4596 2031 4687; baseline 0.018 -40"><span class='ocrx_word' id='word_1_671' title='bbox 454 4612 473 4646; x_wconf 77' lang='grc' dir='ltr'>ι</span> <span class='ocrx_word' id='word_1_672' title='bbox 508 4596 651 4654; x_wconf 86' lang='lat' dir='ltr'><strong>Caro</strong></span> <span class='ocrx_word' id='word_1_673' title='bbox 692 4605 1034 4674; x_wconf 82' lang='lat' dir='ltr'><strong>concupiscit</strong></span> <span class='ocrx_word' id='word_1_674' title='bbox 1085 4609 1348 4666; x_wconf 88' lang='lat' dir='ltr'><strong>adversus</strong></span> <span class='ocrx_word' id='word_1_675' title='bbox 1378 4613 1654 4682; x_wconf 90' lang='lat' dir='ltr'><strong>spiritum,</strong></span> <span class='ocrx_word' id='word_1_676' title='bbox 1703 4625 1757 4671; x_wconf 91' lang='lat' dir='ltr'><strong>ct</strong></span> <span class='ocrx_word' id='word_1_677' title='bbox 1803 4620 2031 4687; x_wconf 90' lang='lat' dir='ltr'><strong>spiritus</strong></span> 
     </span>
    </p>
   </div>
   <div class='ocr_carea' id='block_1_92' title="bbox 448 4687 2031 4767">
    <p class='ocr_par' dir='ltr' id='par_1_92' title="bbox 448 4687 2031 4767">
     <span class='ocr_line' id='line_1_92' title="bbox 448 4687 2031 4767; baseline 0.015 -24"><span class='ocrx_word' id='word_1_678' title='bbox 448 4687 710 4745; x_wconf 76' lang='lat' dir='ltr'><strong>adversus</strong></span> <span class='ocrx_word' id='word_1_679' title='bbox 733 4708 955 4751; x_wconf 90' lang='lat' dir='ltr'><strong>carnem</strong></span> <span class='ocrx_word' id='word_1_680' title='bbox 1000 4716 1013 4752; x_wconf 88' lang='lat'><strong><em>:</em></strong></span> <span class='ocrx_word' id='word_1_681' title='bbox 1054 4698 1414 4757; x_wconf 89' lang='lat' dir='ltr'><strong>adversantur</strong></span> <span class='ocrx_word' id='word_1_682' title='bbox 1436 4706 1581 4759; x_wconf 91' lang='lat' dir='ltr'><strong>enim</strong></span> <span class='ocrx_word' id='word_1_683' title='bbox 1635 4708 1739 4763; x_wconf 91' lang='lat' dir='ltr'><strong>sibi</strong></span> <span class='ocrx_word' id='word_1_684' title='bbox 1785 4710 1900 4765; x_wconf 61' lang='lat' dir='ltr'><strong>ba‘e</strong></span> <span class='ocrx_word' id='word_1_685' title='bbox 1921 4710 2031 4767; x_wconf 89' lang='lat' dir='ltr'><strong>duo</strong></span> 
     </span>
    </p>
   </div>
   <div class='ocr_carea' id='block_1_93' title="bbox 453 4776 2031 4872">
    <p class='ocr_par' dir='ltr' id='par_1_93' title="bbox 453 4776 2031 4872">
     <span class='ocr_line' id='line_1_93' title="bbox 453 4776 2031 4872; baseline 0.018 -41"><span class='ocrx_word' id='word_1_686' title='bbox 453 4776 597 4872; x_wconf 68' lang='lat' dir='ltr'><strong>(Col.</strong></span> <span class='ocrx_word' id='word_1_687' title='bbox 630 4782 739 4853; x_wconf 66' lang='lat' dir='ltr'><strong>v).»</strong></span> <span class='ocrx_word' id='word_1_688' title='bbox 776 4784 901 4843; x_wconf 70' lang='lat' dir='ltr'><strong>Haec</strong></span> <span class='ocrx_word' id='word_1_689' title='bbox 942 4805 973 4845; x_wconf 90' lang='lat' dir='ltr'><strong>a</strong></span> <span class='ocrx_word' id='word_1_690' title='bbox 1005 4788 1117 4845; x_wconf 87' lang='lat' dir='ltr'><strong>Deo</strong></span> <span class='ocrx_word' id='word_1_691' title='bbox 1143 4807 1335 4849; x_wconf 90' lang='lat' dir='ltr'><strong>omnes</strong></span> <span class='ocrx_word' id='word_1_692' title='bbox 1374 4808 1693 4868; x_wconf 89' lang='lat' dir='ltr'><strong>corruperat</strong></span> <span class='ocrx_word' id='word_1_693' title='bbox 1722 4820 1734 4855; x_wconf 92' lang='lat'><strong>:</strong></span> <span class='ocrx_word' id='word_1_694' title='bbox 1765 4803 1911 4872; x_wconf 92' lang='lat' dir='ltr'><strong>quod</strong></span> <span class='ocrx_word' id='word_1_695' title='bbox 1943 4805 2031 4859; x_wconf 82' lang='lat' dir='ltr'><strong>vix</strong></span> 
     </span>
    </p>
   </div>
   <div class='ocr_carea' id='block_1_94' title="bbox 453 4870 2033 4963">
    <p class='ocr_par' dir='ltr' id='par_1_94' title="bbox 453 4870 2033 4963">
     <span class='ocr_line' id='line_1_94' title="bbox 453 4870 2033 4963; baseline 0.014 -33"><span class='ocrx_word' id='word_1_696' title='bbox 453 4870 651 4963; x_wconf 47' lang='lat' dir='ltr'><strong>abnuis</strong></span> <span class='ocrx_word' id='word_1_697' title='bbox 681 4878 941 4939; x_wconf 89' lang='lat' dir='ltr'><strong>voluntati</strong></span> <span class='ocrx_word' id='word_1_698' title='bbox 993 4888 1113 4957; x_wconf 87' lang='lat' dir='ltr'><strong>ejus</strong></span> <span class='ocrx_word' id='word_1_699' title='bbox 1140 4890 1397 4948; x_wconf 78' lang='lat' dir='ltr'><strong>resistere</strong></span> <span class='ocrx_word' id='word_1_700' title='bbox 1422 4902 1652 4963; x_wconf 88' lang='lat' dir='ltr'><strong>poterat,</strong></span> <span class='ocrx_word' id='word_1_701' title='bbox 1681 4870 1798 4949; x_wconf 82' lang='lat' dir='ltr'><strong>imo</strong></span> <span class='ocrx_word' id='word_1_702' title='bbox 1842 4910 2033 4953; x_wconf 89' lang='lat' dir='ltr'><strong>omnes</strong></span> 
     </span>
    </p>
   </div>
   <div class='ocr_carea' id='block_1_95' title="bbox 455 4960 2032 5057">
    <p class='ocr_par' dir='ltr' id='par_1_95' title="bbox 455 4960 2032 5057">
     <span class='ocr_line' id='line_1_95' title="bbox 455 4960 2032 5057; baseline 0.016 -40"><span class='ocrx_word' id='word_1_703' title='bbox 455 4960 671 5057; x_wconf 67' lang='lat' dir='ltr'><strong>Satanae</strong></span> <span class='ocrx_word' id='word_1_704' title='bbox 697 4972 1026 5034; x_wconf 87' lang='lat' dir='ltr'><strong>vendiderat.</strong></span> <span class='ocrx_word' id='word_1_705' title='bbox 1050 4979 1204 5037; x_wconf 89' lang='lat' dir='ltr'><strong>Nulia</strong></span> <span class='ocrx_word' id='word_1_706' title='bbox 1226 5000 1405 5054; x_wconf 83' lang='lat' dir='ltr'><strong>pugna</strong></span> <span class='ocrx_word' id='word_1_707' title='bbox 1422 4960 1652 5057; x_wconf 70' lang='lat' dir='ltr'><strong>gravior</strong></span> <span class='ocrx_word' id='word_1_708' title='bbox 1670 4986 1781 5053; x_wconf 89' lang='lat' dir='ltr'><strong>illa,</strong></span> <span class='ocrx_word' id='word_1_709' title='bbox 1809 4988 2032 5057; x_wconf 91' lang='lat' dir='ltr'><strong>quando</strong></span> 
     </span>
    </p>
   </div>
   <div class='ocr_carea' id='block_1_96' title="bbox 453 5055 2033 5144">
    <p class='ocr_par' dir='ltr' id='par_1_96' title="bbox 453 5055 2033 5144">
     <span class='ocr_line' id='line_1_96' title="bbox 453 5055 2033 5144; baseline 0.015 -33"><span class='ocrx_word' id='word_1_710' title='bbox 453 5055 735 5114; x_wconf 85' lang='lat' dir='ltr'><strong>inimicum</strong></span> <span class='ocrx_word' id='word_1_711' title='bbox 782 5081 941 5122; x_wconf 90' lang='lat' dir='ltr'><strong>suum</strong></span> <span class='ocrx_word' id='word_1_712' title='bbox 997 5071 1163 5127; x_wconf 89' lang='lat' dir='ltr'><strong>homo</strong></span> <span class='ocrx_word' id='word_1_713' title='bbox 1189 5086 1387 5144; x_wconf 89' lang='lat' dir='ltr'><strong>portat,</strong></span> <span class='ocrx_word' id='word_1_714' title='bbox 1425 5087 1479 5133; x_wconf 90' lang='lat' dir='ltr'><strong>et</strong></span> <span class='ocrx_word' id='word_1_715' title='bbox 1536 5077 1816 5133; x_wconf 88' lang='lat' dir='ltr'><strong>inimicum</strong></span> <span class='ocrx_word' id='word_1_716' title='bbox 1869 5094 2033 5134; x_wconf 90' lang='lat' dir='ltr'><strong>suum</strong></span> 
     </span>
    </p>
   </div>
   <div class='ocr_carea' id='block_1_97' title="bbox 451 5150 2028 5240">
    <p class='ocr_par' dir='ltr' id='par_1_97' title="bbox 451 5150 2028 5240">
     <span class='ocr_line' id='line_1_97' title="bbox 451 5150 2028 5240; baseline 0.015 -39"><span class='ocrx_word' id='word_1_717' title='bbox 451 5150 666 5217; x_wconf 87' lang='lat' dir='ltr'><strong>pascit;</strong></span> <span class='ocrx_word' id='word_1_718' title='bbox 696 5159 917 5222; x_wconf 91' lang='lat' dir='ltr'><strong>quando</strong></span> <span class='ocrx_word' id='word_1_719' title='bbox 944 5161 1009 5216; x_wconf 90' lang='lat' dir='ltr'><strong>de</strong></span> <span class='ocrx_word' id='word_1_720' title='bbox 1038 5163 1201 5218; x_wconf 88' lang='lat' dir='ltr'><strong>domo</strong></span> <span class='ocrx_word' id='word_1_721' title='bbox 1233 5167 1354 5235; x_wconf 66' lang='lat' dir='ltr'><strong>ejus</strong></span> <span class='ocrx_word' id='word_1_722' title='bbox 1388 5178 1470 5222; x_wconf 91' lang='lat' dir='ltr'><strong>est</strong></span> <span class='ocrx_word' id='word_1_723' title='bbox 1494 5170 1587 5239; x_wconf 89' lang='lat' dir='ltr'><strong>qni</strong></span> <span class='ocrx_word' id='word_1_724' title='bbox 1618 5186 1676 5224; x_wconf 86' lang='lat' dir='ltr'><strong>se</strong></span> <span class='ocrx_word' id='word_1_725' title='bbox 1705 5170 1987 5240; x_wconf 85' lang='lat' dir='ltr'><strong>impugnat</strong></span> <span class='ocrx_word' id='word_1_726' title='bbox 2012 5214 2028 5237; x_wconf 90' lang='lat'><strong>,</strong></span> 
     </span>
    </p>
   </div>
   <div class='ocr_carea' id='block_1_98' title="bbox 452 5243 2033 5329">
    <p class='ocr_par' dir='ltr' id='par_1_98' title="bbox 452 5243 2033 5329">
     <span class='ocr_line' id='line_1_98' title="bbox 452 5243 2033 5329; baseline 0.016 -39"><span class='ocrx_word' id='word_1_727' title='bbox 452 5244 678 5307; x_wconf 85' lang='lat' dir='ltr'><strong>quando</strong></span> <span class='ocrx_word' id='word_1_728' title='bbox 733 5243 872 5300; x_wconf 87' lang='lat' dir='ltr'><strong>bona</strong></span> <span class='ocrx_word' id='word_1_729' title='bbox 916 5253 1097 5307; x_wconf 90' lang='lat' dir='ltr'><strong>omnia</strong></span> <span class='ocrx_word' id='word_1_730' title='bbox 1123 5254 1171 5309; x_wconf 90' lang='lat' dir='ltr'><strong>ei</strong></span> <span class='ocrx_word' id='word_1_731' title='bbox 1202 5255 1347 5323; x_wconf 81' lang='lat' dir='ltr'><strong>facit,</strong></span> <span class='ocrx_word' id='word_1_732' title='bbox 1373 5267 1426 5313; x_wconf 88' lang='lat' dir='ltr'><strong>et</strong></span> <span class='ocrx_word' id='word_1_733' title='bbox 1457 5259 1571 5329; x_wconf 83' lang='lat' dir='ltr'><strong>ipse</strong></span> <span class='ocrx_word' id='word_1_734' title='bbox 1605 5260 1652 5314; x_wconf 82' lang='lat' dir='ltr'><strong>ei</strong></span> <span class='ocrx_word' id='word_1_735' title='bbox 1685 5261 1825 5314; x_wconf 88' lang='lat' dir='ltr'><strong>mala</strong></span> <span class='ocrx_word' id='word_1_736' title='bbox 1872 5262 2033 5316; x_wconf 86' lang='lat' dir='ltr'><strong>retri-</strong></span> 
     </span>
    </p>
   </div>
   <div class='ocr_carea' id='block_1_99' title="bbox 454 5330 2030 5423">
    <p class='ocr_par' dir='ltr' id='par_1_99' title="bbox 454 5330 2030 5423">
     <span class='ocr_line' id='line_1_99' title="bbox 454 5330 2030 5423; baseline 0.016 -40"><span class='ocrx_word' id='word_1_737' title='bbox 454 5330 601 5387; x_wconf 85' lang='lat' dir='ltr'><strong>buet.</strong></span> <span class='ocrx_word' id='word_1_738' title='bbox 642 5333 789 5394; x_wconf 86' lang='lat' dir='ltr'><strong>Talis</strong></span> <span class='ocrx_word' id='word_1_739' title='bbox 818 5351 901 5395; x_wconf 89' lang='lat' dir='ltr'><strong>est</strong></span> <span class='ocrx_word' id='word_1_740' title='bbox 952 5358 1082 5401; x_wconf 88' lang='lat' dir='ltr'><strong>caro</strong></span> <span class='ocrx_word' id='word_1_741' title='bbox 1115 5367 1128 5402; x_wconf 88' lang='lat'><strong>:</strong></span> <span class='ocrx_word' id='word_1_742' title='bbox 1163 5366 1284 5420; x_wconf 66' lang='lat' dir='ltr'><strong>quae</strong></span> <span class='ocrx_word' id='word_1_743' title='bbox 1310 5361 1517 5421; x_wconf 86' lang='lat' dir='ltr'><strong>quanto</strong></span> <span class='ocrx_word' id='word_1_744' title='bbox 1559 5353 1732 5423; x_wconf 77' lang='lat' dir='ltr'><strong>magis</strong></span> <span class='ocrx_word' id='word_1_745' title='bbox 1768 5354 2030 5422; x_wconf 88' lang='lat' dir='ltr'><strong>nutritur,</strong></span> 
     </span>
    </p>
   </div>
   <div class='ocr_carea' id='block_1_100' title="bbox 455 5432 2031 5512">
    <p class='ocr_par' dir='ltr' id='par_1_100' title="bbox 455 5432 2031 5512">
     <span class='ocr_line' id='line_1_100' title="bbox 455 5432 2031 5512; baseline 0.015 -35"><span class='ocrx_word' id='word_1_746' title='bbox 455 5432 608 5481; x_wconf 86' lang='lat' dir='ltr'><strong>tanto</strong></span> <span class='ocrx_word' id='word_1_747' title='bbox 662 5434 837 5501; x_wconf 85' lang='lat' dir='ltr'><strong>magis</strong></span> <span class='ocrx_word' id='word_1_748' title='bbox 893 5435 1178 5508; x_wconf 77' lang='lat' dir='ltr'><strong>gloriatur,</strong></span> <span class='ocrx_word' id='word_1_749' title='bbox 1236 5450 1387 5495; x_wconf 87' lang='lat' dir='ltr'><strong>tanto</strong></span> <span class='ocrx_word' id='word_1_750' title='bbox 1458 5443 1631 5512; x_wconf 82' lang='lat' dir='ltr'><strong>magis</strong></span> <span class='ocrx_word' id='word_1_751' title='bbox 1692 5443 1746 5497; x_wconf 89' lang='lat' dir='ltr'><strong>in</strong></span> <span class='ocrx_word' id='word_1_752' title='bbox 1791 5446 2031 5500; x_wconf 89' lang='lat' dir='ltr'><strong>animam</strong></span> 
     </span>
    </p>
   </div>
   <div class='ocr_carea' id='block_1_101' title="bbox 454 5525 2036 5608">
    <p class='ocr_par' dir='ltr' id='par_1_101' title="bbox 454 5525 2036 5608">
     <span class='ocr_line' id='line_1_101' title="bbox 454 5525 2036 5608; baseline 0.008 -28"><span class='ocrx_word' id='word_1_753' title='bbox 454 5525 648 5595; x_wconf 71' lang='lat' dir='ltr'><strong>surgit.</strong></span> <span class='ocrx_word' id='word_1_754' title='bbox 698 5527 953 5601; x_wconf 84' lang='lat' dir='ltr'><strong>Quinque</strong></span> <span class='ocrx_word' id='word_1_755' title='bbox 1002 5534 1147 5590; x_wconf 88' lang='lat' dir='ltr'><strong>enim</strong></span> <span class='ocrx_word' id='word_1_756' title='bbox 1199 5536 1481 5591; x_wconf 87' lang='lat' dir='ltr'><strong>ministros</strong></span> <span class='ocrx_word' id='word_1_757' title='bbox 1552 5537 1733 5604; x_wconf 87' lang='lat' dir='ltr'><strong>habet,</strong></span> <span class='ocrx_word' id='word_1_758' title='bbox 1788 5539 2036 5608; x_wconf 87' lang='lat' dir='ltr'><strong>quinque</strong></span> 
     </span>
    </p>
   </div>
   <div class='ocr_carea' id='block_1_102' title="bbox 456 5618 2031 5699">
    <p class='ocr_par' dir='ltr' id='par_1_102' title="bbox 456 5618 2031 5699">
     <span class='ocr_line' id='line_1_102' title="bbox 456 5618 2031 5699; baseline 0.007 -27"><span class='ocrx_word' id='word_1_759' title='bbox 456 5618 654 5674; x_wconf 86' lang='lat' dir='ltr'><strong>sensus</strong></span> <span class='ocrx_word' id='word_1_760' title='bbox 710 5625 979 5691; x_wconf 89' lang='lat' dir='ltr'><strong>corporis,</strong></span> <span class='ocrx_word' id='word_1_761' title='bbox 1045 5627 1245 5695; x_wconf 89' lang='lat' dir='ltr'><strong>quibus</strong></span> <span class='ocrx_word' id='word_1_762' title='bbox 1274 5626 1512 5681; x_wconf 88' lang='lat' dir='ltr'><strong>animam</strong></span> <span class='ocrx_word' id='word_1_763' title='bbox 1563 5628 1715 5684; x_wconf 89' lang='lat' dir='ltr'><strong>ducit</strong></span> <span class='ocrx_word' id='word_1_764' title='bbox 1741 5630 2031 5699; x_wconf 89' lang='lat' dir='ltr'><strong>captivam.</strong></span> 
     </span>
    </p>
   </div>
   <div class='ocr_carea' id='block_1_103' title="bbox 457 5710 2037 5788">
    <p class='ocr_par' dir='ltr' id='par_1_103' title="bbox 457 5710 2037 5788">
     <span class='ocr_line' id='line_1_103' title="bbox 457 5710 2037 5788; baseline 0.008 -25"><span class='ocrx_word' id='word_1_765' title='bbox 457 5710 689 5775; x_wconf 84' lang='lat' dir='ltr'><strong>Quando</strong></span> <span class='ocrx_word' id='word_1_766' title='bbox 729 5715 939 5770; x_wconf 88' lang='lat' dir='ltr'><strong>scilicet</strong></span> <span class='ocrx_word' id='word_1_767' title='bbox 984 5719 1183 5786; x_wconf 86' lang='lat' dir='ltr'><strong>aliquis</strong></span> <span class='ocrx_word' id='word_1_768' title='bbox 1232 5728 1439 5788; x_wconf 85' lang='lat' dir='ltr'><strong>peccat,</strong></span> <span class='ocrx_word' id='word_1_769' title='bbox 1489 5721 1572 5775; x_wconf 90' lang='lat' dir='ltr'><strong>vel</strong></span> <span class='ocrx_word' id='word_1_770' title='bbox 1613 5721 1844 5777; x_wconf 88' lang='lat' dir='ltr'><strong>videndo</strong></span> <span class='ocrx_word' id='word_1_771' title='bbox 1888 5723 2037 5778; x_wconf 77' lang='lat' dir='ltr'><strong>deci-</strong></span> 
     </span>
    </p>
   </div>
   <div class='ocr_carea' id='block_1_104' title="bbox 371 5805 2035 5877">
    <p class='ocr_par' dir='ltr' id='par_1_104' title="bbox 371 5805 2035 5877">
     <span class='ocr_line' id='line_1_104' title="bbox 371 5805 2035 5877; baseline 0.011 -23"><span class='ocrx_word' id='word_1_772' title='bbox 371 5839 378 5845; x_wconf 71' lang='lat'><strong>.</strong></span> <span class='ocrx_word' id='word_1_773' title='bbox 464 5805 628 5875; x_wconf 81' lang='lat' dir='ltr'><strong>pitur,</strong></span> <span class='ocrx_word' id='word_1_774' title='bbox 655 5808 736 5861; x_wconf 85' lang='lat' dir='ltr'><strong>vel</strong></span> <span class='ocrx_word' id='word_1_775' title='bbox 773 5808 1044 5864; x_wconf 82' lang='lat' dir='ltr'><strong>audiendo</strong></span> <span class='ocrx_word' id='word_1_776' title='bbox 1076 5809 1392 5877; x_wconf 78' lang='lat' dir='ltr'><strong>attrahitur,</strong></span> <span class='ocrx_word' id='word_1_777' title='bbox 1422 5812 1503 5867; x_wconf 88' lang='lat' dir='ltr'><strong>vel</strong></span> <span class='ocrx_word' id='word_1_778' title='bbox 1533 5811 1813 5869; x_wconf 88' lang='lat' dir='ltr'><strong>odorando</strong></span> <span class='ocrx_word' id='word_1_779' title='bbox 1846 5813 2035 5873; x_wconf 80' lang='lat' dir='ltr'><strong>illicita</strong></span> 
     </span>
    </p>
   </div>
   <div class='ocr_carea' id='block_1_105' title="bbox 2132 4624 3709 4696">
    <p class='ocr_par' dir='ltr' id='par_1_105' title="bbox 2132 4624 3709 4696">
     <span class='ocr_line' id='line_1_105' title="bbox 2132 4624 3709 4696; baseline 0.001 -19"><span class='ocrx_word' id='word_1_780' title='bbox 2132 4624 2372 4689; x_wconf 90' lang='lat' dir='ltr'><strong>aluntur,</strong></span> <span class='ocrx_word' id='word_1_781' title='bbox 2405 4626 2534 4696; x_wconf 91' lang='lat' dir='ltr'><strong>quia</strong></span> <span class='ocrx_word' id='word_1_782' title='bbox 2561 4625 2699 4680; x_wconf 92' lang='lat' dir='ltr'><strong>tales</strong></span> <span class='ocrx_word' id='word_1_783' title='bbox 2722 4640 2946 4681; x_wconf 89' lang='lat' dir='ltr'><strong>necesse</strong></span> <span class='ocrx_word' id='word_1_784' title='bbox 2971 4634 3055 4680; x_wconf 91' lang='lat' dir='ltr'><strong>est</strong></span> <span class='ocrx_word' id='word_1_785' title='bbox 3086 4625 3376 4696; x_wconf 88' lang='lat' dir='ltr'><strong>legalibus,</strong></span> <span class='ocrx_word' id='word_1_786' title='bbox 3421 4624 3476 4679; x_wconf 89' lang='lat' dir='ltr'><strong>id</strong></span> <span class='ocrx_word' id='word_1_787' title='bbox 3503 4633 3587 4679; x_wconf 87' lang='lat' dir='ltr'><strong>est</strong></span> <span class='ocrx_word' id='word_1_788' title='bbox 3611 4637 3709 4678; x_wconf 70' lang='lat' dir='ltr'><strong>sae-</strong></span> 
     </span>
    </p>
   </div>
   <div class='ocr_carea' id='block_1_106' title="bbox 2132 4715 3182 4787">
    <p class='ocr_par' dir='ltr' id='par_1_106' title="bbox 2132 4715 3182 4787">
     <span class='ocr_line' id='line_1_106' title="bbox 2132 4715 3182 4787; baseline 0.003 -19"><span class='ocrx_word' id='word_1_789' title='bbox 2132 4715 2412 4771; x_wconf 90' lang='lat' dir='ltr'><strong>cularibus</strong></span> <span class='ocrx_word' id='word_1_790' title='bbox 2435 4717 2615 4771; x_wconf 90' lang='lat' dir='ltr'><strong>adhuc</strong></span> <span class='ocrx_word' id='word_1_791' title='bbox 2639 4719 2927 4787; x_wconf 66' lang='lat' dir='ltr'><strong>praeceptis</strong></span> <span class='ocrx_word' id='word_1_792' title='bbox 2947 4717 3182 4773; x_wconf 90' lang='lat' dir='ltr'><strong>institui.</strong></span> 
     </span>
    </p>
   </div>
   <div class='ocr_carea' id='block_1_107' title="bbox 2205 4803 3712 4880">
    <p class='ocr_par' dir='ltr' id='par_1_107' title="bbox 2205 4803 3712 4880">
     <span class='ocr_line' id='line_1_107' title="bbox 2205 4803 3712 4880; baseline 0.001 -21"><span class='ocrx_word' id='word_1_793' title='bbox 2205 4803 2391 4860; x_wconf 81' lang='lat' dir='ltr'><strong>Ollicia</strong></span> <span class='ocrx_word' id='word_1_794' title='bbox 2423 4822 2645 4876; x_wconf 88' lang='lat' dir='ltr'><strong>quoque</strong></span> <span class='ocrx_word' id='word_1_795' title='bbox 2679 4823 2804 4877; x_wconf 75' lang='lat' dir='ltr'><strong>quae</strong></span> <span class='ocrx_word' id='word_1_796' title='bbox 2829 4809 3180 4864; x_wconf 88' lang='lat' dir='ltr'><strong>celebrantur</strong></span> <span class='ocrx_word' id='word_1_797' title='bbox 3203 4810 3260 4863; x_wconf 91' lang='lat' dir='ltr'><strong>in</strong></span> <span class='ocrx_word' id='word_1_798' title='bbox 3285 4818 3485 4880; x_wconf 82' lang='lat' dir='ltr'><strong>quarta</strong></span> <span class='ocrx_word' id='word_1_799' title='bbox 3509 4806 3712 4862; x_wconf 81' lang='lat' dir='ltr'><strong>hebdo-</strong></span> 
     </span>
    </p>
   </div>
   <div class='ocr_carea' id='block_1_108' title="bbox 2134 4897 3713 4970">
    <p class='ocr_par' dir='ltr' id='par_1_108' title="bbox 2134 4897 3713 4970">
     <span class='ocr_line' id='line_1_108' title="bbox 2134 4897 3713 4970; baseline 0.001 -20"><span class='ocrx_word' id='word_1_800' title='bbox 2134 4897 2291 4950; x_wconf 90' lang='lat' dir='ltr'><strong>mada</strong></span> <span class='ocrx_word' id='word_1_801' title='bbox 2316 4906 2442 4952; x_wconf 88' lang='lat' dir='ltr'><strong>ante</strong></span> <span class='ocrx_word' id='word_1_802' title='bbox 2468 4897 2816 4954; x_wconf 88' lang='lat' dir='ltr'><strong>Nativitatem</strong></span> <span class='ocrx_word' id='word_1_803' title='bbox 2861 4898 3079 4954; x_wconf 89' lang='lat' dir='ltr'><strong>Domini</strong></span> <span class='ocrx_word' id='word_1_804' title='bbox 3135 4900 3412 4970; x_wconf 86' lang='lat' dir='ltr'><strong>spiritales</strong></span> <span class='ocrx_word' id='word_1_805' title='bbox 3442 4916 3537 4970; x_wconf 88' lang='lat' dir='ltr'><strong>per</strong></span> <span class='ocrx_word' id='word_1_806' title='bbox 3580 4913 3713 4968; x_wconf 83' lang='lat' dir='ltr'><strong>qua-</strong></span> 
     </span>
    </p>
   </div>
   <div class='ocr_carea' id='block_1_109' title="bbox 2136 4986 3711 5062">
    <p class='ocr_par' dir='ltr' id='par_1_109' title="bbox 2136 4986 3711 5062">
     <span class='ocr_line' id='line_1_109' title="bbox 2136 4986 3711 5062; baseline 0.003 -23"><span class='ocrx_word' id='word_1_807' title='bbox 2136 4994 2261 5041; x_wconf 91' lang='lat' dir='ltr'><strong>tuor</strong></span> <span class='ocrx_word' id='word_1_808' title='bbox 2298 4986 2590 5059; x_wconf 87' lang='lat' dir='ltr'><strong>Evangelia</strong></span> <span class='ocrx_word' id='word_1_809' title='bbox 2621 4991 2687 5045; x_wconf 90' lang='lat' dir='ltr'><strong>ad</strong></span> <span class='ocrx_word' id='word_1_810' title='bbox 2719 4991 2986 5062; x_wconf 88' lang='lat' dir='ltr'><strong>potiorem</strong></span> <span class='ocrx_word' id='word_1_811' title='bbox 3039 4991 3432 5062; x_wconf 87' lang='lat' dir='ltr'><strong>perfectionem</strong></span> <span class='ocrx_word' id='word_1_812' title='bbox 3456 4992 3711 5047; x_wconf 75' lang='lat' dir='ltr'><strong>excitant.</strong></span> 
     </span>
    </p>
   </div>
   <div class='ocr_carea' id='block_1_110' title="bbox 2135 5077 3717 5155">
    <p class='ocr_par' dir='ltr' id='par_1_110' title="bbox 2135 5077 3717 5155">
     <span class='ocr_line' id='line_1_110' title="bbox 2135 5077 3717 5155; baseline 0.003 -23"><span class='ocrx_word' id='word_1_813' title='bbox 2135 5077 2290 5134; x_wconf 89' lang='lat' dir='ltr'><strong>Unde</strong></span> <span class='ocrx_word' id='word_1_814' title='bbox 2318 5080 2451 5135; x_wconf 90' lang='lat' dir='ltr'><strong>dicit</strong></span> <span class='ocrx_word' id='word_1_815' title='bbox 2474 5082 2705 5151; x_wconf 89' lang='lat' dir='ltr'><strong>epistola</strong></span> <span class='ocrx_word' id='word_1_816' title='bbox 2733 5098 2855 5152; x_wconf 74' lang='lat' dir='ltr'><strong>quas</strong></span> <span class='ocrx_word' id='word_1_817' title='bbox 2880 5084 2934 5137; x_wconf 92' lang='lat' dir='ltr'><strong>in</strong></span> <span class='ocrx_word' id='word_1_818' title='bbox 2963 5084 3156 5138; x_wconf 89' lang='lat' dir='ltr'><strong>eodem</strong></span> <span class='ocrx_word' id='word_1_819' title='bbox 3200 5084 3439 5155; x_wconf 88' lang='lat' dir='ltr'><strong>legitur:</strong></span> <span class='ocrx_word' id='word_1_820' title='bbox 3479 5104 3497 5135; x_wconf 83' lang='grc'><strong>‹</strong></span> <span class='ocrx_word' id='word_1_821' title='bbox 3529 5084 3717 5138; x_wconf 81' lang='lat' dir='ltr'><strong>Scien-</strong></span> 
     </span>
    </p>
   </div>
   <div class='ocr_carea' id='block_1_111' title="bbox 2137 5170 3716 5245">
    <p class='ocr_par' dir='ltr' id='par_1_111' title="bbox 2137 5170 3716 5245">
     <span class='ocr_line' id='line_1_111' title="bbox 2137 5170 3716 5245; baseline 0.001 -20"><span class='ocrx_word' id='word_1_822' title='bbox 2137 5182 2218 5225; x_wconf 89' lang='lat' dir='ltr'><strong>tes</strong></span> <span class='ocrx_word' id='word_1_823' title='bbox 2240 5170 2368 5240; x_wconf 89' lang='lat' dir='ltr'><strong>quia</strong></span> <span class='ocrx_word' id='word_1_824' title='bbox 2396 5171 2530 5227; x_wconf 88' lang='lat' dir='ltr'><strong>hora</strong></span> <span class='ocrx_word' id='word_1_825' title='bbox 2559 5181 2645 5228; x_wconf 90' lang='lat' dir='ltr'><strong>est</strong></span> <span class='ocrx_word' id='word_1_826' title='bbox 2666 5174 2782 5243; x_wconf 86' lang='lat' dir='ltr'><strong>jam</strong></span> <span class='ocrx_word' id='word_1_827' title='bbox 2824 5189 2926 5229; x_wconf 91' lang='lat' dir='ltr'><strong>nos</strong></span> <span class='ocrx_word' id='word_1_828' title='bbox 2958 5174 3025 5229; x_wconf 92' lang='lat' dir='ltr'><strong>de</strong></span> <span class='ocrx_word' id='word_1_829' title='bbox 3073 5189 3269 5229; x_wconf 89' lang='lat' dir='ltr'><strong>somno</strong></span> <span class='ocrx_word' id='word_1_830' title='bbox 3297 5190 3539 5245; x_wconf 85' lang='lat' dir='ltr'><strong>surgere,</strong></span> <span class='ocrx_word' id='word_1_831' title='bbox 3570 5187 3716 5227; x_wconf 87' lang='lat' dir='ltr'><strong>nunc</strong></span> 
     </span>
    </p>
   </div>
   <div class='ocr_carea' id='block_1_112' title="bbox 2136 5264 3717 5337">
    <p class='ocr_par' dir='ltr' id='par_1_112' title="bbox 2136 5264 3717 5337">
     <span class='ocr_line' id='line_1_112' title="bbox 2136 5264 3717 5337; baseline 0.003 -22"><span class='ocrx_word' id='word_1_832' title='bbox 2136 5271 2316 5316; x_wconf 89' lang='lat' dir='ltr'><strong>autem</strong></span> <span class='ocrx_word' id='word_1_833' title='bbox 2371 5264 2593 5334; x_wconf 89' lang='lat' dir='ltr'><strong>propior</strong></span> <span class='ocrx_word' id='word_1_834' title='bbox 2620 5274 2706 5320; x_wconf 91' lang='lat' dir='ltr'><strong>est</strong></span> <span class='ocrx_word' id='word_1_835' title='bbox 2758 5274 2947 5321; x_wconf 88' lang='lat' dir='ltr'><strong>nostra</strong></span> <span class='ocrx_word' id='word_1_836' title='bbox 3000 5267 3151 5322; x_wconf 85' lang='lat' dir='ltr'><strong>salus</strong></span> <span class='ocrx_word' id='word_1_837' title='bbox 3199 5282 3367 5337; x_wconf 90' lang='lat' dir='ltr'><strong>quam</strong></span> <span class='ocrx_word' id='word_1_838' title='bbox 3430 5281 3551 5320; x_wconf 91' lang='lat' dir='ltr'><strong>cum</strong></span> <span class='ocrx_word' id='word_1_839' title='bbox 3592 5279 3717 5319; x_wconf 80' lang='lat' dir='ltr'><strong>cre-</strong></span> 
     </span>
    </p>
   </div>
   <div class='ocr_carea' id='block_1_113' title="bbox 2136 5353 3717 5429">
    <p class='ocr_par' dir='ltr' id='par_1_113' title="bbox 2136 5353 3717 5429">
     <span class='ocr_line' id='line_1_113' title="bbox 2136 5353 3717 5429; baseline 0.003 -22"><span class='ocrx_word' id='word_1_840' title='bbox 2136 5353 2317 5408; x_wconf 89' lang='lat' dir='ltr'><strong>dimus</strong></span> <span class='ocrx_word' id='word_1_841' title='bbox 2352 5355 2527 5423; x_wconf 81' lang='lat' dir='ltr'><strong>(Rom.</strong></span> <span class='ocrx_word' id='word_1_842' title='bbox 2565 5356 2745 5429; x_wconf 59' lang='grc' dir='ltr'><strong>χειή.»</strong></span> <span class='ocrx_word' id='word_1_843' title='bbox 2779 5357 2856 5413; x_wconf 92' lang='lat' dir='ltr'><strong>De</strong></span> <span class='ocrx_word' id='word_1_844' title='bbox 2879 5357 3070 5413; x_wconf 89' lang='lat' dir='ltr'><strong>iisdem</strong></span> <span class='ocrx_word' id='word_1_845' title='bbox 3118 5359 3461 5428; x_wconf 86' lang='lat' dir='ltr'><strong>spiritalibus</strong></span> <span class='ocrx_word' id='word_1_846' title='bbox 3488 5358 3612 5413; x_wconf 89' lang='lat' dir='ltr'><strong>dicit</strong></span> <span class='ocrx_word' id='word_1_847' title='bbox 3660 5356 3717 5411; x_wconf 86' lang='lat' dir='ltr'><strong>in</strong></span> 
     </span>
    </p>
   </div>
   <div class='ocr_carea' id='block_1_114' title="bbox 2137 5446 3720 5521">
    <p class='ocr_par' dir='ltr' id='par_1_114' title="bbox 2137 5446 3720 5521">
     <span class='ocr_line' id='line_1_114' title="bbox 2137 5446 3720 5521; baseline 0.003 -23"><span class='ocrx_word' id='word_1_848' title='bbox 2137 5460 2301 5514; x_wconf 89' lang='lat' dir='ltr'><strong>supra</strong></span> <span class='ocrx_word' id='word_1_849' title='bbox 2324 5446 2469 5502; x_wconf 89' lang='lat' dir='ltr'><strong>dicto</strong></span> <span class='ocrx_word' id='word_1_850' title='bbox 2503 5448 2643 5502; x_wconf 93' lang='lat' dir='ltr'><strong>libro</strong></span> <span class='ocrx_word' id='word_1_851' title='bbox 2696 5447 2939 5521; x_wconf 68' lang='grc' dir='ltr'><strong>(θεοί.)</strong></span> <span class='ocrx_word' id='word_1_852' title='bbox 2988 5468 3008 5501; x_wconf 76' lang='lat' dir='ltr'><strong>r</strong></span> <span class='ocrx_word' id='word_1_853' title='bbox 3067 5448 3203 5504; x_wconf 87' lang='lat' dir='ltr'><strong>Nam</strong></span> <span class='ocrx_word' id='word_1_854' title='bbox 3238 5452 3335 5521; x_wconf 92' lang='lat' dir='ltr'><strong>qui</strong></span> <span class='ocrx_word' id='word_1_855' title='bbox 3394 5451 3595 5505; x_wconf 86' lang='lat' dir='ltr'><strong>mundo</strong></span> <span class='ocrx_word' id='word_1_856' title='bbox 3649 5447 3720 5503; x_wconf 86' lang='lat' dir='ltr'><strong>ad</strong></span> 
     </span>
    </p>
   </div>
   <div class='ocr_carea' id='block_1_115' title="bbox 2138 5537 3725 5612">
    <p class='ocr_par' dir='ltr' id='par_1_115' title="bbox 2138 5537 3725 5612">
     <span class='ocr_line' id='line_1_115' title="bbox 2138 5537 3725 5612; baseline 0.006 -22"><span class='ocrx_word' id='word_1_857' title='bbox 2138 5537 2407 5607; x_wconf 77' lang='lat' dir='ltr'><strong>integrum</strong></span> <span class='ocrx_word' id='word_1_858' title='bbox 2472 5541 2807 5609; x_wconf 89' lang='lat' dir='ltr'><strong>renuntiant,</strong></span> <span class='ocrx_word' id='word_1_859' title='bbox 2873 5550 2927 5597; x_wconf 92' lang='lat' dir='ltr'><strong>et</strong></span> <span class='ocrx_word' id='word_1_860' title='bbox 2963 5552 3198 5612; x_wconf 86' lang='lat' dir='ltr'><strong>quatuor</strong></span> <span class='ocrx_word' id='word_1_861' title='bbox 3246 5553 3377 5598; x_wconf 88' lang='lat' dir='ltr'><strong>sunt</strong></span> <span class='ocrx_word' id='word_1_862' title='bbox 3432 5541 3619 5605; x_wconf 83' lang='lat' dir='ltr'><strong>millia,</strong></span> <span class='ocrx_word' id='word_1_863' title='bbox 3667 5547 3725 5599; x_wconf 68' lang='lat' dir='ltr'><strong>et</strong></span> 
     </span>
    </p>
   </div>
   <div class='ocr_carea' id='block_1_116' title="bbox 2138 5629 3719 5703">
    <p class='ocr_par' dir='ltr' id='par_1_116' title="bbox 2138 5629 3719 5703">
     <span class='ocr_line' id='line_1_116' title="bbox 2138 5629 3719 5703; baseline 0.001 -21"><span class='ocrx_word' id='word_1_864' title='bbox 2138 5636 2344 5697; x_wconf 81' lang='lat' dir='ltr'><strong>septem</strong></span> <span class='ocrx_word' id='word_1_865' title='bbox 2390 5630 2622 5699; x_wconf 91' lang='lat' dir='ltr'><strong>panibus</strong></span> <span class='ocrx_word' id='word_1_866' title='bbox 2650 5629 2861 5696; x_wconf 88' lang='lat' dir='ltr'><strong>refecti,</strong></span> <span class='ocrx_word' id='word_1_867' title='bbox 2913 5632 3015 5687; x_wconf 91' lang='lat' dir='ltr'><strong>hoc</strong></span> <span class='ocrx_word' id='word_1_868' title='bbox 3036 5640 3123 5687; x_wconf 90' lang='lat' dir='ltr'><strong>est</strong></span> <span class='ocrx_word' id='word_1_869' title='bbox 3146 5634 3457 5703; x_wconf 87' lang='lat' dir='ltr'><strong>evangelica</strong></span> <span class='ocrx_word' id='word_1_870' title='bbox 3489 5631 3719 5688; x_wconf 83' lang='lat' dir='ltr'><strong>lectione</strong></span> 
     </span>
    </p>
   </div>
   <div class='ocr_carea' id='block_1_117' title="bbox 2140 5720 3693 5793">
    <p class='ocr_par' dir='ltr' id='par_1_117' title="bbox 2140 5720 3693 5793">
     <span class='ocr_line' id='line_1_117' title="bbox 2140 5720 3693 5793; baseline 0.001 -20"><span class='ocrx_word' id='word_1_871' title='bbox 2140 5720 2405 5775; x_wconf 89' lang='lat' dir='ltr'><strong>sublimes</strong></span> <span class='ocrx_word' id='word_1_872' title='bbox 2437 5731 2491 5775; x_wconf 89' lang='lat' dir='ltr'><strong>et</strong></span> <span class='ocrx_word' id='word_1_873' title='bbox 2521 5722 2752 5791; x_wconf 86' lang='lat' dir='ltr'><strong>spiritali</strong></span> <span class='ocrx_word' id='word_1_874' title='bbox 2776 5724 2949 5793; x_wconf 89' lang='lat' dir='ltr'><strong>gratia</strong></span> <span class='ocrx_word' id='word_1_875' title='bbox 2985 5732 3113 5779; x_wconf 89' lang='lat' dir='ltr'><strong>sunt</strong></span> <span class='ocrx_word' id='word_1_876' title='bbox 3144 5724 3314 5779; x_wconf 90' lang='lat' dir='ltr'><strong>docti.</strong></span> <span class='ocrx_word' id='word_1_877' title='bbox 3348 5724 3519 5793; x_wconf 86' lang='lat' dir='ltr'><strong>Cujus</strong></span> <span class='ocrx_word' id='word_1_878' title='bbox 3550 5722 3693 5792; x_wconf 84' lang='lat' dir='ltr'><strong>signi</strong></span> 
     </span>
    </p>
   </div>
   <div class='ocr_carea' id='block_1_118' title="bbox 2139 5811 3718 5885">
    <p class='ocr_par' dir='ltr' id='par_1_118' title="bbox 2139 5811 3718 5885">
     <span class='ocr_line' id='line_1_118' title="bbox 2139 5811 3718 5885; baseline 0 -18"><span class='ocrx_word' id='word_1_879' title='bbox 2139 5811 2365 5868; x_wconf 80' lang='lat' dir='ltr'><strong>licanda:</strong></span> <span class='ocrx_word' id='word_1_880' title='bbox 2398 5812 2671 5869; x_wconf 58' lang='lat' dir='ltr'><strong>distantia;</strong></span> <span class='ocrx_word' id='word_1_881' title='bbox 2719 5830 2883 5870; x_wconf 89' lang='lat' dir='ltr'><strong>causa</strong></span> <span class='ocrx_word' id='word_1_882' title='bbox 2942 5815 3186 5885; x_wconf 81' lang='lat' dir='ltr'><strong>mystice,</strong></span> <span class='ocrx_word' id='word_1_883' title='bbox 3221 5825 3282 5869; x_wconf 91' lang='lat' dir='ltr'><strong>ut</strong></span> <span class='ocrx_word' id='word_1_884' title='bbox 3338 5830 3484 5880; x_wconf 88' lang='lat' dir='ltr'><strong>reor,</strong></span> <span class='ocrx_word' id='word_1_885' title='bbox 3537 5814 3589 5868; x_wconf 92' lang='lat' dir='ltr'><strong>in</strong></span> <span class='ocrx_word' id='word_1_886' title='bbox 3639 5815 3718 5867; x_wconf 83' lang='lat' dir='ltr'><strong>in-</strong></span> 
     </span>
    </p>
   </div>
  </div>
