  <div class='ocr_page' id='page_1' title='image "/cluster/home/n/w/nwhite01/storage/ocr_20150623/157/hvd.32044010248185/614.png"; bbox 0 0 3970 6438; ppageno 0'>
   <div class='ocr_carea' id='block_1_1' title="bbox 289 384 425 441">
    <p class='ocr_par' dir='ltr' id='par_1_1' title="bbox 289 384 425 441">
     <span class='ocr_line' id='line_1_1' title="bbox 289 384 425 441; baseline 0 -2"><span class='ocrx_word' id='word_1_1' title='bbox 289 384 425 441; x_wconf 63' lang='lat' dir='ltr'><strong>lii?</strong></span> 
     </span>
    </p>
   </div>
   <div class='ocr_carea' id='block_1_2' title="bbox 1252 374 2676 435">
    <p class='ocr_par' dir='ltr' id='par_1_2' title="bbox 1252 374 2676 435">
     <span class='ocr_line' id='line_1_2' title="bbox 1252 374 2676 435; baseline 0 -5"><span class='ocrx_word' id='word_1_2' title='bbox 1252 375 1824 435; x_wconf 75' lang='lat' dir='ltr'><strong>DEFI.ORATIONES</strong></span> <span class='ocrx_word' id='word_1_3' title='bbox 1859 379 1959 435; x_wconf 80' lang='lat' dir='ltr'><strong>SS.</strong></span> <span class='ocrx_word' id='word_1_4' title='bbox 2001 377 2309 433; x_wconf 68' lang='lat' dir='ltr'><strong>PATRUM.</strong></span> <span class='ocrx_word' id='word_1_5' title='bbox 2346 407 2418 416; x_wconf 91' lang='lat'><strong>-—</strong></span> <span class='ocrx_word' id='word_1_6' title='bbox 2443 376 2571 431; x_wconf 85' lang='lat' dir='ltr'><strong>LIB.</strong></span> <span class='ocrx_word' id='word_1_7' title='bbox 2614 374 2676 431; x_wconf 86' lang='lat' dir='ltr'><strong>ll.</strong></span> 
     </span>
    </p>
   </div>
   <div class='ocr_carea' id='block_1_3' title="bbox 3420 373 3558 430">
    <p class='ocr_par' dir='ltr' id='par_1_3' title="bbox 3420 373 3558 430">
     <span class='ocr_line' id='line_1_3' title="bbox 3420 373 3558 430; baseline -0.014 0"><span class='ocrx_word' id='word_1_8' title='bbox 3420 373 3558 430; x_wconf 64' lang='lat' dir='ltr'><strong>litis</strong></span> 
     </span>
    </p>
   </div>
   <div class='ocr_carea' id='block_1_4' title="bbox 282 486 3551 567">
    <p class='ocr_par' dir='ltr' id='par_1_4' title="bbox 282 486 3551 567">
     <span class='ocr_line' id='line_1_4' title="bbox 282 486 3551 567; baseline -0.005 -9"><span class='ocrx_word' id='word_1_9' title='bbox 282 500 450 558; x_wconf 59' lang='lat' dir='ltr'><strong>troitu</strong></span> <span class='ocrx_word' id='word_1_10' title='bbox 533 495 757 567; x_wconf 84' lang='lat' dir='ltr'><strong>quidem</strong></span> <span class='ocrx_word' id='word_1_11' title='bbox 837 489 1199 557; x_wconf 78' lang='lat' dir='ltr'><strong>tabernaculi,</strong></span> <span class='ocrx_word' id='word_1_12' title='bbox 1259 490 1505 562; x_wconf 92' lang='lat' dir='ltr'><strong>quinque</strong></span> <span class='ocrx_word' id='word_1_13' title='bbox 1582 490 2228 560; x_wconf 70' lang='lat' dir='ltr'><strong>columnasAinquieus</strong></span> <span class='ocrx_word' id='word_1_14' title='bbox 2310 489 2610 559; x_wconf 75' lang='lat' dir='ltr'><strong>praecessit,</strong></span> <span class='ocrx_word' id='word_1_15' title='bbox 2659 488 2776 544; x_wconf 88' lang='lat' dir='ltr'><strong>dies</strong></span> <span class='ocrx_word' id='word_1_16' title='bbox 2840 498 3022 544; x_wconf 89' lang='lat' dir='ltr'><strong>autem</strong></span> <span class='ocrx_word' id='word_1_17' title='bbox 3073 486 3551 559; x_wconf 81' lang='lat' dir='ltr'><strong>apprOpinquahit.</strong></span> 
     </span>
    </p>
   </div>
   <div class='ocr_carea' id='block_1_5' title="bbox 293 583 1865 653">
    <p class='ocr_par' dir='ltr' id='par_1_5' title="bbox 293 583 1865 653">
     <span class='ocr_line' id='line_1_5' title="bbox 293 583 1865 653; baseline -0.006 -6"><span class='ocrx_word' id='word_1_18' title='bbox 293 595 609 653; x_wconf 88' lang='lat' dir='ltr'><strong>deauratas,</strong></span> <span class='ocrx_word' id='word_1_19' title='bbox 684 593 810 640; x_wconf 89' lang='lat' dir='ltr'><strong>ante</strong></span> <span class='ocrx_word' id='word_1_20' title='bbox 860 584 1147 638; x_wconf 84' lang='lat' dir='ltr'><strong>oraculum</strong></span> <span class='ocrx_word' id='word_1_21' title='bbox 1212 598 1361 647; x_wconf 86' lang='lat' dir='ltr'><strong>vero,</strong></span> <span class='ocrx_word' id='word_1_22' title='bbox 1423 583 1476 637; x_wconf 89' lang='lat' dir='ltr'><strong>id</strong></span> <span class='ocrx_word' id='word_1_23' title='bbox 1516 591 1602 637; x_wconf 89' lang='lat' dir='ltr'><strong>est</strong></span> <span class='ocrx_word' id='word_1_24' title='bbox 1672 592 1865 639; x_wconf 91' lang='lat' dir='ltr'><strong>sancta</strong></span> 
     </span>
    </p>
   </div>
   <div class='ocr_carea' id='block_1_6' title="bbox 285 676 1873 748">
    <p class='ocr_par' dir='ltr' id='par_1_6' title="bbox 285 676 1873 748">
     <span class='ocr_line' id='line_1_6' title="bbox 285 676 1873 748; baseline -0.004 -9"><span class='ocrx_word' id='word_1_25' title='bbox 285 693 627 747; x_wconf 80' lang='lat' dir='ltr'><strong>sanctorum,</strong></span> <span class='ocrx_word' id='word_1_26' title='bbox 670 687 909 748; x_wconf 77' lang='lat' dir='ltr'><strong>quatuor</strong></span> <span class='ocrx_word' id='word_1_27' title='bbox 934 677 1049 731; x_wconf 84' lang='lat' dir='ltr'><strong>fieri</strong></span> <span class='ocrx_word' id='word_1_28' title='bbox 1068 680 1254 747; x_wconf 89' lang='lat' dir='ltr'><strong>jussas</strong></span> <span class='ocrx_word' id='word_1_29' title='bbox 1281 676 1479 745; x_wconf 77' lang='lat' dir='ltr'><strong>(Exod.</strong></span> <span class='ocrx_word' id='word_1_30' title='bbox 1505 678 1717 747; x_wconf 80' lang='lat' dir='ltr'><strong>xxxvi),</strong></span> <span class='ocrx_word' id='word_1_31' title='bbox 1744 677 1873 747; x_wconf 83' lang='lat' dir='ltr'><strong>quia</strong></span> 
     </span>
    </p>
   </div>
   <div class='ocr_carea' id='block_1_7' title="bbox 282 768 1872 840">
    <p class='ocr_par' dir='ltr' id='par_1_7' title="bbox 282 768 1872 840">
     <span class='ocr_line' id='line_1_7' title="bbox 282 768 1872 840; baseline -0.003 -12"><span class='ocrx_word' id='word_1_32' title='bbox 282 775 535 829; x_wconf 84' lang='lat' dir='ltr'><strong>videlicet</strong></span> <span class='ocrx_word' id='word_1_33' title='bbox 559 770 881 840; x_wconf 80' lang='lat' dir='ltr'><strong>incipientes</strong></span> <span class='ocrx_word' id='word_1_34' title='bbox 905 785 1001 839; x_wconf 89' lang='lat' dir='ltr'><strong>per</strong></span> <span class='ocrx_word' id='word_1_35' title='bbox 1032 770 1201 839; x_wconf 83' lang='lat' dir='ltr'><strong>legem</strong></span> <span class='ocrx_word' id='word_1_36' title='bbox 1225 768 1560 838; x_wconf 74' lang='lat' dir='ltr'><strong>castigantur</strong></span> <span class='ocrx_word' id='word_1_37' title='bbox 1589 810 1603 835; x_wconf 93' lang='lat'><strong>,</strong></span> <span class='ocrx_word' id='word_1_38' title='bbox 1645 768 1872 838; x_wconf 78' lang='lat' dir='ltr'><strong>perfecti</strong></span> 
     </span>
    </p>
   </div>
   <div class='ocr_carea' id='block_1_8' title="bbox 284 858 1872 934">
    <p class='ocr_par' dir='ltr' id='par_1_8' title="bbox 284 858 1872 934">
     <span class='ocr_line' id='line_1_8' title="bbox 284 858 1872 934; baseline -0.005 -13"><span class='ocrx_word' id='word_1_39' title='bbox 284 877 466 922; x_wconf 82' lang='lat' dir='ltr'><strong>autem</strong></span> <span class='ocrx_word' id='word_1_40' title='bbox 496 880 592 934; x_wconf 84' lang='lat' dir='ltr'><strong>per</strong></span> <span class='ocrx_word' id='word_1_41' title='bbox 618 864 848 934; x_wconf 89' lang='lat' dir='ltr'><strong>gratiam</strong></span> <span class='ocrx_word' id='word_1_42' title='bbox 875 871 933 915; x_wconf 91' lang='lat' dir='ltr'><strong>ut</strong></span> <span class='ocrx_word' id='word_1_43' title='bbox 961 861 1208 915; x_wconf 82' lang='lat' dir='ltr'><strong>devotius</strong></span> <span class='ocrx_word' id='word_1_44' title='bbox 1232 858 1342 914; x_wconf 91' lang='lat' dir='ltr'><strong>Deo</strong></span> <span class='ocrx_word' id='word_1_45' title='bbox 1373 858 1872 914; x_wconf 85' lang='lat' dir='ltr'><strong>vivantadmouen-</strong></span> 
     </span>
    </p>
   </div>
   <div class='ocr_carea' id='block_1_9' title="bbox 284 950 1870 1026">
    <p class='ocr_par' dir='ltr' id='par_1_9' title="bbox 284 950 1870 1026">
     <span class='ocr_line' id='line_1_9' title="bbox 284 950 1870 1026; baseline -0.003 -14"><span class='ocrx_word' id='word_1_46' title='bbox 284 965 393 1012; x_wconf 91' lang='lat' dir='ltr'><strong>tur.</strong></span> <span class='ocrx_word' id='word_1_47' title='bbox 423 955 625 1026; x_wconf 77' lang='lat' dir='ltr'><strong>Typiee</strong></span> <span class='ocrx_word' id='word_1_48' title='bbox 673 969 770 1023; x_wconf 90' lang='lat' dir='ltr'><strong>per</strong></span> <span class='ocrx_word' id='word_1_49' title='bbox 801 961 1049 1017; x_wconf 89' lang='lat' dir='ltr'><strong>cantum,</strong></span> <span class='ocrx_word' id='word_1_50' title='bbox 1086 952 1180 1021; x_wconf 88' lang='lat' dir='ltr'><strong>qui</strong></span> <span class='ocrx_word' id='word_1_51' title='bbox 1228 959 1523 1005; x_wconf 91' lang='lat' dir='ltr'><strong>renovatur</strong></span> <span class='ocrx_word' id='word_1_52' title='bbox 1568 950 1622 1004; x_wconf 91' lang='lat' dir='ltr'><strong>in</strong></span> <span class='ocrx_word' id='word_1_53' title='bbox 1674 960 1870 1020; x_wconf 86' lang='lat' dir='ltr'><strong>quarta</strong></span> 
     </span>
    </p>
   </div>
   <div class='ocr_carea' id='block_1_10' title="bbox 285 1042 1867 1112">
    <p class='ocr_par' dir='ltr' id='par_1_10' title="bbox 285 1042 1867 1112">
     <span class='ocr_line' id='line_1_10' title="bbox 285 1042 1867 1112; baseline -0.004 -9"><span class='ocrx_word' id='word_1_54' title='bbox 285 1057 410 1103; x_wconf 89' lang='lat' dir='ltr'><strong>ante</strong></span> <span class='ocrx_word' id='word_1_55' title='bbox 450 1046 801 1100; x_wconf 74' lang='lat' dir='ltr'><strong>Nativitatem</strong></span> <span class='ocrx_word' id='word_1_56' title='bbox 888 1043 1105 1097; x_wconf 85' lang='lat' dir='ltr'><strong>Domini</strong></span> <span class='ocrx_word' id='word_1_57' title='bbox 1189 1042 1548 1107; x_wconf 87' lang='lat' dir='ltr'><strong>hebdomada,</strong></span> <span class='ocrx_word' id='word_1_58' title='bbox 1587 1043 1867 1112; x_wconf 78' lang='lat' dir='ltr'><strong>gentilium</strong></span> 
     </span>
    </p>
   </div>
   <div class='ocr_carea' id='block_1_11' title="bbox 284 1133 1869 1207">
    <p class='ocr_par' dir='ltr' id='par_1_11' title="bbox 284 1133 1869 1207">
     <span class='ocr_line' id='line_1_11' title="bbox 284 1133 1869 1207; baseline -0.004 -12"><span class='ocrx_word' id='word_1_59' title='bbox 284 1140 551 1195; x_wconf 88' lang='lat' dir='ltr'><strong>mentium</strong></span> <span class='ocrx_word' id='word_1_60' title='bbox 578 1137 965 1207; x_wconf 82' lang='lat' dir='ltr'><strong>perfectionem</strong></span> <span class='ocrx_word' id='word_1_61' title='bbox 1004 1134 1375 1204; x_wconf 80' lang='lat' dir='ltr'><strong>intelligimus.</strong></span> <span class='ocrx_word' id='word_1_62' title='bbox 1410 1133 1465 1187; x_wconf 88' lang='lat' dir='ltr'><strong>Si</strong></span> <span class='ocrx_word' id='word_1_63' title='bbox 1498 1149 1594 1203; x_wconf 81' lang='lat' dir='ltr'><strong>per</strong></span> <span class='ocrx_word' id='word_1_64' title='bbox 1627 1135 1869 1205; x_wconf 90' lang='lat' dir='ltr'><strong>quinque</strong></span> 
     </span>
    </p>
   </div>
   <div class='ocr_carea' id='block_1_12' title="bbox 289 1225 1868 1294">
    <p class='ocr_par' dir='ltr' id='par_1_12' title="bbox 289 1225 1868 1294">
     <span class='ocr_line' id='line_1_12' title="bbox 289 1225 1868 1294; baseline -0.004 -8"><span class='ocrx_word' id='word_1_65' title='bbox 289 1232 659 1286; x_wconf 81' lang='lat' dir='ltr'><strong>hebdomadas</strong></span> <span class='ocrx_word' id='word_1_66' title='bbox 686 1229 762 1283; x_wconf 88' lang='lat' dir='ltr'><strong>illi</strong></span> <span class='ocrx_word' id='word_1_67' title='bbox 798 1227 1172 1293; x_wconf 77' lang='lat' dir='ltr'><strong>intelliguntur</strong></span> <span class='ocrx_word' id='word_1_68' title='bbox 1204 1225 1294 1294; x_wconf 84' lang='lat' dir='ltr'><strong>qui</strong></span> <span class='ocrx_word' id='word_1_69' title='bbox 1344 1226 1523 1279; x_wconf 74' lang='lat' dir='ltr'><strong>adhuc</strong></span> <span class='ocrx_word' id='word_1_70' title='bbox 1551 1226 1868 1294; x_wconf 70' lang='lat' dir='ltr'><strong>paenitentia</strong></span> 
     </span>
    </p>
   </div>
   <div class='ocr_carea' id='block_1_13' title="bbox 282 1318 1868 1392">
    <p class='ocr_par' dir='ltr' id='par_1_13' title="bbox 282 1318 1868 1392">
     <span class='ocr_line' id='line_1_13' title="bbox 282 1318 1868 1392; baseline -0.003 -15"><span class='ocrx_word' id='word_1_71' title='bbox 282 1323 568 1392; x_wconf 78' lang='lat' dir='ltr'><strong>deplorant</strong></span> <span class='ocrx_word' id='word_1_72' title='bbox 591 1321 827 1375; x_wconf 82' lang='lat' dir='ltr'><strong>recentia</strong></span> <span class='ocrx_word' id='word_1_73' title='bbox 859 1327 1098 1388; x_wconf 65' lang='lat' dir='ltr'><strong>peccata,</strong></span> <span class='ocrx_word' id='word_1_74' title='bbox 1132 1318 1325 1371; x_wconf 90' lang='lat' dir='ltr'><strong>merito</strong></span> <span class='ocrx_word' id='word_1_75' title='bbox 1351 1332 1445 1385; x_wconf 89' lang='lat' dir='ltr'><strong>per</strong></span> <span class='ocrx_word' id='word_1_76' title='bbox 1473 1327 1708 1386; x_wconf 81' lang='lat' dir='ltr'><strong>quatuor</strong></span> <span class='ocrx_word' id='word_1_77' title='bbox 1737 1318 1868 1372; x_wconf 87' lang='lat' dir='ltr'><strong>heb-</strong></span> 
     </span>
    </p>
   </div>
   <div class='ocr_carea' id='block_1_14' title="bbox 281 1409 1869 1481">
    <p class='ocr_par' dir='ltr' id='par_1_14' title="bbox 281 1409 1869 1481">
     <span class='ocr_line' id='line_1_14' title="bbox 281 1409 1869 1481; baseline -0.003 -14"><span class='ocrx_word' id='word_1_78' title='bbox 281 1415 549 1468; x_wconf 89' lang='lat' dir='ltr'><strong>domadas</strong></span> <span class='ocrx_word' id='word_1_79' title='bbox 570 1428 667 1468; x_wconf 86' lang='lat' dir='ltr'><strong>eos</strong></span> <span class='ocrx_word' id='word_1_80' title='bbox 700 1410 1054 1481; x_wconf 76' lang='lat' dir='ltr'><strong>intelligimus</strong></span> <span class='ocrx_word' id='word_1_81' title='bbox 1086 1409 1180 1477; x_wconf 91' lang='lat' dir='ltr'><strong>qui</strong></span> <span class='ocrx_word' id='word_1_82' title='bbox 1212 1409 1411 1477; x_wconf 84' lang='lat' dir='ltr'><strong>gaudio</strong></span> <span class='ocrx_word' id='word_1_83' title='bbox 1463 1410 1695 1477; x_wconf 77' lang='lat' dir='ltr'><strong>spiritali</strong></span> <span class='ocrx_word' id='word_1_84' title='bbox 1740 1424 1869 1479; x_wconf 81' lang='lat' dir='ltr'><strong>pro—</strong></span> 
     </span>
    </p>
   </div>
   <div class='ocr_carea' id='block_1_15' title="bbox 280 1499 1862 1560">
    <p class='ocr_par' dir='ltr' id='par_1_15' title="bbox 280 1499 1862 1560">
     <span class='ocr_line' id='line_1_15' title="bbox 280 1499 1862 1560; baseline -0.002 -2"><span class='ocrx_word' id='word_1_85' title='bbox 280 1506 472 1560; x_wconf 84' lang='lat' dir='ltr'><strong>ficiunt</strong></span> <span class='ocrx_word' id='word_1_86' title='bbox 517 1505 586 1560; x_wconf 89' lang='lat' dir='ltr'><strong>de</strong></span> <span class='ocrx_word' id='word_1_87' title='bbox 653 1505 855 1557; x_wconf 91' lang='lat' dir='ltr'><strong>virtute</strong></span> <span class='ocrx_word' id='word_1_88' title='bbox 922 1503 977 1556; x_wconf 91' lang='lat' dir='ltr'><strong>iu</strong></span> <span class='ocrx_word' id='word_1_89' title='bbox 1046 1503 1323 1556; x_wconf 83' lang='lat' dir='ltr'><strong>virtutem.</strong></span> <span class='ocrx_word' id='word_1_90' title='bbox 1356 1499 1447 1554; x_wconf 91' lang='lat' dir='ltr'><strong>Isti</strong></span> <span class='ocrx_word' id='word_1_91' title='bbox 1478 1500 1589 1553; x_wconf 92' lang='lat' dir='ltr'><strong>duo</strong></span> <span class='ocrx_word' id='word_1_92' title='bbox 1638 1499 1862 1555; x_wconf 86' lang='lat' dir='ltr'><strong>ordines</strong></span> 
     </span>
    </p>
   </div>
   <div class='ocr_carea' id='block_1_16' title="bbox 282 1593 1862 1665">
    <p class='ocr_par' dir='ltr' id='par_1_16' title="bbox 282 1593 1862 1665">
     <span class='ocr_line' id='line_1_16' title="bbox 282 1593 1862 1665; baseline -0.006 -9"><span class='ocrx_word' id='word_1_93' title='bbox 282 1603 505 1658; x_wconf 82' lang='lat' dir='ltr'><strong>fuerunt</strong></span> <span class='ocrx_word' id='word_1_94' title='bbox 534 1604 589 1658; x_wconf 93' lang='lat' dir='ltr'><strong>in</strong></span> <span class='ocrx_word' id='word_1_95' title='bbox 637 1601 819 1657; x_wconf 78' lang='lat' dir='ltr'><strong>Veteri</strong></span> <span class='ocrx_word' id='word_1_96' title='bbox 857 1599 1229 1665; x_wconf 85' lang='lat' dir='ltr'><strong>Testamento,</strong></span> <span class='ocrx_word' id='word_1_97' title='bbox 1262 1597 1351 1653; x_wconf 83' lang='lat' dir='ltr'><strong>isti</strong></span> <span class='ocrx_word' id='word_1_98' title='bbox 1381 1604 1543 1661; x_wconf 91' lang='lat' dir='ltr'><strong>sunt,</strong></span> <span class='ocrx_word' id='word_1_99' title='bbox 1574 1603 1629 1649; x_wconf 90' lang='lat' dir='ltr'><strong>et</strong></span> <span class='ocrx_word' id='word_1_100' title='bbox 1679 1593 1862 1648; x_wconf 91' lang='lat' dir='ltr'><strong>modo.</strong></span> 
     </span>
    </p>
   </div>
   <div class='ocr_carea' id='block_1_17' title="bbox 280 1684 1866 1761">
    <p class='ocr_par' dir='ltr' id='par_1_17' title="bbox 280 1684 1866 1761">
     <span class='ocr_line' id='line_1_17' title="bbox 280 1684 1866 1761; baseline -0.007 -12"><span class='ocrx_word' id='word_1_101' title='bbox 280 1694 589 1751; x_wconf 86' lang='lat' dir='ltr'><strong>Renovatio</strong></span> <span class='ocrx_word' id='word_1_102' title='bbox 618 1703 812 1750; x_wconf 89' lang='lat' dir='ltr'><strong>cantus</strong></span> <span class='ocrx_word' id='word_1_103' title='bbox 842 1692 1113 1761; x_wconf 71' lang='lat' dir='ltr'><strong>significat</strong></span> <span class='ocrx_word' id='word_1_104' title='bbox 1151 1690 1409 1761; x_wconf 84' lang='lat' dir='ltr'><strong>gaudium</strong></span> <span class='ocrx_word' id='word_1_105' title='bbox 1441 1688 1739 1743; x_wconf 86' lang='lat' dir='ltr'><strong>electorum</strong></span> <span class='ocrx_word' id='word_1_106' title='bbox 1769 1684 1866 1755; x_wconf 89' lang='lat' dir='ltr'><strong>qui</strong></span> 
     </span>
    </p>
   </div>
   <div class='ocr_carea' id='block_1_18' title="bbox 279 1776 1860 1856">
    <p class='ocr_par' dir='ltr' id='par_1_18' title="bbox 279 1776 1860 1856">
     <span class='ocr_line' id='line_1_18' title="bbox 279 1776 1860 1856; baseline -0.006 -16"><span class='ocrx_word' id='word_1_107' title='bbox 279 1787 525 1854; x_wconf 82' lang='lat' dir='ltr'><strong>gaudent</strong></span> <span class='ocrx_word' id='word_1_108' title='bbox 574 1785 867 1856; x_wconf 89' lang='lat' dir='ltr'><strong>plurimum</strong></span> <span class='ocrx_word' id='word_1_109' title='bbox 911 1783 966 1838; x_wconf 91' lang='lat' dir='ltr'><strong>iu</strong></span> <span class='ocrx_word' id='word_1_110' title='bbox 1019 1783 1255 1837; x_wconf 89' lang='lat' dir='ltr'><strong>adventu</strong></span> <span class='ocrx_word' id='word_1_111' title='bbox 1299 1779 1513 1835; x_wconf 89' lang='lat' dir='ltr'><strong>Domini</strong></span> <span class='ocrx_word' id='word_1_112' title='bbox 1542 1776 1721 1833; x_wconf 86' lang='lat' dir='ltr'><strong>dilecti</strong></span> <span class='ocrx_word' id='word_1_113' title='bbox 1755 1777 1860 1832; x_wconf 90' lang='lat' dir='ltr'><strong>sui.</strong></span> 
     </span>
    </p>
   </div>
   <div class='ocr_carea' id='block_1_19' title="bbox 1975 581 3558 653">
    <p class='ocr_par' dir='ltr' id='par_1_19' title="bbox 1975 581 3558 653">
     <span class='ocr_line' id='line_1_19' title="bbox 1975 581 3558 653; baseline 0 -19"><span class='ocrx_word' id='word_1_114' title='bbox 1975 582 2318 652; x_wconf 80' lang='lat' dir='ltr'><strong>Abjiciam‘us</strong></span> <span class='ocrx_word' id='word_1_115' title='bbox 2362 597 2494 653; x_wconf 90' lang='lat' dir='ltr'><strong>ergo</strong></span> <span class='ocrx_word' id='word_1_116' title='bbox 2545 597 2711 652; x_wconf 90' lang='lat' dir='ltr'><strong>opera</strong></span> <span class='ocrx_word' id='word_1_117' title='bbox 2744 583 3118 646; x_wconf 83' lang='lat' dir='ltr'><strong>tenebrarum,</strong></span> <span class='ocrx_word' id='word_1_118' title='bbox 3178 588 3233 636; x_wconf 90' lang='lat' dir='ltr'><strong>et</strong></span> <span class='ocrx_word' id='word_1_119' title='bbox 3261 581 3558 636; x_wconf 90' lang='lat' dir='ltr'><strong>induamur</strong></span> 
     </span>
    </p>
   </div>
   <div class='ocr_carea' id='block_1_20' title="bbox 1975 671 3556 737">
    <p class='ocr_par' dir='ltr' id='par_1_20' title="bbox 1975 671 3556 737">
     <span class='ocr_line' id='line_1_20' title="bbox 1975 671 3556 737; baseline -0.001 -12"><span class='ocrx_word' id='word_1_120' title='bbox 1975 687 2128 725; x_wconf 89' lang='lat' dir='ltr'><strong>arma</strong></span> <span class='ocrx_word' id='word_1_121' title='bbox 2156 672 2315 736; x_wconf 90' lang='lat' dir='ltr'><strong>lucis,</strong></span> <span class='ocrx_word' id='word_1_122' title='bbox 2349 671 2493 727; x_wconf 83' lang='lat' dir='ltr'><strong>sicut</strong></span> <span class='ocrx_word' id='word_1_123' title='bbox 2527 672 2580 725; x_wconf 90' lang='lat' dir='ltr'><strong>in</strong></span> <span class='ocrx_word' id='word_1_124' title='bbox 2611 671 2699 726; x_wconf 92' lang='lat' dir='ltr'><strong>die</strong></span> <span class='ocrx_word' id='word_1_125' title='bbox 2744 672 2973 727; x_wconf 86' lang='lat' dir='ltr'><strong>honeste</strong></span> <span class='ocrx_word' id='word_1_126' title='bbox 3025 671 3392 737; x_wconf 83' lang='lat' dir='ltr'><strong>ambulemus,</strong></span> <span class='ocrx_word' id='word_1_127' title='bbox 3447 686 3556 725; x_wconf 86' lang='lat' dir='ltr'><strong>non</strong></span> 
     </span>
    </p>
   </div>
   <div class='ocr_carea' id='block_1_21' title="bbox 1975 763 3556 832">
    <p class='ocr_par' dir='ltr' id='par_1_21' title="bbox 1975 763 3556 832">
     <span class='ocr_line' id='line_1_21' title="bbox 1975 763 3556 832; baseline -0.001 -15"><span class='ocrx_word' id='word_1_128' title='bbox 1975 765 2029 818; x_wconf 93' lang='lat' dir='ltr'><strong>in</strong></span> <span class='ocrx_word' id='word_1_129' title='bbox 2087 765 2581 821; x_wconf 87' lang='lat' dir='ltr'><strong>eomessationibus</strong></span> <span class='ocrx_word' id='word_1_130' title='bbox 2629 774 2685 820; x_wconf 90' lang='lat' dir='ltr'><strong>et</strong></span> <span class='ocrx_word' id='word_1_131' title='bbox 2727 765 3102 832; x_wconf 83' lang='lat' dir='ltr'><strong>ebrietatibus,</strong></span> <span class='ocrx_word' id='word_1_132' title='bbox 3139 780 3246 819; x_wconf 90' lang='lat' dir='ltr'><strong>non</strong></span> <span class='ocrx_word' id='word_1_133' title='bbox 3295 763 3351 818; x_wconf 90' lang='lat' dir='ltr'><strong>in</strong></span> <span class='ocrx_word' id='word_1_134' title='bbox 3395 764 3556 819; x_wconf 86' lang='lat' dir='ltr'><strong>cubi-</strong></span> 
     </span>
    </p>
   </div>
   <div class='ocr_carea' id='block_1_22' title="bbox 1975 857 3556 927">
    <p class='ocr_par' dir='ltr' id='par_1_22' title="bbox 1975 857 3556 927">
     <span class='ocr_line' id='line_1_22' title="bbox 1975 857 3556 927; baseline 0.001 -18"><span class='ocrx_word' id='word_1_135' title='bbox 1975 857 2118 911; x_wconf 86' lang='lat' dir='ltr'><strong>libus</strong></span> <span class='ocrx_word' id='word_1_136' title='bbox 2150 866 2204 912; x_wconf 88' lang='lat' dir='ltr'><strong>et</strong></span> <span class='ocrx_word' id='word_1_137' title='bbox 2235 857 2610 927; x_wconf 84' lang='lat' dir='ltr'><strong>impudicitiis,</strong></span> <span class='ocrx_word' id='word_1_138' title='bbox 2658 872 2766 911; x_wconf 91' lang='lat' dir='ltr'><strong>non</strong></span> <span class='ocrx_word' id='word_1_139' title='bbox 2794 859 2847 911; x_wconf 92' lang='lat' dir='ltr'><strong>in</strong></span> <span class='ocrx_word' id='word_1_140' title='bbox 2888 858 3236 912; x_wconf 90' lang='lat' dir='ltr'><strong>contentione</strong></span> <span class='ocrx_word' id='word_1_141' title='bbox 3283 866 3339 911; x_wconf 91' lang='lat' dir='ltr'><strong>et</strong></span> <span class='ocrx_word' id='word_1_142' title='bbox 3384 873 3556 912; x_wconf 66' lang='lat' dir='ltr'><strong>temu-</strong></span> 
     </span>
    </p>
   </div>
   <div class='ocr_carea' id='block_1_23' title="bbox 1972 948 3556 1017">
    <p class='ocr_par' dir='ltr' id='par_1_23' title="bbox 1972 948 3556 1017">
     <span class='ocr_line' id='line_1_23' title="bbox 1972 948 3556 1017; baseline 0.001 -15"><span class='ocrx_word' id='word_1_143' title='bbox 1972 949 2208 1017; x_wconf 88' lang='lat' dir='ltr'><strong>latione;</strong></span> <span class='ocrx_word' id='word_1_144' title='bbox 2272 951 2365 1005; x_wconf 90' lang='lat' dir='ltr'><strong>sed</strong></span> <span class='ocrx_word' id='word_1_145' title='bbox 2420 949 2713 1004; x_wconf 73' lang='lat' dir='ltr'><strong>induantur</strong></span> <span class='ocrx_word' id='word_1_146' title='bbox 2741 949 3029 1005; x_wconf 91' lang='lat' dir='ltr'><strong>Dominum</strong></span> <span class='ocrx_word' id='word_1_147' title='bbox 3069 960 3316 1004; x_wconf 90' lang='lat' dir='ltr'><strong>nostrum</strong></span> <span class='ocrx_word' id='word_1_148' title='bbox 3364 948 3556 1003; x_wconf 83' lang='lat' dir='ltr'><strong>Jesum</strong></span> 
     </span>
    </p>
   </div>
   <div class='ocr_carea' id='block_1_24' title="bbox 1972 1041 3554 1113">
    <p class='ocr_par' dir='ltr' id='par_1_24' title="bbox 1972 1041 3554 1113">
     <span class='ocr_line' id='line_1_24' title="bbox 1972 1041 3554 1113; baseline 0.001 -17"><span class='ocrx_word' id='word_1_149' title='bbox 1972 1041 2249 1097; x_wconf 85' lang='lat' dir='ltr'><strong>Christum</strong></span> <span class='ocrx_word' id='word_1_150' title='bbox 2309 1041 2483 1111; x_wconf 86' lang='lat' dir='ltr'><strong>(Rom.</strong></span> <span class='ocrx_word' id='word_1_151' title='bbox 2536 1046 2679 1113; x_wconf 81' lang='lat' dir='ltr'><strong>xm).</strong></span> <span class='ocrx_word' id='word_1_152' title='bbox 2717 1042 2808 1098; x_wconf 90' lang='lat' dir='ltr'><strong>Sic</strong></span> <span class='ocrx_word' id='word_1_153' title='bbox 2865 1059 2960 1113; x_wconf 89' lang='lat' dir='ltr'><strong>per</strong></span> <span class='ocrx_word' id='word_1_154' title='bbox 3016 1044 3200 1113; x_wconf 89' lang='lat' dir='ltr'><strong>plures</strong></span> <span class='ocrx_word' id='word_1_155' title='bbox 3251 1043 3474 1097; x_wconf 87' lang='lat' dir='ltr'><strong>nuntios</strong></span> <span class='ocrx_word' id='word_1_156' title='bbox 3500 1052 3554 1097; x_wconf 90' lang='lat' dir='ltr'><strong>et</strong></span> 
     </span>
    </p>
   </div>
   <div class='ocr_carea' id='block_1_25' title="bbox 1971 1133 3553 1207">
    <p class='ocr_par' dir='ltr' id='par_1_25' title="bbox 1971 1133 3553 1207">
     <span class='ocr_line' id='line_1_25' title="bbox 1971 1133 3553 1207; baseline 0 -20"><span class='ocrx_word' id='word_1_157' title='bbox 1971 1133 2369 1203; x_wconf 86' lang='lat' dir='ltr'><strong>frequentiores</strong></span> <span class='ocrx_word' id='word_1_158' title='bbox 2391 1144 2642 1190; x_wconf 78' lang='lat' dir='ltr'><strong>movetur</strong></span> <span class='ocrx_word' id='word_1_159' title='bbox 2671 1136 2844 1205; x_wconf 85' lang='lat' dir='ltr'><strong>magis</strong></span> <span class='ocrx_word' id='word_1_160' title='bbox 2870 1151 2934 1189; x_wconf 87' lang='lat' dir='ltr'><strong>ac</strong></span> <span class='ocrx_word' id='word_1_161' title='bbox 2970 1135 3142 1207; x_wconf 84' lang='lat' dir='ltr'><strong>magis</strong></span> <span class='ocrx_word' id='word_1_162' title='bbox 3172 1136 3391 1188; x_wconf 87' lang='lat' dir='ltr'><strong>animus</strong></span> <span class='ocrx_word' id='word_1_163' title='bbox 3423 1135 3553 1187; x_wconf 57' lang='lat' dir='ltr'><strong>sub-</strong></span> 
     </span>
    </p>
   </div>
   <div class='ocr_carea' id='block_1_26' title="bbox 1970 1225 3554 1296">
    <p class='ocr_par' dir='ltr' id='par_1_26' title="bbox 1970 1225 3554 1296">
     <span class='ocr_line' id='line_1_26' title="bbox 1970 1225 3554 1296; baseline 0.001 -18"><span class='ocrx_word' id='word_1_164' title='bbox 1970 1226 2067 1279; x_wconf 90' lang='lat' dir='ltr'><strong>diti</strong></span> <span class='ocrx_word' id='word_1_165' title='bbox 2118 1226 2184 1279; x_wconf 90' lang='lat' dir='ltr'><strong>ad</strong></span> <span class='ocrx_word' id='word_1_166' title='bbox 2238 1225 2662 1280; x_wconf 83' lang='lat' dir='ltr'><strong>sollicitudinem</strong></span> <span class='ocrx_word' id='word_1_167' title='bbox 2713 1227 3044 1295; x_wconf 83' lang='lat' dir='ltr'><strong>suscipiendi</strong></span> <span class='ocrx_word' id='word_1_168' title='bbox 3074 1227 3409 1296; x_wconf 68' lang='lat' dir='ltr'><strong>.prtelatum,</strong></span> <span class='ocrx_word' id='word_1_169' title='bbox 3478 1226 3554 1279; x_wconf 75' lang='lat' dir='ltr'><strong>ita</strong></span> 
     </span>
    </p>
   </div>
   <div class='ocr_carea' id='block_1_27' title="bbox 1970 1318 3553 1387">
    <p class='ocr_par' dir='ltr' id='par_1_27' title="bbox 1970 1318 3553 1387">
     <span class='ocr_line' id='line_1_27' title="bbox 1970 1318 3553 1387; baseline -0.001 -17"><span class='ocrx_word' id='word_1_170' title='bbox 1970 1318 2326 1372; x_wconf 87' lang='lat' dir='ltr'><strong>renovatione</strong></span> <span class='ocrx_word' id='word_1_171' title='bbox 2365 1328 2560 1373; x_wconf 70' lang='lat' dir='ltr'><strong>caldus</strong></span> <span class='ocrx_word' id='word_1_172' title='bbox 2617 1329 2866 1371; x_wconf 84' lang='lat' dir='ltr'><strong>movetur</strong></span> <span class='ocrx_word' id='word_1_173' title='bbox 2915 1320 3088 1387; x_wconf 82' lang='lat' dir='ltr'><strong>magis</strong></span> <span class='ocrx_word' id='word_1_174' title='bbox 3144 1335 3207 1373; x_wconf 88' lang='lat' dir='ltr'><strong>ac</strong></span> <span class='ocrx_word' id='word_1_175' title='bbox 3264 1321 3436 1386; x_wconf 74' lang='lat' dir='ltr'><strong>magis</strong></span> <span class='ocrx_word' id='word_1_176' title='bbox 3484 1318 3553 1369; x_wconf 85' lang='lat' dir='ltr'><strong>ad</strong></span> 
     </span>
    </p>
   </div>
   <div class='ocr_carea' id='block_1_28' title="bbox 1970 1407 3555 1479">
    <p class='ocr_par' dir='ltr' id='par_1_28' title="bbox 1970 1407 3555 1479">
     <span class='ocr_line' id='line_1_28' title="bbox 1970 1407 3555 1479; baseline -0.001 -15"><span class='ocrx_word' id='word_1_177' title='bbox 1970 1425 2159 1464; x_wconf 87' lang='lat' dir='ltr'><strong>curam</strong></span> <span class='ocrx_word' id='word_1_178' title='bbox 2206 1418 2405 1464; x_wconf 75' lang='lat' dir='ltr'><strong>nostra:</strong></span> <span class='ocrx_word' id='word_1_179' title='bbox 2454 1410 2869 1479; x_wconf 65' lang='lat' dir='ltr'><strong>prmparationis</strong></span> <span class='ocrx_word' id='word_1_180' title='bbox 2920 1410 2972 1463; x_wconf 91' lang='lat' dir='ltr'><strong>in</strong></span> <span class='ocrx_word' id='word_1_181' title='bbox 3013 1410 3413 1478; x_wconf 69' lang='lat' dir='ltr'><strong>suscrptiooem</strong></span> <span class='ocrx_word' id='word_1_182' title='bbox 3448 1407 3555 1463; x_wconf 88' lang='lat' dir='ltr'><strong>Do-</strong></span> 
     </span>
    </p>
   </div>
   <div class='ocr_carea' id='block_1_29' title="bbox 1970 1500 3556 1557">
    <p class='ocr_par' dir='ltr' id='par_1_29' title="bbox 1970 1500 3556 1557">
     <span class='ocr_line' id='line_1_29' title="bbox 1970 1500 3556 1557; baseline -0.001 -2"><span class='ocrx_word' id='word_1_183' title='bbox 1970 1501 2127 1555; x_wconf 91' lang='lat' dir='ltr'><strong>mini.</strong></span> <span class='ocrx_word' id='word_1_184' title='bbox 2168 1500 2294 1555; x_wconf 87' lang='lat' dir='ltr'><strong>ldeo</strong></span> <span class='ocrx_word' id='word_1_185' title='bbox 2326 1511 2452 1556; x_wconf 88' lang='lat' dir='ltr'><strong>octo</strong></span> <span class='ocrx_word' id='word_1_186' title='bbox 2495 1503 2612 1557; x_wconf 91' lang='lat' dir='ltr'><strong>dies</strong></span> <span class='ocrx_word' id='word_1_187' title='bbox 2635 1511 2761 1556; x_wconf 91' lang='lat' dir='ltr'><strong>ante</strong></span> <span class='ocrx_word' id='word_1_188' title='bbox 2813 1500 3157 1555; x_wconf 86' lang='lat' dir='ltr'><strong>Nativitatem</strong></span> <span class='ocrx_word' id='word_1_189' title='bbox 3216 1500 3429 1554; x_wconf 84' lang='lat' dir='ltr'><strong>Domini</strong></span> <span class='ocrx_word' id='word_1_190' title='bbox 3470 1515 3556 1554; x_wconf 86' lang='lat' dir='ltr'><strong>re-</strong></span> 
     </span>
    </p>
   </div>
   <div class='ocr_carea' id='block_1_30' title="bbox 1970 1591 3553 1664">
    <p class='ocr_par' dir='ltr' id='par_1_30' title="bbox 1970 1591 3553 1664">
     <span class='ocr_line' id='line_1_30' title="bbox 1970 1591 3553 1664; baseline -0.004 -15"><span class='ocrx_word' id='word_1_191' title='bbox 1970 1606 2243 1650; x_wconf 84' lang='lat' dir='ltr'><strong>novantur</strong></span> <span class='ocrx_word' id='word_1_192' title='bbox 2266 1594 2433 1649; x_wconf 80' lang='lat' dir='ltr'><strong>ferme</strong></span> <span class='ocrx_word' id='word_1_193' title='bbox 2453 1603 2567 1650; x_wconf 87' lang='lat' dir='ltr'><strong>tota</strong></span> <span class='ocrx_word' id='word_1_194' title='bbox 2590 1602 2748 1649; x_wconf 92' lang='lat' dir='ltr'><strong>nocte</strong></span> <span class='ocrx_word' id='word_1_195' title='bbox 2776 1592 3122 1664; x_wconf 89' lang='lat' dir='ltr'><strong>responsoria</strong></span> <span class='ocrx_word' id='word_1_196' title='bbox 3144 1602 3196 1646; x_wconf 91' lang='lat' dir='ltr'><strong>et</strong></span> <span class='ocrx_word' id='word_1_197' title='bbox 3217 1591 3553 1659; x_wconf 74' lang='lat' dir='ltr'><strong>antiphonze,</strong></span> 
     </span>
    </p>
   </div>
   <div class='ocr_carea' id='block_1_31' title="bbox 1968 1683 3554 1757">
    <p class='ocr_par' dir='ltr' id='par_1_31' title="bbox 1968 1683 3554 1757">
     <span class='ocr_line' id='line_1_31' title="bbox 1968 1683 3554 1757; baseline -0.004 -15"><span class='ocrx_word' id='word_1_198' title='bbox 1968 1696 2030 1742; x_wconf 91' lang='lat' dir='ltr'><strong>ut</strong></span> <span class='ocrx_word' id='word_1_199' title='bbox 2054 1703 2149 1757; x_wconf 90' lang='lat' dir='ltr'><strong>per</strong></span> <span class='ocrx_word' id='word_1_200' title='bbox 2175 1687 2280 1743; x_wconf 92' lang='lat' dir='ltr'><strong>hoc</strong></span> <span class='ocrx_word' id='word_1_201' title='bbox 2302 1687 2646 1757; x_wconf 90' lang='lat' dir='ltr'><strong>frequentius</strong></span> <span class='ocrx_word' id='word_1_202' title='bbox 2685 1701 2784 1741; x_wconf 93' lang='lat' dir='ltr'><strong>nos</strong></span> <span class='ocrx_word' id='word_1_203' title='bbox 2814 1686 3115 1740; x_wconf 79' lang='lat' dir='ltr'><strong>excitemus</strong></span> <span class='ocrx_word' id='word_1_204' title='bbox 3144 1683 3210 1738; x_wconf 89' lang='lat' dir='ltr'><strong>ad</strong></span> <span class='ocrx_word' id='word_1_205' title='bbox 3242 1684 3554 1753; x_wconf 84' lang='lat' dir='ltr'><strong>purgandas</strong></span> 
     </span>
    </p>
   </div>
   <div class='ocr_carea' id='block_1_32' title="bbox 1969 1776 3555 1850">
    <p class='ocr_par' dir='ltr' id='par_1_32' title="bbox 1969 1776 3555 1850">
     <span class='ocr_line' id='line_1_32' title="bbox 1969 1776 3555 1850; baseline -0.004 -17"><span class='ocrx_word' id='word_1_206' title='bbox 1969 1794 2162 1835; x_wconf 90' lang='lat' dir='ltr'><strong>omnes</strong></span> <span class='ocrx_word' id='word_1_207' title='bbox 2195 1779 2524 1850; x_wconf 90' lang='lat' dir='ltr'><strong>quisquilias</strong></span> <span class='ocrx_word' id='word_1_208' title='bbox 2557 1778 2799 1847; x_wconf 84' lang='lat' dir='ltr'><strong>turpium</strong></span> <span class='ocrx_word' id='word_1_209' title='bbox 2829 1776 3221 1846; x_wconf 78' lang='lat' dir='ltr'><strong>cogitationum</strong></span> <span class='ocrx_word' id='word_1_210' title='bbox 3273 1789 3338 1829; x_wconf 90' lang='lat' dir='ltr'><strong>ac</strong></span> <span class='ocrx_word' id='word_1_211' title='bbox 3380 1783 3555 1828; x_wconf 48' lang='lat' dir='ltr'><strong>terre.</strong></span> 
     </span>
    </p>
   </div>
   <div class='ocr_carea' id='block_1_33' title="bbox 277 1856 3556 1947">
    <p class='ocr_par' dir='ltr' id='par_1_33' title="bbox 277 1856 3556 1947">
     <span class='ocr_line' id='line_1_33' title="bbox 277 1856 3556 1947; baseline -0.005 -15"><span class='ocrx_word' id='word_1_212' title='bbox 277 1875 746 1947; x_wconf 72' lang='lat' dir='ltr'><strong>Prteparationem</strong></span> <span class='ocrx_word' id='word_1_213' title='bbox 785 1889 1002 1946; x_wconf 92' lang='lat' dir='ltr'><strong>quoque</strong></span> <span class='ocrx_word' id='word_1_214' title='bbox 1032 1872 1398 1928; x_wconf 84' lang='lat' dir='ltr'><strong>necessariam</strong></span> <span class='ocrx_word' id='word_1_215' title='bbox 1430 1871 1588 1925; x_wconf 89' lang='lat' dir='ltr'><strong>nobis</strong></span> <span class='ocrx_word' id='word_1_216' title='bbox 1624 1868 1871 1924; x_wconf 85' lang='lat' dir='ltr'><strong>insinuat</strong></span> <span class='ocrx_word' id='word_1_217' title='bbox 1898 1856 1943 1911; x_wconf 73' lang='grc' dir='ltr'>Β</span> <span class='ocrx_word' id='word_1_218' title='bbox 1975 1887 2192 1937; x_wconf 91' lang='lat' dir='ltr'><strong>narum,</strong></span> <span class='ocrx_word' id='word_1_219' title='bbox 2241 1879 2297 1925; x_wconf 89' lang='lat' dir='ltr'><strong>et</strong></span> <span class='ocrx_word' id='word_1_220' title='bbox 2321 1870 2544 1941; x_wconf 85' lang='lat' dir='ltr'><strong>dignum</strong></span> <span class='ocrx_word' id='word_1_221' title='bbox 2591 1868 2962 1923; x_wconf 86' lang='lat' dir='ltr'><strong>habitaculum</strong></span> <span class='ocrx_word' id='word_1_222' title='bbox 3000 1878 3275 1929; x_wconf 90' lang='lat' dir='ltr'><strong>ornatum,</strong></span> <span class='ocrx_word' id='word_1_223' title='bbox 3303 1864 3556 1919; x_wconf 83' lang='lat' dir='ltr'><strong>videlicet</strong></span> 
     </span>
    </p>
   </div>
   <div class='ocr_carea' id='block_1_34' title="bbox 277 1960 1870 2037">
    <p class='ocr_par' dir='ltr' id='par_1_34' title="bbox 277 1960 1870 2037">
     <span class='ocr_line' id='line_1_34' title="bbox 277 1960 1870 2037; baseline -0.005 -17"><span class='ocrx_word' id='word_1_224' title='bbox 277 1965 487 2023; x_wconf 85' lang='lat' dir='ltr'><strong>Paulus</strong></span> <span class='ocrx_word' id='word_1_225' title='bbox 523 1967 813 2037; x_wconf 83' lang='lat' dir='ltr'><strong>Apostolus</strong></span> <span class='ocrx_word' id='word_1_226' title='bbox 838 1967 890 2019; x_wconf 89' lang='lat' dir='ltr'><strong>in</strong></span> <span class='ocrx_word' id='word_1_227' title='bbox 919 1972 1217 2019; x_wconf 89' lang='lat' dir='ltr'><strong>memorata</strong></span> <span class='ocrx_word' id='word_1_228' title='bbox 1243 1962 1491 2032; x_wconf 88' lang='lat' dir='ltr'><strong>epistola,</strong></span> <span class='ocrx_word' id='word_1_229' title='bbox 1521 1976 1644 2030; x_wconf 66' lang='lat' dir='ltr'><strong>quae</strong></span> <span class='ocrx_word' id='word_1_230' title='bbox 1675 1960 1870 2030; x_wconf 79' lang='lat' dir='ltr'><strong>legitur</strong></span> 
     </span>
    </p>
   </div>
   <div class='ocr_carea' id='block_1_35' title="bbox 274 2050 1863 2130">
    <p class='ocr_par' dir='ltr' id='par_1_35' title="bbox 274 2050 1863 2130">
     <span class='ocr_line' id='line_1_35' title="bbox 274 2050 1863 2130; baseline -0.006 -15"><span class='ocrx_word' id='word_1_231' title='bbox 274 2068 476 2130; x_wconf 86' lang='lat' dir='ltr'><strong>quarta</strong></span> <span class='ocrx_word' id='word_1_232' title='bbox 523 2058 861 2114; x_wconf 85' lang='lat' dir='ltr'><strong>hcbdomada</strong></span> <span class='ocrx_word' id='word_1_233' title='bbox 894 2066 1019 2112; x_wconf 88' lang='lat' dir='ltr'><strong>ante</strong></span> <span class='ocrx_word' id='word_1_234' title='bbox 1053 2054 1398 2110; x_wconf 85' lang='lat' dir='ltr'><strong>Nativitatem</strong></span> <span class='ocrx_word' id='word_1_235' title='bbox 1451 2052 1690 2108; x_wconf 88' lang='lat' dir='ltr'><strong>Domini.</strong></span> <span class='ocrx_word' id='word_1_236' title='bbox 1722 2050 1863 2117; x_wconf 82' lang='lat' dir='ltr'><strong>Nox,</strong></span> 
     </span>
    </p>
   </div>
   <div class='ocr_carea' id='block_1_36' title="bbox 1972 1954 3554 2039">
    <p class='ocr_par' dir='ltr' id='par_1_36' title="bbox 1972 1954 3554 2039">
     <span class='ocr_line' id='line_1_36' title="bbox 1972 1954 3554 2039; baseline -0.004 -24"><span class='ocrx_word' id='word_1_237' title='bbox 1972 1962 2080 2032; x_wconf 90' lang='lat' dir='ltr'><strong>piis</strong></span> <span class='ocrx_word' id='word_1_238' title='bbox 2115 1961 2542 2033; x_wconf 81' lang='lat' dir='ltr'><strong>c0gitatiouihus</strong></span> <span class='ocrx_word' id='word_1_239' title='bbox 2597 1974 2856 2031; x_wconf 89' lang='lat' dir='ltr'><strong>paremus</strong></span> <span class='ocrx_word' id='word_1_240' title='bbox 2902 1957 3035 2039; x_wconf 84' lang='lat' dir='ltr'><strong>Regi</strong></span> <span class='ocrx_word' id='word_1_241' title='bbox 3078 1973 3291 2030; x_wconf 88' lang='lat' dir='ltr'><strong>regum,</strong></span> <span class='ocrx_word' id='word_1_242' title='bbox 3344 1964 3399 2011; x_wconf 90' lang='lat' dir='ltr'><strong>et</strong></span> <span class='ocrx_word' id='word_1_243' title='bbox 3444 1954 3554 2009; x_wconf 78' lang='grc' dir='ltr'><strong>ι)οο</strong></span> 
     </span>
    </p>
   </div>
   <div class='ocr_carea' id='block_1_37' title="bbox 1971 2054 2564 2109">
    <p class='ocr_par' dir='ltr' id='par_1_37' title="bbox 1971 2054 2564 2109">
     <span class='ocr_line' id='line_1_37' title="bbox 1971 2054 2564 2109; baseline 0.003 -2"><span class='ocrx_word' id='word_1_244' title='bbox 1971 2054 2122 2109; x_wconf 89' lang='lat' dir='ltr'><strong>mino</strong></span> <span class='ocrx_word' id='word_1_245' title='bbox 2143 2054 2564 2109; x_wconf 87' lang='lat' dir='ltr'><strong>dominantium.</strong></span> 
     </span>
    </p>
   </div>
   <div class='ocr_carea' id='block_1_38' title="bbox 611 2341 3232 2464">
    <p class='ocr_par' dir='ltr' id='par_1_38' title="bbox 611 2341 3232 2464">
     <span class='ocr_line' id='line_1_38' title="bbox 611 2341 3232 2464; baseline -0.012 -4"><span class='ocrx_word' id='word_1_246' title='bbox 611 2363 1210 2464; x_wconf 84' lang='lat' dir='ltr'><strong>DOMINICA</strong></span> <span class='ocrx_word' id='word_1_247' title='bbox 1279 2366 1355 2456; x_wconf 90' lang='lat' dir='ltr'><strong>V</strong></span> <span class='ocrx_word' id='word_1_248' title='bbox 1426 2359 1737 2450; x_wconf 86' lang='lat' dir='ltr'><strong>ANTE</strong></span> <span class='ocrx_word' id='word_1_249' title='bbox 1814 2347 2653 2447; x_wconf 83' lang='lat' dir='ltr'><strong>NATIVITATEM</strong></span> <span class='ocrx_word' id='word_1_250' title='bbox 2730 2341 3232 2433; x_wconf 85' lang='lat' dir='ltr'><strong>DOMINI.</strong></span> 
     </span>
    </p>
   </div>
   <div class='ocr_carea' id='block_1_39' title="bbox 942 2556 1196 2616">
    <p class='ocr_par' dir='ltr' id='par_1_39' title="bbox 942 2556 1196 2616">
     <span class='ocr_line' id='line_1_39' title="bbox 942 2556 1196 2616; baseline -0.012 0"><span class='ocrx_word' id='word_1_251' title='bbox 942 2556 1196 2616; x_wconf 76' lang='lat' dir='ltr'><strong>SERMO.</strong></span> 
     </span>
    </p>
   </div>
   <div class='ocr_carea' id='block_1_40' title="bbox 352 2642 1870 2726">
    <p class='ocr_par' dir='ltr' id='par_1_40' title="bbox 352 2642 1870 2726">
     <span class='ocr_line' id='line_1_40' title="bbox 352 2642 1870 2726; baseline -0.011 -14"><span class='ocrx_word' id='word_1_252' title='bbox 352 2658 536 2715; x_wconf 61' lang='lat' dir='ltr'><strong>«Beati</strong></span> <span class='ocrx_word' id='word_1_253' title='bbox 565 2671 760 2714; x_wconf 87' lang='lat' dir='ltr'><strong>omnes</strong></span> <span class='ocrx_word' id='word_1_254' title='bbox 789 2655 884 2726; x_wconf 90' lang='lat' dir='ltr'><strong>qui</strong></span> <span class='ocrx_word' id='word_1_255' title='bbox 909 2654 1101 2711; x_wconf 73' lang='lat' dir='ltr'><strong>timent</strong></span> <span class='ocrx_word' id='word_1_256' title='bbox 1129 2648 1444 2715; x_wconf 89' lang='lat' dir='ltr'><strong>Dominum,</strong></span> <span class='ocrx_word' id='word_1_257' title='bbox 1470 2643 1564 2716; x_wconf 91' lang='lat' dir='ltr'><strong>qui</strong></span> <span class='ocrx_word' id='word_1_258' title='bbox 1588 2642 1870 2698; x_wconf 88' lang='lat' dir='ltr'><strong>ambulant</strong></span> 
     </span>
    </p>
   </div>
   <div class='ocr_carea' id='block_1_41' title="bbox 278 2734 1873 2821">
    <p class='ocr_par' dir='ltr' id='par_1_41' title="bbox 278 2734 1873 2821">
     <span class='ocr_line' id='line_1_41' title="bbox 278 2734 1873 2821; baseline -0.013 -13"><span class='ocrx_word' id='word_1_259' title='bbox 278 2753 334 2808; x_wconf 89' lang='lat' dir='ltr'><strong>in</strong></span> <span class='ocrx_word' id='word_1_260' title='bbox 356 2752 463 2808; x_wconf 81' lang='lat' dir='ltr'><strong>viis</strong></span> <span class='ocrx_word' id='word_1_261' title='bbox 487 2751 613 2821; x_wconf 83' lang='lat' dir='ltr'><strong>ejus</strong></span> <span class='ocrx_word' id='word_1_262' title='bbox 646 2747 820 2821; x_wconf 71' lang='lat' dir='ltr'><strong>(Psal.</strong></span> <span class='ocrx_word' id='word_1_263' title='bbox 860 2747 944 2818; x_wconf 89' lang='grc' dir='ltr'><strong>ιι).</strong></span> <span class='ocrx_word' id='word_1_264' title='bbox 977 2764 996 2798; x_wconf 74' lang='grc' dir='ltr'><strong><em>ι</em></strong></span> <span class='ocrx_word' id='word_1_265' title='bbox 1037 2744 1206 2799; x_wconf 88' lang='lat' dir='ltr'><strong>Deum</strong></span> <span class='ocrx_word' id='word_1_266' title='bbox 1231 2742 1420 2798; x_wconf 90' lang='lat' dir='ltr'><strong>timere</strong></span> <span class='ocrx_word' id='word_1_267' title='bbox 1449 2745 1582 2794; x_wconf 86' lang='lat' dir='ltr'><strong>esta</strong></span> <span class='ocrx_word' id='word_1_268' title='bbox 1612 2736 1756 2791; x_wconf 92' lang='lat' dir='ltr'><strong>man</strong></span> <span class='ocrx_word' id='word_1_269' title='bbox 1776 2734 1873 2789; x_wconf 88' lang='lat' dir='ltr'><strong>de-</strong></span> 
     </span>
    </p>
   </div>
   <div class='ocr_carea' id='block_1_42' title="bbox 279 2829 1864 2911">
    <p class='ocr_par' dir='ltr' id='par_1_42' title="bbox 279 2829 1864 2911">
     <span class='ocr_line' id='line_1_42' title="bbox 279 2829 1864 2911; baseline -0.012 -11"><span class='ocrx_word' id='word_1_270' title='bbox 279 2845 528 2911; x_wconf 84' lang='lat' dir='ltr'><strong>clinare;</strong></span> <span class='ocrx_word' id='word_1_271' title='bbox 564 2845 620 2898; x_wconf 90' lang='lat' dir='ltr'><strong>in</strong></span> <span class='ocrx_word' id='word_1_272' title='bbox 650 2843 754 2898; x_wconf 88' lang='lat' dir='ltr'><strong>viis</strong></span> <span class='ocrx_word' id='word_1_273' title='bbox 803 2841 924 2911; x_wconf 91' lang='lat' dir='ltr'><strong>ejus</strong></span> <span class='ocrx_word' id='word_1_274' title='bbox 950 2837 1235 2894; x_wconf 88' lang='lat' dir='ltr'><strong>ambulare</strong></span> <span class='ocrx_word' id='word_1_275' title='bbox 1278 2844 1366 2890; x_wconf 91' lang='lat' dir='ltr'><strong>est</strong></span> <span class='ocrx_word' id='word_1_276' title='bbox 1403 2833 1608 2889; x_wconf 89' lang='lat' dir='ltr'><strong>bonum</strong></span> <span class='ocrx_word' id='word_1_277' title='bbox 1662 2829 1864 2885; x_wconf 89' lang='lat' dir='ltr'><strong>facere.</strong></span> 
     </span>
    </p>
   </div>
   <div class='ocr_carea' id='block_1_43' title="bbox 281 2918 1866 3007">
    <p class='ocr_par' dir='ltr' id='par_1_43' title="bbox 281 2918 1866 3007">
     <span class='ocr_line' id='line_1_43' title="bbox 281 2918 1866 3007; baseline -0.012 -15"><span class='ocrx_word' id='word_1_278' title='bbox 281 2936 386 3004; x_wconf 82' lang='lat' dir='ltr'><strong>Qui</strong></span> <span class='ocrx_word' id='word_1_279' title='bbox 417 2951 552 3007; x_wconf 69' lang='lat' dir='ltr'><strong>ergo</strong></span> <span class='ocrx_word' id='word_1_280' title='bbox 584 2934 757 2989; x_wconf 90' lang='lat' dir='ltr'><strong>Deum</strong></span> <span class='ocrx_word' id='word_1_281' title='bbox 820 2933 1015 2988; x_wconf 88' lang='lat' dir='ltr'><strong>timent</strong></span> <span class='ocrx_word' id='word_1_282' title='bbox 1070 2936 1292 3001; x_wconf 89' lang='lat' dir='ltr'><strong>peccata</strong></span> <span class='ocrx_word' id='word_1_283' title='bbox 1345 2923 1657 2987; x_wconf 89' lang='lat' dir='ltr'><strong>devitando,</strong></span> <span class='ocrx_word' id='word_1_284' title='bbox 1721 2918 1866 2975; x_wconf 90' lang='lat' dir='ltr'><strong>beati</strong></span> 
     </span>
    </p>
   </div>
   <div class='ocr_carea' id='block_1_44' title="bbox 279 3012 1867 3098">
    <p class='ocr_par' dir='ltr' id='par_1_44' title="bbox 279 3012 1867 3098">
     <span class='ocr_line' id='line_1_44' title="bbox 279 3012 1867 3098; baseline -0.013 -14"><span class='ocrx_word' id='word_1_285' title='bbox 279 3037 430 3093; x_wconf 86' lang='lat' dir='ltr'><strong>sunt,</strong></span> <span class='ocrx_word' id='word_1_286' title='bbox 465 3028 593 3098; x_wconf 89' lang='lat' dir='ltr'><strong>quia</strong></span> <span class='ocrx_word' id='word_1_287' title='bbox 618 3040 807 3096; x_wconf 81' lang='lat' dir='ltr'><strong>poenas</strong></span> <span class='ocrx_word' id='word_1_288' title='bbox 857 3021 1129 3087; x_wconf 89' lang='lat' dir='ltr'><strong>evadunt;</strong></span> <span class='ocrx_word' id='word_1_289' title='bbox 1158 3025 1212 3073; x_wconf 88' lang='lat' dir='ltr'><strong>et</strong></span> <span class='ocrx_word' id='word_1_290' title='bbox 1231 3017 1326 3088; x_wconf 90' lang='lat' dir='ltr'><strong>qui</strong></span> <span class='ocrx_word' id='word_1_291' title='bbox 1356 3015 1413 3070; x_wconf 92' lang='lat' dir='ltr'><strong>in</strong></span> <span class='ocrx_word' id='word_1_292' title='bbox 1455 3014 1559 3068; x_wconf 89' lang='lat' dir='ltr'><strong>viis</strong></span> <span class='ocrx_word' id='word_1_293' title='bbox 1584 3012 1709 3082; x_wconf 91' lang='lat' dir='ltr'><strong>ejus</strong></span> <span class='ocrx_word' id='word_1_294' title='bbox 1749 3025 1867 3064; x_wconf 84' lang='lat' dir='ltr'><strong>am-</strong></span> 
     </span>
    </p>
   </div>
   <div class='ocr_carea' id='block_1_45' title="bbox 279 3096 1885 3188">
    <p class='ocr_par' dir='ltr' id='par_1_45' title="bbox 279 3096 1885 3188">
     <span class='ocr_line' id='line_1_45' title="bbox 279 3096 1885 3188; baseline -0.013 -12"><span class='ocrx_word' id='word_1_295' title='bbox 279 3096 665 3176; x_wconf 35' lang='lat' dir='ltr'><strong>bulaut&#39;bona</strong></span> <span class='ocrx_word' id='word_1_296' title='bbox 696 3115 995 3188; x_wconf 89' lang='lat' dir='ltr'><strong>operando,</strong></span> <span class='ocrx_word' id='word_1_297' title='bbox 1050 3111 1196 3167; x_wconf 80' lang='lat' dir='ltr'><strong>beati</strong></span> <span class='ocrx_word' id='word_1_298' title='bbox 1239 3117 1388 3176; x_wconf 90' lang='lat' dir='ltr'><strong>sunt,</strong></span> <span class='ocrx_word' id='word_1_299' title='bbox 1429 3106 1558 3177; x_wconf 90' lang='lat' dir='ltr'><strong>quia</strong></span> <span class='ocrx_word' id='word_1_300' title='bbox 1608 3096 1885 3175; x_wconf 83' lang='lat' dir='ltr'><strong>gaudium</strong></span> 
     </span>
    </p>
   </div>
   <div class='ocr_carea' id='block_1_46' title="bbox 223 3184 1864 3272">
    <p class='ocr_par' dir='ltr' id='par_1_46' title="bbox 223 3184 1864 3272">
     <span class='ocr_line' id='line_1_46' title="bbox 223 3184 1864 3272; baseline -0.013 -4"><span class='ocrx_word' id='word_1_301' title='bbox 223 3184 503 3268; x_wconf 51' lang='grc' dir='ltr'><strong>’Βοωὶηὶ</strong></span> <span class='ocrx_word' id='word_1_302' title='bbox 532 3184 833 3267; x_wconf 78' lang='lat' dir='ltr'><strong>intrabunt.</strong></span> <span class='ocrx_word' id='word_1_303' title='bbox 863 3206 977 3262; x_wconf 69' lang='lat' dir='ltr'><strong>Viae</strong></span> <span class='ocrx_word' id='word_1_304' title='bbox 1019 3203 1232 3260; x_wconf 87' lang='lat' dir='ltr'><strong>Domini</strong></span> <span class='ocrx_word' id='word_1_305' title='bbox 1258 3206 1526 3272; x_wconf 75' lang='lat' dir='ltr'><strong>praecepta</strong></span> <span class='ocrx_word' id='word_1_306' title='bbox 1552 3197 1698 3252; x_wconf 90' lang='lat' dir='ltr'><strong>illius</strong></span> <span class='ocrx_word' id='word_1_307' title='bbox 1716 3202 1864 3260; x_wconf 91' lang='lat' dir='ltr'><strong>sunt,</strong></span> 
     </span>
    </p>
   </div>
   <div class='ocr_carea' id='block_1_47' title="bbox 1972 2537 3553 2620">
    <p class='ocr_par' dir='ltr' id='par_1_47' title="bbox 1972 2537 3553 2620">
     <span class='ocr_line' id='line_1_47' title="bbox 1972 2537 3553 2620; baseline -0.008 -17"><span class='ocrx_word' id='word_1_308' title='bbox 1972 2562 2145 2620; x_wconf 84' lang='lat' dir='ltr'><strong>genus</strong></span> <span class='ocrx_word' id='word_1_309' title='bbox 2202 2546 2508 2601; x_wconf 89' lang='lat' dir='ltr'><strong>humanum</strong></span> <span class='ocrx_word' id='word_1_310' title='bbox 2574 2541 2641 2597; x_wconf 89' lang='lat' dir='ltr'><strong>ad</strong></span> <span class='ocrx_word' id='word_1_311' title='bbox 2718 2541 2997 2596; x_wconf 90' lang='lat' dir='ltr'><strong>interitum</strong></span> <span class='ocrx_word' id='word_1_312' title='bbox 3065 2539 3348 2595; x_wconf 85' lang='lat' dir='ltr'><strong>deduxit:</strong></span> <span class='ocrx_word' id='word_1_313' title='bbox 3403 2537 3553 2593; x_wconf 92' lang='lat' dir='ltr'><strong>illam</strong></span> 
     </span>
    </p>
   </div>
   <div class='ocr_carea' id='block_1_48' title="bbox 1970 2631 3553 2704">
    <p class='ocr_par' dir='ltr' id='par_1_48' title="bbox 1970 2631 3553 2704">
     <span class='ocr_line' id='line_1_48' title="bbox 1970 2631 3553 2704; baseline -0.007 -10"><span class='ocrx_word' id='word_1_314' title='bbox 1970 2638 2252 2694; x_wconf 89' lang='lat' dir='ltr'><strong>Christum</strong></span> <span class='ocrx_word' id='word_1_315' title='bbox 2276 2636 2435 2692; x_wconf 89' lang='lat' dir='ltr'><strong>factis</strong></span> <span class='ocrx_word' id='word_1_316' title='bbox 2464 2644 2520 2690; x_wconf 92' lang='lat' dir='ltr'><strong>et</strong></span> <span class='ocrx_word' id='word_1_317' title='bbox 2549 2635 2709 2689; x_wconf 91' lang='lat' dir='ltr'><strong>dictis</strong></span> <span class='ocrx_word' id='word_1_318' title='bbox 2737 2634 2997 2698; x_wconf 89' lang='lat' dir='ltr'><strong>ostendit,</strong></span> <span class='ocrx_word' id='word_1_319' title='bbox 3025 2641 3081 2688; x_wconf 90' lang='lat' dir='ltr'><strong>et</strong></span> <span class='ocrx_word' id='word_1_320' title='bbox 3108 2648 3205 2704; x_wconf 89' lang='lat' dir='ltr'><strong>per</strong></span> <span class='ocrx_word' id='word_1_321' title='bbox 3223 2647 3343 2687; x_wconf 90' lang='lat' dir='ltr'><strong>eam</strong></span> <span class='ocrx_word' id='word_1_322' title='bbox 3367 2631 3553 2701; x_wconf 89' lang='lat' dir='ltr'><strong>pcrdi-</strong></span> 
     </span>
    </p>
   </div>
   <div class='ocr_carea' id='block_1_49' title="bbox 1973 2723 3556 2797">
    <p class='ocr_par' dir='ltr' id='par_1_49' title="bbox 1973 2723 3556 2797">
     <span class='ocr_line' id='line_1_49' title="bbox 1973 2723 3556 2797; baseline -0.007 -11"><span class='ocrx_word' id='word_1_323' title='bbox 1973 2740 2087 2786; x_wconf 87' lang='lat' dir='ltr'><strong>tum</strong></span> <span class='ocrx_word' id='word_1_324' title='bbox 2113 2731 2388 2786; x_wconf 90' lang='lat' dir='ltr'><strong>hominem</strong></span> <span class='ocrx_word' id='word_1_325' title='bbox 2417 2728 2484 2783; x_wconf 89' lang='lat' dir='ltr'><strong>ad</strong></span> <span class='ocrx_word' id='word_1_326' title='bbox 2511 2727 2741 2797; x_wconf 85' lang='lat' dir='ltr'><strong>gloriam</strong></span> <span class='ocrx_word' id='word_1_327' title='bbox 2765 2725 3017 2791; x_wconf 88' lang='lat' dir='ltr'><strong>reduxit;</strong></span> <span class='ocrx_word' id='word_1_328' title='bbox 3043 2733 3096 2779; x_wconf 90' lang='lat' dir='ltr'><strong>et</strong></span> <span class='ocrx_word' id='word_1_329' title='bbox 3122 2725 3250 2794; x_wconf 89' lang='lat' dir='ltr'><strong>quia</strong></span> <span class='ocrx_word' id='word_1_330' title='bbox 3279 2723 3556 2793; x_wconf 74' lang='lat' dir='ltr'><strong>prophetae</strong></span> 
     </span>
    </p>
   </div>
   <div class='ocr_carea' id='block_1_50' title="bbox 1971 2817 3553 2894">
    <p class='ocr_par' dir='ltr' id='par_1_50' title="bbox 1971 2817 3553 2894">
     <span class='ocr_line' id='line_1_50' title="bbox 1971 2817 3553 2894; baseline -0.007 -15"><span class='ocrx_word' id='word_1_331' title='bbox 1971 2839 2068 2894; x_wconf 90' lang='lat' dir='ltr'><strong>per</strong></span> <span class='ocrx_word' id='word_1_332' title='bbox 2091 2824 2231 2878; x_wconf 89' lang='lat' dir='ltr'><strong>hanc</strong></span> <span class='ocrx_word' id='word_1_333' title='bbox 2277 2822 2451 2877; x_wconf 88' lang='lat' dir='ltr'><strong>solam</strong></span> <span class='ocrx_word' id='word_1_334' title='bbox 2490 2821 2633 2874; x_wconf 91' lang='lat' dir='ltr'><strong>viam</strong></span> <span class='ocrx_word' id='word_1_335' title='bbox 2679 2833 2852 2889; x_wconf 89' lang='lat' dir='ltr'><strong>genus</strong></span> <span class='ocrx_word' id='word_1_336' title='bbox 2901 2818 3200 2871; x_wconf 91' lang='lat' dir='ltr'><strong>humanum</strong></span> <span class='ocrx_word' id='word_1_337' title='bbox 3252 2817 3553 2870; x_wconf 87' lang='lat' dir='ltr'><strong>rediturum</strong></span> 
     </span>
    </p>
   </div>
   <div class='ocr_carea' id='block_1_51' title="bbox 1972 2907 3558 2985">
    <p class='ocr_par' dir='ltr' id='par_1_51' title="bbox 1972 2907 3558 2985">
     <span class='ocr_line' id='line_1_51' title="bbox 1972 2907 3558 2985; baseline -0.006 -15"><span class='ocrx_word' id='word_1_338' title='bbox 1972 2916 2040 2970; x_wconf 88' lang='lat' dir='ltr'><strong>ad</strong></span> <span class='ocrx_word' id='word_1_339' title='bbox 2073 2915 2300 2985; x_wconf 88' lang='lat' dir='ltr'><strong>patriam</strong></span> <span class='ocrx_word' id='word_1_340' title='bbox 2336 2911 2720 2983; x_wconf 66' lang='lat' dir='ltr'><strong>praeviderunt,</strong></span> <span class='ocrx_word' id='word_1_341' title='bbox 2760 2909 2883 2963; x_wconf 89' lang='lat' dir='ltr'><strong>ideo</strong></span> <span class='ocrx_word' id='word_1_342' title='bbox 2934 2907 3212 2963; x_wconf 88' lang='lat' dir='ltr'><strong>Christum</strong></span> <span class='ocrx_word' id='word_1_343' title='bbox 3257 2922 3442 2962; x_wconf 86' lang='lat' dir='ltr'><strong>veram</strong></span> <span class='ocrx_word' id='word_1_344' title='bbox 3500 2914 3558 2961; x_wconf 87' lang='lat' dir='ltr'><strong>ct</strong></span> 
     </span>
    </p>
   </div>
   <div class='ocr_carea' id='block_1_52' title="bbox 1973 3000 3555 3070">
    <p class='ocr_par' dir='ltr' id='par_1_52' title="bbox 1973 3000 3555 3070">
     <span class='ocr_line' id='line_1_52' title="bbox 1973 3000 3555 3070; baseline -0.009 -5"><span class='ocrx_word' id='word_1_345' title='bbox 1973 3019 2177 3066; x_wconf 87' lang='lat' dir='ltr'><strong>certam</strong></span> <span class='ocrx_word' id='word_1_346' title='bbox 2226 3008 2371 3061; x_wconf 89' lang='lat' dir='ltr'><strong>viam</strong></span> <span class='ocrx_word' id='word_1_347' title='bbox 2412 3019 2605 3060; x_wconf 91' lang='lat' dir='ltr'><strong>omnes</strong></span> <span class='ocrx_word' id='word_1_348' title='bbox 2645 3017 2890 3058; x_wconf 91' lang='lat' dir='ltr'><strong>consona</strong></span> <span class='ocrx_word' id='word_1_349' title='bbox 2963 3016 3096 3057; x_wconf 92' lang='lat' dir='ltr'><strong>voce</strong></span> <span class='ocrx_word' id='word_1_350' title='bbox 3164 3000 3555 3070; x_wconf 64' lang='lat' dir='ltr'><strong>praedixerunt,</strong></span> 
     </span>
    </p>
   </div>
   <div class='ocr_carea' id='block_1_53' title="bbox 1972 3089 3558 3170">
    <p class='ocr_par' dir='ltr' id='par_1_53' title="bbox 1972 3089 3558 3170">
     <span class='ocr_line' id='line_1_53' title="bbox 1972 3089 3558 3170; baseline -0.007 -14"><span class='ocrx_word' id='word_1_351' title='bbox 1972 3115 2208 3170; x_wconf 90' lang='lat' dir='ltr'><strong>eumque</strong></span> <span class='ocrx_word' id='word_1_352' title='bbox 2227 3112 2418 3153; x_wconf 90' lang='lat' dir='ltr'><strong>omnes</strong></span> <span class='ocrx_word' id='word_1_353' title='bbox 2438 3096 2620 3150; x_wconf 88' lang='lat' dir='ltr'><strong>videre</strong></span> <span class='ocrx_word' id='word_1_354' title='bbox 2642 3094 3107 3149; x_wconf 85' lang='lat' dir='ltr'><strong>desideraverunt.</strong></span> <span class='ocrx_word' id='word_1_355' title='bbox 3131 3089 3299 3146; x_wconf 79' lang='lat' dir='ltr'><strong>Jacob</strong></span> <span class='ocrx_word' id='word_1_356' title='bbox 3321 3103 3558 3159; x_wconf 85' lang='lat' dir='ltr'><strong>namque</strong></span> 
     </span>
    </p>
   </div>
   <div class='ocr_carea' id='block_1_54' title="bbox 1973 3179 3559 3252">
    <p class='ocr_par' dir='ltr' id='par_1_54' title="bbox 1973 3179 3559 3252">
     <span class='ocr_line' id='line_1_54' title="bbox 1973 3179 3559 3252; baseline -0.008 -6"><span class='ocrx_word' id='word_1_357' title='bbox 1973 3192 2215 3246; x_wconf 88' lang='lat' dir='ltr'><strong>moriens</strong></span> <span class='ocrx_word' id='word_1_358' title='bbox 2243 3188 2380 3244; x_wconf 87' lang='lat' dir='ltr'><strong>dixit</strong></span> <span class='ocrx_word' id='word_1_359' title='bbox 2414 3206 2428 3242; x_wconf 90' lang='lat'><strong>:</strong></span> <span class='ocrx_word' id='word_1_360' title='bbox 2464 3206 2483 3239; x_wconf 72' lang='grc' dir='ltr'><strong>ε</strong></span> <span class='ocrx_word' id='word_1_361' title='bbox 2542 3184 2791 3241; x_wconf 89' lang='lat' dir='ltr'><strong>Salutare</strong></span> <span class='ocrx_word' id='word_1_362' title='bbox 2834 3194 2987 3239; x_wconf 90' lang='lat' dir='ltr'><strong>tuum</strong></span> <span class='ocrx_word' id='word_1_363' title='bbox 3039 3182 3400 3252; x_wconf 80' lang='lat' dir='ltr'><strong>exspectabo,</strong></span> <span class='ocrx_word' id='word_1_364' title='bbox 3448 3179 3559 3235; x_wconf 86' lang='lat' dir='ltr'><strong>Do-</strong></span> 
     </span>
    </p>
   </div>
   <div class='ocr_carea' id='block_1_55' title="bbox 279 3263 3559 3375">
    <p class='ocr_par' dir='ltr' id='par_1_55' title="bbox 279 3263 3559 3375">
     <span class='ocr_line' id='line_1_55' title="bbox 279 3263 3559 3375; baseline -0.01 -17"><span class='ocrx_word' id='word_1_365' title='bbox 279 3263 800 3375; x_wconf 25' lang='lat' dir='ltr'><strong>iad</strong></span> <span class='ocrx_word' id='word_1_366' title='bbox 828 3314 1065 3371; x_wconf 89' lang='lat' dir='ltr'><strong>superna</strong></span> <span class='ocrx_word' id='word_1_367' title='bbox 1112 3263 1346 3368; x_wconf 75' lang='lat' dir='ltr'><strong>patriam</strong></span> <span class='ocrx_word' id='word_1_368' title='bbox 1378 3263 1626 3347; x_wconf 84' lang='lat' dir='ltr'><strong>ducunt:</strong></span> <span class='ocrx_word' id='word_1_369' title='bbox 1659 3309 1678 3340; x_wconf 75' lang='grc' dir='ltr'><strong><em>ι</em></strong></span> <span class='ocrx_word' id='word_1_370' title='bbox 1727 3284 1867 3341; x_wconf 87' lang='lat' dir='ltr'><strong>Uni-</strong></span> <span class='ocrx_word' id='word_1_371' title='bbox 1894 3263 1937 3320; x_wconf 68' lang='grc' dir='ltr'><strong>θ</strong></span> <span class='ocrx_word' id='word_1_372' title='bbox 1971 3282 2118 3338; x_wconf 92' lang='lat' dir='ltr'><strong>mine</strong></span> <span class='ocrx_word' id='word_1_373' title='bbox 2150 3280 2302 3352; x_wconf 83' lang='lat' dir='ltr'><strong>(Cen.</strong></span> <span class='ocrx_word' id='word_1_374' title='bbox 2359 3278 2532 3349; x_wconf 60' lang='grc' dir='ltr'><strong>ηις).</strong></span> <span class='ocrx_word' id='word_1_375' title='bbox 2572 3298 2589 3330; x_wconf 75' lang='grc' dir='ltr'><strong>ι</strong></span> <span class='ocrx_word' id='word_1_376' title='bbox 2646 3277 2712 3333; x_wconf 88' lang='lat' dir='ltr'><strong>Et</strong></span> <span class='ocrx_word' id='word_1_377' title='bbox 2775 3276 2989 3347; x_wconf 83' lang='lat' dir='ltr'><strong>Moyses</strong></span> <span class='ocrx_word' id='word_1_378' title='bbox 3035 3294 3048 3329; x_wconf 91' lang='lat'><strong>:</strong></span> <span class='ocrx_word' id='word_1_379' title='bbox 3081 3293 3100 3327; x_wconf 77' lang='grc' dir='ltr'>ι</span> <span class='ocrx_word' id='word_1_380' title='bbox 3142 3272 3404 3340; x_wconf 87' lang='lat' dir='ltr'><strong>Obsecro,</strong></span> <span class='ocrx_word' id='word_1_381' title='bbox 3468 3272 3559 3327; x_wconf 86' lang='lat' dir='ltr'><strong>in-</strong></span> 
     </span>
    </p>
   </div>
   <div class='ocr_carea' id='block_1_56' title="bbox 278 3377 1869 3455">
    <p class='ocr_par' dir='ltr' id='par_1_56' title="bbox 278 3377 1869 3455">
     <span class='ocr_line' id='line_1_56' title="bbox 278 3377 1869 3455; baseline -0.015 0"><span class='ocrx_word' id='word_1_382' title='bbox 278 3413 459 3455; x_wconf 69' lang='lat' dir='ltr'><strong>versa:</strong></span> <span class='ocrx_word' id='word_1_383' title='bbox 504 3406 685 3452; x_wconf 90' lang='lat' dir='ltr'><strong>autem</strong></span> <span class='ocrx_word' id='word_1_384' title='bbox 741 3394 844 3449; x_wconf 78' lang='lat' dir='ltr'><strong>via:</strong></span> <span class='ocrx_word' id='word_1_385' title='bbox 889 3390 1106 3446; x_wconf 87' lang='lat' dir='ltr'><strong>Domini</strong></span> <span class='ocrx_word' id='word_1_386' title='bbox 1156 3382 1536 3443; x_wconf 88' lang='lat' dir='ltr'><strong>misericordia</strong></span> <span class='ocrx_word' id='word_1_387' title='bbox 1580 3388 1635 3435; x_wconf 89' lang='lat' dir='ltr'><strong>et</strong></span> <span class='ocrx_word' id='word_1_388' title='bbox 1664 3377 1869 3433; x_wconf 88' lang='lat' dir='ltr'><strong>veritas</strong></span> 
     </span>
    </p>
   </div>
   <div class='ocr_carea' id='block_1_57' title="bbox 284 3471 1868 3561">
    <p class='ocr_par' dir='ltr' id='par_1_57' title="bbox 284 3471 1868 3561">
     <span class='ocr_line' id='line_1_57' title="bbox 284 3471 1868 3561; baseline -0.015 -16"><span class='ocrx_word' id='word_1_389' title='bbox 284 3489 463 3561; x_wconf 80' lang='lat' dir='ltr'><strong>(Psal.</strong></span> <span class='ocrx_word' id='word_1_390' title='bbox 496 3489 671 3557; x_wconf 82' lang='lat' dir='ltr'><strong>xxiv).</strong></span> <span class='ocrx_word' id='word_1_391' title='bbox 712 3505 731 3539; x_wconf 69' lang='grc' dir='ltr'><strong><em>ι</em></strong></span> <span class='ocrx_word' id='word_1_392' title='bbox 776 3484 888 3539; x_wconf 74' lang='lat' dir='ltr'><strong>Via:</strong></span> <span class='ocrx_word' id='word_1_393' title='bbox 922 3481 1136 3537; x_wconf 90' lang='lat' dir='ltr'><strong>Domini</strong></span> <span class='ocrx_word' id='word_1_394' title='bbox 1169 3487 1299 3535; x_wconf 92' lang='lat' dir='ltr'><strong>sunt</strong></span> <span class='ocrx_word' id='word_1_395' title='bbox 1344 3471 1718 3531; x_wconf 86' lang='lat' dir='ltr'><strong>misericordia</strong></span> <span class='ocrx_word' id='word_1_396' title='bbox 1749 3484 1868 3524; x_wconf 87' lang='lat' dir='ltr'><strong>om-</strong></span> 
     </span>
    </p>
   </div>
   <div class='ocr_carea' id='block_1_58' title="bbox 287 3558 1872 3636">
    <p class='ocr_par' dir='ltr' id='par_1_58' title="bbox 287 3558 1872 3636">
     <span class='ocr_line' id='line_1_58' title="bbox 287 3558 1872 3636; baseline -0.013 -1"><span class='ocrx_word' id='word_1_397' title='bbox 287 3580 459 3635; x_wconf 84' lang='lat' dir='ltr'><strong>nibus</strong></span> <span class='ocrx_word' id='word_1_398' title='bbox 486 3578 540 3632; x_wconf 89' lang='lat' dir='ltr'><strong>in</strong></span> <span class='ocrx_word' id='word_1_399' title='bbox 573 3577 654 3632; x_wconf 85' lang='lat' dir='ltr'><strong>eis</strong></span> <span class='ocrx_word' id='word_1_400' title='bbox 689 3572 1098 3630; x_wconf 85' lang='lat' dir='ltr'><strong>ambulantibus</strong></span> <span class='ocrx_word' id='word_1_401' title='bbox 1125 3587 1140 3636; x_wconf 92' lang='lat'><strong>;</strong></span> <span class='ocrx_word' id='word_1_402' title='bbox 1184 3567 1390 3621; x_wconf 87' lang='lat' dir='ltr'><strong>veritas</strong></span> <span class='ocrx_word' id='word_1_403' title='bbox 1418 3561 1633 3620; x_wconf 85' lang='lat' dir='ltr'><strong>cunctis</strong></span> <span class='ocrx_word' id='word_1_404' title='bbox 1672 3559 1742 3615; x_wconf 87' lang='lat' dir='ltr'><strong>ab</strong></span> <span class='ocrx_word' id='word_1_405' title='bbox 1789 3558 1872 3614; x_wconf 85' lang='lat' dir='ltr'><strong>eis</strong></span> 
     </span>
    </p>
   </div>
   <div class='ocr_carea' id='block_1_59' title="bbox 281 3652 1913 3726">
    <p class='ocr_par' dir='ltr' id='par_1_59' title="bbox 281 3652 1913 3726">
     <span class='ocr_line' id='line_1_59' title="bbox 281 3652 1913 3726; baseline -0.012 0"><span class='ocrx_word' id='word_1_406' title='bbox 281 3670 712 3726; x_wconf 85' lang='lat' dir='ltr'><strong>declinantibus.</strong></span> <span class='ocrx_word' id='word_1_407' title='bbox 744 3666 869 3721; x_wconf 87' lang='lat' dir='ltr'><strong>Ideo</strong></span> <span class='ocrx_word' id='word_1_408' title='bbox 898 3663 1041 3718; x_wconf 87' lang='lat' dir='ltr'><strong>Deus</strong></span> <span class='ocrx_word' id='word_1_409' title='bbox 1072 3670 1258 3716; x_wconf 91' lang='lat' dir='ltr'><strong>noster</strong></span> <span class='ocrx_word' id='word_1_410' title='bbox 1284 3667 1388 3725; x_wconf 91' lang='lat' dir='ltr'><strong>est,</strong></span> <span class='ocrx_word' id='word_1_411' title='bbox 1441 3665 1501 3711; x_wconf 92' lang='lat' dir='ltr'><strong>ut</strong></span> <span class='ocrx_word' id='word_1_412' title='bbox 1549 3652 1819 3708; x_wconf 90' lang='lat' dir='ltr'><strong>Dominus</strong></span> <span class='ocrx_word' id='word_1_413' title='bbox 1840 3667 1873 3707; x_wconf 84' lang='lat' dir='ltr'><strong>a</strong></span> <span class='ocrx_word' id='word_1_414' title='bbox 1895 3708 1913 3726; x_wconf 51' lang='grc' dir='ltr'><strong>ο</strong></span> 
     </span>
    </p>
   </div>
   <div class='ocr_carea' id='block_1_60' title="bbox 288 3743 1875 3824">
    <p class='ocr_par' dir='ltr' id='par_1_60' title="bbox 288 3743 1875 3824">
     <span class='ocr_line' id='line_1_60' title="bbox 288 3743 1875 3824; baseline -0.014 -5"><span class='ocrx_word' id='word_1_415' title='bbox 288 3764 473 3820; x_wconf 85' lang='lat' dir='ltr'><strong>servis</strong></span> <span class='ocrx_word' id='word_1_416' title='bbox 507 3759 785 3815; x_wconf 82' lang='lat' dir='ltr'><strong>timendus</strong></span> <span class='ocrx_word' id='word_1_417' title='bbox 820 3775 835 3824; x_wconf 88' lang='lat'><strong>;</strong></span> <span class='ocrx_word' id='word_1_418' title='bbox 868 3764 927 3811; x_wconf 91' lang='lat' dir='ltr'><strong>ut</strong></span> <span class='ocrx_word' id='word_1_419' title='bbox 949 3755 1112 3809; x_wconf 82' lang='lat' dir='ltr'><strong>Pater</strong></span> <span class='ocrx_word' id='word_1_420' title='bbox 1174 3768 1206 3808; x_wconf 88' lang='lat' dir='ltr'><strong>a</strong></span> <span class='ocrx_word' id='word_1_421' title='bbox 1254 3750 1382 3806; x_wconf 85' lang='lat' dir='ltr'><strong>ﬁliis</strong></span> <span class='ocrx_word' id='word_1_422' title='bbox 1428 3745 1755 3816; x_wconf 79' lang='lat' dir='ltr'><strong>diligendus.</strong></span> <span class='ocrx_word' id='word_1_423' title='bbox 1781 3743 1875 3797; x_wconf 89' lang='lat' dir='ltr'><strong>Ti-</strong></span> 
     </span>
    </p>
   </div>
   <div class='ocr_carea' id='block_1_61' title="bbox 284 3835 1873 3924">
    <p class='ocr_par' dir='ltr' id='par_1_61' title="bbox 284 3835 1873 3924">
     <span class='ocr_line' id='line_1_61' title="bbox 284 3835 1873 3924; baseline -0.013 -13"><span class='ocrx_word' id='word_1_424' title='bbox 284 3871 442 3911; x_wconf 84' lang='lat' dir='ltr'><strong>more</strong></span> <span class='ocrx_word' id='word_1_425' title='bbox 471 3854 592 3924; x_wconf 88' lang='lat' dir='ltr'><strong>ejus</strong></span> <span class='ocrx_word' id='word_1_426' title='bbox 639 3858 862 3922; x_wconf 88' lang='lat' dir='ltr'><strong>peccata</strong></span> <span class='ocrx_word' id='word_1_427' title='bbox 905 3846 1202 3917; x_wconf 84' lang='lat' dir='ltr'><strong>fugiamus,</strong></span> <span class='ocrx_word' id='word_1_428' title='bbox 1241 3854 1431 3898; x_wconf 90' lang='lat' dir='ltr'><strong>amore</strong></span> <span class='ocrx_word' id='word_1_429' title='bbox 1478 3837 1652 3909; x_wconf 88' lang='lat' dir='ltr'><strong>ipsius</strong></span> <span class='ocrx_word' id='word_1_430' title='bbox 1711 3835 1873 3890; x_wconf 90' lang='lat' dir='ltr'><strong>bonis</strong></span> 
     </span>
    </p>
   </div>
   <div class='ocr_carea' id='block_1_62' title="bbox 285 3932 1875 4015">
    <p class='ocr_par' dir='ltr' id='par_1_62' title="bbox 285 3932 1875 4015">
     <span class='ocr_line' id='line_1_62' title="bbox 285 3932 1875 4015; baseline -0.013 -12"><span class='ocrx_word' id='word_1_431' title='bbox 285 3948 530 4012; x_wconf 75' lang='lat' dir='ltr'><strong>actibus,</strong></span> <span class='ocrx_word' id='word_1_432' title='bbox 569 3952 843 4015; x_wconf 88' lang='lat' dir='ltr'><strong>quatenus</strong></span> <span class='ocrx_word' id='word_1_433' title='bbox 881 3940 949 3996; x_wconf 91' lang='lat' dir='ltr'><strong>de</strong></span> <span class='ocrx_word' id='word_1_434' title='bbox 988 3940 1093 3994; x_wconf 91' lang='lat' dir='ltr'><strong>hac</strong></span> <span class='ocrx_word' id='word_1_435' title='bbox 1142 3935 1343 3991; x_wconf 88' lang='lat' dir='ltr'><strong>misera</strong></span> <span class='ocrx_word' id='word_1_436' title='bbox 1366 3932 1477 3986; x_wconf 87' lang='lat' dir='ltr'><strong>vita</strong></span> <span class='ocrx_word' id='word_1_437' title='bbox 1509 3935 1875 3993; x_wconf 83' lang='lat' dir='ltr'><strong>transeuntes,</strong></span> 
     </span>
    </p>
   </div>
   <div class='ocr_carea' id='block_1_63' title="bbox 283 4020 1879 4097">
    <p class='ocr_par' dir='ltr' id='par_1_63' title="bbox 283 4020 1879 4097">
     <span class='ocr_line' id='line_1_63' title="bbox 283 4020 1879 4097; baseline -0.015 -1"><span class='ocrx_word' id='word_1_438' title='bbox 283 4042 597 4097; x_wconf 90' lang='lat' dir='ltr'><strong>luctuosam</strong></span> <span class='ocrx_word' id='word_1_439' title='bbox 626 4037 793 4091; x_wconf 86' lang='lat' dir='ltr'><strong>vitam</strong></span> <span class='ocrx_word' id='word_1_440' title='bbox 821 4034 1139 4096; x_wconf 87' lang='lat' dir='ltr'><strong>evadamus,</strong></span> <span class='ocrx_word' id='word_1_441' title='bbox 1170 4037 1225 4084; x_wconf 93' lang='lat' dir='ltr'><strong>et</strong></span> <span class='ocrx_word' id='word_1_442' title='bbox 1248 4027 1316 4082; x_wconf 90' lang='lat' dir='ltr'><strong>ad</strong></span> <span class='ocrx_word' id='word_1_443' title='bbox 1334 4027 1550 4082; x_wconf 87' lang='lat' dir='ltr'><strong>beatam</strong></span> <span class='ocrx_word' id='word_1_444' title='bbox 1599 4022 1768 4077; x_wconf 86' lang='lat' dir='ltr'><strong>vitam</strong></span> <span class='ocrx_word' id='word_1_445' title='bbox 1797 4020 1879 4090; x_wconf 89' lang='lat' dir='ltr'><strong>ip-</strong></span> 
     </span>
    </p>
   </div>
   <div class='ocr_carea' id='block_1_64' title="bbox 287 4120 1881 4201">
    <p class='ocr_par' dir='ltr' id='par_1_64' title="bbox 287 4120 1881 4201">
     <span class='ocr_line' id='line_1_64' title="bbox 287 4120 1881 4201; baseline -0.013 -12"><span class='ocrx_word' id='word_1_446' title='bbox 287 4134 414 4189; x_wconf 88' lang='lat' dir='ltr'><strong>sius</strong></span> <span class='ocrx_word' id='word_1_447' title='bbox 468 4146 571 4201; x_wconf 87' lang='lat' dir='ltr'><strong>ope</strong></span> <span class='ocrx_word' id='word_1_448' title='bbox 613 4126 1018 4199; x_wconf 85' lang='lat' dir='ltr'><strong>perveniamus.</strong></span> <span class='ocrx_word' id='word_1_449' title='bbox 1050 4122 1187 4178; x_wconf 88' lang='lat' dir='ltr'><strong>Tres</strong></span> <span class='ocrx_word' id='word_1_450' title='bbox 1214 4120 1337 4175; x_wconf 67' lang='lat' dir='ltr'><strong>vitae</strong></span> <span class='ocrx_word' id='word_1_451' title='bbox 1362 4126 1529 4174; x_wconf 89' lang='lat' dir='ltr'><strong>sunt:</strong></span> <span class='ocrx_word' id='word_1_452' title='bbox 1568 4132 1677 4170; x_wconf 89' lang='lat' dir='ltr'><strong>una</strong></span> <span class='ocrx_word' id='word_1_453' title='bbox 1715 4129 1881 4185; x_wconf 87' lang='lat' dir='ltr'><strong>super</strong></span> 
     </span>
    </p>
   </div>
   <div class='ocr_carea' id='block_1_65' title="bbox 288 4209 1875 4292">
    <p class='ocr_par' dir='ltr' id='par_1_65' title="bbox 288 4209 1875 4292">
     <span class='ocr_line' id='line_1_65' title="bbox 288 4209 1875 4292; baseline -0.013 -11"><span class='ocrx_word' id='word_1_454' title='bbox 288 4240 398 4281; x_wconf 84' lang='lat' dir='ltr'><strong>nos</strong></span> <span class='ocrx_word' id='word_1_455' title='bbox 439 4224 619 4287; x_wconf 85' lang='lat' dir='ltr'><strong>beata,</strong></span> <span class='ocrx_word' id='word_1_456' title='bbox 652 4237 758 4292; x_wconf 91' lang='lat' dir='ltr'><strong>qua</strong></span> <span class='ocrx_word' id='word_1_457' title='bbox 786 4218 962 4276; x_wconf 88' lang='lat' dir='ltr'><strong>sancti</strong></span> <span class='ocrx_word' id='word_1_458' title='bbox 1010 4231 1138 4273; x_wconf 91' lang='lat' dir='ltr'><strong>cum</strong></span> <span class='ocrx_word' id='word_1_459' title='bbox 1185 4213 1392 4284; x_wconf 84' lang='lat' dir='ltr'><strong>angelis</strong></span> <span class='ocrx_word' id='word_1_460' title='bbox 1441 4210 1599 4265; x_wconf 89' lang='lat' dir='ltr'><strong>beate</strong></span> <span class='ocrx_word' id='word_1_461' title='bbox 1639 4209 1875 4273; x_wconf 89' lang='lat' dir='ltr'><strong>vivunt;</strong></span> 
     </span>
    </p>
   </div>
   <div class='ocr_carea' id='block_1_66' title="bbox 290 4300 1884 4379">
    <p class='ocr_par' dir='ltr' id='par_1_66' title="bbox 290 4300 1884 4379">
     <span class='ocr_line' id='line_1_66' title="bbox 290 4300 1884 4379; baseline -0.011 -7"><span class='ocrx_word' id='word_1_462' title='bbox 290 4318 469 4373; x_wconf 84' lang='lat' dir='ltr'><strong>altera</strong></span> <span class='ocrx_word' id='word_1_463' title='bbox 513 4313 909 4378; x_wconf 85' lang='lat' dir='ltr'><strong>misericordia,</strong></span> <span class='ocrx_word' id='word_1_464' title='bbox 961 4311 1016 4365; x_wconf 91' lang='lat' dir='ltr'><strong>in</strong></span> <span class='ocrx_word' id='word_1_465' title='bbox 1068 4324 1176 4379; x_wconf 89' lang='lat' dir='ltr'><strong>qua</strong></span> <span class='ocrx_word' id='word_1_466' title='bbox 1194 4305 1331 4377; x_wconf 89' lang='lat' dir='ltr'><strong>justi</strong></span> <span class='ocrx_word' id='word_1_467' title='bbox 1361 4303 1542 4359; x_wconf 91' lang='lat' dir='ltr'><strong>adhuc</strong></span> <span class='ocrx_word' id='word_1_468' title='bbox 1591 4302 1683 4357; x_wconf 91' lang='lat' dir='ltr'><strong>hic</strong></span> <span class='ocrx_word' id='word_1_469' title='bbox 1705 4300 1884 4371; x_wconf 89' lang='lat' dir='ltr'><strong>suspi-</strong></span> 
     </span>
    </p>
   </div>
   <div class='ocr_carea' id='block_1_67' title="bbox 289 4393 1882 4478">
    <p class='ocr_par' dir='ltr' id='par_1_67' title="bbox 289 4393 1882 4478">
     <span class='ocr_line' id='line_1_67' title="bbox 289 4393 1882 4478; baseline -0.011 -15"><span class='ocrx_word' id='word_1_470' title='bbox 289 4416 483 4464; x_wconf 87' lang='lat' dir='ltr'><strong>rantes</strong></span> <span class='ocrx_word' id='word_1_471' title='bbox 534 4406 941 4478; x_wconf 86' lang='lat' dir='ltr'><strong>ingemiscunt;</strong></span> <span class='ocrx_word' id='word_1_472' title='bbox 982 4401 1143 4456; x_wconf 91' lang='lat' dir='ltr'><strong>tertia</strong></span> <span class='ocrx_word' id='word_1_473' title='bbox 1192 4398 1389 4454; x_wconf 89' lang='lat' dir='ltr'><strong>subtus</strong></span> <span class='ocrx_word' id='word_1_474' title='bbox 1444 4410 1548 4450; x_wconf 90' lang='lat' dir='ltr'><strong>nos</strong></span> <span class='ocrx_word' id='word_1_475' title='bbox 1610 4393 1882 4458; x_wconf 91' lang='lat' dir='ltr'><strong>luctuosa,</strong></span> 
     </span>
    </p>
   </div>
   <div class='ocr_carea' id='block_1_68' title="bbox 293 4486 1884 4572">
    <p class='ocr_par' dir='ltr' id='par_1_68' title="bbox 293 4486 1884 4572">
     <span class='ocr_line' id='line_1_68' title="bbox 293 4486 1884 4572; baseline -0.013 -15"><span class='ocrx_word' id='word_1_476' title='bbox 293 4502 354 4558; x_wconf 85' lang='lat' dir='ltr'><strong>in</strong></span> <span class='ocrx_word' id='word_1_477' title='bbox 384 4516 493 4572; x_wconf 91' lang='lat' dir='ltr'><strong>qua</strong></span> <span class='ocrx_word' id='word_1_478' title='bbox 515 4498 741 4570; x_wconf 84' lang='lat' dir='ltr'><strong>spiritus</strong></span> <span class='ocrx_word' id='word_1_479' title='bbox 792 4496 1175 4550; x_wconf 88' lang='lat' dir='ltr'><strong>damnatorum</strong></span> <span class='ocrx_word' id='word_1_480' title='bbox 1204 4504 1330 4546; x_wconf 89' lang='lat' dir='ltr'><strong>cum</strong></span> <span class='ocrx_word' id='word_1_481' title='bbox 1358 4486 1699 4543; x_wconf 70' lang='lat' dir='ltr'><strong>daemonibus</strong></span> <span class='ocrx_word' id='word_1_482' title='bbox 1744 4498 1884 4539; x_wconf 87' lang='lat' dir='ltr'><strong>con--</strong></span> 
     </span>
    </p>
   </div>
   <div class='ocr_carea' id='block_1_69' title="bbox 1973 3365 3554 3445">
    <p class='ocr_par' dir='ltr' id='par_1_69' title="bbox 1973 3365 3554 3445">
     <span class='ocr_line' id='line_1_69' title="bbox 1973 3365 3554 3445; baseline -0.005 -18"><span class='ocrx_word' id='word_1_483' title='bbox 1973 3375 2112 3445; x_wconf 92' lang='lat' dir='ltr'><strong>quit,</strong></span> <span class='ocrx_word' id='word_1_484' title='bbox 2139 3371 2387 3439; x_wconf 84' lang='lat' dir='ltr'><strong>Domine,</strong></span> <span class='ocrx_word' id='word_1_485' title='bbox 2446 3372 2599 3427; x_wconf 90' lang='lat' dir='ltr'><strong>mitte</strong></span> <span class='ocrx_word' id='word_1_486' title='bbox 2626 3385 2788 3440; x_wconf 92' lang='lat' dir='ltr'><strong>quem</strong></span> <span class='ocrx_word' id='word_1_487' title='bbox 2813 3369 3082 3423; x_wconf 89' lang='lat' dir='ltr'><strong>missurus</strong></span> <span class='ocrx_word' id='word_1_488' title='bbox 3101 3382 3160 3422; x_wconf 89' lang='lat' dir='ltr'><strong>es</strong></span> <span class='ocrx_word' id='word_1_489' title='bbox 3189 3365 3387 3438; x_wconf 71' lang='lat' dir='ltr'><strong>(Exod.</strong></span> <span class='ocrx_word' id='word_1_490' title='bbox 3421 3367 3554 3437; x_wconf 74' lang='grc' dir='ltr'><strong>ιν).ο</strong></span> 
     </span>
    </p>
   </div>
   <div class='ocr_carea' id='block_1_70' title="bbox 1975 3458 3555 3536">
    <p class='ocr_par' dir='ltr' id='par_1_70' title="bbox 1975 3458 3555 3536">
     <span class='ocr_line' id='line_1_70' title="bbox 1975 3458 3555 3536; baseline -0.006 -15"><span class='ocrx_word' id='word_1_491' title='bbox 1975 3466 2144 3522; x_wconf 84' lang='lat' dir='ltr'><strong>David</strong></span> <span class='ocrx_word' id='word_1_492' title='bbox 2187 3479 2407 3536; x_wconf 91' lang='lat' dir='ltr'><strong>quoque</strong></span> <span class='ocrx_word' id='word_1_493' title='bbox 2443 3464 2556 3519; x_wconf 89' lang='lat' dir='ltr'><strong>ait:</strong></span> <span class='ocrx_word' id='word_1_494' title='bbox 2597 3481 2617 3514; x_wconf 72' lang='grc' dir='ltr'>ι</span> <span class='ocrx_word' id='word_1_495' title='bbox 2647 3460 2899 3526; x_wconf 90' lang='lat' dir='ltr'><strong>Domine,</strong></span> <span class='ocrx_word' id='word_1_496' title='bbox 2955 3458 3156 3513; x_wconf 90' lang='lat' dir='ltr'><strong>inclina</strong></span> <span class='ocrx_word' id='word_1_497' title='bbox 3188 3458 3357 3515; x_wconf 78' lang='lat' dir='ltr'><strong>caelos</strong></span> <span class='ocrx_word' id='word_1_498' title='bbox 3410 3464 3555 3512; x_wconf 88' lang='lat' dir='ltr'><strong>tuos.</strong></span> 
     </span>
    </p>
   </div>
   <div class='ocr_carea' id='block_1_71' title="bbox 1974 3544 3557 3626">
    <p class='ocr_par' dir='ltr' id='par_1_71' title="bbox 1974 3544 3557 3626">
     <span class='ocr_line' id='line_1_71' title="bbox 1974 3544 3557 3626; baseline -0.012 -9"><span class='ocrx_word' id='word_1_499' title='bbox 1974 3571 2031 3617; x_wconf 89' lang='lat' dir='ltr'><strong>et</strong></span> <span class='ocrx_word' id='word_1_500' title='bbox 2056 3558 2323 3617; x_wconf 87' lang='lat' dir='ltr'><strong>descende</strong></span> <span class='ocrx_word' id='word_1_501' title='bbox 2351 3555 2523 3626; x_wconf 81' lang='lat' dir='ltr'><strong>(Psal.</strong></span> <span class='ocrx_word' id='word_1_502' title='bbox 2550 3553 2705 3623; x_wconf 79' lang='lat' dir='ltr'><strong>xvii).</strong></span> <span class='ocrx_word' id='word_1_503' title='bbox 2742 3571 2763 3604; x_wconf 76' lang='grc' dir='ltr'><strong><em>ι</em></strong></span> <span class='ocrx_word' id='word_1_504' title='bbox 2803 3548 2974 3606; x_wconf 87' lang='lat' dir='ltr'><strong>Isaias</strong></span> <span class='ocrx_word' id='word_1_505' title='bbox 2996 3549 3160 3605; x_wconf 88' lang='lat' dir='ltr'><strong>etiam</strong></span> <span class='ocrx_word' id='word_1_506' title='bbox 3188 3566 3203 3603; x_wconf 91' lang='lat'>:</span> <span class='ocrx_word' id='word_1_507' title='bbox 3240 3567 3258 3599; x_wconf 70' lang='grc' dir='ltr'>ι</span> <span class='ocrx_word' id='word_1_508' title='bbox 3287 3544 3502 3602; x_wconf 90' lang='lat' dir='ltr'><strong>Utinam</strong></span> <span class='ocrx_word' id='word_1_509' title='bbox 3537 3565 3557 3597; x_wconf 75' lang='grc' dir='ltr'><strong><em>ο</em></strong></span> 
     </span>
    </p>
   </div>
   <div class='ocr_carea' id='block_1_72' title="bbox 1979 3635 3559 3723">
    <p class='ocr_par' dir='ltr' id='par_1_72' title="bbox 1979 3635 3559 3723">
     <span class='ocr_line' id='line_1_72' title="bbox 1979 3635 3559 3723; baseline -0.011 -15"><span class='ocrx_word' id='word_1_510' title='bbox 1979 3653 2162 3723; x_wconf 90' lang='lat' dir='ltr'><strong>inquit</strong></span> <span class='ocrx_word' id='word_1_511' title='bbox 2191 3690 2207 3718; x_wconf 92' lang='lat'><strong>,</strong></span> <span class='ocrx_word' id='word_1_512' title='bbox 2281 3668 2300 3701; x_wconf 85' lang='grc'><strong>‹</strong></span> <span class='ocrx_word' id='word_1_513' title='bbox 2336 3648 2707 3716; x_wconf 88' lang='lat' dir='ltr'><strong>disrumperes</strong></span> <span class='ocrx_word' id='word_1_514' title='bbox 2785 3641 2955 3697; x_wconf 84' lang='lat' dir='ltr'><strong>caelos</strong></span> <span class='ocrx_word' id='word_1_515' title='bbox 3037 3649 3102 3716; x_wconf 36' lang='lat' dir='ltr'><strong>et.</strong></span> <span class='ocrx_word' id='word_1_516' title='bbox 3154 3635 3559 3694; x_wconf 79' lang='lat' dir='ltr'><strong>descenderes!</strong></span> 
     </span>
    </p>
   </div>
   <div class='ocr_carea' id='block_1_73' title="bbox 1979 3729 3553 3818">
    <p class='ocr_par' dir='ltr' id='par_1_73' title="bbox 1979 3729 3553 3818">
     <span class='ocr_line' id='line_1_73' title="bbox 1979 3729 3553 3818; baseline -0.011 -20"><span class='ocrx_word' id='word_1_517' title='bbox 1979 3744 2116 3818; x_wconf 82' lang='lat' dir='ltr'><strong>(Isa.</strong></span> <span class='ocrx_word' id='word_1_518' title='bbox 2144 3742 2317 3813; x_wconf 74' lang='lat' dir='ltr'><strong>LXIV.)</strong></span> <span class='ocrx_word' id='word_1_519' title='bbox 2352 3761 2371 3794; x_wconf 74' lang='grc' dir='ltr'><strong><em>ι</em></strong></span> <span class='ocrx_word' id='word_1_520' title='bbox 2404 3739 2470 3794; x_wconf 83' lang='lat' dir='ltr'><strong>Et</strong></span> <span class='ocrx_word' id='word_1_521' title='bbox 2514 3737 2711 3793; x_wconf 91' lang='lat' dir='ltr'><strong>merito</strong></span> <span class='ocrx_word' id='word_1_522' title='bbox 2741 3734 2860 3806; x_wconf 90' lang='lat' dir='ltr'><strong>ejus</strong></span> <span class='ocrx_word' id='word_1_523' title='bbox 2884 3731 3158 3789; x_wconf 91' lang='lat' dir='ltr'><strong>desiderio</strong></span> <span class='ocrx_word' id='word_1_524' title='bbox 3185 3729 3510 3785; x_wconf 82' lang='lat' dir='ltr'><strong>deficiebant</strong></span> <span class='ocrx_word' id='word_1_525' title='bbox 3535 3767 3553 3793; x_wconf 93' lang='lat'><strong>,</strong></span> 
     </span>
    </p>
   </div>
   <div class='ocr_carea' id='block_1_74' title="bbox 1978 3820 3567 3909">
    <p class='ocr_par' dir='ltr' id='par_1_74' title="bbox 1978 3820 3567 3909">
     <span class='ocr_line' id='line_1_74' title="bbox 1978 3820 3567 3909; baseline -0.011 -17"><span class='ocrx_word' id='word_1_526' title='bbox 1978 3839 2072 3909; x_wconf 91' lang='lat' dir='ltr'><strong>qui</strong></span> <span class='ocrx_word' id='word_1_527' title='bbox 2121 3850 2249 3890; x_wconf 87' lang='lat' dir='ltr'><strong>eum</strong></span> <span class='ocrx_word' id='word_1_528' title='bbox 2300 3833 2543 3887; x_wconf 91' lang='lat' dir='ltr'><strong>futurum</strong></span> <span class='ocrx_word' id='word_1_529' title='bbox 2594 3826 2975 3899; x_wconf 77' lang='lat' dir='ltr'><strong>praesciebant.</strong></span> <span class='ocrx_word' id='word_1_530' title='bbox 3003 3821 3141 3877; x_wconf 86' lang='lat' dir='ltr'><strong>Nam</strong></span> <span class='ocrx_word' id='word_1_531' title='bbox 3195 3829 3322 3877; x_wconf 88' lang='lat' dir='ltr'><strong>ante</strong></span> <span class='ocrx_word' id='word_1_532' title='bbox 3389 3820 3567 3891; x_wconf 80' lang='lat' dir='ltr'><strong>ipsius</strong></span> 
     </span>
    </p>
   </div>
   <div class='ocr_carea' id='block_1_75' title="bbox 1979 3910 3568 3980">
    <p class='ocr_par' dir='ltr' id='par_1_75' title="bbox 1979 3910 3568 3980">
     <span class='ocr_line' id='line_1_75' title="bbox 1979 3910 3568 3980; baseline -0.012 0"><span class='ocrx_word' id='word_1_533' title='bbox 1979 3927 2274 3980; x_wconf 82' lang='lat' dir='ltr'><strong>adventum</strong></span> <span class='ocrx_word' id='word_1_534' title='bbox 2332 3918 2486 3975; x_wconf 88' lang='lat' dir='ltr'><strong>fusca</strong></span> <span class='ocrx_word' id='word_1_535' title='bbox 2525 3931 2675 3972; x_wconf 88' lang='lat' dir='ltr'><strong>mors</strong></span> <span class='ocrx_word' id='word_1_536' title='bbox 2701 3913 2970 3969; x_wconf 88' lang='lat' dir='ltr'><strong>mundum</strong></span> <span class='ocrx_word' id='word_1_537' title='bbox 2995 3910 3221 3977; x_wconf 86' lang='lat' dir='ltr'><strong>obtexit,</strong></span> <span class='ocrx_word' id='word_1_538' title='bbox 3262 3923 3568 3977; x_wconf 83' lang='lat' dir='ltr'><strong>omnesque</strong></span> 
     </span>
    </p>
   </div>
   <div class='ocr_carea' id='block_1_76' title="bbox 1980 4000 3568 4092">
    <p class='ocr_par' dir='ltr' id='par_1_76' title="bbox 1980 4000 3568 4092">
     <span class='ocr_line' id='line_1_76' title="bbox 1980 4000 3568 4092; baseline -0.011 -17"><span class='ocrx_word' id='word_1_539' title='bbox 1980 4035 2076 4092; x_wconf 88' lang='lat' dir='ltr'><strong>per</strong></span> <span class='ocrx_word' id='word_1_540' title='bbox 2122 4018 2223 4073; x_wconf 88' lang='lat' dir='ltr'><strong>iter</strong></span> <span class='ocrx_word' id='word_1_541' title='bbox 2270 4013 2556 4071; x_wconf 87' lang='lat' dir='ltr'><strong>sinistrum</strong></span> <span class='ocrx_word' id='word_1_542' title='bbox 2603 4009 2660 4064; x_wconf 91' lang='lat' dir='ltr'><strong>in</strong></span> <span class='ocrx_word' id='word_1_543' title='bbox 2707 4005 3081 4080; x_wconf 64' lang='lat' dir='ltr'><strong>perditionem;</strong></span> <span class='ocrx_word' id='word_1_544' title='bbox 3111 4003 3330 4060; x_wconf 89' lang='lat' dir='ltr'><strong>direxit.</strong></span> <span class='ocrx_word' id='word_1_545' title='bbox 3363 4000 3568 4057; x_wconf 85' lang='lat' dir='ltr'><strong>Omnes</strong></span> 
     </span>
    </p>
   </div>
   <div class='ocr_carea' id='block_1_77' title="bbox 1980 4093 3565 4183">
    <p class='ocr_par' dir='ltr' id='par_1_77' title="bbox 1980 4093 3565 4183">
     <span class='ocr_line' id='line_1_77' title="bbox 1980 4093 3565 4183; baseline -0.013 -17"><span class='ocrx_word' id='word_1_546' title='bbox 1980 4110 2141 4183; x_wconf 88' lang='lat' dir='ltr'><strong>quasi</strong></span> <span class='ocrx_word' id='word_1_547' title='bbox 2171 4109 2226 4163; x_wconf 89' lang='lat' dir='ltr'><strong>in</strong></span> <span class='ocrx_word' id='word_1_548' title='bbox 2277 4104 2517 4162; x_wconf 89' lang='lat' dir='ltr'><strong>tenebris</strong></span> <span class='ocrx_word' id='word_1_549' title='bbox 2563 4100 2846 4166; x_wconf 87' lang='lat' dir='ltr'><strong>errabant,</strong></span> <span class='ocrx_word' id='word_1_550' title='bbox 2901 4097 3030 4169; x_wconf 90' lang='lat' dir='ltr'><strong>quia</strong></span> <span class='ocrx_word' id='word_1_551' title='bbox 3063 4096 3246 4150; x_wconf 90' lang='lat' dir='ltr'><strong>lumen</strong></span> <span class='ocrx_word' id='word_1_552' title='bbox 3284 4093 3565 4148; x_wconf 88' lang='lat' dir='ltr'><strong>Christum</strong></span> 
     </span>
    </p>
   </div>
   <div class='ocr_carea' id='block_1_78' title="bbox 1983 4185 3569 4263">
    <p class='ocr_par' dir='ltr' id='par_1_78' title="bbox 1983 4185 3569 4263">
     <span class='ocr_line' id='line_1_78' title="bbox 1983 4185 3569 4263; baseline -0.014 -4"><span class='ocrx_word' id='word_1_553' title='bbox 1983 4218 2093 4259; x_wconf 91' lang='lat' dir='ltr'><strong>non</strong></span> <span class='ocrx_word' id='word_1_554' title='bbox 2139 4200 2433 4263; x_wconf 89' lang='lat' dir='ltr'><strong>habebant,</strong></span> <span class='ocrx_word' id='word_1_555' title='bbox 2465 4204 2520 4250; x_wconf 89' lang='lat' dir='ltr'><strong>et</strong></span> <span class='ocrx_word' id='word_1_556' title='bbox 2562 4194 2684 4249; x_wconf 89' lang='lat' dir='ltr'><strong>ideo</strong></span> <span class='ocrx_word' id='word_1_557' title='bbox 2715 4207 2812 4262; x_wconf 91' lang='lat' dir='ltr'><strong>per</strong></span> <span class='ocrx_word' id='word_1_558' title='bbox 2840 4191 3139 4261; x_wconf 88' lang='lat' dir='ltr'><strong>spatiosam</strong></span> <span class='ocrx_word' id='word_1_559' title='bbox 3171 4186 3314 4241; x_wconf 89' lang='lat' dir='ltr'><strong>viam</strong></span> <span class='ocrx_word' id='word_1_560' title='bbox 3348 4201 3379 4240; x_wconf 89' lang='lat' dir='ltr'><strong>a</strong></span> <span class='ocrx_word' id='word_1_561' title='bbox 3431 4185 3569 4240; x_wconf 86' lang='lat' dir='ltr'><strong>sini-</strong></span> 
     </span>
    </p>
   </div>
   <div class='ocr_carea' id='block_1_79' title="bbox 1983 4280 3566 4355">
    <p class='ocr_par' dir='ltr' id='par_1_79' title="bbox 1983 4280 3566 4355">
     <span class='ocr_line' id='line_1_79' title="bbox 1983 4280 3566 4355; baseline -0.014 0"><span class='ocrx_word' id='word_1_562' title='bbox 1983 4298 2112 4355; x_wconf 88' lang='lat' dir='ltr'><strong>stris</strong></span> <span class='ocrx_word' id='word_1_563' title='bbox 2133 4308 2278 4352; x_wconf 70' lang='lat' dir='ltr'><strong>caeco</strong></span> <span class='ocrx_word' id='word_1_564' title='bbox 2303 4291 2467 4348; x_wconf 89' lang='lat' dir='ltr'><strong>corde</strong></span> <span class='ocrx_word' id='word_1_565' title='bbox 2495 4290 2552 4344; x_wconf 92' lang='lat' dir='ltr'><strong>in</strong></span> <span class='ocrx_word' id='word_1_566' title='bbox 2586 4295 2817 4343; x_wconf 90' lang='lat' dir='ltr'><strong>mortem</strong></span> <span class='ocrx_word' id='word_1_567' title='bbox 2843 4285 3092 4338; x_wconf 88' lang='lat' dir='ltr'><strong>ruebant.</strong></span> <span class='ocrx_word' id='word_1_568' title='bbox 3135 4280 3354 4335; x_wconf 89' lang='lat' dir='ltr'><strong>Christo</strong></span> <span class='ocrx_word' id='word_1_569' title='bbox 3384 4289 3566 4333; x_wconf 89' lang='lat' dir='ltr'><strong>autem</strong></span> 
     </span>
    </p>
   </div>
   <div class='ocr_carea' id='block_1_80' title="bbox 1984 4371 3566 4448">
    <p class='ocr_par' dir='ltr' id='par_1_80' title="bbox 1984 4371 3566 4448">
     <span class='ocr_line' id='line_1_80' title="bbox 1984 4371 3566 4448; baseline -0.015 -2"><span class='ocrx_word' id='word_1_570' title='bbox 1984 4391 2100 4448; x_wconf 91' lang='lat' dir='ltr'><strong>sole</strong></span> <span class='ocrx_word' id='word_1_571' title='bbox 2122 4387 2256 4444; x_wconf 87' lang='lat' dir='ltr'><strong>solis</strong></span> <span class='ocrx_word' id='word_1_572' title='bbox 2307 4384 2364 4438; x_wconf 91' lang='lat' dir='ltr'><strong>in</strong></span> <span class='ocrx_word' id='word_1_573' title='bbox 2391 4381 2599 4437; x_wconf 89' lang='lat' dir='ltr'><strong>mundo</strong></span> <span class='ocrx_word' id='word_1_574' title='bbox 2628 4383 2944 4448; x_wconf 86' lang='lat' dir='ltr'><strong>apparente,</strong></span> <span class='ocrx_word' id='word_1_575' title='bbox 2978 4373 3088 4428; x_wconf 92' lang='lat' dir='ltr'><strong>imo</strong></span> <span class='ocrx_word' id='word_1_576' title='bbox 3108 4371 3215 4426; x_wconf 87' lang='lat' dir='ltr'><strong>vita</strong></span> <span class='ocrx_word' id='word_1_577' title='bbox 3246 4371 3566 4441; x_wconf 78' lang='lat' dir='ltr'><strong>angelorum</strong></span> 
     </span>
    </p>
   </div>
   <div class='ocr_carea' id='block_1_81' title="bbox 1987 4460 3571 4538">
    <p class='ocr_par' dir='ltr' id='par_1_81' title="bbox 1987 4460 3571 4538">
     <span class='ocr_line' id='line_1_81' title="bbox 1987 4460 3571 4538; baseline -0.015 0"><span class='ocrx_word' id='word_1_578' title='bbox 1987 4498 2046 4538; x_wconf 88' lang='lat' dir='ltr'><strong>se</strong></span> <span class='ocrx_word' id='word_1_579' title='bbox 2070 4477 2396 4536; x_wconf 88' lang='lat' dir='ltr'><strong>mortalibus</strong></span> <span class='ocrx_word' id='word_1_580' title='bbox 2423 4472 2732 4535; x_wconf 83' lang='lat' dir='ltr'><strong>exhibente,</strong></span> <span class='ocrx_word' id='word_1_581' title='bbox 2766 4475 2902 4524; x_wconf 89' lang='lat' dir='ltr'><strong>tetra</strong></span> <span class='ocrx_word' id='word_1_582' title='bbox 2938 4480 3086 4520; x_wconf 90' lang='lat' dir='ltr'><strong>mors</strong></span> <span class='ocrx_word' id='word_1_583' title='bbox 3113 4462 3399 4535; x_wconf 87' lang='lat' dir='ltr'><strong>pavefacta</strong></span> <span class='ocrx_word' id='word_1_584' title='bbox 3430 4460 3571 4531; x_wconf 88' lang='lat' dir='ltr'><strong>fugit</strong></span> 
     </span>
    </p>
   </div>
   <div class='ocr_carea' id='block_1_82' title="bbox 293 4553 3572 4660">
    <p class='ocr_par' dir='ltr' id='par_1_82' title="bbox 293 4553 3572 4660">
     <span class='ocr_line' id='line_1_82' title="bbox 293 4553 3572 4660; baseline -0.013 -10"><span class='ocrx_word' id='word_1_585' title='bbox 293 4553 721 4650; x_wconf 49' lang='lat' dir='ltr'><strong>ambitu-Nobis</strong></span> <span class='ocrx_word' id='word_1_586' title='bbox 753 4603 882 4660; x_wconf 86' lang='lat' dir='ltr'><strong>ergo</strong></span> <span class='ocrx_word' id='word_1_587' title='bbox 933 4588 988 4642; x_wconf 91' lang='lat' dir='ltr'><strong>in</strong></span> <span class='ocrx_word' id='word_1_588' title='bbox 1049 4584 1231 4640; x_wconf 86' lang='lat' dir='ltr'><strong>media</strong></span> <span class='ocrx_word' id='word_1_589' title='bbox 1277 4583 1389 4637; x_wconf 89' lang='lat' dir='ltr'><strong>vita</strong></span> <span class='ocrx_word' id='word_1_590' title='bbox 1421 4577 1732 4636; x_wconf 89' lang='lat' dir='ltr'><strong>constitutis</strong></span> <span class='ocrx_word' id='word_1_591' title='bbox 1761 4576 1885 4633; x_wconf 73' lang='lat' dir='ltr'><strong>duae</strong></span> <span class='ocrx_word' id='word_1_592' title='bbox 1915 4594 1959 4649; x_wconf 80' lang='grc' dir='ltr'><strong>ι)</strong></span> <span class='ocrx_word' id='word_1_593' title='bbox 1988 4587 2155 4644; x_wconf 89' lang='lat' dir='ltr'><strong>seque</strong></span> <span class='ocrx_word' id='word_1_594' title='bbox 2202 4570 2261 4626; x_wconf 91' lang='lat' dir='ltr'><strong>in</strong></span> <span class='ocrx_word' id='word_1_595' title='bbox 2309 4560 2492 4623; x_wconf 87' lang='lat' dir='ltr'><strong>abdita</strong></span> <span class='ocrx_word' id='word_1_596' title='bbox 2540 4562 2732 4620; x_wconf 90' lang='lat' dir='ltr'><strong>tartari</strong></span> <span class='ocrx_word' id='word_1_597' title='bbox 2782 4557 3015 4616; x_wconf 90' lang='lat' dir='ltr'><strong>confusa</strong></span> <span class='ocrx_word' id='word_1_598' title='bbox 3067 4554 3375 4618; x_wconf 87' lang='lat' dir='ltr'><strong>abscondit,</strong></span> <span class='ocrx_word' id='word_1_599' title='bbox 3426 4553 3572 4607; x_wconf 90' lang='lat' dir='ltr'><strong>sicut</strong></span> 
     </span>
    </p>
   </div>
   <div class='ocr_carea' id='block_1_83' title="bbox 290 4668 1881 4749">
    <p class='ocr_par' dir='ltr' id='par_1_83' title="bbox 290 4668 1881 4749">
     <span class='ocr_line' id='line_1_83' title="bbox 290 4668 1881 4749; baseline -0.014 -7"><span class='ocrx_word' id='word_1_600' title='bbox 290 4686 405 4742; x_wconf 74' lang='lat' dir='ltr'><strong>via:</strong></span> <span class='ocrx_word' id='word_1_601' title='bbox 465 4698 525 4737; x_wconf 87' lang='lat' dir='ltr'><strong>se</strong></span> <span class='ocrx_word' id='word_1_602' title='bbox 569 4681 845 4737; x_wconf 82' lang='lat' dir='ltr'><strong>oﬂ‘erunt:</strong></span> <span class='ocrx_word' id='word_1_603' title='bbox 907 4692 1031 4749; x_wconf 75' lang='lat' dir='ltr'><strong>qua:</strong></span> <span class='ocrx_word' id='word_1_604' title='bbox 1084 4674 1351 4745; x_wconf 91' lang='lat' dir='ltr'><strong>quosdam</strong></span> <span class='ocrx_word' id='word_1_605' title='bbox 1397 4672 1463 4727; x_wconf 89' lang='lat' dir='ltr'><strong>ad</strong></span> <span class='ocrx_word' id='word_1_606' title='bbox 1502 4668 1881 4739; x_wconf 83' lang='lat' dir='ltr'><strong>superiorem;</strong></span> 
     </span>
    </p>
   </div>
   <div class='ocr_carea' id='block_1_84' title="bbox 294 4760 1889 4849">
    <p class='ocr_par' dir='ltr' id='par_1_84' title="bbox 294 4760 1889 4849">
     <span class='ocr_line' id='line_1_84' title="bbox 294 4760 1889 4849; baseline -0.013 -16"><span class='ocrx_word' id='word_1_607' title='bbox 294 4775 575 4849; x_wconf 86' lang='lat' dir='ltr'><strong>quosdam</strong></span> <span class='ocrx_word' id='word_1_608' title='bbox 604 4783 787 4830; x_wconf 90' lang='lat' dir='ltr'><strong>autem</strong></span> <span class='ocrx_word' id='word_1_609' title='bbox 816 4773 884 4828; x_wconf 89' lang='lat' dir='ltr'><strong>ad</strong></span> <span class='ocrx_word' id='word_1_610' title='bbox 916 4771 1230 4826; x_wconf 90' lang='lat' dir='ltr'><strong>inferiorem</strong></span> <span class='ocrx_word' id='word_1_611' title='bbox 1257 4769 1486 4822; x_wconf 91' lang='lat' dir='ltr'><strong>ducunt.</strong></span> <span class='ocrx_word' id='word_1_612' title='bbox 1514 4761 1563 4816; x_wconf 82' lang='lat' dir='ltr'><strong>A</strong></span> <span class='ocrx_word' id='word_1_613' title='bbox 1585 4760 1793 4817; x_wconf 82' lang='lat' dir='ltr'><strong>dextris</strong></span> <span class='ocrx_word' id='word_1_614' title='bbox 1827 4773 1889 4814; x_wconf 88' lang='lat' dir='ltr'><strong>se</strong></span> 
     </span>
    </p>
   </div>
   <div class='ocr_carea' id='block_1_85' title="bbox 298 4853 1889 4942">
    <p class='ocr_par' dir='ltr' id='par_1_85' title="bbox 298 4853 1889 4942">
     <span class='ocr_line' id='line_1_85' title="bbox 298 4853 1889 4942; baseline -0.014 -16"><span class='ocrx_word' id='word_1_615' title='bbox 298 4871 512 4942; x_wconf 82' lang='lat' dir='ltr'><strong>praebet</strong></span> <span class='ocrx_word' id='word_1_616' title='bbox 543 4870 632 4924; x_wconf 91' lang='lat' dir='ltr'><strong>via</strong></span> <span class='ocrx_word' id='word_1_617' title='bbox 657 4876 808 4923; x_wconf 89' lang='lat' dir='ltr'><strong>arcta</strong></span> <span class='ocrx_word' id='word_1_618' title='bbox 842 4875 899 4921; x_wconf 91' lang='lat' dir='ltr'><strong>et</strong></span> <span class='ocrx_word' id='word_1_619' title='bbox 921 4870 1177 4935; x_wconf 83' lang='lat' dir='ltr'><strong>angusta,</strong></span> <span class='ocrx_word' id='word_1_620' title='bbox 1205 4861 1416 4915; x_wconf 79' lang='lat' dir='ltr'><strong>ducens</strong></span> <span class='ocrx_word' id='word_1_621' title='bbox 1437 4857 1504 4913; x_wconf 93' lang='lat' dir='ltr'><strong>de</strong></span> <span class='ocrx_word' id='word_1_622' title='bbox 1535 4854 1638 4909; x_wconf 89' lang='lat' dir='ltr'><strong>hac</strong></span> <span class='ocrx_word' id='word_1_623' title='bbox 1666 4853 1889 4917; x_wconf 88' lang='lat' dir='ltr'><strong>misera,</strong></span> 
     </span>
    </p>
   </div>
   <div class='ocr_carea' id='block_1_86' title="bbox 298 4945 1891 5034">
    <p class='ocr_par' dir='ltr' id='par_1_86' title="bbox 298 4945 1891 5034">
     <span class='ocr_line' id='line_1_86' title="bbox 298 4945 1891 5034; baseline -0.014 -14"><span class='ocrx_word' id='word_1_624' title='bbox 298 4978 405 5034; x_wconf 86' lang='lat' dir='ltr'><strong>per</strong></span> <span class='ocrx_word' id='word_1_625' title='bbox 452 4976 514 5017; x_wconf 82' lang='lat' dir='ltr'><strong>se</strong></span> <span class='ocrx_word' id='word_1_626' title='bbox 566 4959 907 5015; x_wconf 80' lang='lat' dir='ltr'><strong>ambulantes</strong></span> <span class='ocrx_word' id='word_1_627' title='bbox 964 4956 1032 5011; x_wconf 88' lang='lat' dir='ltr'><strong>ad</strong></span> <span class='ocrx_word' id='word_1_628' title='bbox 1091 4953 1264 5008; x_wconf 70' lang='lat' dir='ltr'><strong>beatae</strong></span> <span class='ocrx_word' id='word_1_629' title='bbox 1337 4950 1463 5004; x_wconf 64' lang='lat' dir='ltr'><strong>vitae</strong></span> <span class='ocrx_word' id='word_1_630' title='bbox 1517 4945 1891 5003; x_wconf 58' lang='lat' dir='ltr'><strong>amoenitatem</strong></span> 
     </span>
    </p>
   </div>
   <div class='ocr_carea' id='block_1_87' title="bbox 305 5034 1888 5125">
    <p class='ocr_par' dir='ltr' id='par_1_87' title="bbox 305 5034 1888 5125">
     <span class='ocr_line' id='line_1_87' title="bbox 305 5034 1888 5125; baseline -0.014 -16"><span class='ocrx_word' id='word_1_631' title='bbox 305 5054 532 5125; x_wconf 76' lang='lat' dir='ltr'><strong>(Matth.</strong></span> <span class='ocrx_word' id='word_1_632' title='bbox 555 5051 654 5123; x_wconf 84' lang='lat' dir='ltr'><strong>vn)</strong></span> <span class='ocrx_word' id='word_1_633' title='bbox 682 5066 697 5118; x_wconf 90' lang='lat'><strong>;</strong></span> <span class='ocrx_word' id='word_1_634' title='bbox 724 5065 755 5105; x_wconf 90' lang='lat' dir='ltr'><strong>a</strong></span> <span class='ocrx_word' id='word_1_635' title='bbox 780 5047 1020 5105; x_wconf 88' lang='lat' dir='ltr'><strong>sinistris</strong></span> <span class='ocrx_word' id='word_1_636' title='bbox 1047 5060 1179 5101; x_wconf 90' lang='lat' dir='ltr'><strong>vero</strong></span> <span class='ocrx_word' id='word_1_637' title='bbox 1224 5041 1414 5114; x_wconf 87' lang='lat' dir='ltr'><strong>pandit</strong></span> <span class='ocrx_word' id='word_1_638' title='bbox 1460 5054 1520 5095; x_wconf 92' lang='lat' dir='ltr'><strong>se</strong></span> <span class='ocrx_word' id='word_1_639' title='bbox 1553 5038 1731 5108; x_wconf 82' lang='lat' dir='ltr'><strong>platea</strong></span> <span class='ocrx_word' id='word_1_640' title='bbox 1780 5034 1888 5088; x_wconf 92' lang='lat' dir='ltr'><strong>lata</strong></span> 
     </span>
    </p>
   </div>
   <div class='ocr_carea' id='block_1_88' title="bbox 304 5129 1892 5215">
    <p class='ocr_par' dir='ltr' id='par_1_88' title="bbox 304 5129 1892 5215">
     <span class='ocr_line' id='line_1_88' title="bbox 304 5129 1892 5215; baseline -0.015 -12"><span class='ocrx_word' id='word_1_641' title='bbox 304 5160 357 5203; x_wconf 85' lang='lat' dir='ltr'><strong>et</strong></span> <span class='ocrx_word' id='word_1_642' title='bbox 412 5143 673 5215; x_wconf 89' lang='lat' dir='ltr'><strong>spatiosa,</strong></span> <span class='ocrx_word' id='word_1_643' title='bbox 703 5142 909 5197; x_wconf 87' lang='lat' dir='ltr'><strong>ducens</strong></span> <span class='ocrx_word' id='word_1_644' title='bbox 961 5138 1017 5193; x_wconf 91' lang='lat' dir='ltr'><strong>in</strong></span> <span class='ocrx_word' id='word_1_645' title='bbox 1046 5152 1106 5193; x_wconf 90' lang='lat' dir='ltr'><strong>se</strong></span> <span class='ocrx_word' id='word_1_646' title='bbox 1151 5134 1457 5208; x_wconf 89' lang='lat' dir='ltr'><strong>gradientes</strong></span> <span class='ocrx_word' id='word_1_647' title='bbox 1505 5129 1573 5185; x_wconf 87' lang='lat' dir='ltr'><strong>ad</strong></span> <span class='ocrx_word' id='word_1_648' title='bbox 1627 5129 1892 5182; x_wconf 74' lang='lat' dir='ltr'><strong>luctuosa:</strong></span> 
     </span>
    </p>
   </div>
   <div class='ocr_carea' id='block_1_89' title="bbox 304 5219 1895 5298">
    <p class='ocr_par' dir='ltr' id='par_1_89' title="bbox 304 5219 1895 5298">
     <span class='ocr_line' id='line_1_89' title="bbox 304 5219 1895 5298; baseline -0.015 -2"><span class='ocrx_word' id='word_1_649' title='bbox 304 5238 435 5295; x_wconf 77' lang='lat' dir='ltr'><strong>vita:</strong></span> <span class='ocrx_word' id='word_1_650' title='bbox 458 5236 838 5293; x_wconf 90' lang='lat' dir='ltr'><strong>calamitatem.</strong></span> <span class='ocrx_word' id='word_1_651' title='bbox 863 5230 1026 5287; x_wconf 82' lang='lat' dir='ltr'><strong>Areta</strong></span> <span class='ocrx_word' id='word_1_652' title='bbox 1047 5229 1132 5284; x_wconf 90' lang='lat' dir='ltr'><strong>via</strong></span> <span class='ocrx_word' id='word_1_653' title='bbox 1142 5237 1198 5284; x_wconf 91' lang='lat' dir='ltr'><strong>et</strong></span> <span class='ocrx_word' id='word_1_654' title='bbox 1218 5233 1445 5298; x_wconf 86' lang='lat' dir='ltr'><strong>angusta</strong></span> <span class='ocrx_word' id='word_1_655' title='bbox 1462 5230 1566 5292; x_wconf 88' lang='lat' dir='ltr'><strong>est,</strong></span> <span class='ocrx_word' id='word_1_656' title='bbox 1584 5219 1776 5277; x_wconf 91' lang='lat' dir='ltr'><strong>mundi</strong></span> <span class='ocrx_word' id='word_1_657' title='bbox 1798 5219 1895 5277; x_wconf 84' lang='lat' dir='ltr'><strong>(le-</strong></span> 
     </span>
    </p>
   </div>
   <div class='ocr_carea' id='block_1_90' title="bbox 308 5309 1889 5390">
    <p class='ocr_par' dir='ltr' id='par_1_90' title="bbox 308 5309 1889 5390">
     <span class='ocr_line' id='line_1_90' title="bbox 308 5309 1889 5390; baseline -0.015 -4"><span class='ocrx_word' id='word_1_658' title='bbox 308 5329 514 5386; x_wconf 75' lang='lat' dir='ltr'><strong>sideria</strong></span> <span class='ocrx_word' id='word_1_659' title='bbox 564 5335 619 5383; x_wconf 91' lang='lat' dir='ltr'><strong>et</strong></span> <span class='ocrx_word' id='word_1_660' title='bbox 657 5322 841 5380; x_wconf 86' lang='lat' dir='ltr'><strong>carnis</strong></span> <span class='ocrx_word' id='word_1_661' title='bbox 876 5317 1377 5390; x_wconf 87' lang='lat' dir='ltr'><strong>concupiscentiam</strong></span> <span class='ocrx_word' id='word_1_662' title='bbox 1427 5314 1634 5386; x_wconf 88' lang='lat' dir='ltr'><strong>fugere,</strong></span> <span class='ocrx_word' id='word_1_663' title='bbox 1684 5309 1889 5366; x_wconf 88' lang='lat' dir='ltr'><strong>malum</strong></span> 
     </span>
    </p>
   </div>
   <div class='ocr_carea' id='block_1_91' title="bbox 309 5404 1892 5493">
    <p class='ocr_par' dir='ltr' id='par_1_91' title="bbox 309 5404 1892 5493">
     <span class='ocr_line' id='line_1_91' title="bbox 309 5404 1892 5493; baseline -0.015 -16"><span class='ocrx_word' id='word_1_664' title='bbox 309 5436 416 5493; x_wconf 83' lang='lat' dir='ltr'><strong>pro</strong></span> <span class='ocrx_word' id='word_1_665' title='bbox 438 5420 585 5475; x_wconf 86' lang='lat' dir='ltr'><strong>malo</strong></span> <span class='ocrx_word' id='word_1_666' title='bbox 629 5432 737 5471; x_wconf 91' lang='lat' dir='ltr'><strong>non</strong></span> <span class='ocrx_word' id='word_1_667' title='bbox 782 5414 1028 5476; x_wconf 87' lang='lat' dir='ltr'><strong>reddere,</strong></span> <span class='ocrx_word' id='word_1_668' title='bbox 1070 5409 1271 5480; x_wconf 81' lang='lat' dir='ltr'><strong>vigiliis</strong></span> <span class='ocrx_word' id='word_1_669' title='bbox 1316 5415 1372 5462; x_wconf 92' lang='lat' dir='ltr'><strong>et</strong></span> <span class='ocrx_word' id='word_1_670' title='bbox 1415 5404 1641 5476; x_wconf 89' lang='lat' dir='ltr'><strong>jejuuiis</strong></span> <span class='ocrx_word' id='word_1_671' title='bbox 1691 5414 1892 5470; x_wconf 88' lang='lat' dir='ltr'><strong>corpus</strong></span> 
     </span>
    </p>
   </div>
   <div class='ocr_carea' id='block_1_92' title="bbox 312 5494 1894 5576">
    <p class='ocr_par' dir='ltr' id='par_1_92' title="bbox 312 5494 1894 5576">
     <span class='ocr_line' id='line_1_92' title="bbox 312 5494 1894 5576; baseline -0.016 -4"><span class='ocrx_word' id='word_1_672' title='bbox 312 5527 616 5576; x_wconf 86' lang='lat' dir='ltr'><strong>macerare,</strong></span> <span class='ocrx_word' id='word_1_673' title='bbox 644 5507 984 5564; x_wconf 77' lang='lat' dir='ltr'><strong>orationibus</strong></span> <span class='ocrx_word' id='word_1_674' title='bbox 1011 5513 1067 5560; x_wconf 88' lang='lat' dir='ltr'><strong>et</strong></span> <span class='ocrx_word' id='word_1_675' title='bbox 1087 5501 1325 5559; x_wconf 88' lang='lat' dir='ltr'><strong>assiduis</strong></span> <span class='ocrx_word' id='word_1_676' title='bbox 1343 5498 1598 5554; x_wconf 91' lang='lat' dir='ltr'><strong>laudibus</strong></span> <span class='ocrx_word' id='word_1_677' title='bbox 1626 5494 1894 5550; x_wconf 85' lang='lat' dir='ltr'><strong>Dei&#39;insu—</strong></span> 
     </span>
    </p>
   </div>
   <div class='ocr_carea' id='block_1_93' title="bbox 315 5586 1896 5667">
    <p class='ocr_par' dir='ltr' id='par_1_93' title="bbox 315 5586 1896 5667">
     <span class='ocr_line' id='line_1_93' title="bbox 315 5586 1896 5667; baseline -0.015 -4"><span class='ocrx_word' id='word_1_678' title='bbox 315 5608 470 5663; x_wconf 84' lang='lat' dir='ltr'><strong>dare.</strong></span> <span class='ocrx_word' id='word_1_679' title='bbox 496 5604 630 5660; x_wconf 85' lang='lat' dir='ltr'><strong>Lata</strong></span> <span class='ocrx_word' id='word_1_680' title='bbox 662 5610 844 5656; x_wconf 89' lang='lat' dir='ltr'><strong>autem</strong></span> <span class='ocrx_word' id='word_1_681' title='bbox 872 5607 927 5653; x_wconf 84' lang='lat' dir='ltr'><strong>et</strong></span> <span class='ocrx_word' id='word_1_682' title='bbox 950 5597 1190 5667; x_wconf 86' lang='lat' dir='ltr'><strong>spatiosa</strong></span> <span class='ocrx_word' id='word_1_683' title='bbox 1215 5593 1302 5648; x_wconf 88' lang='lat' dir='ltr'><strong>via</strong></span> <span class='ocrx_word' id='word_1_684' title='bbox 1324 5600 1408 5647; x_wconf 91' lang='lat' dir='ltr'><strong>est</strong></span> <span class='ocrx_word' id='word_1_685' title='bbox 1460 5588 1667 5649; x_wconf 82' lang='lat' dir='ltr'><strong>ludere,</strong></span> <span class='ocrx_word' id='word_1_686' title='bbox 1714 5586 1896 5650; x_wconf 89' lang='lat' dir='ltr'><strong>edere,</strong></span> 
     </span>
    </p>
   </div>
   <div class='ocr_carea' id='block_1_94' title="bbox 317 5675 1899 5763">
    <p class='ocr_par' dir='ltr' id='par_1_94' title="bbox 317 5675 1899 5763">
     <span class='ocr_line' id='line_1_94' title="bbox 317 5675 1899 5763; baseline -0.018 -7"><span class='ocrx_word' id='word_1_687' title='bbox 317 5700 527 5763; x_wconf 86' lang='lat' dir='ltr'><strong>bibere,</strong></span> <span class='ocrx_word' id='word_1_688' title='bbox 558 5692 838 5756; x_wconf 87' lang='lat' dir='ltr'><strong>fornicari,</strong></span> <span class='ocrx_word' id='word_1_689' title='bbox 874 5688 1081 5755; x_wconf 87' lang='lat' dir='ltr'><strong>venari,</strong></span> <span class='ocrx_word' id='word_1_690' title='bbox 1122 5685 1376 5742; x_wconf 90' lang='lat' dir='ltr'><strong>inimicos</strong></span> <span class='ocrx_word' id='word_1_691' title='bbox 1399 5681 1728 5753; x_wconf 84' lang='lat' dir='ltr'><strong>opprimere,</strong></span> <span class='ocrx_word' id='word_1_692' title='bbox 1757 5675 1899 5731; x_wconf 85' lang='lat' dir='ltr'><strong>deli-</strong></span> 
     </span>
    </p>
   </div>
   <div class='ocr_carea' id='block_1_95' title="bbox 322 5774 1898 5847">
    <p class='ocr_par' dir='ltr' id='par_1_95' title="bbox 322 5774 1898 5847">
     <span class='ocr_line' id='line_1_95' title="bbox 322 5774 1898 5847; baseline -0.016 0"><span class='ocrx_word' id='word_1_693' title='bbox 322 5792 423 5847; x_wconf 83' lang='lat' dir='ltr'><strong>ciis</strong></span> <span class='ocrx_word' id='word_1_694' title='bbox 446 5788 630 5845; x_wconf 89' lang='lat' dir='ltr'><strong>carnis</strong></span> <span class='ocrx_word' id='word_1_695' title='bbox 651 5783 914 5841; x_wconf 85' lang='lat' dir='ltr'><strong>diffluere.</strong></span> <span class='ocrx_word' id='word_1_696' title='bbox 942 5779 1094 5836; x_wconf 84' lang='lat' dir='ltr'><strong>Hauc</strong></span> <span class='ocrx_word' id='word_1_697' title='bbox 1112 5776 1365 5834; x_wconf 85' lang='lat' dir='ltr'><strong>diabolus</strong></span> <span class='ocrx_word' id='word_1_698' title='bbox 1376 5774 1562 5831; x_wconf 90' lang='lat' dir='ltr'><strong>docuit</strong></span> <span class='ocrx_word' id='word_1_699' title='bbox 1581 5781 1631 5827; x_wconf 90' lang='lat' dir='ltr'><strong>et</strong></span> <span class='ocrx_word' id='word_1_700' title='bbox 1653 5785 1750 5842; x_wconf 88' lang='lat' dir='ltr'><strong>per</strong></span> <span class='ocrx_word' id='word_1_701' title='bbox 1777 5784 1898 5823; x_wconf 85' lang='lat' dir='ltr'><strong>eam</strong></span> 
     </span>
    </p>
   </div>
   <div class='ocr_carea' id='block_1_96' title="bbox 1982 4643 3571 4728">
    <p class='ocr_par' dir='ltr' id='par_1_96' title="bbox 1982 4643 3571 4728">
     <span class='ocr_line' id='line_1_96' title="bbox 1982 4643 3571 4728; baseline -0.015 -7"><span class='ocrx_word' id='word_1_702' title='bbox 1982 4643 2193 4721; x_wconf 84' lang='lat' dir='ltr'><strong>oriente</strong></span> <span class='ocrx_word' id='word_1_703' title='bbox 2215 4661 2329 4717; x_wconf 90' lang='lat' dir='ltr'><strong>sole</strong></span> <span class='ocrx_word' id='word_1_704' title='bbox 2349 4657 2525 4728; x_wconf 84' lang='lat' dir='ltr'><strong>caligo</strong></span> <span class='ocrx_word' id='word_1_705' title='bbox 2552 4654 2729 4712; x_wconf 91' lang='lat' dir='ltr'><strong>noctis</strong></span> <span class='ocrx_word' id='word_1_706' title='bbox 2756 4651 2997 4723; x_wconf 85' lang='lat' dir='ltr'><strong>fugatur,</strong></span> <span class='ocrx_word' id='word_1_707' title='bbox 3026 4655 3082 4703; x_wconf 91' lang='lat' dir='ltr'><strong>et</strong></span> <span class='ocrx_word' id='word_1_708' title='bbox 3103 4644 3342 4702; x_wconf 89' lang='lat' dir='ltr'><strong>mundus</strong></span> <span class='ocrx_word' id='word_1_709' title='bbox 3377 4643 3571 4715; x_wconf 89' lang='lat' dir='ltr'><strong>jubare</strong></span> 
     </span>
    </p>
   </div>
   <div class='ocr_carea' id='block_1_97' title="bbox 1986 4754 2516 4828">
    <p class='ocr_par' dir='ltr' id='par_1_97' title="bbox 1986 4754 2516 4828">
     <span class='ocr_line' id='line_1_97' title="bbox 1986 4754 2516 4828; baseline -0.019 -15"><span class='ocrx_word' id='word_1_710' title='bbox 1986 4756 2160 4828; x_wconf 89' lang='lat' dir='ltr'><strong>ipsius</strong></span> <span class='ocrx_word' id='word_1_711' title='bbox 2190 4754 2516 4809; x_wconf 88' lang='lat' dir='ltr'><strong>illustratur.</strong></span> 
     </span>
    </p>
   </div>
   <div class='ocr_carea' id='block_1_98' title="bbox 2061 4825 3570 4909">
    <p class='ocr_par' dir='ltr' id='par_1_98' title="bbox 2061 4825 3570 4909">
     <span class='ocr_line' id='line_1_98' title="bbox 2061 4825 3570 4909; baseline -0.015 -8"><span class='ocrx_word' id='word_1_712' title='bbox 2061 4845 2288 4909; x_wconf 88' lang='lat' dir='ltr'><strong>Idcirco,</strong></span> <span class='ocrx_word' id='word_1_713' title='bbox 2337 4837 2704 4904; x_wconf 88' lang='lat' dir='ltr'><strong>dilectissimi,</strong></span> <span class='ocrx_word' id='word_1_714' title='bbox 2733 4850 2863 4891; x_wconf 90' lang='lat' dir='ltr'><strong>cum</strong></span> <span class='ocrx_word' id='word_1_715' title='bbox 2892 4834 2996 4888; x_wconf 90' lang='lat' dir='ltr'><strong>iter</strong></span> <span class='ocrx_word' id='word_1_716' title='bbox 3049 4828 3246 4886; x_wconf 86' lang='lat' dir='ltr'><strong>salutis</strong></span> <span class='ocrx_word' id='word_1_717' title='bbox 3277 4825 3438 4882; x_wconf 89' lang='lat' dir='ltr'><strong>nobis</strong></span> <span class='ocrx_word' id='word_1_718' title='bbox 3470 4839 3570 4895; x_wconf 90' lang='lat' dir='ltr'><strong>per</strong></span> 
     </span>
    </p>
   </div>
   <div class='ocr_carea' id='block_1_99' title="bbox 1989 4922 3573 5007">
    <p class='ocr_par' dir='ltr' id='par_1_99' title="bbox 1989 4922 3573 5007">
     <span class='ocr_line' id='line_1_99' title="bbox 1989 4922 3573 5007; baseline -0.015 -12"><span class='ocrx_word' id='word_1_719' title='bbox 1989 4938 2178 4995; x_wconf 71' lang='lat' dir='ltr'><strong>Iesum</strong></span> <span class='ocrx_word' id='word_1_720' title='bbox 2203 4942 2387 5007; x_wconf 91' lang='lat' dir='ltr'><strong>pateat</strong></span> <span class='ocrx_word' id='word_1_721' title='bbox 2421 4940 2477 4987; x_wconf 92' lang='lat' dir='ltr'><strong>et</strong></span> <span class='ocrx_word' id='word_1_722' title='bbox 2504 4931 2725 4985; x_wconf 91' lang='lat' dir='ltr'><strong>lucerna</strong></span> <span class='ocrx_word' id='word_1_723' title='bbox 2748 4925 2899 4982; x_wconf 87' lang='lat' dir='ltr'><strong>verbi</strong></span> <span class='ocrx_word' id='word_1_724' title='bbox 2930 4922 3025 4980; x_wconf 92' lang='lat' dir='ltr'><strong>Dei</strong></span> <span class='ocrx_word' id='word_1_725' title='bbox 3055 4938 3123 4979; x_wconf 80' lang='lat' dir='ltr'><strong>ex</strong></span> <span class='ocrx_word' id='word_1_726' title='bbox 3162 4930 3393 4990; x_wconf 88' lang='lat' dir='ltr'><strong>utraque</strong></span> <span class='ocrx_word' id='word_1_727' title='bbox 3418 4924 3573 4987; x_wconf 88' lang='lat' dir='ltr'><strong>parte</strong></span> 
     </span>
    </p>
   </div>
   <div class='ocr_carea' id='block_1_100' title="bbox 1995 5012 3572 5099">
    <p class='ocr_par' dir='ltr' id='par_1_100' title="bbox 1995 5012 3572 5099">
     <span class='ocr_line' id='line_1_100' title="bbox 1995 5012 3572 5099; baseline -0.015 -15"><span class='ocrx_word' id='word_1_728' title='bbox 1995 5032 2098 5087; x_wconf 83' lang='lat' dir='ltr'><strong>viae</strong></span> <span class='ocrx_word' id='word_1_729' title='bbox 2145 5026 2445 5099; x_wconf 88' lang='lat' dir='ltr'><strong>splendeat,</strong></span> <span class='ocrx_word' id='word_1_730' title='bbox 2498 5030 2614 5078; x_wconf 92' lang='lat' dir='ltr'><strong>toto</strong></span> <span class='ocrx_word' id='word_1_731' title='bbox 2648 5020 2812 5076; x_wconf 90' lang='lat' dir='ltr'><strong>corde</strong></span> <span class='ocrx_word' id='word_1_732' title='bbox 2848 5017 3130 5075; x_wconf 89' lang='lat' dir='ltr'><strong>sinistrum</strong></span> <span class='ocrx_word' id='word_1_733' title='bbox 3173 5012 3446 5068; x_wconf 90' lang='lat' dir='ltr'><strong>tramitem</strong></span> <span class='ocrx_word' id='word_1_734' title='bbox 3483 5024 3572 5063; x_wconf 80' lang='lat' dir='ltr'><strong>re-</strong></span> 
     </span>
    </p>
   </div>
   <div class='ocr_carea' id='block_1_101' title="bbox 1998 5106 3573 5193">
    <p class='ocr_par' dir='ltr' id='par_1_101' title="bbox 1998 5106 3573 5193">
     <span class='ocr_line' id='line_1_101' title="bbox 1998 5106 3573 5193; baseline -0.016 -14"><span class='ocrx_word' id='word_1_735' title='bbox 1998 5124 2327 5193; x_wconf 89' lang='lat' dir='ltr'><strong>linquentes,</strong></span> <span class='ocrx_word' id='word_1_736' title='bbox 2351 5117 2603 5173; x_wconf 84' lang='lat' dir='ltr'><strong>dextrum</strong></span> <span class='ocrx_word' id='word_1_737' title='bbox 2634 5111 2831 5168; x_wconf 88' lang='lat' dir='ltr'><strong>callem</strong></span> <span class='ocrx_word' id='word_1_738' title='bbox 2865 5117 2981 5164; x_wconf 89' lang='lat' dir='ltr'><strong>toto</strong></span> <span class='ocrx_word' id='word_1_739' title='bbox 3031 5106 3229 5162; x_wconf 90' lang='lat' dir='ltr'><strong>annisu</strong></span> <span class='ocrx_word' id='word_1_740' title='bbox 3260 5115 3573 5174; x_wconf 89' lang='lat' dir='ltr'><strong>carpamus,</strong></span> 
     </span>
    </p>
   </div>
   <div class='ocr_carea' id='block_1_102' title="bbox 2001 5196 3575 5275">
    <p class='ocr_par' dir='ltr' id='par_1_102' title="bbox 2001 5196 3575 5275">
     <span class='ocr_line' id='line_1_102' title="bbox 2001 5196 3575 5275; baseline -0.016 -1"><span class='ocrx_word' id='word_1_741' title='bbox 2001 5226 2063 5274; x_wconf 91' lang='lat' dir='ltr'><strong>ut</strong></span> <span class='ocrx_word' id='word_1_742' title='bbox 2115 5216 2184 5272; x_wconf 89' lang='lat' dir='ltr'><strong>ad</strong></span> <span class='ocrx_word' id='word_1_743' title='bbox 2231 5225 2507 5269; x_wconf 89' lang='lat' dir='ltr'><strong>summam</strong></span> <span class='ocrx_word' id='word_1_744' title='bbox 2554 5206 2942 5264; x_wconf 88' lang='lat' dir='ltr'><strong>beatitudinem</strong></span> <span class='ocrx_word' id='word_1_745' title='bbox 2993 5202 3396 5275; x_wconf 87' lang='lat' dir='ltr'><strong>perveniamus.</strong></span> <span class='ocrx_word' id='word_1_746' title='bbox 3448 5196 3575 5251; x_wconf 67' lang='lat' dir='ltr'><strong>Haec</strong></span> 
     </span>
    </p>
   </div>
   <div class='ocr_carea' id='block_1_103' title="bbox 1998 5292 3577 5369">
    <p class='ocr_par' dir='ltr' id='par_1_103' title="bbox 1998 5292 3577 5369">
     <span class='ocr_line' id='line_1_103' title="bbox 1998 5292 3577 5369; baseline -0.015 -2"><span class='ocrx_word' id='word_1_747' title='bbox 1998 5318 2181 5367; x_wconf 88' lang='lat' dir='ltr'><strong>autem</strong></span> <span class='ocrx_word' id='word_1_748' title='bbox 2209 5307 2297 5362; x_wconf 86' lang='lat' dir='ltr'><strong>via</strong></span> <span class='ocrx_word' id='word_1_749' title='bbox 2345 5312 2430 5360; x_wconf 89' lang='lat' dir='ltr'><strong>est</strong></span> <span class='ocrx_word' id='word_1_750' title='bbox 2453 5300 2715 5366; x_wconf 90' lang='lat' dir='ltr'><strong>charitas,</strong></span> <span class='ocrx_word' id='word_1_751' title='bbox 2758 5314 2856 5369; x_wconf 90' lang='lat' dir='ltr'><strong>per</strong></span> <span class='ocrx_word' id='word_1_752' title='bbox 2899 5311 3064 5367; x_wconf 90' lang='lat' dir='ltr'><strong>quam</strong></span> <span class='ocrx_word' id='word_1_753' title='bbox 3120 5292 3300 5349; x_wconf 87' lang='lat' dir='ltr'><strong>aditur</strong></span> <span class='ocrx_word' id='word_1_754' title='bbox 3346 5301 3577 5344; x_wconf 76' lang='lat' dir='ltr'><strong>summae</strong></span> 
     </span>
    </p>
   </div>
   <div class='ocr_carea' id='block_1_104' title="bbox 1999 5378 3578 5458">
    <p class='ocr_par' dir='ltr' id='par_1_104' title="bbox 1999 5378 3578 5458">
     <span class='ocr_line' id='line_1_104' title="bbox 1999 5378 3578 5458; baseline -0.015 0"><span class='ocrx_word' id='word_1_755' title='bbox 1999 5398 2353 5458; x_wconf 89' lang='lat' dir='ltr'><strong>beatitudinis</strong></span> <span class='ocrx_word' id='word_1_756' title='bbox 2403 5394 2648 5452; x_wconf 89' lang='lat' dir='ltr'><strong>claritas.</strong></span> <span class='ocrx_word' id='word_1_757' title='bbox 2685 5390 2743 5445; x_wconf 81' lang='lat' dir='ltr'><strong>In</strong></span> <span class='ocrx_word' id='word_1_758' title='bbox 2794 5392 2934 5444; x_wconf 88' lang='lat' dir='ltr'><strong>hanc</strong></span> <span class='ocrx_word' id='word_1_759' title='bbox 2981 5387 3209 5442; x_wconf 89' lang='lat' dir='ltr'><strong>tendunt</strong></span> <span class='ocrx_word' id='word_1_760' title='bbox 3255 5397 3324 5436; x_wconf 87' lang='lat' dir='ltr'><strong>xv</strong></span> <span class='ocrx_word' id='word_1_761' title='bbox 3370 5378 3578 5435; x_wconf 68' lang='lat' dir='ltr'><strong>semitae</strong></span> 
     </span>
    </p>
   </div>
   <div class='ocr_carea' id='block_1_105' title="bbox 2000 5469 3580 5551">
    <p class='ocr_par' dir='ltr' id='par_1_105' title="bbox 2000 5469 3580 5551">
     <span class='ocr_line' id='line_1_105' title="bbox 2000 5469 3580 5551; baseline -0.018 0"><span class='ocrx_word' id='word_1_762' title='bbox 2000 5496 2261 5550; x_wconf 89' lang='lat' dir='ltr'><strong>ducentes</strong></span> <span class='ocrx_word' id='word_1_763' title='bbox 2308 5490 2375 5545; x_wconf 90' lang='lat' dir='ltr'><strong>ad</strong></span> <span class='ocrx_word' id='word_1_764' title='bbox 2403 5489 2543 5544; x_wconf 90' lang='lat' dir='ltr'><strong>atria</strong></span> <span class='ocrx_word' id='word_1_765' title='bbox 2585 5485 2730 5551; x_wconf 58' lang='lat' dir='ltr'><strong>vitae,</strong></span> <span class='ocrx_word' id='word_1_766' title='bbox 2779 5481 2985 5537; x_wconf 91' lang='lat' dir='ltr'><strong>scilicet</strong></span> <span class='ocrx_word' id='word_1_767' title='bbox 3014 5474 3295 5548; x_wconf 89' lang='lat' dir='ltr'><strong>patientia,</strong></span> <span class='ocrx_word' id='word_1_768' title='bbox 3330 5469 3580 5541; x_wconf 86' lang='lat' dir='ltr'><strong>benigni-</strong></span> 
     </span>
    </p>
   </div>
   <div class='ocr_carea' id='block_1_106' title="bbox 2001 5560 3576 5652">
    <p class='ocr_par' dir='ltr' id='par_1_106' title="bbox 2001 5560 3576 5652">
     <span class='ocr_line' id='line_1_106' title="bbox 2001 5560 3576 5652; baseline -0.014 -9"><span class='ocrx_word' id='word_1_769' title='bbox 2001 5598 2105 5652; x_wconf 91' lang='lat' dir='ltr'><strong>tas,</strong></span> <span class='ocrx_word' id='word_1_770' title='bbox 2138 5593 2194 5642; x_wconf 89' lang='lat' dir='ltr'><strong>et</strong></span> <span class='ocrx_word' id='word_1_771' title='bbox 2228 5583 2346 5639; x_wconf 66' lang='lat' dir='ltr'><strong>alire</strong></span> <span class='ocrx_word' id='word_1_772' title='bbox 2380 5596 2520 5652; x_wconf 91' lang='lat' dir='ltr'><strong>quas</strong></span> <span class='ocrx_word' id='word_1_773' title='bbox 2540 5581 2825 5635; x_wconf 88' lang='lat' dir='ltr'><strong>enumerat</strong></span> <span class='ocrx_word' id='word_1_774' title='bbox 2848 5570 3095 5641; x_wconf 86' lang='lat' dir='ltr'><strong>Apostoli</strong></span> <span class='ocrx_word' id='word_1_775' title='bbox 3125 5566 3399 5624; x_wconf 89' lang='lat' dir='ltr'><strong>subtilitas</strong></span> <span class='ocrx_word' id='word_1_776' title='bbox 3429 5560 3576 5633; x_wconf 64' lang='lat' dir='ltr'><strong>(Gut.</strong></span> 
     </span>
    </p>
   </div>
   <div class='ocr_carea' id='block_1_107' title="bbox 2000 5655 3581 5747">
    <p class='ocr_par' dir='ltr' id='par_1_107' title="bbox 2000 5655 3581 5747">
     <span class='ocr_line' id='line_1_107' title="bbox 2000 5655 3581 5747; baseline -0.015 -14"><span class='ocrx_word' id='word_1_777' title='bbox 2000 5679 2079 5747; x_wconf 85' lang='lat' dir='ltr'><strong>v).</strong></span> <span class='ocrx_word' id='word_1_778' title='bbox 2106 5676 2279 5731; x_wconf 89' lang='lat' dir='ltr'><strong>Porro</strong></span> <span class='ocrx_word' id='word_1_779' title='bbox 2308 5686 2522 5729; x_wconf 90' lang='lat' dir='ltr'><strong>summa</strong></span> <span class='ocrx_word' id='word_1_780' title='bbox 2549 5664 2831 5725; x_wconf 90' lang='lat' dir='ltr'><strong>beatitudo</strong></span> <span class='ocrx_word' id='word_1_781' title='bbox 2863 5663 2918 5716; x_wconf 90' lang='lat' dir='ltr'><strong>in</strong></span> <span class='ocrx_word' id='word_1_782' title='bbox 2963 5662 3068 5716; x_wconf 91' lang='lat' dir='ltr'><strong>hac</strong></span> <span class='ocrx_word' id='word_1_783' title='bbox 3100 5659 3189 5714; x_wconf 87' lang='lat' dir='ltr'><strong>via</strong></span> <span class='ocrx_word' id='word_1_784' title='bbox 3237 5655 3581 5712; x_wconf 80' lang='lat' dir='ltr'><strong>ambulantes</strong></span> 
     </span>
    </p>
   </div>
   <div class='ocr_carea' id='block_1_108' title="bbox 2002 5742 3583 5841">
    <p class='ocr_par' dir='ltr' id='par_1_108' title="bbox 2002 5742 3583 5841">
     <span class='ocr_line' id='line_1_108' title="bbox 2002 5742 3583 5841; baseline -0.02 -14"><span class='ocrx_word' id='word_1_785' title='bbox 2002 5742 2163 5841; x_wconf 84' lang='lat' dir='ltr'><strong>quasi</strong></span> <span class='ocrx_word' id='word_1_786' title='bbox 2208 5760 2593 5837; x_wconf 88' lang='lat' dir='ltr'><strong>septemdecim</strong></span> <span class='ocrx_word' id='word_1_787' title='bbox 2649 5752 2895 5812; x_wconf 81' lang='lat' dir='ltr'><strong>brachiis</strong></span> <span class='ocrx_word' id='word_1_788' title='bbox 2923 5750 2990 5806; x_wconf 90' lang='lat' dir='ltr'><strong>ad</strong></span> <span class='ocrx_word' id='word_1_789' title='bbox 3047 5764 3106 5806; x_wconf 83' lang='lat' dir='ltr'><strong>se</strong></span> <span class='ocrx_word' id='word_1_790' title='bbox 3155 5745 3401 5810; x_wconf 87' lang='lat' dir='ltr'><strong>attrahit,</strong></span> <span class='ocrx_word' id='word_1_791' title='bbox 3450 5742 3583 5813; x_wconf 71' lang='lat' dir='ltr'><strong>quia</strong></span> 
     </span>
    </p>
   </div>
  </div>
