3970 6470
417 347 558 406 1219

1558 340 1885 395 WERNERI
1924 334 2218 394 ABBATIS
2262 335 2318 391 S.
2363 335 2584 391 BLASII

3572 338 3706 395 5220

416 479 515 532 per
544 463 731 518 decem
791 471 1060 532 praecepta
1096 461 1232 532 legis
1263 469 1320 514 et
1356 474 1452 528 per
1481 466 1685 526 septem
1711 457 1856 512 dona
1897 453 2021 525 Spi-
2051 458 2096 513 Α
2126 452 2316 506 beatos
2346 450 2584 506 orationi
2639 450 2924 520 instantes,
2978 453 3245 510 auxilium
3290 454 3511 509 Domini
3558 456 3708 513 invo-

417 555 558 608 ritus
587 555 783 618 sancti,
813 563 1000 624 portas
1029 568 1130 608 nos
1152 553 1276 606 vitae
1291 551 1544 606 Christus
1576 550 1780 606 intrare
1807 552 2014 609 docuit.

421 646 531 701 Has
563 657 744 701 autem
790 646 1176 715 septemdecim
1228 644 1609 700 distinctiones
1662 644 2016 702 beatitudinis

421 738 659 806 Spiritus
689 747 912 792 sanctus
968 753 1064 807 per
1089 737 1409 808 prophetam
1443 737 1768 792 nominatim
1817 740 2000 808 expri--

419 832 568 894 mit,
622 846 686 884 ac
731 830 1062 899 singularem
1123 829 1439 898 dignitatem
1492 829 1764 883 subtiliter
1812 828 2012 884 innuit.

420 919 604 974 Primo
629 921 759 974 dicit
785 921 995 985 beatos,
1027 929 1183 974 scuto
1205 919 1329 973 ﬁdei
1368 919 1496 972 vitia
1539 926 1593 972 et
1615 919 2013 988 concupiscen-

421 1012 528 1065 tias
554 1022 898 1080 superantes,
924 1020 979 1065 et
1004 1011 1057 1064 in
1097 1011 1212 1080 lege
1243 1010 1459 1064 Domini
1483 1011 1572 1064 die
1593 1026 1659 1064 ac
1711 1021 1871 1065 nocte
1894 1026 2013 1067 me—

419 1103 657 1157 ditantes
685 1122 697 1156 :
730 1122 746 1152 ι
778 1101 998 1167 Beatus,
1028 1120 1047 1154 ι
1083 1101 1360 1170 inquiens,
1399 1119 1416 1150 ‹
1445 1100 1528 1154 vir
1553 1100 1646 1170 qui
1677 1117 1783 1154 non
1803 1101 1934 1155 abiit
1959 1101 2014 1156 in

421 1195 654 1251 consilio
703 1195 1022 1264 impiorum,
1055 1177 1326 1263 quoniam
1373 1193 1524 1246 novit
1554 1192 1820 1248 Dominus
1869 1195 2012 1248 viam

417 1288 692 1356 justorum
739 1286 912 1355 (Psal.
972 1286 1035 1354 ι).
1081 1304 1098 1335 ι
1148 1283 1368 1338 Primus
1415 1284 1580 1338 homo
1617 1284 1798 1340 infelix
1845 1301 2014 1355 pravo

423 1380 657 1433 consilio
712 1377 1033 1443 consensit,
1093 1385 1146 1431 ct
1198 1391 1393 1431 omnes
1450 1391 1713 1446 sequaces
1775 1392 1905 1432 suos
1959 1378 2014 1432 in

423 1481 656 1526 mortem
690 1473 872 1527 traxit.
923 1471 1178 1526 Christus
1232 1473 1423 1526 beatus
1470 1472 1576 1537 vir,
1620 1479 1672 1525 et
1727 1472 1780 1525 in
1814 1473 1900 1526 via
1923 1472 2014 1542 ju-

425 1571 635 1617 storum
661 1579 852 1618 omnes
877 1580 973 1633 per
1001 1581 1059 1620 se
1091 1565 1399 1635 gradientes
1426 1565 1651 1620 reducet
1697 1566 1763 1620 ad
1816 1567 2014 1636 gaudia

424 1655 769 1725 angelorum.
823 1655 927 1721 Qui
982 1671 1114 1727 ergo
1175 1656 1413 1726 peccatis
1461 1672 1570 1710 non
1622 1660 1899 1713 consentit
1946 1660 2014 1714 ad

427 1743 575 1798 hunc
607 1744 832 1798 tendens
867 1745 1084 1798 beatum
1115 1745 1318 1811 virum,
1342 1743 1447 1799 erit
1481 1743 1536 1798 in
1585 1759 1798 1800 summa
1839 1747 2014 1803 beati-

2127 550 2312 596 cantes
2365 540 2612 611 jugiter:
2670 559 2688 592 ι
2737 539 2935 596 Beatus
2983 543 3107 610 vir,
3166 545 3257 598 cui
3307 554 3396 600 est
3447 548 3706 606 auxilium

2123 633 2222 688 abs
2255 642 2306 687 te
2349 632 2549 703 (ibid.).
2575 651 2592 683 ι
2634 617 2696 686 lli
2727 632 2794 688 de
2821 634 3020 690 virtute
3042 635 3094 690 in
3125 636 3391 692 virtutem
3427 638 3584 696 ibunt
3615 662 3626 695 :
3659 655 3710 698 et

2122 723 2292 778 Deum
2323 724 2552 779 deorum
2599 725 2654 779 in
2686 724 2820 780 Sion
2869 727 3131 782 videbunt
3168 730 3399 802 (ibid.);
3441 750 3461 784 ι
3504 734 3594 788 ubi
3629 746 3709 792 est

2119 816 2313 870 melior
2339 817 2455 871 dies
2479 833 2586 871 una
2616 833 2783 888 super
2809 818 3002 874 millia.
3034 819 3164 876 Inde
3191 823 3392 878 iterum
3423 843 3437 879 :
3473 845 3492 876 ς
3517 826 3706 886 Beatus

2119 910 2278 979 cujus
2305 909 2447 966 Deus
2475 910 2646 966 Jacob
2669 911 2893 982 adjutor
2923 913 3065 983 ejus,
3087 931 3212 985 spes
3243 918 3367 986 ejus
3399 919 3457 972 in
3482 917 3703 979 Domino

2118 1000 2250 1068 Deo,
2282 1003 2409 1072 quia
2441 1003 2494 1057 in
2521 1004 2720 1058 szecula
2747 1005 2998 1075 regnabit
3022 1021 3145 1060 cum
3169 1023 3236 1062 eo
3273 1007 3456 1077 (Psal.
3481 1016 3657 1083 cur).
3680 1035 3697 1068 ι

2117 1091 2322 1149 Octavo
2372 1096 2504 1150 dicit
2553 1096 2743 1152 beatos
2787 1095 2959 1152 Deum
3009 1099 3319 1168 laudantes,
3369 1114 3426 1156 et
3469 1106 3701 1164 celestis

2117 1188 2567 1257 contemplantes.
2599 1208 2616 1239 ‹
2642 1188 2862 1253 Beatus,
2887 1209 2905 1240 ι
2940 1190 3136 1261 inquit,
3173 1211 3192 1244 ε
3226 1195 3467 1264 populus
3490 1199 3584 1267 qui
3608 1205 3702 1259 scit

2111 1275 2493 1346 jubilationem
2527 1279 2702 1350 (Paul.
2751 1283 3039 1352 Lxxxvm),
3070 1303 3088 1335 ι
3131 1285 3260 1354 quia
3313 1287 3370 1340 bi
3421 1289 3476 1342 in
3509 1291 3700 1350 lumine

2117 1369 2297 1424 vultus
2331 1369 2543 1424 Domini
2595 1371 2975 1439 ambulabunt,
3012 1383 3066 1428 et
3116 1375 3170 1428 in
3223 1378 3446 1434 nomine
3491 1381 3606 1450 ejus
3650 1386 3698 1440 in

2116 1469 2378 1515 aeternum
2405 1462 2776 1517 cxsultabunt.
2810 1462 2968 1520 Nono
3001 1466 3132 1521 dicit
3169 1467 3362 1523 beatos
3394 1486 3426 1525 a
3451 1470 3561 1527 Deo
3579 1490 3697 1531 eru-

2117 1550 2282 1618 ditos,
2311 1561 2364 1606 et
2411 1552 2464 1606 in
2521 1553 2638 1624 lege
2695 1555 2815 1624 ejus
2864 1556 3058 1612 doctos
3092 1575 3106 1612 :
3145 1577 3163 1608 ‹
3205 1557 3426 1629 Beatus,
3451 1584 3468 1615 ι
3505 1566 3692 1637 inquit,

2124 1661 2144 1696 ι
2177 1644 2342 1698 homo
2369 1661 2532 1715 quem
2583 1653 2639 1699 tu
2669 1647 2959 1714 erudieris,
3005 1647 3258 1716 Domine,
3282 1660 3336 1704 et
3374 1653 3436 1707 de
3469 1654 3578 1726 lege
3603 1668 3689 1713 tua

2117 1735 2370 1791 docueris
2401 1753 2526 1792 eum
2558 1736 2732 1804 (Psal.
2759 1738 2931 1810 xcnl).
2963 1760 2980 1792 ι
3010 1739 3221 1796 Horum
3270 1744 3484 1801 animas
3510 1762 3692 1804 conso-

427 1835 638 1900 tudine,
700 1843 758 1888 ut
817 1833 1024 1904 lignum
1087 1839 1209 1888 vitae
1271 1800 1324 1889 in
1378 1835 1634 1904 paradiso
1689 1838 2011 1906 plantatum.
2047 1800 2089 1855 Β
2124 1825 2352 1884 lationes
2401 1827 2617 1885 Domini
2672 1831 3045 1900 laetiﬁcabunt,
3103 1836 3330 1904 quando
3391 1838 3538 1892 docti
3572 1844 3699 1896 sicut

425 1924 681 1981 Secundo
704 1925 836 1980 dicit
865 1925 1055 1979 beatos
1091 1941 1188 1995 spe
1215 1924 1535 1996 gaudentes,
1564 1937 1619 1982 et
1657 1928 1711 1982 in
1759 1928 2013 1998 Domino,

427 2034 538 2073 non
563 2019 617 2072 in
643 2033 702 2072 se
723 2017 1078 2072 conﬁdentes.
1106 2036 1124 2068 ι
1160 2017 1331 2083 Beati,
1354 2035 1371 2069 ι
1409 2019 1608 2089 inquit,
1647 2040 1665 2071 ι
1700 2037 1891 2077 omnes
1920 2024 2014 2093 qui

427 2108 483 2162 in
513 2123 580 2162 eo
623 2108 904 2162 conﬁdunt
941 2108 1117 2178 (Psal.
1145 2110 1350 2179 cxxrv),
1374 2129 1392 2161 ι
1429 2111 1556 2180 quia
1595 2111 1648 2166 in
1680 2122 1863 2168 monte
1886 2130 2016 2170 san-

426 2206 518 2253 cto
546 2198 687 2268 ejus,
748 2197 800 2253 id
832 2208 916 2252 est
967 2200 1020 2252 in
1063 2197 1308 2264 Christo,
1355 2201 1686 2270 gaudebunt.
1747 2202 1875 2258 lude
1918 2205 2018 2260 ite-

425 2305 549 2344 rum
581 2307 595 2343 :
632 2311 648 2342 ι
681 2289 882 2346 Beatus
916 2291 1018 2356 vir,
1048 2291 1140 2361 qui
1167 2301 1349 2364 sperat
1379 2291 1432 2346 in
1463 2309 1529 2348 eo
1560 2291 1968 2365 (Psal.xxxin),
1992 2316 2009 2348 ι

425 2381 556 2450 quia
585 2381 701 2436 dies
723 2381 899 2436 bonos
936 2381 1140 2436 videbit
1169 2381 1223 2436 in
1251 2383 1409 2438 caelo.
1446 2382 1512 2438 Et
1551 2385 1748 2439 iterum
1784 2405 1795 2440 :
1831 2405 1848 2437 ι
1881 2385 2016 2441 Bea-

427 2481 517 2527 tus
546 2473 649 2538 vir,
702 2473 861 2542 cujus
911 2481 995 2529 est
1041 2489 1240 2540 nomen
1273 2474 1490 2530 Domini
1540 2492 1665 2546 spes
1695 2477 1814 2548 ejus
1838 2477 2009 2546 (Psal.

425 2564 639 2632 χχχιχ),
673 2583 690 2614 ι
743 2565 873 2634 quia
918 2566 1194 2620 canticum
1226 2582 1429 2621 novum
1476 2567 1800 2623 immittetur
1847 2570 1900 2624 in
1952 2586 2014 2627 os

424 2654 566 2725 ejus.
593 2653 776 2708 Tertio
822 2655 954 2710 dicit
998 2656 1189 2712 beatos
1218 2657 1538 2728 paenitentia
1570 2659 1861 2716 dilectione
1905 2660 2014 2716 fer-

424 2755 636 2812 ventes,
673 2747 802 2816 quia
847 2747 1089 2803 charitas
1129 2749 1306 2819 operit
1357 2750 1763 2806 multitudinem
1817 2767 2013 2822 pecca—

429 2845 608 2891 torum
659 2836 712 2907 (I
745 2837 892 2892 Petr.
925 2839 1020 2907 iv),
1049 2859 1064 2891 ι
1096 2847 1150 2893 et
1181 2855 1276 2910 per
1313 2840 1576 2911 Spiritum
1622 2852 1894 2910 sanctum,
1919 2845 2013 2914 qui

424 2939 512 2985 est
544 2931 806 2998 charitas,
853 2931 1013 2986 datur
1049 2933 1302 2989 remissio
1331 2934 1676 2991 delictorum.
1717 2957 1735 2988 ι
1771 2936 1944 3004 Beati,
1989 2958 2007 2990 ι

427 3023 626 3093 inquit,
662 3042 680 3072 ι
711 3035 946 3092 quorum
992 3024 1238 3079 remissa:
1283 3034 1413 3080 sunt
1457 3026 1774 3097 iniquitates
1795 3039 1847 3084 et
1876 3045 2014 3100 quo-

2122 1918 2374 1991 splendor
2399 1922 2724 1978 ﬁrmamenti
2779 1922 3080 1995 fulgebunt,
3121 1936 3176 1982 et
3206 1929 3368 1997 quasi
3396 1931 3592 1998 stellaz,
3615 1934 3696 2003 qui

2121 2012 2411 2071 multosad
2433 2013 2707 2082 justitiam
2747 2017 3023 2072 erudiunt.
3059 2017 3283 2074 Decimo
3316 2024 3476 2091 ponit
3524 2025 3693 2082 beatos

2115 2102 2325 2172 justum
2359 2104 2630 2174 judicium
2657 2108 3050 2176 custodientes,
3077 2119 3132 2165 et
3152 2111 3430 2181 justitiam
3463 2116 3519 2170 in
3559 2121 3693 2174 omni

2120 2202 2363 2264 tempore
2417 2195 2700 2254 facientes.
2737 2218 2755 2250 ‹
2785 2198 2956 2267 Beati,
2979 2221 2996 2252 ι
3029 2201 3228 2274 inquit,
3266 2225 3285 2256 ‹
3315 2208 3414 2277 qui
3449 2209 3697 2278 judicium

2120 2287 2453 2356 custodiunt,
2515 2290 2864 2359 etjustitiam
2907 2293 2961 2348 in
3008 2296 3159 2350 omni
3213 2306 3464 2369 tempore
3514 2302 3703 2360 faciunt

2123 2377 2297 2446 (Psal.
2314 2378 2455 2448 cv).i
2480 2377 2544 2432 lii
2567 2380 2633 2435 de
2657 2382 2970 2440 nationibus
2993 2397 3382 2455 secernuntur,
3399 2399 3462 2444 ut
3485 2393 3539 2445 in
3564 2393 3701 2451 laude

2120 2467 2215 2524 Dei
2251 2470 2553 2540 glorientur
2582 2473 2649 2527 ad
2680 2473 2994 2543 videndum,
3027 2475 3082 2530 in
3114 2477 3360 2533 bonitate
3399 2478 3498 2534 Dei
3520 2483 3702 2540 electo-

2119 2576 2260 2626 rum,
2279 2562 2344 2616 ad
2373 2563 2667 2619 laetandum
2692 2564 2746 2618 in
2771 2565 2953 2620 laetitia
2971 2567 3146 2637 gentis
3168 2579 3493 2626 sanctorum
3517 2574 3698 2646 (ibid.).

2190 2649 2496 2709 Undecimo
2526 2655 2683 2725 ponit
2726 2654 2921 2723 Deum,
2953 2666 3017 2711 ut
3061 2659 3158 2712 ﬁlii
3189 2670 3404 2730 patrem
3442 2663 3699 2733 timentes,

2116 2748 2169 2794 et
2221 2743 2476 2799 mandata
2527 2745 2648 2815 ejus
2687 2747 2964 2802 custodire
3013 2751 3320 2820 cupientes.
3385 2773 3404 2806 ι
3434 2755 3642 2826 Beatus,
3677 2778 3695 2810 ι

2119 2831 2318 2902 inquit,
2352 2854 2369 2885 ι
2400 2835 2487 2889 vir
2518 2837 2613 2906 qui
2642 2837 2796 2892 timet
2825 2835 3142 2907 Dominum,
3187 2841 3242 2896 in
3299 2845 3574 2901 mandatis
3592 2848 3697 2917 ejus

2115 2925 2257 2978 volet
2288 2925 2455 2982 nimis
2487 2927 2664 2997 (Psal.
2693 2929 2828 3000 cxi).
2857 2949 2874 2981 ι
2914 2929 3014 2986 Hic
3039 2932 3203 2988 timor
3243 2947 3470 2994 sanctus
3500 2955 3697 3010 perma-

2116 3022 2206 3068 net
2233 3014 2286 3068 in
2318 3017 2578 3072 smculum
2623 3021 2828 3088 saeculi,
2879 3030 2933 3076 et
2961 3022 3266 3080 introducit
3312 3028 3454 3084 ﬁlios
3484 3030 3536 3084 in
3575 3047 3696 3087 con-

424 3130 547 3169 rum
587 3123 726 3169 tecta
776 3125 904 3169 sunt
935 3126 1155 3184 peccata
1202 3115 1378 3187 (Psal.
1426 3119 1604 3188 xxxi).
1644 3140 1662 3172 ι
1699 3120 1803 3177 Per
1830 3123 2012 3178 chari-

2119 3115 2307 3176 spectu
2337 3107 2518 3166 Patris
2548 3113 2758 3167 aeterni.
2791 3112 2850 3167 lu
2887 3113 2991 3170 hac
3021 3116 3358 3174 beatitudine
3403 3132 3689 3189 currentes,

425 3215 592 3260 tatem
621 3207 994 3273 remittuntur,
1027 3223 1124 3277 per
1152 3208 1356 3262 bonam
1408 3211 1780 3278 operationem
1829 3223 2015 3270 conte-

435 3309 661 3371 guntur.
710 3299 911 3356 Beatus
956 3301 1041 3353 vir
1102 3299 1227 3355 talis
1276 3300 1405 3368 erit,
1473 3303 1600 3371 quia
1643 3303 1693 3356 ei
1751 3303 2014 3362 Dominus

424 3405 708 3463 peccatum
747 3395 800 3448 in
820 3393 1028 3464 judicio
1059 3408 1169 3448 non
1223 3393 1532 3464 imputabit.
1567 3393 1667 3451 Hic
1698 3396 1753 3450 in
1785 3396 2016 3453 Domino

423 3485 741 3554 cumjustis
782 3487 1064 3541 exsultans
1121 3485 1416 3551 laetabitur,
1469 3500 1595 3540 cum
1644 3487 1809 3543 rectis
1854 3491 2017 3545 corde

423 3577 765 3648 gloriabitur.

495 3668 704 3735 Quarto
735 3668 867 3724 dicit
918 3668 1111 3722 beatos
1137 3667 1309 3723 Deum
1361 3683 1500 3739 pure
1525 3669 1785 3739 colentes,
1815 3680 1869 3728 et
1897 3672 2017 3743 ejus
2067 3712 2081 3726 .

424 3761 719 3818 haereditas
747 3761 866 3815 ﬁeri
911 3760 1236 3828 cupientes:
1268 3778 1287 3810 ι
1323 3761 1511 3826 Beata,
1550 3781 1568 3813 ι
1601 3762 1797 3834 inquit,
1829 3785 1847 3816 ι
1885 3781 2017 3836 gens

422 3853 586 3923 cujus
612 3860 696 3906 est
722 3850 988 3905 Dominus
1021 3849 1166 3904 Deus
1193 3850 1335 3920 ejus,
1376 3852 1612 3921 populus
1649 3869 1812 3923 quem
1853 3855 2017 3926 elegit

423 3945 481 3999 in
515 3943 883 3999 haereditatem
935 3941 1040 3996 sibi
1065 3940 1240 4010 (Psal.
1270 3945 1470 4013 xxx").
1503 3963 1521 3994 ι
1553 3942 1618 3997 lli
1648 3946 1924 4001 exsultent
1953 3947 2010 4001 in

423 4034 678 4099 Domino,
735 4033 863 4104 quia
916 4033 1052 4088 tales
1094 4033 1250 4088 decet
1288 4034 1568 4089 laudatio!
1604 4034 1731 4091 Inde
1763 4037 1957 4092 iterum
1998 4057 2010 4092 :

428 4145 447 4177 ε
477 4125 696 4191 Beatus,
719 4144 736 4176 ι
772 4125 970 4194 inquit,
1005 4141 1022 4175 ι
1066 4125 1321 4194 populus,
1363 4125 1524 4195 cujus
1563 4125 1831 4184 Dominus
1873 4128 2015 4186 Deus

421 4215 542 4284 ejus
569 4213 744 4284 (Psal.
776 4216 987 4283 cxun),
1012 4232 1030 4265 ι
1058 4214 1187 4283 quia
1235 4214 1292 4268 hi
1345 4215 1621 4270 canticum
1670 4233 1870 4272 novum
1903 4219 2015 4274 Deo

420 4306 742 4371 cantabunt,
773 4320 898 4360 cum
931 4306 999 4360 de
1024 4320 1187 4360 manu
1221 4306 1461 4360 liliorum
1519 4307 1824 4363 alienorum
1872 4311 2013 4366 eruti

421 4397 796 4452 exsultabunt.
859 4394 1066 4462 Quinto
1133 4395 1269 4451 dicit
1330 4397 1525 4453 beatos
1586 4399 2011 4470 hospitalitatem

2121 3197 2174 3250 in
2206 3201 2475 3255 memoria
2526 3210 2730 3257 aeterna
2789 3213 2973 3271 erunt,
3021 3207 3256 3277 gloriam
3299 3219 3352 3262 et
3389 3210 3604 3266 divitias
3639 3212 3696 3266 in

2118 3289 2281 3345 domo
2303 3290 2519 3346 Domini
2543 3295 2919 3364 possidebunt.
2954 3296 3293 3356 Duodecimo
3347 3304 3499 3372 ponit
3521 3304 3697 3361 beatos

2119 3379 2171 3433 in
2197 3381 2284 3434 via
2320 3382 2373 3436 id
2399 3392 2482 3437 est
2519 3385 2575 3438 in
2603 3384 2828 3442 Christo
2875 3389 3090 3444 macula
3124 3393 3335 3460 peccati
3361 3404 3623 3461 carentes,
3646 3405 3698 3452 et

2119 3470 2172 3524 in
2203 3471 2319 3543 lege
2369 3472 2609 3545 Domini,
2667 3477 2719 3531 id
2771 3486 2856 3533 est
2909 3480 2964 3534 in
3012 3481 3281 3541 charitate
3328 3486 3693 3543 ambulantes.

2123 3581 2142 3614 ι
2181 3563 2350 3632 Beati,
2373 3585 2390 3617 ι
2431 3567 2629 3638 inquit,
2666 3588 2682 3620 ι
2713 3571 3029 3627 inmaculati
3059 3574 3112 3628 in
3146 3575 3254 3641 via,
3291 3578 3389 3646 qui
3433 3580 3699 3635 ambulant

2118 3657 2172 3711 in
2218 3658 2334 3730 lege
2360 3657 2576 3715 Domini
2605 3661 2781 3733 (Psal.
2823 3666 3037 3734 cxvm).
3076 3685 3092 3716 ι
3126 3664 3335 3722 Horum
3367 3670 3549 3724 anima
3570 3672 3700 3726 vivet

2118 3745 2172 3800 in
2223 3757 2512 3818 aeternum,
2571 3761 2624 3807 et
2684 3753 2931 3808 laudabit
2980 3753 3273 3810 Dominum
3322 3758 3380 3812 in
3426 3761 3696 3815 saeculum.

2119 3839 2525 3899 Tertiodecimo
2589 3846 2745 3915 ponit
2800 3847 2990 3904 beatos
3035 3849 3294 3905 mandata
3354 3850 3451 3906 Dei
3501 3852 3568 3907 ad
3626 3852 3699 3907 fa-

2119 3933 2370 3988 ciendum
2412 3947 2840 4005 perscrutantes,
2869 3949 2923 3994 et
2968 3941 3022 3994 in
3070 3950 3183 3996 toto
3220 3943 3389 3997 corde
3420 3943 3699 4000 Dominum

2117 4027 2487 4095 exquirentes.
2519 4049 2538 4080 α
2575 4029 2744 4097 Beati,
2784 4050 2802 4082 ι
2853 4033 3052 4102 inquit,
3096 4052 3113 4084 ο
3143 4035 3236 4104 qui
3285 4045 3605 4091 scrutantur
3627 4045 3698 4092 te-

2116 4116 2372 4172 stimonia
2402 4119 2542 4189 ejus,
2561 4120 2615 4174 in
2646 4129 2759 4177 toto
2787 4123 2952 4178 corde
2981 4125 3278 4194 exquirunt
3299 4140 3428 4179 eum
3460 4127 3656 4199 (ibid.).
3677 4145 3694 4176 ι

2115 4204 2183 4261 l-li
2211 4218 2372 4264 erunt
2404 4225 2435 4265 a
2464 4209 2698 4267 Domino
2721 4213 3017 4282 benedicti,
3048 4217 3188 4271 sicut
3229 4216 3286 4272 hi
3318 4218 3414 4288 qui
3436 4218 3702 4275 declinant

2116 4313 2146 4353 a
2207 4301 2484 4358 mandatis
2537 4302 2658 4372 ejus
2709 4304 3003 4360 maledicti.
3049 4304 3258 4371 Quarto
3303 4307 3518 4362 decimo
3557 4310 3701 4378 ponit

2120 4389 2308 4447 beatos
2337 4392 2667 4448 desiderium
2718 4395 2773 4449 in
2830 4396 2992 4452 bonis
3035 4397 3345 4468 implentes.
3383 4419 3402 4450 ι
3432 4399 3647 4466 Beatus,
3673 4421 3692 4454 ι

422 4498 716 4558 sectantes,
761 4504 856 4560 per
887 4503 1156 4558 pauperes
1193 4489 1297 4544 sibi
1347 4490 1596 4546 ccelestes
1643 4493 1862 4550 divitias
1896 4495 2013 4550 the-

2118 4479 2312 4551 inquit,
2350 4500 2368 4533 ι
2404 4483 2500 4553 qui
2547 4486 2790 4554 implevit
2833 4487 3166 4543 desiderium
3223 4504 3388 4544 suum
3435 4506 3502 4546 ex
3551 4492 3695 4565 ipsis.

423 4582 788 4648 zaurizantes.
821 4598 840 4631 ‹
903 4579 1169 4646 Beatus,»
1227 4579 1506 4650 inquiens,
1562 4599 1580 4632 ι
1620 4583 1713 4653 qui
1763 4585 2015 4656 intelligit

419 4689 590 4744 super
613 4687 851 4743 egenum
875 4682 930 4727 et
953 4688 1272 4743 pauperem,
1296 4675 1426 4743 quia
1469 4675 1524 4729 in
1554 4675 1643 4730 die
1693 4677 1836 4731 mala
1872 4677 2013 4734 libe-

416 4764 562 4818 rabit
608 4779 736 4818 eum
789 4762 1058 4819 Dominus
1103 4763 1278 4836 (Psal.
1311 4766 1425 4836 XL).
1457 4783 1475 4816 ι
1531 4764 1658 4822 Dies
1713 4767 1855 4822 mala
1904 4777 2008 4836 est,

415 4869 542 4908 cum
592 4855 760 4910 homo
818 4856 1058 4926 aliquam
1108 4857 1479 4925 aﬁlictionem,
1524 4859 1608 4914 vel
1665 4874 1861 4913 manus
1906 4861 2012 4915 ini-

348 4985 354 4990 -
417 4947 688 5002 micorum
740 4947 1037 5004 inciderit:
1072 4949 1215 5005 unde
1243 4965 1369 5005 eum
1393 4949 1662 5013 Dominus
1709 4951 1891 5005 statim
1940 4952 2008 5006 li-

341 5068 345 5072 -
419 5039 656 5093 bcrabit.
693 5039 820 5095 Dies
861 5041 1027 5096 etiam
1058 5042 1203 5097 mala
1239 5050 1323 5096 est
1364 5041 1481 5097 dies
1523 5042 1735 5107 ultima,
1764 5041 1854 5097 ubi
1883 5058 2008 5097 eum

417 5130 690 5188 Dominus
739 5148 1074 5189 conservans
1123 5134 1180 5189 in
1227 5135 1468 5190 animam
1524 5135 1873 5191 inimicorum
1899 5150 2008 5191 non

418 5224 644 5291 tradet,
703 5225 799 5280 sed
870 5225 1091 5281 beatum
1148 5227 1202 5280 in
1274 5235 1419 5283 terra
1471 5227 1769 5283 viventium
1826 5226 2005 5283 faciet.

418 5314 592 5370 Sexto
623 5317 763 5371 dicit
792 5317 983 5373 beatos
1013 5318 1080 5373 de
1125 5319 1282 5388 plebe
1336 5317 1552 5374 Domini
1587 5320 1808 5386 electos,
1859 5329 1913 5376 et
1941 5320 2009 5374 ad

422 5409 758 5463 laudandum
815 5424 940 5464 eum
993 5418 1330 5480 assumptos.
1393 5429 1412 5459 ‹
1449 5408 1670 5475 Beatus,
1709 5429 1726 5460 ι
1777 5410 2005 5481 inquit,

423 5515 446 5551 ι
481 5515 644 5569 quem
683 5501 891 5570 elegisti
919 5509 974 5556 et
1003 5501 1374 5571 assumpsisti,
1407 5501 1735 5556 inhabitabit
1766 5501 1821 5556 in
1852 5502 2007 5557 atriis

418 5592 530 5647 tuis
560 5590 734 5662 (Psal.
798 5595 1012 5663 thv).a
1051 5592 1125 5648 De
1170 5593 1262 5646 bis
1314 5593 1511 5646 iterum
1551 5612 1564 5646 :
1609 5613 1628 5644 ι
1667 5594 1836 5660 Beati,
1869 5615 1886 5647 ι
1921 5597 2006 5649 in-

418 5687 562 5754 quit,
592 5705 612 5752 ᾳ
659 5686 754 5756 qui
779 5686 1027 5742 habitant
1051 5687 1112 5741 in
1162 5685 1332 5742 domo
1370 5695 1487 5754 tua,
1530 5687 1586 5741 in
1616 5689 1874 5743 saeculum
1902 5705 2004 5743 sae-

415 5779 532 5840 culi
569 5779 871 5840 laudabunt
902 5787 956 5837 ιο
1005 5776 1186 5853 (Ptol.
1232 5779 1488 5850 bsunt).
1521 5797 1540 5832 ι
1580 5777 1824 5852 Septimo
1851 5781 2006 5854 _dicit

2116 4587 2228 4628 non
2286 4573 2655 4631 confundetur
2710 4593 2838 4633 cum
2901 4580 3156 4650 loquetur
3201 4581 3444 4637 inimicis
3494 4584 3611 4644 suis
3646 4582 3696 4637 in

2117 4674 2272 4734 porta
2305 4665 2478 4731 (Psal.
2505 4669 2726 4738 cxxvl);
2760 4688 2778 4720 ι
2830 4669 3085 4727 inimicos
3117 4688 3248 4728 suos
3293 4673 3574 4730 daemones
3608 4689 3696 4744 per

2113 4757 2478 4813 humilitatem
2505 4760 2808 4816 vincentes.
2844 4761 3008 4817 Porta
3037 4762 3160 4818 dies
3205 4764 3400 4834 iudicii
3444 4775 3558 4833 est,
3605 4781 3695 4836 per

2112 4865 2278 4920 quam
2300 4851 2536 4907 intratur
2563 4853 2617 4908 in
2649 4855 2910 4924 palatium
2944 4857 3091 4912 cmli.
3129 4855 3186 4912 In
3236 4857 3342 4913 hac
3385 4870 3539 4928 porta
3568 4861 3696 4916 tales

2111 4939 2178 4993 de
2212 4943 2451 5010 peccatis
2500 4959 2610 4999 non
2661 4945 3087 5015 confundentur,
3134 4964 3260 5003 cum
3307 4950 3544 5006 inimicis
3585 4953 3694 5008 suis

2113 5032 2441 5091 insultantes
2493 5036 2825 5107 loquentur;
2875 5040 2970 5095 sed
3020 5041 3121 5110 ipsi
3166 5041 3454 5098 hereditas
3483 5045 3693 5098 Domini

2111 5137 2294 5193 erunt,
2321 5125 2562 5184 fructum
2588 5133 2797 5188 ventris
2847 5131 3038 5187 Maria:
3085 5132 3366 5189 Christum
3396 5136 3693 5191 mercedem

2113 5216 2408 5274 habebunt.
2439 5219 2642 5287 Quinto
2680 5223 2894 5278 decimo
2929 5225 3086 5294 ponit
3109 5224 3280 5280 Deum
3316 5235 3379 5280 ut
3418 5227 3555 5282 servi
3589 5225 3695 5280 Do.

2110 5308 2320 5365 minum
2346 5311 2600 5370 timentes
2624 5323 2679 5370 et
2703 5317 2759 5370 in
2780 5317 2884 5371 viis
2905 5317 3025 5386 ejus
3047 5319 3413 5375 ambulantes.
3438 5339 3455 5371 ‹
3476 5319 3644 5384 Beati,
3671 5337 3688 5370 ι

2113 5403 2309 5472 inquit,
2340 5424 2359 5456 ‹
2402 5421 2595 5462 omnes
2642 5408 2736 5478 qui
2780 5409 2973 5463 timent
3020 5409 3331 5474 Dominum,
3364 5412 3456 5481 qui
3503 5412 3695 5466 ambu-

2110 5497 2228 5551 lant
2256 5497 2310 5552 in
2335 5499 2438 5554 viis
2460 5499 2580 5569 ejus
2621 5499 2793 5570 (Psal.
2825 5501 3018 5572 xxvii).
3045 5520 3062 5552 ι
3095 5499 3196 5556 llic
3222 5503 3386 5556 timor
3415 5503 3692 5558 hominem

2112 5602 2142 5641 a
2166 5591 2404 5659 peccatis
2427 5592 2666 5659 abducit,
2714 5592 3034 5647 charitatem
3065 5593 3261 5648 animae
3287 5592 3528 5648 adducit.
3548 5593 3696 5648 Cha»

2110 5682 2246 5737 ritas
2273 5699 2403 5739 vero
2434 5685 2644 5740 intrans
2667 5701 2790 5740 eum
2847 5683 2994 5740 foras
3019 5684 3205 5749 mittit,
3257 5687 3385 5754 quia
3414 5686 3501 5740 hic
3530 5686 3693 5739 timor

2109 5792 2328 5848 ptenam
2361 5778 2543 5834 habet.
2580 5777 2640 5833 ln
2693 5779 2793 5833 hac
2819 5777 3152 5834 beatitudine
3193 5776 3518 5834 festinantes
3549 5778 3688 5833 bona
