3970 6436
238 369 367 399 1⁶⁹τ

249 391 257 419 Ζ
278 391 369 419 --Δ

1166 351 1743 408 DEFLOBAuuuuu
1783 372 1884 407 οι).
1925 367 2238 405 ransom.
2280 379 2349 389 -—
2387 348 2517 405 μῖῧ.
2559 348 2623 404 II.

3389 352 3527 408 ΗΒ

235 475 575 532 Hierusalem
599 474 860 531 omnibus
900 472 1096 529 diebus
1141 473 1267 528 vitae
1293 486 1409 529 suae
1451 471 1733 535 videbunt,
1775 477 1831 524 et
1859 482 2217 541 AveSperam
2286 466 2475 521 mundi
2530 467 2598 523 ad
2657 466 2818 524 fidem
2882 473 3280 523 convertuntur
3327 477 3381 523 et
3437 467 3522 523 fa—

233 584 420 639 pacem
446 566 639 634 lsrael,
666 568 721 622 id
742 575 826 622 est
881 565 1163 620 Christum
1206 565 1504 620 habebunt.
1532 562 1637 630 Qui
1671 562 1817 617 enim

233 660 451 713 labores
508 673 776 712 manuum
824 672 1050 712 suarum
1095 655 1465 719 manducahit,
1515 655 1569 709 id
1610 653 1818 725 estqui

232 752 375 806 bona
400 764 567 819 opera
593 751 648 803 in
688 749 793 804 viis
825 747 1043 803 Domini
1069 747 1437 813 fructilicabit,
1480 746 1673 803 beatus
1712 755 1816 814 est,

232 854 286 897 et
325 843 465 898 bene
505 843 556 897 ei
601 842 708 897 erit
759 840 935 911 (Psal.
985 841 1213 911 cxxvu).
1249 858 1268 892 ι
1316 838 1492 909 Hujus
1533 855 1672 894 uxor
1714 840 1820 895 erit

234 933 377 988 sicut
419 934 552 989 vitis
575 933 865 988 abundans
901 931 1103 1003 (ibid.),
1136 933 1188 987 id
1221 939 1307 988 est
1355 946 1485 987 caro
1521 932 1641 1001 ejus
1693 947 1816 987 cum

231 1024 454 1080 Christo
473 1025 569 1095 qui
595 1034 681 1081 est
709 1025 836 1079 vitis
880 1040 1011 1080 vera
1039 1024 1342 1079 exsultans.
1377 1022 1499 1078 Filii
1528 1025 1648 1095 ejus
1676 1027 1820 1081 sicut

234 1117 461 1173 novellae
486 1118 757 1172 olivarum
799 1115 1002 1188 (ibid.),
1035 1116 1249 1171 scilicet
1278 1130 1443 1185 opera
1486 1116 1541 1170 in
1590 1116 1818 1171 benedi-

233 1210 414 1265 ctione
443 1219 786 1266 sanctorum.
815 1208 983 1263 Sexto
1036 1208 1253 1262 decimo
1295 1208 1453 1277 ponit
1482 1209 1670 1264 beatos
1715 1208 1819 1263 Ba-

231 1302 468 1373 byloniis
493 1310 547 1356 et
568 1301 694 1355 tiliae
732 1299 1033 1372 Babylonis
1056 1299 1476 1355 retributionem
1508 1301 1816 1356 retribuen-~

232 1404 337 1458 tes,
369 1395 514 1449 mala
560 1394 720 1449 nobis
748 1392 1067 1449 inferentes.
1099 1411 1118 1444 ι
1148 1391 1368 1459 Beatus,
1389 1411 1408 1444 ι
1444 1393 1641 1464 inquit,
1673 1412 1691 1445 ι
1722 1394 1818 1463 qui

231 1486 488 1541 retribuit
552 1485 974 1540 retributionem
1014 1525 1030 1550 ,
1078 1499 1241 1553 quam
1304 1484 1607 1539 retribuisti
1659 1485 1820 1539 nobis

234 1577 412 1649 (Paul.
454 1576 698 1648 cxxxvt).
733 1596 751 1629 ι
782 1575 919 1630 Filia
974 1574 1270 1647 Babylonis
1309 1584 1393 1631 est
1432 1590 1562 1631 caro
1604 1583 1816 1641 nostra,

232 1668 341 1722 lilia
359 1668 720 1724 confusionis.
742 1665 868 1722 Ilaec
890 1667 1033 1721 mala
1056 1665 1215 1721 nobis
1239 1665 1450 1732 tribuit,
1476 1681 1601 1721 cum
1626 1681 1727 1721 nos
1749 1665 1819 1721 ad

232 1757 574 1825 peccandum
621 1756 795 1809 illicit.
842 1752 980 1809 Huic
1020 1753 1437 1808 retributionem
1469 1768 1623 1808 suam
1655 1751 1818 1807 retri-

1923 574 2067 614 mem
2111 558 2261 613 verbi
2311 556 2407 612 Dei
2455 559 2962 630 patientur;atque
3011 568 3068 614 ut
3115 573 3280 614 canes
3324 559 3522 614 civita-

1923 659 2054 715 tem,
2103 648 2311 705 scilicet
2359 647 2658 705 Ecclesium
2704 649 3037 715 circuibunt,
3089 657 3146 703 et
3174 649 3347 705 micas
3398 666 3517 705 ser-

1921 755 2149 796 monum
2181 738 2277 794 Dei
2301 738 2369 794 de
2425 755 2616 795 mensa
2655 738 3099 795 Christianorum
3132 741 3387 812 colligere
3415 757 3518 797 cu-

1919 832 2096 902 piunt.

1992 921 2088 977 Illo
2113 929 2358 993 tempore
2385 922 2760 978 Antichristus
2786 923 3054 994 regnabit,
3087 925 3182 994 qui
3212 932 3388 980 totum
3418 940 3513 979 οιν-

1919 1012 2041 1068 bem
2070 1013 2302 1068 diversis
2333 1014 2510 1069 modis
2540 1014 2906 1069 conturbabit.
2944 1014 3079 1070 Nam
3108 1026 3336 1073 cunctos
3363 1017 3517 1088 prin-

1921 1103 2070 1174 cipes
2104 1105 2208 1160 sibi
2239 1120 2335 1174 per
2360 1105 2648 1174 pecuniam
2696 1107 2943 1173 attrahit,
2988 1124 3113 1163 cum
3158 1108 3418 1165 divitibus
3452 1112 3512 1166 in

1922 1195 2151 1250 occultis
2174 1203 2235 1248 ut
2258 1195 2343 1249 leo
2369 1195 2423 1247 in
2450 1194 2664 1251 insidiis
2689 1196 2757 1251 ad
2786 1197 3167 1266 decipiendum
3192 1201 3361 1255 sedet.
3394 1201 3515 1256 Cle-

1918 1302 2042 1340 rum
2075 1302 2170 1356 per
2198 1285 2533 1339 mundanam
2561 1286 2883 1355 sapientiam
2911 1290 3161 1359 decipiet,
3193 1308 3317 1346 cum
3345 1294 3511 1350 verba

1921 1385 2111 1430 contra
2161 1375 2505 1431 Altissimum
2554 1377 2813 1445 proferet.
2878 1377 3184 1450 Religiosos
3233 1383 3404 1453 signis
3456 1393 3513 1439 et

1920 1466 2186 1536 prodigiis
2213 1466 2455 1533 seducet,
2481 1469 2703 1538 quando
2737 1468 2902 1523 etiam
2929 1469 3108 1539 ignem
3134 1471 3200 1527 de
3228 1472 3368 1527 cmlo
3411 1473 3512 1529 de-

1923 1556 2185 1611 scendere
2211 1553 2393 1610 faciet.
2424 1555 2631 1628 Vulgus
2663 1567 2874 1613 terrore
2911 1560 3207 1627 concutiet,
3240 1577 3365 1617 cum
3393 1578 3513 1617 ma-

1923 1647 2069 1702 xima
2124 1647 2505 1718 persecutione
2550 1649 2604 1702 in
2653 1647 2995 1704 Christianos
3059 1651 3262 1706 saeviet.
3321 1651 3512 1709 Enoch

1921 1738 2067 1793 enim
2105 1751 2160 1793 et
2194 1737 2366 1793 Eliam
2406 1738 2714 1806 interﬁciet,
2744 1749 2798 1795 et
2829 1755 3022 1796 omnes
3048 1742 3151 1797 sibi
3193 1743 3511 1803 resistentes

229 1848 480 1915 buintus,
506 1849 636 1904 dum
662 1862 779 1903 eam
804 1861 901 1916 pro
923 1846 1237 1902 commissis
1275 1845 1477 1901 illicitis
1510 1845 1813 1916 atlligimus.

1925 1829 2133 1885 crudeli
2167 1831 2573 1886 exanimatione
2602 1832 2806 1901 perdet.
2850 1831 3021 1898 Quem
3054 1832 3321 1891 Dominus
3349 1835 3512 1895 Iesus

230 1941 342 2009 Qui
385 1943 489 1997 hoc
530 1941 734 1996 faciunt
773 1938 1101 2009 principium
1143 1937 1343 1992 hetitite
1391 1937 1446 1991 in
1494 1936 1581 1991 die
1622 1935 1818 1990 Hieru-

231 2033 407 2086 salem
467 2030 796 2100 percipiunt.
855 2027 1099 2098 Septimo
1155 2026 1369 2081 decimo
1428 2026 1581 2097 ponit
1629 2026 1818 2082 beatos

229 2123 490 2192 parvulos
532 2121 684 2175 Filiae
719 2120 1013 2191 Babylonis
1072 2128 1336 2184 tenentes,
1391 2127 1446 2173 et
1493 2119 1559 2174 ad
1606 2128 1814 2189 petram

225 2213 536 2267 allidentcs.
571 2231 590 2262 ε
620 2211 841 2277 Beatus,
870 2231 888 2263 ι
940 2211 1138 2281 inquit,
1170 2230 1188 2263 ι
1225 2211 1318 2281 qui
1359 2211 1582 2277 tenebit,
1633 2221 1687 2265 et
1733 2211 1815 2265 al-

229 2302 361 2357 lidet
410 2303 668 2372 parvulos
726 2312 851 2358 tuos
893 2302 960 2357 ad
1012 2310 1222 2371 petram
1274 2302 1447 2373 (Psal.
1505 2303 1748 2372 cxxxvt).
1791 2321 1810 2354 ι

231 2389 457 2446 Parvuli
524 2391 650 2446 filiae
699 2390 993 2462 Babylonis
1044 2399 1176 2445 sunt
1229 2392 1609 2462 suggestiones
1687 2408 1814 2447 car-

228 2484 372 2540 nalis
435 2483 838 2539 delectationis.
889 2482 1000 2539 Hos
1057 2485 1125 2539 ad
1173 2492 1383 2555 petram
1440 2485 1670 2540 allidunt
1719 2486 1813 2557 qui

227 2576 298 2630 ob
340 2574 551 2631 Christi
597 2575 911 2645 passionem
956 2576 1198 2630 carnalia
1244 2586 1531 2646 respuunt.
1586 2575 1652 2631 Ili
1687 2593 1813 2632 cum

227 2668 294 2724 de
320 2667 624 2740 Babylonia
657 2668 784 2723 hinc
816 2669 885 2723 ad
914 2666 1256 2723 Hierusalem
1284 2669 1627 2734 remeabunt,
1658 2670 1817 2742 hym-

227 2773 363 2813 num
392 2759 459 2813 de
481 2758 711 2813 canticis
743 2756 874 2812 Sion
902 2757 956 2810 in
986 2766 1251 2812 azternum
1282 2758 1599 2813 cantabunt.

293 2849 441 2906 Ecce
470 2858 605 2920 quot
625 2849 990 2905 beatitudines
1036 2849 1436 2905 haereditabunt
1454 2850 1510 2904 hi
1529 2850 1623 2921 qui
1650 2850 1706 2905 in
1728 2851 1814 2906 via

222 2942 433 2998 Christi
472 2941 851 2996 ambulabunt.
896 2939 966 2994 Et
989 2942 1119 3010 quia
1167 2941 1446 3012 prophetae
1473 2949 1551 2996 tot
1580 2958 1677 3012 per
1704 2941 1817 3011 spi-

222 3038 397 3091 ritum
431 3036 634 3093 dotalia
659 3034 942 3091 Christum
974 3033 1236 3090 Ecclesia:
1263 3035 1556 3089 allaturum
1605 3035 1815 3091 intelle-

223 3138 449 3193 xerunt,
477 3128 600 3184 ideo
631 3138 912 3198 tant0pere
936 3126 1057 3197 ejus
1073 3127 1366 3182 adventum
1395 3127 1808 3197 concupierunt.

1920 1922 2169 1993 Spiritum
2203 1923 2315 1977 oris
2346 1924 2454 1989 sui,
2492 1939 2586 1978 seu
2616 1922 2895 1979 Michaelis
2923 1926 3231 1995 archangeli
3262 1928 3511 1985 ministe-

1920 2011 2004 2065 rio
2053 2011 2361 2076 interﬁciet,
2412 2013 2637 2083 ipseque
2686 2020 2817 2068 tunc
2873 2014 2942 2069 ad
2991 2014 3260 2085 judicium
3304 2021 3507 2077 veniet.

1918 2103 2022 2170 Qui
2049 2104 2202 2174 prius
2227 2103 2375 2159 venit
2390 2104 2741 2174 judicandus,
2766 2113 2897 2160 tunc
2920 2108 3100 2163 veniet
3134 2107 3505 2179 judicaturus.

1918 2193 2022 2261 Qui
2053 2195 2207 2265 prius
2247 2198 2395 2253 venit
2434 2202 2704 2269 occultus,
2757 2212 2889 2260 tunc
2934 2207 3115 2262 veniet
3157 2209 3506 2267 manifestus.

1916 2286 1997 2340 Ad
2025 2287 2183 2356 cujus
2204 2290 2495 2345 adventum
2522 2307 2714 2349 omnes
2736 2294 2988 2352 homines
3010 2309 3317 2371 resurgent,
3346 2304 3511 2373 eique

1919 2380 2237 2434 catervatim
2272 2393 2586 2439 occurrent.
2630 2384 2834 2444 Omnes
2863 2389 3008 2444 enim
3059 2406 3183 2446 eum
3222 2393 3506 2461 videbunt,

1917 2479 1971 2525 et
2002 2471 2097 2542 qui
2127 2488 2252 2527 eum
2283 2486 2632 2546 pupugerunt
2672 2478 2858 2549 (Apoc.
2895 2481 2957 2551 ι).
2999 2481 3143 2554 Ignis
3169 2491 3296 2540 ante
3324 2486 3507 2556 ipsum

1918 2564 2204 2632 praecedet,
2258 2574 2313 2621 et
2369 2567 2623 2624 inimicos
2669 2569 2790 2640 ejus
2836 2571 2891 2626 in
2935 2573 3168 2629 circuitu
3219 2585 3509 2632 consumet

1918 2652 2092 2722 (Psal.
2126 2656 2296 2727 xcvr).
2337 2656 2490 2714 Sicut
2518 2660 2649 2715 olim
2698 2678 2841 2733 aqua
2871 2663 3059 2718 diluvii
3104 2680 3268 2737 super
3312 2683 3507 2725 omnes

1916 2755 2132 2802 montes
2162 2764 2232 2804 xv
2254 2750 2455 2805 cubitis
2482 2754 2743 2821 excrevit,
2777 2754 2849 2810 ita
2874 2763 3005 2813 tunc
3030 2756 3171 2830 ignis
3193 2774 3358 2831 super
3385 2776 3506 2816 om-

1918 2838 2010 2894 nia
2046 2842 2317 2897 montium
2342 2845 2631 2901 cacumina
2661 2863 2731 2901 xv
2766 2848 2966 2904 cubitis
3015 2864 3346 2909 ascensurus
3374 2854 3500 2911 erit.

1917 2930 2072 2989 Tunc
2086 2933 2253 3004 justis
2275 2951 2306 2990 a
2331 2937 2540 2993 dextris
2577 2938 2782 2995 Christi
2806 2941 3024 3010 positis,
3050 2941 3232 3012 impiis
3258 2953 3440 3002 autem
3467 2963 3500 3004 a

1916 3025 2179 3095 sinistris,
2216 3029 2403 3085 omnia
2439 3030 2730 3087 manifesta
2754 3033 3012 3089 omnibus
3039 3044 3220 3101 erunt,
3250 3052 3373 3107 qua:
3400 3055 3503 3094 un-

1915 3134 2082 3190 quam
2108 3119 2361 3176 homines
2385 3123 2674 3193 cogitando
2696 3165 2711 3191 ,
2745 3125 3043 3195 loquendo,
3072 3126 3319 3183 faciendo
3349 3145 3503 3185 com-

220 3224 405 3297 Hujus
437 3191 599 3281 -άυοε
663 3191 931 3280 θάγέηιυε
964 3191 1254 3294 ’ρτωάῑοθι
1299 3221 1547 3276 Ecclesia
1639 3236 1810 3275 unum
1840 3191 1880 3247 Ο
1916 3212 2207 3278 miserant,
2233 3221 2289 3268 et
2317 3191 2518 3285 singuli
2545 3230 2645 3285 pro
2674 3191 2889 3272 meritis
2916 3191 3135 3288 dignam
3182 3219 3501 3275 retributio-

220 3336 330 3391 quo
382 3321 702 3391 languidum
742 3317 1008 3373 mundum
1047 3315 1309 3381 visitavit,
1347 3314 1514 3370 alium
1560 3329 1671 3385 quo
1697 3314 1813 3369 col-

217 3416 441 3484 lapsum
501 3413 765 3467 mundum
814 3412 1100 3481 judicabit.
1147 3409 1326 3480 Ipsius
1366 3408 1662 3462 adventum
1715 3422 1811 3476 per

215 3515 465 3578 quatuor
499 3504 813 3559 Dominicas
841 3502 1210 3565 extendimus,
1246 3500 1376 3572 quia
1417 3498 1565 3553 hunc
1597 3514 1627 3552 a
1671 3513 1809 3568 qua-

213 3610 340 3653 tuor
374 3597 686 3663 ordinibus,
735 3595 943 3650 scilicet
970 3610 998 3648 a
1025 3592 1369 3664 patriarchis,
1399 3607 1428 3645 a
1451 3589 1749 3661 jndicibus,
1780 3603 1811 3643 a

213 3692 470 3761 regibus,
516 3705 545 3743 a
584 3686 866 3758 prophetis
896 3684 1309 3756 pronuntiatum
1352 3683 1606 3753 legimus.
1638 3679 1684 3734 A
1714 3695 1811 3750 pa-

213 3783 485 3836 triarchis
518 3780 610 3835 uhi
653 3778 789 3833 Abel
818 3792 1043 3847 agnum,
1089 3773 1480 3828 Melchisedech
1526 3786 1722 3842 panem
1756 3780 1811 3825 et

209 3876 435 3942 vinum,
487 3872 761 3927 Abraham
794 3870 965 3923 tilium
1000 3881 1161 3923 suum
1223 3866 1437 3920 obtulit.
1466 3864 1508 3916 A
1532 3863 1809 3933 jndicibus

210 3981 343 4021 vero
375 3963 550 4019 Josue
584 3962 677 4031 qui
709 3968 764 4015 et
813 3957 976 4015 Jcsus
1002 3957 1187 4012 hostes
1229 3955 1579 4025 expugnavit,
1608 3962 1808 4009 terram

210 4058 431 4130 populo
461 4055 671 4120 divisit,
721 4061 778 4108 et
823 4053 915 4107 ubi
966 4050 1186 4106 Gedeon
1229 4047 1403 4103 vellus
1449 4047 1722 4117 exposuit,
1752 4047 1807 4102 in

208 4152 358 4222 quod
418 4164 513 4204 ros
549 4145 876 4205 descendit:
920 4142 1015 4214 qui
1058 4150 1114 4197 et
1168 4142 1283 4211 ipse
1312 4141 1498 4195 hostes
1552 4154 1677 4195 cum
1728 4138 1809 4193 la-

211 4243 370 4313 genis
402 4241 569 4307 vicit;
598 4251 653 4294 et
681 4238 771 4292 ubi
809 4235 1043 4290 Samson
1079 4234 1131 4287 in
1161 4232 1343 4287 Gasan
1370 4230 1439 4286 ad
1467 4230 1810 4286 meretricem

210 4331 494 4395 introivit,
520 4336 576 4385 et
625 4344 723 4398 per
747 4327 936 4381 hostes
986 4325 1042 4378 in
1081 4330 1320 4376 montem
1351 4320 1615 4376 ascendit.
1647 4322 1694 4374 A
1725 4336 1812 4376 re-

210 4424 378 4495 gibus
420 4420 523 4477 ubi
575 4418 745 4473 David
789 4415 1005 4471 Goliath
1044 4412 1258 4479 stravit,
1313 4421 1366 4467 et
1406 4411 1501 4466 ubi
1549 4411 1809 4466 Salomon

210 4515 491 4585 templum
540 4508 857 4575 aedificavit,
888 4515 944 4562 et
971 4505 1061 4560 ubi
1095 4502 1276 4559 Josias
1320 4502 1529 4560 Pascha
1566 4503 1809 4559 celebra—
1838 4538 1883 4593 Β

209 4609 310 4662 vit.
340 4609 389 4660 Α
420 4606 711 4676 prophetis
741 4600 835 4656 ubi
880 4597 1051 4654 Isaias
1105 4596 1172 4650 de
1223 4595 1430 4666 virgine
1465 4595 1806 4651 nasciturum

207 4716 365 4767 eum,
396 4697 670 4752 Jcremias
693 4709 817 4750 cum
842 4691 1160 4747 hominibus
1189 4697 1664 4754 conversaturum,
1703 4684 1813 4741 Da~

209 4792 325 4846 niel
375 4797 636 4847 sanctum
683 4793 1002 4841 sanctorum
1048 4790 1339 4838 venturum
1398 4779 1666 4851 praedixit.
1710 4776 1814 4833 Per

207 4888 468 4951 quatuor
489 4879 658 4933 etiam
684 4874 1001 4931 Dominicas
1034 4873 1329 4928 adventum
1354 4871 1648 4927 recolimus
1669 4870 1811 4939 ejus,

208 4976 349 5045 quia
386 4982 521 5029 ante
544 4973 717 5043 legem
740 4969 976 5024 Abrahae
1015 4974 1072 5022 et
1092 4964 1421 5036 patriarchis
1461 4972 1544 5019 est
1578 4961 1814 5033 promis-

208 5085 334 5134 sus,
360 5083 396 5122 a
444 5064 630 5138 Moyse
668 5072 724 5120 et
764 5061 1050 5133 prophetis
1074 5058 1450 5130 praescriptus,
1494 5057 1597 5112 sub
1638 5056 1813 5127 gratia

209 5176 240 5212 a
262 5158 491 5213 Joanne
513 5167 567 5212 et
589 5155 849 5225 apostolis
876 5161 1155 5219 ostensus,
1198 5150 1377 5205 adhuc
1416 5156 1680 5203 venturus
1701 5161 1816 5202 om-

210 5251 390 5304 nibus
421 5247 766 5303 manifestus.
799 5244 926 5299 Ideo
948 5259 1098 5299 nunc
1119 5241 1305 5297 Gloria
1328 5242 1385 5294 in
1406 5228 1627 5294 excelsis
1650 5239 1815 5293 inter-

209 5341 522 5405 mittimus,
547 5337 693 5408 quod
721 5337 777 5389 in
802 5333 1099 5389 Nativitate
1134 5331 1256 5401 ejus
1277 5330 1643 5393 cantabimus,
1681 5328 1813 5399 quia

210 5432 339 5502 ipse
371 5445 611 5485 nascens
641 5426 900 5499 gaudium
943 5425 1149 5481 mundo
1191 5423 1390 5490 attulit,
1421 5422 1516 5492 qui
1541 5422 1695 5491 prius
1718 5420 1815 5474 tri-

204 5524 435 5580 stitiam
486 5521 700 5576 habuit.
752 5518 928 5589 Hujus
980 5518 1269 5572 adventum
1314 5514 1502 5571 Enoch
1559 5523 1614 5569 et
1666 5512 1814 5569 Elias

203 5612 626 5687 prmvenientes
686 5626 813 5666 eum
878 5610 1086 5665 mundo
1136 5610 1430 5665 aﬂ‘uturum
1482 5605 1815 5676 praenuntiae

128 5750 133 5751 κ
204 5705 376 5769 bunt,
420 5705 570 5761 sicut
621 5703 752 5758 olim
795 5702 946 5757 illum
992 5701 1269 5772 prophetae
1300 5699 1636 5755 nasciturum
1672 5711 1813 5768 prae--

200 5796 508 5852 dixerunt.
564 5793 670 5851 Per
718 5806 954 5864 quorum
1015 5791 1455 5863 praedicationem
1510 5788 1682 5847 Judaei
1744 5788 1813 5845 ad

1914 3318 2039 3359 nem
2059 3304 2383 3373 sortiuntur,
2406 3307 2535 3361 dum
2551 3307 2686 3378 justi
2705 3309 2758 3363 in
2784 3309 3003 3381 gaudia,
3034 3309 3185 3380 impii
3210 3312 3263 3366 in
3289 3313 3500 3383 suppli-

1914 3398 1997 3453 cia
2022 3398 2409 3454 decernuntur.
2464 3397 2590 3454 Ideo
2623 3400 2740 3457 dies
2763 3401 2854 3457 illa
2887 3403 3005 3458 dies
3048 3402 3241 3472 judicii
3277 3405 3498 3471 dicitur,

1913 3488 2039 3557 quia
2070 3494 2202 3543 tunc
2224 3488 2412 3559 justus
2430 3487 2605 3545 Judex
2628 3489 2829 3561 injuste
2847 3492 3125 3562 judicatus
3148 3495 3332 3549 omnia
3350 3494 3502 3564 juste

1908 3580 2199 3650 judicabit,
2227 3582 2319 3652 qui
2349 3582 2536 3638 orbem
2572 3592 2842 3639 terrarum
2879 3586 2932 3639 in
2960 3586 3173 3655 justitia
3193 3595 3247 3641 et
3267 3589 3502 3658 populos

1913 3672 1968 3725 in
2001 3674 2254 3742 aequitate
2272 3674 2540 3743 judicabit
2588 3673 2763 3746 (Psal.
2795 3682 2895 3745 ix).
2946 3696 2964 3728 ι
2995 3675 3122 3734 Haec
3155 3679 3335 3734 etiam
3380 3680 3502 3736 dies

1911 3764 2128 3820 Domini
2155 3775 2399 3833 vocatur,
2444 3768 2573 3837 quia
2618 3768 2709 3823 illa
2751 3769 2840 3824 die
2876 3770 3176 3841 unicuique
3204 3787 3304 3842 pro
3338 3788 3503 3845 opere

1910 3872 2013 3912 suo
2034 3857 2181 3926 justa
2210 3873 2419 3914 merces
2453 3874 2484 3913 a
2514 3858 2747 3916 Domino
2775 3863 3302 3932 recompensabitur.
3346 3864 3504 3921 Tunc

1908 3949 2159 4004 diabolus
2203 3963 2390 4004 coram
2448 3949 2764 4005 hominibus
2817 3950 3032 4006 vinctus
3077 3953 3396 4021 adducetur,
3446 3966 3503 4012 et

1908 4041 2219 4097 videntibus
2267 4039 2480 4096 cunctis
2522 4039 2577 4093 in
2622 4048 2876 4111 stagnum
2926 4040 3066 4111 ignis
3119 4049 3173 4096 et
3217 4044 3501 4113 sulphuris

1907 4133 2365 4206 praecipitabitur,
2419 4147 2726 4203 corpusque
2785 4133 2906 4203 ejus
2959 4131 3169 4187 scilicet
3224 4135 3498 4192 malorum

1908 4226 2241 4282 universitas
2269 4240 2395 4281 cum
2424 4239 2490 4278 eo
2533 4224 2800 4291 mittetur,
2851 4233 3105 4294 terraque
3149 4233 3500 4282 convertetur

1908 4315 1988 4371 eis
2017 4316 2073 4370 in
2101 4316 2278 4385 picem
2307 4323 2361 4369 et
2387 4314 2618 4383 sulphur
2646 4314 2926 4369 ardentem
2959 4315 3014 4368 in
3045 4313 3244 4371 saecula
3268 4316 3479 4374 saecqu

1909 4422 2052 4461 rum.
2088 4404 2243 4461 Tunc
2276 4404 2540 4473 Ecclesia,
2571 4404 2777 4461 Christi
2816 4419 3018 4475 sponsa
3051 4405 3146 4461 diu
3177 4405 3268 4461 hic
3304 4405 3360 4461 in
3404 4422 3502 4478 pe-

1909 4482 2280 4568 regrinatione
2326 4512 2358 4551 a
2394 4495 2708 4568 Babyloniis
2746 4511 3008 4567 oppressa
3045 4495 3113 4551 de
3151 4497 3346 4554 exsilio
3393 4497 3502 4556 Ba~

1912 4586 2131 4657 bylonio
2163 4602 2195 4641 a
2230 4600 2433 4656 sponso
2468 4599 2572 4641 suo
2594 4584 2878 4653 educetur,
2908 4592 3115 4639 etcum
3144 4599 3346 4656 magno
3394 4600 3498 4642 an-

1912 4679 2157 4751 gelorum
2222 4679 2462 4750 tripudio
2516 4679 2575 4733 in
2618 4677 2892 4735 civitatem
2958 4675 3140 4733 Patris
3219 4678 3498 4737 cmlestem

1911 4768 2251 4827 Hierusalem
2278 4771 2671 4829 introducetur.
2713 4769 2869 4825 Tunc
2896 4769 3032 4841 justi
3063 4771 3207 4827 sicut
3258 4772 3338 4826 sol
3387 4771 3499 4828 fui-

1912 4864 2135 4936 gebunt,
2166 4875 2220 4919 et
2247 4865 2485 4934 aequales
2515 4865 2729 4937 angelis
2750 4872 2933 4930 erunt,
2966 4872 3021 4919 et
3055 4864 3332 4921 innovatis
3377 4883 3489 4922 om-

1912 4957 2075 5012 nibus
2100 4957 2202 5011 erit
2227 4955 2371 5013 Deus
2398 4957 2583 5012 omnia
2605 4958 2661 5011 in
2695 4956 2953 5012 omnibus
2983 4956 3039 5029 (I
3064 4956 3188 5014 Cor.
3218 4962 3332 5029 xv).
3366 4978 3385 5011 ι

1984 5046 2191 5118 Itaque,
2211 5047 2541 5117 charissimi,
2567 5048 2698 5103 hora
2724 5055 2808 5103 est
2826 5048 2940 5119 jam
2964 5063 3067 5106 nos
3092 5049 3160 5105 de
3182 5065 3378 5105 somno
3400 5051 3499 5107 den

1914 5141 2067 5198 sidia:
2088 5152 2332 5210 surgere,
2362 5146 2425 5194 ut
2447 5138 2505 5192 in
2534 5140 2696 5195 bonis
2726 5139 2987 5210 operibus
3006 5141 3296 5214 pervigiles
3321 5143 3501 5214 possi-

1913 5250 2040 5290 mus
2075 5231 2355 5287 Christum
2389 5231 2693 5287 venientem
2744 5232 2849 5288 laeti
2904 5236 3177 5306 excipere,
3229 5246 3499 5308 quatenus

1914 5328 2031 5398 ipse
2051 5325 2357 5382 conformet
2375 5340 2576 5396 corpus
2604 5326 2930 5384 humilitatis
2954 5341 3156 5385 nostra
3185 5328 3497 5398 configura-

1913 5428 2031 5475 tum
2057 5419 2274 5489 corpori
2304 5419 2569 5476 claritatis
2615 5435 2729 5476 suae
2760 5419 3021 5491 (Philipp.
3074 5419 3177 5479 ut).
3234 5417 3497 5488 Superius

1913 5521 2001 5570 est
2025 5510 2279 5576 dulcedo,
2310 5509 2539 5565 inferius
2565 5510 2895 5577 amaritudo,
2924 5511 2977 5563 in
3021 5511 3123 5563 hoc
3152 5509 3360 5562 mundo
3400 5510 3496 5578 qui

1914 5603 2167 5662 consistit
2190 5603 2245 5657 in
2278 5602 2459 5657 medio
2478 5601 2766 5669 utriusque
2793 5599 3101 5653 umbratilis
3136 5597 3338 5668 imago.
3370 5596 3525 5653 Dulce

1915 5699 2051 5755 cedo
2076 5712 2208 5766 ergo
2232 5694 2356 5752 οωιί
2386 5709 2488 5751 nos
2504 5696 2737 5749 sursum
2764 5691 2961 5758 trahat,
2988 5689 3300 5745 amaritudo
3329 5688 3498 5745 infer-

1915 5789 1974 5846 ni
2003 5787 2265 5859 impellat,
2316 5794 2383 5843 ut
2425 5784 2598 5855 hujus.
2630 5781 2824 5840 mediae
2854 5781 2979 5845 vitm
3013 5781 3537 5851 perhorretvcamcsv-
