3976 6356
471 287 618 349 ’ὶὲἓῦ

1623 281 1953 340 WERNERI
1991 279 2286 336 ABBATIS
2327 279 2384 336 S.
2425 279 2650 336 BLASII

3643 283 3773 341 1221

472 406 774 470 miseriam,
805 413 860 459 et
901 406 1070 460 beata:
1095 407 1219 463 vita
1262 404 1408 474 pleni
1457 402 1641 475 gaudii
1695 399 2059 471 pereipiamus
2088 406 2135 462 Α
2162 395 2369 451 dictum
2399 405 2504 463 est,
2532 395 2680 466 quod
2705 395 2882 451 oratio
2916 407 3147 468 quam,
3175 399 3583 469 contemplatio
3622 401 3778 456 inve-

474 496 727 568 gloriam.
751 494 892 549 Olim
919 496 1156 551 mundus
1183 494 1356 565 gloria
1383 505 1436 549 et
1462 494 1656 563 opibus
1683 492 1886 556 ﬂoruit,
1912 490 2062 544 urbi-

472 589 576 644 bus
603 599 657 642 et
686 589 894 642 viribus
944 590 1137 658 viguit,
1171 598 1225 643 et
1262 598 1443 642 tamen
1470 586 1607 657 justi
1654 594 1906 639 ornatum
1939 584 2060 651 ejus

473 691 798 750 spreverunt
831 697 940 749 quo
964 681 1181 736 abunde
1217 681 1482 735 nitescere
1531 686 1846 748 potuerunt.
1903 675 2062 730 Nunc

473 771 661 824 mundi
687 771 855 840 gloria
882 773 1061 836 aruit;
1091 788 1236 826 nunc
1259 781 1442 826 autem
1466 771 1649 825 omnis
1673 769 1855 825 saeculi
1885 769 2062 822 honor

469 862 733 926 extabuit,
760 871 812 915 et
838 877 937 916 nos
963 863 1150 916 miseri
1180 862 1366 916 florem
1390 862 1510 931 ejus
1532 861 1745 914 aridum
1763 868 1876 914 toto
1897 860 2062 914 corde

470 954 876 1032 amplectimur,
917 969 1018 1008 nos
1047 953 1342 1024 fugientem
1373 963 1428 1008 et
1452 953 1784 1007 arridentem
1815 961 1930 1006 toto
1960 951 2059 1005 de-

471 1045 674 1100 siderio
705 1047 1010 1114 sequimur.
1044 1045 1110 1100 Et
1134 1047 1265 1116 quia
1291 1047 1404 1114 jam
1436 1046 1707 1100 eharitate
1736 1043 2061 1114 frigescente

471 1137 674 1190 nullius
701 1138 898 1202 oratio,
927 1139 1131 1192 nullius
1155 1139 1409 1191 meritum
1453 1153 1579 1192 eum
1609 1135 1786 1202 fulcit,
1807 1137 1924 1206 jam
1974 1151 2062 1191 sc-

470 1229 563 1281 nio
602 1227 886 1282 confectus
913 1229 1200 1297 iniquitate
1234 1227 1403 1281 nimia
1440 1227 1710 1297 impulsus
1730 1227 2062 1296 quantocius

469 1322 698 1386 corruit,
735 1335 1036 1388 omnesque
1076 1320 1179 1374 sibi
1208 1331 1389 1375 mente
1418 1321 1750 1375 inhaerentes
1777 1319 2058 1388 opprimit.

468 1410 648 1476 Nunc,
673 1411 1007 1476 charissimi,
1037 1410 1203 1465 corda
1233 1427 1358 1466 cum
1401 1412 1655 1466 manibus
1684 1410 1752 1466 ad
1789 1410 1959 1464 Deum
1984 1411 2062 1466 le-

468 1518 682 1568 vemus,
721 1501 915 1558 facient
945 1501 1066 1570 ejus
1113 1501 1170 1555 in
1207 1501 1555 1558 confessione
1586 1517 2056 1572 praeoccupemus,

469 1605 532 1651 ut
558 1596 611 1649 in
647 1597 1121 1666 appropinquante
1143 1595 1286 1651 festo
1313 1612 1416 1650 nos
1443 1596 1498 1649 in
1541 1596 1770 1650 salutari
1800 1610 1902 1650 suo
1929 1596 2061 1650 visi-

466 1698 563 1751 tet,
595 1697 648 1743 ct
676 1689 728 1741 in
753 1689 988 1741 adventu
1011 1703 1113 1742 suo
1135 1687 1240 1741 sibi
1263 1694 1616 1742 occursantes
1640 1687 1696 1741 in
1726 1687 1933 1742 ctelesti
1964 1702 2062 1756 pa-

467 1781 600 1836 latio
631 1781 880 1836 collocet.

469 1893 547 1948 De
567 1894 796 1964 quinque
817 1893 1214 1946 exercitationis
1237 1892 1490 1962 gradibus
1515 1892 1856 1962 quibusjusti
1879 1894 1934 1946 in
1956 1893 2056 1946 hac

671 1967 780 2016 vita
811 1973 1138 2029 exercentur,
1169 1974 1217 2016 et
1261 1964 1322 2016 de
1351 1964 1578 2033 quinque
1605 1965 1854 2016 statibus.

537 2054 782 2120 Quatuor
810 2064 938 2109 sunt
961 2056 1015 2108 in
1046 2055 1247 2124 quibus
1276 2069 1422 2109 nunc
1443 2063 1728 2109 exercetur
1751 2056 1856 2110 vita
1879 2056 2058 2126 justo-

465 2164 612 2214 rum,
642 2159 696 2203 et
719 2151 876 2219 quasi
902 2165 998 2218 per
1026 2149 1293 2219 quosdam
1327 2152 1531 2220 gradus
1568 2149 1636 2203 ad
1665 2149 1906 2204 futuram
1931 2167 2057 2221 per-

465 2241 754 2296 fectionem
808 2243 1147 2307 sublevatur,
1197 2241 1448 2296 videlicet
1499 2241 1694 2308 lectio,
1749 2243 2053 2310 meditatio,

465 2333 642 2386 oratio
664 2341 717 2386 et
743 2333 1007 2401 operatio.
1039 2331 1240 2399 Quinta
1284 2332 1480 2386 deinde
1527 2333 1774 2402 sequitur
1811 2343 2056 2388 contem-

465 2424 655 2493 platio,
698 2423 753 2476 in
781 2439 889 2492 qua
942 2424 1100 2492 quasi
1133 2422 1373 2493 quodam
1404 2422 1826 2492 praecedentium
1872 2422 2055 2478 fructu

465 2515 520 2568 in
551 2515 651 2568 hac
675 2514 804 2578 vita,
831 2514 995 2568 etiam
1023 2530 1146 2582 quae
1169 2517 1241 2569 sit
1267 2513 1397 2568 boni
1424 2513 1607 2583 operis
1634 2530 1841 2569 merces
1869 2513 2053 2571 futura

463 2615 852 2676 pralgustatur.
892 2604 1047 2660 Unde
1083 2605 1375 2661 Psalmista
1410 2623 1534 2660 cum
1568 2607 1636 2659 de
1687 2605 1910 2675 judiciis
1957 2607 2054 2664 Dei

464 2698 802 2767 loqueretur,
829 2699 1219 2753 commendans
1277 2713 1363 2763 ea,
1411 2699 1594 2753 statim
1636 2698 1956 2768 subjunxit:
1995 2699 2052 2754 In

463 2791 840 2846 custodiendis
863 2791 972 2845 illis
1001 2790 1289 2844 retributio
1321 2791 1492 2844 multa
1533 2789 1708 2859 (Psal.
1754 2789 1932 2860 xvm).
1979 2789 2054 2846 De

464 2885 552 2940 his
574 2885 818 2954 quinque
843 2884 1108 2955 gradibus
1134 2903 1148 2938 :
1177 2883 1390 2954 primus
1416 2885 1640 2954 gradus,
1666 2885 1719 2940 id
1750 2895 1835 2940 est
1867 2885 2050 2952 lectio,

461 2991 587 3047 quae
607 2986 692 3032 est
725 2976 1140 3046 incipientium;
1173 2991 1484 3046 supremus,
1517 2977 1571 3031 id
1615 2986 1700 3032 est
1719 2977 2054 3047 contempla-

463 3071 564 3136 tio,
616 3085 740 3140 qua:
767 3077 850 3124 est
893 3069 1284 3138 perfectorem.
1344 3067 1410 3122 Et
1456 3069 1523 3123 de
1567 3069 1760 3124 mediis
1805 3069 2049 3139 quidem,
2078 3097 2119 3153 ρ

462 3168 674 3230 quanto
698 3161 881 3229 plures
905 3159 1033 3229 quis
1065 3160 1390 3225 ascenderit,
1421 3167 1572 3214 tanto
1605 3159 1899 3228 perfectior
1923 3159 2047 3214 erit.

462 3250 627 3307 Verbi
659 3253 874 3321 gratia:
912 3252 1087 3321 prima
1133 3252 1294 3306 lectio
1321 3252 1732 3322 intelligentiam
1777 3252 1871 3306 dat
1904 3270 1918 3306 :
1965 3266 2052 3306 sc-

463 3345 642 3400 eunda
683 3344 966 3399 meditatio
1009 3345 1303 3399 consilium
1353 3352 1599 3414 praestat.
1635 3343 1817 3398 Tertia
1872 3343 2050 3398 oratio

459 3434 616 3505 petit.
645 3434 852 3500 Quarta
893 3435 1139 3505 operatio
1191 3435 1405 3505 quaerit.
1433 3433 1632 3500 Quinta
1663 3433 2051 3503 contemplatio

462 3525 687 3580 invenit.
724 3524 782 3579 Si
804 3541 934 3595 ergo
977 3526 1134 3596 legis,
1164 3534 1221 3580 et
1269 3525 1687 3596 intelligentiam
1748 3525 1937 3592 habes,
1997 3535 2052 3581 et

462 3620 603 3673 nosti
629 3618 743 3687 jam
775 3618 909 3687 quid
937 3616 1246 3672 faciendum
1276 3617 1368 3682 sit,
1403 3616 1620 3672 initium
1648 3616 1779 3672 boni
1802 3627 1920 3685 est;
1954 3617 2049 3674 sed

461 3710 645 3765 adhuc
673 3709 770 3762 tibi
796 3724 906 3763 non
933 3707 1148 3772 sulIicit,
1178 3709 1423 3764 nondum
1454 3707 1728 3780 perfectus
1757 3725 1838 3766 es.
1873 3709 2047 3766 Scan-

461 3801 529 3856 de
578 3801 761 3869 itaque
814 3798 869 3853 in
913 3814 1096 3854 arcem
1137 3800 1376 3868 consilii,
1420 3808 1477 3855 et
1521 3801 1786 3856 meditare
1815 3802 2050 3872 qualiter

461 3892 688 3962 implere
721 3892 902 3946 valeas
931 3891 1061 3961 quid
1111 3889 1426 3946 faciendum
1454 3905 1578 3947 esse
1600 3891 1864 3947 didicisti.
1897 3891 2050 3948 Multi

458 3983 605 4036 enim
629 3982 830 4036 habent
855 3981 1164 4047 scientiam,
1194 3980 1286 4035 sed
1313 3980 1474 4052 pauci
1503 3989 1633 4036 sunt
1653 3982 1750 4052 qui
1781 3992 2051 4038 noverunt

459 4073 693 4142 qualiter
719 4073 861 4128 scire
892 4081 1159 4142 oporteat.
1213 4071 1428 4128 Rursus
1463 4073 1722 4143 quoniam
1751 4075 2048 4130 consilium

461 4165 700 4219 hominis
726 4164 846 4219 sine
873 4165 1060 4220 divino
1079 4165 1285 4219 auxilio
1307 4165 1587 4221 inﬁrmum
1620 4176 1779 4221 estet
1804 4167 2050 4223 inefﬁcax

458 4256 528 4310 ad
563 4254 869 4309 orationem
899 4254 1130 4324 erigere,
1161 4263 1216 4310 et
1237 4255 1360 4325 ejus
1385 4255 1718 4326 adjutorium
1760 4267 1900 4326 pete,
1931 4259 2050 4313 sine

459 4361 572 4417 quo
598 4345 988 4416 nullum‘potes
1030 4342 1212 4400 facere
1241 4346 1472 4412 bonum,
1501 4356 1564 4400 ut
1599 4347 1852 4402 videlicet
1877 4349 2049 4418 ipsius

2090 1758 2132 1812 B

2164 487 2264 543 nit.
2297 487 2461 544 Vides
2483 488 2649 559 igitur
2670 489 2946 558 quomodo
2975 505 3071 560 per
3101 491 3204 546 bos
3227 493 3434 562 gradus
3462 496 3780 549 ascenden-

2164 581 2311 636 tibus
2365 581 2628 651 perfectio
2675 583 2954 651 occurrit,
3006 591 3068 637 ut
3094 584 3189 653 qui
3221 583 3366 640 infra
3409 592 3776 652 remanserit,

2163 671 2442 740 perfectus
2467 688 2589 727 esse
2620 689 2730 727 non
2757 675 2951 743 possit.
3014 673 3366 746 Propositum
3417 695 3556 747 ergo
3617 685 3778 736 nobis

2162 765 2322 818 debet
2356 781 2478 820 esse
2501 780 2718 835 semper
2739 767 3055 834 ascendere,
3081 769 3176 823 sed
3207 771 3474 838 quoniam
3502 780 3663 826 tanta
3693 786 3776 828 est

2163 855 2500 910 mutabilitas
2551 856 2677 910 vitae
2730 865 2950 923 nostrae,
3008 866 3067 911 ut
3110 858 3166 912 in
3215 861 3410 914 eodem
3445 871 3604 916 stare
3654 879 3766 916 non

2163 947 2458 1016 possimus,
2485 949 2736 1017 cogimur
2765 963 2910 1019 saepe
2939 949 3008 1004 ad
3040 958 3320 1006 transacta
3353 955 3648 1023 respicere
3671 997 3688 1020 ,
3718 965 3770 1010 et

2164 1056 2233 1097 ne
2269 1043 2586 1098 amittamus
2624 1043 2757 1098 illud
2786 1044 2839 1098 in
2868 1060 2980 1115 quo
3004 1061 3218 1113 sumus,
3248 1049 3560 1118 repetimus
3589 1067 3770 1122 quan-

2163 1132 2344 1201 doque
2371 1134 2517 1203 quod
2541 1135 2920 1191 transivimus.
2952 1135 3116 1192 Verbi
3141 1139 3318 1209 gratia
3347 1159 3360 1193 :
3393 1139 3505 1207 Qui
3525 1144 3586 1196 in
3605 1158 3769 1215 opere

2163 1232 2421 1280 strenuus
2443 1234 2546 1292 est,
2579 1235 2701 1280 orat
2727 1242 2796 1282 ne
2824 1227 3061 1284 deﬁciat.
3090 1227 3196 1296 Qui
3225 1232 3504 1300 prateibus
3534 1235 3766 1304 insistit,

2162 1327 2265 1366 nec
2291 1314 2502 1367 orando
2536 1314 2794 1381 offendat,
2825 1317 3122 1371 meditatur
3159 1320 3292 1388 quid
3346 1323 3627 1376 orandum
3673 1327 3764 1392 sit,

2161 1410 2216 1456 et
2253 1403 2347 1471 qui
2377 1403 2673 1473 aliquando
2707 1405 2760 1458 in
2794 1407 3018 1476 pr0prio
3044 1409 3279 1464 consilio
3302 1410 3491 1467 minus
3513 1415 3762 1480 conﬁdit,

2161 1497 2449 1552 lectionem
2483 1499 2744 1567 consulit,
2775 1509 2829 1554 et
2857 1501 2938 1556 sic
2966 1503 3149 1558 evenit
3194 1513 3254 1558 ut
3285 1521 3412 1561 cum
3457 1513 3766 1568 ascendere

2162 1589 2321 1644 nobis
2335 1604 2551 1660 semper
2573 1591 2645 1645 sit
2663 1591 2942 1658 voluntas,
2958 1593 3292 1651 descendere
3311 1606 3482 1654 tamen
3497 1601 3768 1672 aliquan-

2162 1679 2232 1734 do
2275 1695 2375 1736 nos
2421 1689 2581 1751 cOgat
2612 1683 2946 1748 necessitas,
2985 1683 3057 1738 ita
3086 1693 3273 1741 tamen
3301 1699 3363 1742 ut
3389 1690 3444 1744 in
3473 1694 3765 1748 voluntate

2161 1784 2274 1824 non
2322 1772 2378 1825 in
2424 1773 2747 1827 necessitate
2800 1775 3140 1843 propositum
3178 1789 3431 1835 nostrum
3467 1784 3757 1838 consistat.

2160 1860 2318 1927 Quod
2366 1863 2716 1917 ascendimus
2746 1865 3090 1933 prOpositum
3123 1876 3228 1932 est,
3270 1871 3421 1938 quod
3475 1872 3761 1927 descendi-

2160 1968 2284 2007 mus
2309 1961 2528 2022 propter
2549 1954 2916 2022 propositum.
2950 1954 3106 2012 Nunc
3131 1973 3262 2028 ergo
3303 1959 3432 2025 hoc,
3489 1963 3590 2016 sed
3635 1964 3759 2018 illud

2159 2045 2459 2114 principale
2497 2059 2620 2100 esse
2667 2045 2848 2100 debet.
2881 2045 3025 2112 Quot
3063 2057 3244 2104 autem
3276 2061 3458 2108 status
3509 2053 3762 2110 humanae

2158 2138 2540 2192 mutabilitatis
2582 2139 2712 2204 sint,
2745 2138 2833 2193 hic
2861 2140 3157 2194 videndum
3208 2143 3335 2197 erit.
3387 2143 3573 2198 liabet
3618 2149 3759 2201 enim

2157 2229 2400 2298 quinque
2455 2238 2634 2283 status
2665 2231 2774 2284 vita
2819 2231 3084 2299 humana,
3108 2249 3205 2302 per
3236 2250 3404 2304 quos,
3446 2237 3588 2306 quia
3618 2255 3757 2291 nun-

2157 2336 2323 2390 quam
2351 2321 2405 2374 in
2436 2321 2627 2376 eodem
2655 2331 2799 2377 statu
2829 2323 2921 2377 diu
2953 2340 3276 2394 permanere
3299 2337 3510 2396 potest,
3531 2331 3656 2384 sine
3679 2333 3758 2383 in-

2158 2412 2506 2466 termissione
2533 2422 2801 2480 mutatur,
2837 2415 2951 2471 sive
2979 2416 3037 2470 in
3063 2417 3264 2472 melius
3287 2421 3623 2488 proﬁciens,
3649 2423 3760 2477 sive

2156 2503 2416 2560 deﬁciens
2455 2516 2620 2576 atque
2659 2507 2985 2564 dcerescens
3017 2509 3073 2562 in
3101 2511 3280 2580 pejus.
3315 2511 3426 2578 Qui
3456 2524 3597 2570 sunt
3631 2533 3760 2586 gau-

2156 2596 2307 2651 dium
2338 2599 2618 2665 vanitatis,
2646 2599 2804 2655 dolor
2831 2600 3208 2670 confusionis,
3245 2607 3518 2674 gaudium
3565 2624 3758 2664 conso-

2158 2689 2400 2758 lationis,
2449 2691 2608 2745 dolor
2662 2693 3097 2760 exercitationis,
3147 2697 3414 2765 gaudium
3455 2697 3754 2756 felicitatis.

2156 2780 2428 2837 Gaudium
2453 2784 2710 2840 vanitatis
2755 2794 2839 2840 est
2875 2801 2975 2856 pro
3017 2787 3188 2842 lucris
3227 2791 3636 2860 temporalibus
3669 2793 3757 2847 lze-

2157 2876 2278 2931 tari.
2304 2875 2472 2930 Dolor
2499 2875 2843 2933 confusionis
2873 2887 2958 2934 est
2981 2894 3082 2948 pro
3110 2880 3332 2936 damnis
3358 2887 3756 2955 temporalibus

2155 2969 2490 3024 contristari.
2516 2969 2789 3026 Gaudium
2817 2972 3215 3030 consolationis
3244 2983 3332 3030 est
3363 2976 3437 3031 ab
3467 2979 3756 3050 impugna-

2156 3061 2304 3116 tione
2349 3061 2609 3116 vitiorum
2659 3063 2963 3132 quiescere.
3011 3063 3178 3120 Dolor
3227 3068 3641 3124 exercitationis
3667 3078 3758 3124 est

2154 3153 2431 3208 molestias
2465 3155 2826 3210 tentationum
2852 3157 3144 3213 sustinere.
3169 3159 3450 3216 Gaudium
3481 3160 3757 3217 felicitatis

2152 3251 2238 3300 est
2267 3244 2497 3300 interna:
2521 3245 2827 3302 dulcedinis
2850 3247 3252 3316 jucunditatem
3287 3252 3610 3322 degustare.

2225 3334 2330 3391 Per
2359 3337 2618 3408 gaudium
2677 3339 2935 3394 vanitatis
2988 3341 3113 3410 plus
3146 3342 3442 3414 elongatur
3493 3345 3682 3400 anima
3723 3362 3754 3400 a

2156 3425 2288 3493 Deo,
2327 3429 2456 3498 quia
2481 3437 2633 3484 tanto
2661 3429 2879 3500 longius
2909 3431 2977 3486 ab
3019 3447 3085 3486 eo
3109 3434 3204 3503 qui
3235 3434 3388 3491 intus
3416 3445 3503 3492 est
3527 3438 3754 3500 recedit,

2153 3527 2360 3588 quanto
2381 3520 2594 3576 avidius
2618 3536 2676 3576 se
2698 3522 2765 3576 ad
2778 3522 3166 3579 delectationes
3177 3526 3485 3583 exteriores
3502 3529 3750 3584 eﬁ'undit.

2157 3612 2322 3665 Dolor
2376 3611 2722 3666 confusionis
2789 3614 2987 3668 malam
3055 3616 3279 3686 quidem
3325 3619 3752 3676 delectationem

2153 3703 2310 3773 quasi
2342 3702 2478 3758 foris
2506 3703 2777 3773 praecidit,
2802 3713 2857 3759 et
2887 3707 3130 3761 animam
3183 3709 3333 3766 intus
3375 3713 3566 3768 redire
3623 3730 3757 3770 con-

2153 3794 2341 3864 pellit:
2378 3803 2708 3864 quaetameu
2743 3811 2809 3850 eo
2861 3799 2980 3868 ipso
3031 3801 3176 3869 quod
3240 3817 3350 3858 non
3405 3817 3630 3874 sponte,
3661 3809 3756 3862 sed

2153 3886 2558 3956 quodammodo
2635 3897 2826 3942 coacta
2880 3891 2948 3944 ad
3011 3893 3362 3962 scmetipsam
3417 3899 3751 3964 retruditar,

2153 3991 2256 4032 nec
2283 3977 2523 4048 perfecte
2553 3977 2808 4034 intimum
2848 3980 3084 4047 deserit,
3115 4000 3294 4056 neque
3322 3987 3393 4042 ad
3414 3988 3644 4046 virtutis
3669 3992 3756 4046 in-

2156 4069 2464 4138 tegritatem
2505 4073 2774 4127 veraciter
2809 4084 3118 4143 reparatur.
3147 4076 3426 4134 Gaudium
3456 4096 3597 4136 vero
3617 4098 3756 4138 con-

2153 4160 2443 4217 solationis
2491 4161 2606 4232 jam
2655 4163 3062 4233 quodammodo
3118 4178 3356 4224 mentem
3411 4172 3753 4231 intrinsecus

2154 4254 2320 4319 lovet,
2347 4262 2510 4323 atque
2535 4258 2836 4326 componit,
2879 4259 3182 4330 suadetque
3209 4272 3269 4316 ut
3297 4279 3486 4320 secum
3531 4282 3750 4336 perma-

2153 4358 2283 4398 nere
2298 4345 2481 4416 eligat,
2510 4363 2688 4417 neque
2703 4358 2855 4403 extra
2877 4349 3128 4421 dignetur
3147 4368 3398 4425 quaerere
3423 4360 3577 4428 quod
3599 4360 3747 4414 intus

459 4437 633 4509 gratia
661 4451 784 4506 quas
803 4435 1187 4505 praeveniendo
1214 4445 1268 4490 te
1298 4436 1628 4491 illuminavit
1659 4430 2044 4508 subsequendo
2076 4447 2120 4502 Ι)
2149 4437 2397 4492 veracius
2417 4448 2580 4509 atque
2599 4444 2846 4499 securius
2867 4445 3356 4516 possitpossidere.
3383 4447 3565 4506 Porro
3591 4453 3746 4508 dolor

457 4529 624 4584 etiam
658 4527 824 4597 pedes
859 4533 985 4581 tuos
1009 4525 1209 4596 dirigat
1243 4525 1299 4580 in
1331 4527 1476 4581 viam
1503 4528 1673 4597 pacis,
1701 4538 1756 4583 et
1796 4530 1942 4598 quod
1989 4531 2046 4585 in

459 4619 576 4673 sola
599 4618 878 4672 voluntate
919 4617 1101 4672 adhuc
1123 4626 1227 4683 est,
1257 4617 1325 4671 ad
1364 4617 1618 4673 eﬁ'ectum
1659 4620 1924 4689 perducat
1955 4622 2048 4676 bo-

459 4725 547 4765 nae
573 4710 930 4780 operationis.

531 4801 734 4857 Deinde
769 4812 941 4859 restat
967 4802 1064 4858 tibi
1112 4811 1172 4858 ut
1215 4802 1282 4857 ad
1314 4803 1518 4858 bonum
1550 4818 1690 4874 opus
1719 4804 2044 4876 accingar-is,

459 4894 688 4962 utquod
718 4897 928 4952 orando
957 4897 1120 4967 petis,
1154 4897 1433 4966 operando
1462 4896 1710 4967 accipere
1758 4899 2043 4954 merearis.

461 4987 707 5041 Tertium
735 4979 949 5055 operari
977 4991 1092 5043 vult
1121 4989 1412 5056 Deus,non
1442 4991 1676 5060 cogeris,
1691 4991 1786 5044 sed
1809 4990 2044 5060 juvaris.

461 5079 522 5134 Si
553 5078 725 5146 solus,
756 5087 815 5133 tu
869 5079 944 5132 nil
988 5080 1242 5148 perﬁcis;
1285 5083 1330 5136 si
1371 5083 1522 5137 solus
1574 5080 1720 5137 Deus
1768 5092 2046 5152 Operatur,

460 5171 538 5225 nil
573 5170 826 5226 mereris.
849 5168 1114 5239 Operetur
1143 5187 1272 5240 ergo
1309 5172 1454 5228 Deus
1475 5182 1537 5228 ut
1560 5174 1776 5242 possis;
1807 5175 2051 5243 opereris

459 5272 517 5318 et
553 5270 644 5328 tu,
678 5271 738 5317 ut
769 5261 974 5332 aliquid
1012 5264 1296 5318 merearis.
1347 5263 1446 5320 Via
1496 5275 1582 5321 est
1603 5267 1848 5335 operatio
1907 5268 2049 5322 bona

459 5370 568 5426 qua
594 5356 700 5409 itur
728 5355 795 5408 ad
823 5356 1010 5409 vitam.
1040 5352 1142 5421 Qui
1169 5353 1314 5409 viam
1339 5356 1482 5411 hanc
1497 5358 1689 5424 currit,
1709 5359 1874 5414 vitam
1900 5376 2051 5430 quae-

460 5446 554 5500 rit.
593 5445 942 5510 Confortare,
983 5456 1037 5502 et
1059 5446 1288 5502 viriliter
1309 5463 1430 5518 age.
1455 5447 1631 5503 liabet
1657 5451 1773 5506 haec
1799 5453 1882 5506 via
1912 5467 2052 5522 pra:-

460 5537 632 5590 mium
667 5553 828 5591 suum
858 5539 1076 5608 quoties
1105 5538 1226 5609 ejus
1257 5538 1542 5594 laboribus
1565 5538 1797 5613 fatigati,
1825 5545 2050 5616 superni

459 5639 743 5699 respectus
774 5631 948 5700 gratia
988 5632 1358 5699 illustramur,
1391 5641 1674 5705 gestantes
1719 5645 1774 5690 et
1804 5638 2050 5692 videntes

460 5723 720 5790 quoniam
749 5722 934 5778 suavis
952 5731 1035 5778 cst
1059 5722 1344 5781 Dominus.
1378 5725 1579 5796 Sicque
1607 5728 1666 5781 ﬁt
1708 5728 1855 5796 quod
1883 5743 2047 5798 supra

2149 4531 2560 4586 exercitationis
2602 4534 2678 4588 ita
2705 4550 2923 4590 omnem
2955 4537 3248 4594 exterioris
3281 4539 3604 4598 dilectionis
3633 4560 3750 4599 me-

2150 4621 2382 4676 moriam
2407 4623 2476 4677 ab
2505 4625 2690 4680 animo
2719 4627 2963 4696 seclusit,
3004 4637 3084 4696 ut,
3112 4630 3246 4684 dum
3277 4647 3380 4686 suo
3411 4633 3746 4690 intrinsecus

2149 4711 2327 4766 dolori
2350 4713 2631 4769 intendere
2653 4718 2871 4788 cogitur
2909 4720 3042 4788 quid
3077 4719 3214 4775 foris
3261 4722 3375 4788 sit,
3425 4725 3746 4781 deleuabile

2150 4803 2376 4859 minime
2428 4808 2770 4864 recordetur.
2820 4809 3109 4867 Postremo
3159 4815 3423 4884 gaudium
3469 4817 3747 4873 felicitatis

2150 4895 2428 4951 hominem
2477 4897 2643 4953 etiam
2689 4901 2933 4972 seipsum
2965 4904 3217 4961 oblivisci
3247 4904 3400 4974 facit,
3429 4911 3586 4978 quia,
3613 4911 3744 4966 dum

2151 5002 2306 5042 mens
2333 4997 2446 5044 tota
2475 5006 2840 5060 supernorum
2875 4997 3202 5066 gaudiorum
3233 5000 3511 5056 dulcedini
3550 5005 3740 5070 iubis:

2151 5093 2317 5148 supra
2364 5095 2423 5136 se
2454 5082 2662 5137 elevata
2715 5099 2825 5141 non
2876 5087 3054 5141 solum
3114 5087 3318 5145 infima:
3365 5093 3748 5148 delectationis

2152 5186 2260 5225 non
2291 5173 2560 5240 meminit,
2591 5175 2686 5230 sed
2732 5177 2850 5246 ipsa
2901 5180 3166 5247 quoniam
3198 5181 3302 5236 sibi
3335 5187 3748 5253 quodammodo

2153 5261 2383 5318 feliciter
2404 5264 2460 5317 in
2485 5265 2814 5322 oblivionem
2834 5271 3001 5324 venit.
3018 5269 3188 5340 Igitur
3213 5275 3474 5344 gaudium
3489 5281 3748 5332 vanitatis

2150 5357 2398 5413 animum
2429 5361 2713 5431 dispergit,
2751 5363 2909 5418 dolor
2937 5365 3285 5424 confusionis
3326 5370 3559 5441 colligit,
3615 5389 3746 5442 gau-

2151 5449 2304 5504 dium
2348 5452 2740 5508 consolationis
2789 5458 3092 5526 componit,
3146 5459 3304 5514 dolor
3331 5463 3746 5518 exercitationis

2153 5540 2302 5611 ligat,
2334 5544 2592 5613 gaudium
2621 5543 2900 5602 felicitatis
2929 5559 3109 5603 sanat.
3146 5550 3234 5604 Fit
3274 5561 3453 5607 tamen
3487 5569 3746 5609 nonnun—

2153 5649 2318 5704 quam
2348 5647 2408 5690 ut
2433 5638 2693 5707 gaudium
2723 5641 2980 5696 vanitatis
3017 5652 3264 5698 vertatur
3311 5646 3651 5714 quibusdam
3693 5650 3742 5701 iu

2118 5729 2414 5798 .gaudium
2443 5733 2844 5789 consolationis
2879 5754 2890 5790 :
2925 5746 2980 5792 et
3015 5739 3324 5793 econtrario
3352 5741 3560 5809 gaudio
3611 5757 3740 5796 cauo
