3970 6450
166 340 201 406 ,1
208 337 319 396 125

1114 332 1683 389 DEFLORATIONES
1724 331 1823 387 SS.
1864 328 2173 386 PATRCM.
2197 360 2266 369 —
2300 327 2427 382 LIB.
2466 325 2523 384 ll.

3312 312 3450 403 ιηθ

172 444 464 508 solationis
494 447 794 503 abutantur
821 447 1040 517 quidam
1088 462 1199 517 prae
1229 447 1428 517 gaudio
1488 444 1763 501 vanitatis.
1797 449 1844 504 Α
1870 444 2015 515 quod
2040 451 2198 499 :etate
2216 440 2434 506 maturi,
2461 454 2568 493 non
2603 448 2782 493 tamen
2811 436 2979 513 nimia
3021 444 3303 492 senectute
3327 443 3453 506 quas

177 540 425 595 Rursum
460 538 584 593 aliis
613 538 772 592 dolor
796 537 1137 593 confusionis
1180 538 1233 591 in
1265 538 1509 592 dolorem
1559 538 1767 590 exerci-

180 630 407 686 tationis
439 630 690 694 vertitur,
714 639 768 684 et
791 630 919 683 item
946 630 1067 684 aliis
1096 630 1254 683 dolor
1277 627 1684 685 exercitationis
1713 626 1764 679 in

168 724 425 778 ‘dolorem
456 719 801 775 confusionis
831 730 1219 775 commutatur.

253 810 350 866 His
378 812 563 879 itaque
590 812 833 880 quinque
854 813 1084 866 statibus
1108 812 1361 865 humana:
1394 808 1770 864 mutabilitatis

185 912 533 973 apponantur
554 903 799 972 qni'nq'ue
821 903 1050 959 virtutes
1079 904 1275 957 anima:
1302 896 1599 957 naturales.
1627 902 1773 967 Qua-

185 1011 307 1049 rum
332 994 509 1063 prima
538 993 811 1064 duplicem
842 994 1002 1049 habet
1032 994 1291 1048 virtutem
1322 1013 1334 1046 :
1363 1002 1417 1047 et
1448 994 1567 1047 ideo
1597 992 1773 1047 sensi-

188 1087 314 1141 bilis
337 1086 391 1140 in
415 1095 646 1156 utraque
671 1095 824 1155 parte
854 1086 1175 1155 appellatur.
1208 1084 1422 1139 Tribuit
1442 1084 1587 1139 enim
1616 1083 1775 1138 intel-

187 1178 423 1249 ligentiae
481 1187 683 1232 nostra;
737 1193 981 1245 sensum,
1039 1193 1149 1247 quo
1206 1176 1593 1249 imaginatione
1624 1175 1771 1230 varia

189 1269 557 1339 incorporalia
590 1270 911 1336 noscimus;
954 1268 1085 1324 facit
1132 1269 1294 1323 etiam
1345 1268 1656 1338 corporales
1696 1266 1777 1321 vi-

188 1377 317 1432 gere
340 1377 561 1428 sensus,
596 1362 648 1417 id
673 1369 757 1415 est
777 1362 981 1427 visum,
1009 1360 1275 1425 auditum,
1309 1360 1628 1426 odoratum,
1672 1375 1776 1429 gu-

186 1463 338 1508 stum
368 1463 423 1508 et
453 1464 658 1509 tactum
687 1473 700 1507 :
733 1469 844 1523 quo
898 1461 1043 1507 tactu
1102 1452 1237 1507 dura
1286 1460 1338 1505 et
1382 1451 1564 1505 mollia
1588 1492 1602 1515 ,
1634 1450 1777 1504 lenia

179 1546 500 1615 asperaque
548 1546 837 1600 sentimus.
907 1543 1156 1599 Secunda
1190 1543 1506 1613 imperativa
1537 1541 1773 1606 dicitur;

189 1653 314 1706 quae
334 1638 493 1707 jubet
514 1638 734 1708 organis
768 1636 1144 1706 corporalibus
1166 1644 1346 1690 motus
1368 1635 1612 1690 diversos
1637 1648 1778 1705 quos

189 1730 423 1799 implere
451 1729 772 1796 decreverit,
802 1730 904 1783 hoc
937 1736 1020 1783 est
1039 1726 1325 1782 transferri
1362 1728 1428 1781 de
1456 1727 1575 1780 loco
1601 1727 1666 1780 ad
1700 1725 1779 1779 lo—

188 1838 344 1887 cum,
379 1838 544 1878 voces
572 1825 751 1889 cdere,
779 1821 1027 1877 membra
1070 1835 1319 1875 curvare.
1362 1818 1543 1873 Tertia
1572 1817 1777 1888 princi-

189 1915 337 1982 palis
366 1924 616 1980 vocatur,
668 1930 789 1970 cum
845 1914 915 1968 ab
951 1914 1101 1967 omni
1133 1923 1256 1967 actu
1282 1910 1476 1967 remoti
1510 1911 1563 1964 in
1600 1909 1773 1964 otium

193 2006 556 2073 reponimur,
586 2014 636 2061 et
671 2006 1048 2076 corporalibus
1094 2005 1349 2061 sensibus
1400 2003 1598 2073 quietis
1645 2017 1776 2071 pro-

192 2093 426 2151 fundius
482 2097 685 2168 aliquid
738 2097 1060 2167 ﬁrmiusque
1124 2103 1443 2151 tractamus.
1494 2094 1640 2149 .llinc
1694 2100 1780 2148 cst

1870 549 2091 590 sensum
2124 533 2340 598 minuit,
2365 532 2640 587 debilitate
2660 531 2855 585 melius
2881 545 3071 599 sapere
3109 528 3449 598 iudicantur,

1870 629 2022 698 quia,
2053 626 2464 684 senescentibus
2494 624 2753 680 membris
2783 632 2833 679 et
2870 622 3247 692 corporalibus
3276 622 3453 678 sensi-

1871 721 1975 776 bus
2003 718 2249 786 mollitis,
2278 733 2377 789 pro
2406 718 2641 773 maxima
2673 715 2904 786 parte‘iu
2941 715 3231 771 consilium
3272 723 3454 770 trans-

1871 821 2003 869 eunt
2025 854 2040 879 ,
2081 813 2176 867 ubi
2204 813 2346 867 .dum
2376 826 2532 865 mens
2563 809 2799 878 amplius
2826 817 3150 878 occupatur,
3178 806 3454 861 robustior

1872 907 2072 960 virtute
2128 903 2475 959 adunationis
2520 901 2771 957 edicitur.
2823 899 3027 965 Quarta
3055 906 3140 954 est
3163 898 3366 964 vitalis,
3399 897 3456 953 id

1872 1006 1954 1052 est
1983 997 2133 1053 calor
2160 996 2356 1051 anima:
2398 994 2685 1060 naturalis,
2727 992 2820 1062 qui
2861 991 3020 1046 nobis
3047 998 3266 1062 propter
3292 1004 3457 1045 suum

1875 1088 2144 1145 fervorem
2175 1088 2571 1142 moderandum
2590 1094 2648 1140 ut
2673 1100 2839 1140 auras
2862 1074 3128 1139 atthereas
3150 1082 3457 1137 hauriendo

1875 1191 2037 1252 atque
2083 1179 2361 1234 reddendo
2390 1180 2560 1232 vitam
2614 1176 2807 1231 tribuit
2855 1183 2909 1231 et
2961 1175 3216 1231 salutem.
3255 1173 3458 1241 Quinta

1875 1282 1959 1328 est
1979 1271 2287 1335 delectatio,
2310 1270 2415 1324 hoc
2458 1277 2542 1323 est
2569 1267 2841 1337 appetitus
2871 1267 3000 1321 boni
3024 1276 3079 1321 et
3100 1265 3258 1331 mali,
3292 1279 3459 1334 quem

1877 1363 1980 1419 sub
2005 1360 2346 1431 jucunditate
2375 1358 2592 1413 animus
2615 1357 2972 1427 concupiscit.
3011 1354 3112 1411 Hic
3139 1371 3269 1409 vero
3290 1370 3460 1424 appe-

1878 1454 2012 1507 titus
2037 1452 2089 1504 in
2114 1458 2352 1519 quatuor
2382 1447 2591 1519 species
2618 1447 2896 1501 dividitur.
2938 1444 3123 1500 Prima
3171 1453 3252 1499 cst
3287 1452 3460 1498 attra-

1878 1541 2042 1605 cliva,
2083 1518 2302 1608 rapiens
2354 1537 2421 1592 de
2463 1518 2709 1591 naturali
2754 1536 2902 1607 quod
2949 1535 3055 1591 sibi
3087 1534 3461 1590 necessarium

1880 1630 2079 1696 sentit;
2112 1627 2371 1694 secunda,
2397 1626 2723 1694 detentoria,
2754 1636 3035 1698 assumpta
3075 1627 3315 1681 retinens
3362 1624 3463 1680 dt.-

1882 1739 1982 1778 nec
2034 1738 2100 1777 ex
2134 1720 2219 1775 his
2273 1720 2421 1775 utilis
2476 1719 2723 1775 decoctio
2772 1726 3137 1789 procuretur;
3180 1716 3339 1771 tertia
3378 1724 3464 1771 est

1809 1794 1852 1849 Β
1882 1814 2220 1880 translativa,
2264 1829 2387 1884 qua:
2417 1823 2638 1882 accepta
2692 1813 2745 1866 in
2798 1812 2944 1866 aliud
2983 1810 3252 1867 convertit
3296 1816 3464 1879 atque

1885 1905 2227 1975 transponit;
2253 1912 2447 1975 quarta
2476 1912 2560 1958 est
2582 1902 2873 1972 expletiva,
2908 1916 3031 1972 qua:
3059 1891 3119 1956 ut
3142 1909 3337 1955 natura
3368 1898 3464 1954 fiat

1886 1998 2056 2054 libera
2084 1997 2185 2053 sibi
2217 1997 2464 2051 nocitura
2489 1995 2726 2065 depellit.

965 2377 1090 2466 IN
1167 2370 1985 2466 DEDICATIONE
2057 2374 2327 2467 ECCL
2350 2374 2691 2467 ESIIE.

1474 2572 1842 2634 Secundum
1887 2572 2146 2633 Lucam.

271 2752 293 2788 ι
327 2732 620 2806 Ingressus
642 2730 801 2788 Jesus
828 2732 1246 2803 perambulabat
1284 2731 1521 2787 Jericho.
1562 2730 1626 2786 Et
1652 2748 1779 2787 cccc

194 2825 281 2881 vir
302 2825 534 2881 nomine
565 2823 845 2879 Zachazus.
891 2821 957 2878 Et
984 2823 1072 2878 hic
1096 2831 1214 2878 erat
1243 2823 1495 2894 princeps
1537 2824 1783 2894 publica-

200 2931 429 2985 norum,
487 2926 544 2973 et
590 2917 705 2987 ipse
733 2916 904 2971 dives.
949 2914 1016 2970 Et
1056 2915 1236 2971 videre
1281 2916 1560 2985 quaerebat
1596 2915 1781 2971 Jesum

195 3009 324 3080 quis
354 3018 523 3074 esset,
565 3017 618 3063 et
650 3023 757 3062 non
785 3015 996 3077 puterat
1022 3023 1133 3078 prae
1169 3008 1361 3075 turba,
1397 3007 1524 3078 quia
1573 3018 1783 3063 statura

194 3100 437 3171 pusillus
459 3108 596 3154 erat.
643 3098 708 3154 Et
734 3114 1075 3169 prtecurrens
1117 3098 1364 3154 ascendit
1420 3099 1476 3153 in
1534 3100 1784 3153 arborem

194 3205 553 3263 sycomorum
583 3201 645 3245 ut
678 3192 886 3247 videret
933 3206 1080 3259 eum,
1119 3190 1247 3261 quia
1285 3191 1409 3246 inde
1454 3200 1571 3245 erat
1604 3200 1787 3245 trans-
1815 3175 1856 3232 (ἶ

193 3286 386 3337 iturus
427 3281 738 3353 (Μαῖα).
777 3300 795 3333 ι
842 3280 978 3337 Ecce
1030 3282 1295 3350 camelus,
1346 3282 1591 3351 deposita
1641 3281 1788 3351 gibbi

197 3373 448 3438 sarcina,
475 3389 571 3444 per
601 3373 847 3427 foramen
892 3389 1025 3429 acus
1056 3374 1275 3441 transit,
1303 3373 1408 3427 hoc
1447 3381 1531 3427 est
1559 3373 1711 3427 dives
1734 3377 1788 3426 et

194 3463 779 3533 publicanus,relieto
830 3478 994 3518 onere
1049 3464 1408 3528 divitiarum,
1477 3470 1788 3532 contempto

192 3571 372 3611 censu
444 3554 764 3620 fraudium,
836 3564 1124 3626 angustam
1196 3564 1411 3625 portam
1460 3566 1790 3628 aretamqne

195 3644 346 3699 viam
382 3644 702 3715 quae'ducit
724 3646 793 3700 ad
835 3646 1001 3700 vitam
1042 3644 1308 3701 ascendit.
1357 3644 1425 3699 Et
1457 3646 1585 3716 quia
1624 3647 1789 3702 devo-

194 3736 348 3792 tione
380 3737 507 3792 fidei
556 3738 625 3792 ad
648 3738 941 3793 videndum
995 3737 1354 3803 Salvatorem,
1406 3740 1553 3809 quod
1590 3748 1787 3796 natura

194 3828 390 3883 minus
420 3828 677 3897 habebat,
716 3845 951 3885 ascensu
975 3830 1188 3900 supplet
1212 3830 1445 3885 arboris.
1463 3829 1614 3886 Juste
1643 3831 1789 3902 quod

192 3935 401 3992 rogare
424 3935 533 3975 non
560 3921 796 3976 audebat
834 3921 1128 3977 Dominica:
1177 3921 1539 3991 susceptionis
1568 3923 1790 3978 benedi—

193 4012 447 4068 ctionem
481 4014 679 4084 accipit
708 4030 871 4084 quam
895 4014 1255 4069 desiderabat.
1291 4013 1428 4081 Quia
1451 4016 1610 4071 etiam
1630 4016 1787 4069 turba

195 4104 477 4176 Imperitm
520 4104 777 4161 confusio
818 4106 1184 4161 multitudinis
1231 4115 1315 4161 est
1355 4123 1477 4177 quae
1527 4107 1786 4162 verticem

196 4195 497 4265 sapientia:
516 4195 704 4250 videre
728 4197 946 4266 nequit,
976 4196 1173 4251 merito
1207 4212 1317 4251 non
1369 4197 1424 4251 in
1465 4199 1644 4264 turba,
1690 4197 1788 4253 sed

193 4289 424 4359 plebem
451 4296 829 4357 transgressus
860 4289 1111 4355 insciam,
1159 4304 1324 4359 quam
1352 4289 1787 4345 benedicnonem

195 4383 486 4438 desiderat
551 4383 766 4453 accipit.
841 4381 1103 4438 Zachmus
1165 4392 1348 4437 autem
1400 4383 1789 4452 interpretatur

186 4474 557 4544 justiﬁcatus,
606 4488 660 4529 et
688 4474 960 4545 signiﬁcat
985 4476 1269 4545 credentes
1315 4490 1381 4528 ex
1410 4476 1661 4544 gentibus
1691 4488 1789 4543 per

196 4565 628 4635 occupationem
661 4565 1043 4635 temporalium
1090 4565 1380 4634 depressos
1412 4580 1475 4619 ac
1503 4564 1782 4630 minimos,

196 4655 296 4709 sed
331 4671 365 4710 a
406 4654 641 4710 Domino
663 4646 1067 4711 sanctiﬁcatos.
1087 4654 1399 4726 Ingressum
1425 4654 1641 4709 Jerieho
1667 4653 1787 4710 Sal-

193 4756 455 4803 vatorem
480 4756 750 4817 quaerunt,
798 4748 928 4802 dum
967 4748 1157 4820 gratim
1185 4748 1310 4803 fidei
1338 4765 1501 4818 quam
1536 4748 1787 4804 Salvator

195 4838 394 4893 attulit
424 4839 750 4908 participare
780 4840 1027 4908 cupiunt,
1079 4839 1171 4894 sed
1204 4840 1363 4893 turba
1416 4839 1590 4893 noxiae
1622 4840 1786 4894 vitio-

194 4930 327 4982 rum
362 4929 779 4984 consuetudinis
810 4928 1007 4983 tardat.
1043 4928 1229 4998 Itaque
1252 4946 1471 4985 necesse
1494 4941 1575 4986 est
1602 4941 1660 4985 ut
1679 4948 1784 5001 pu-

194 5018 368 5075 sillus
396 5020 571 5074 turbae
600 5020 946 5075 obstacnlum
976 5021 1346 5086 transcendat,
1374 5030 1588 5076 terrena
1619 5023 1786 5076 relin-

193 5114 363 5181 quat,
398 5112 652 5166 arborem
696 5113 877 5168 crncis
921 5114 1201 5168 ascendat.
1260 5112 1595 5189 Sycomlorus
1648 5115 1786 5171 licus

192 5199 359 5257 fatua
386 5202 611 5268 dicitur,
646 5204 809 5258 arbor
835 5205 982 5260 foliis
1020 5220 1174 5258 moro
1199 5206 1425 5271 similis,
1483 5206 1574 5260 sed
1602 5206 1787 5263 altitu-

194 5293 335 5348 dine.
359 5298 653 5364 praestans.
683 5295 835 5352 Unde
865 5306 918 5350 et
948 5313 976 5351 a
1008 5295 1218 5352 Latinis
1249 5298 1393 5352 celsa
1419 5310 1782 5369 nuncupatur.

194 5375 269 5440 Et
297 5376 591 5441 Dominica
622 5404 761 5442 crux
786 5390 1071 5444 credentes
1114 5390 1208 5443 alit
1236 5399 1294 5443 ut
1320 5390 1475 5455 licus,
1514 5391 1582 5444 ab
1610 5391 1789 5448 incre-

194 5472 357 5533 dulis
386 5470 648 5532 irridetur
664 5490 722 5534 ut
752 5480 920 5535 fatua.
946 5499 963 5531 ι
995 5479 1106 5536 Nos
1135 5481 1334 5546 extim,»
1360 5481 1536 5550 inquit
1555 5481 1787 5551 Aposto—

193 5570 312 5637 lus,
342 5589 363 5622 ι
395 5571 760 5639 praedicamus
778 5572 1059 5627 Christum
1078 5573 1421 5637 crucifixum,
1444 5572 1644 5629 Jndreis
1660 5576 1786 5643 qui-

190 5655 327 5716 dem
367 5651 716 5727 scandalum,
748 5663 999 5733 gentibus
1047 5675 1227 5719 autem
1280 5664 1601 5729 stultitiam;
1656 5665 1788 5735 ipsis

189 5763 335 5811 Vero
386 5755 603 5809 vocatis
629 5754 830 5811 Iudaeis
866 5767 1030 5827 atque
1065 5758 1312 5829 gentibus
1369 5754 1649 5814 Christum
1690 5759 1786 5816 Dei

532 5848 805 5912 ‘l‘ATItOL.
853 5850 1088 5911 CLVII.

1887 2734 2144 2787 virtutem
2158 2740 2212 2787 et
2232 2719 2326 2788 Dei
2345 2732 2670 2803 sapientiam
2690 2730 2742 2804 (1
2757 2730 2880 2789 Cor.
2900 2730 2962 2802 ι).
2978 2750 2996 2785 ι
3018 2730 3193 2799 Quam
3211 2731 3467 2787 arborem

1891 2826 2125 2894 pusillus
2154 2825 2421 2891 ascendit,
2455 2826 2585 2880 dum
2619 2825 2877 2895 quislibet
2907 2824 3130 2881 humilis
3152 2835 3202 2880 et
3233 2824 3469 2897 proprias

1890 2915 2222 2971 infirmitatis
2250 2915 2507 2971 conscius
2537 2916 2738 2971 clamat
2788 2936 2800 2970 :
2858 2935 2877 2969 ι
2911 2915 3042 2971 Mihi
3094 2925 3275 2971 autem
3324 2917 3471 2973 absit

1892 3008 2113 3078 gloriari
2138 3008 2241 3063 nisi
2275 3008 2328 3062 in
2387 3023 2550 3063 cruce
2598 3006 2818 3063 Domini
2849 3008 3025 3063 nostri
3076 3007 3208 3065 Jesu
3257 3007 3468 3065 Christi

1895 3098 2040 3168 (Cal.
2081 3100 2183 3168 vi).
2225 3118 2244 3150 ι
2300 3097 2468 3165 Quasi
2520 3108 2893 3155 transeuntem
2944 3099 3237 3156 Dominum
3290 3100 3471 3156 cernit

1890 3190 2059 3259 quiin
2088 3191 2267 3247 crucis
2317 3191 2579 3262 mysterio
2612 3192 2820 3247 cmlesti
2868 3193 3149 3263 sapientia:
3197 3200 3469 3263 quantum

1888 3289 2088 3350 potest,
2112 3281 2363 3336 intendit.
2410 3280 2657 3353 Denique
2686 3282 2835 3351 inde,
2869 3284 2923 3339 id
2952 3293 3036 3340 est
3074 3284 3128 3338 in
3175 3283 3269 3339 illa
3311 3293 3470 3354 parte

1894 3372 2229 3428 transiturus
2278 3382 2414 3440 erat,
2448 3374 2541 3427 ubi
2574 3389 2919 3445 sycomorus,
2970 3376 3023 3430 id
3071 3385 3155 3431 est
3206 3374 3470 3432 Iudaicus

1890 3462 2147 3531 populus,
2175 3462 2259 3517 vel
2282 3462 2375 3517 ubi
2397 3462 2616 3534 gentilis
2639 3464 2877 3535 populus
2901 3463 3213 3520 crediturus
3241 3472 3381 3529 erat,
3399 3460 3472 3520 ut

1891 3560 1944 3631 ea
1973 3554 2293 3624 mysterium
2344 3564 2607 3623 servaret,
2658 3564 2712 3610 et
2737 3557 2968 3627 gratiam
3006 3557 3323 3613 seminaret.
3379 3557 3474 3613 Sic

1889 3645 2037 3700 enim
2069 3655 2311 3713 venerat,
2357 3655 2417 3702 ut
2468 3662 2566 3716 per
2613 3644 2829 3702 Iudaeos
2859 3647 3118 3703 transiret
3148 3648 3215 3702 ad
3258 3647 3469 3718 gentes.

1898 3756 1916 3790 ι
1948 3737 2014 3792 Ει
2049 3750 2172 3795 eum
2198 3739 2437 3795 venisset
2464 3741 2530 3794 ad
2575 3740 2781 3807 locum,
2812 3741 3123 3811 su5piciens
3148 3734 3311 3795 Jesus
3333 3739 3476 3794 vidit

1891 3829 2065 3884 illum.
2101 3849 2119 3882 ι
2174 3828 2295 3884 Jam
2327 3831 2474 3885 enim
2511 3831 2847 3887 sublimitate
2892 3832 3017 3887 fidei
3061 3832 3202 3886 inter
3257 3832 3474 3888 fructus

1891 3935 2160 3975 novorum
2185 3935 2412 3990 operum
2432 3921 2579 3976 velut
2602 3922 2658 3975 in
2704 3921 2934 3977 fecunda
2985 3922 3272 3977 altitudine
3303 3924 3474 3978 arbo-

1891 4012 1968 4065 ris
2020 4011 2314 4066 eminebat.
2359 4010 2464 4065 Per
2492 4026 2775 4080 praecones
2820 4021 3002 4065 autem
3055 4012 3208 4066 verbi
3246 4013 3362 4079 sui,
3413 4013 3474 4067 in

1890 4103 2090 4174 quibus
2116 4112 2235 4158 erat
2260 4101 2441 4170 Jesus,
2473 4110 2527 4157 et
2551 4102 2899 4173 loquebatur,
2941 4102 3090 4156 venit
3115 4103 3182 4157 ad
3204 4103 3474 4173 populum

1890 4195 2199 4259 nationum,
2236 4194 2366 4265 quia
2412 4195 2689 4265 passionis
2734 4194 2856 4264 ejus
2898 4194 3002 4249 fide
3051 4194 3166 4264 jam
3218 4194 3473 4249 sublimis

1890 4290 2053 4345 etiam
2086 4288 2429 4343 divinitatem
2452 4287 2574 4358 ejus
2602 4304 2902 4359 agnoscere
2932 4286 3110 4343 ardet.
3153 4286 3473 4357 Suspiciens

1891 4381 2057 4448 videt,
2083 4380 2212 4451 quia
2237 4396 2334 4450 per
2358 4380 2516 4435 fidem
2546 4397 2574 4435 a
2607 4380 2840 4436 terrenis
2859 4380 3130 4436 elevatum
3171 4380 3329 4451 erigit
3362 4380 3472 4434 eri-

1817 4504 1863 4558 D
1891 4479 2104 4541 gentem
2133 4486 2214 4534 SC,
2251 4481 2306 4525 et
2328 4481 2477 4525 amat
2499 4480 2774 4525 amantem
2798 4484 2876 4525 SC.

1960 4576 1984 4614 -ι
2016 4561 2081 4617 Ει
2111 4562 2248 4617 dixit
2270 4563 2336 4617 ad
2360 4578 2486 4618 eum
2525 4580 2538 4617 :
2575 4560 2835 4628 Zaehzee,
2878 4559 3146 4616 festinans
3180 4560 3468 4627 descende,

1888 4654 2017 4726 quia
2042 4656 2203 4710 hodie
2226 4653 2470 4711 iri-domo
2492 4663 2583 4709 tua
2605 4666 2919 4725 oportetme
2954 4669 3197 4709 manere.
3232 4653 3290 4708 Et
3316 4652 3462 4708 festi-

1888 4763 2028 4802 nans
2044 4748 2347 4814 descendit,
2371 4757 2426 4803 et
2452 4747 2663 4817 excepit
2689 4748 2841 4802 illum
2870 4745 3171 4818 gaudens.»
3207 4745 3472 4800 Invitatus

1889 4838 2102 4903 invitat,
2146 4838 2275 4908 quia
2308 4838 2353 4893 si
2392 4839 2634 4892 nondum
2683 4837 2928 4892 audierat.
2951 4853 3138 4893 vocem
3167 4820 3468 4905 invitantis,-

1889 4930 2137 4984 audierat
2165 4930 2440 4985 aifectum.
2469 4930 2657 4999 Itaque
2687 4930 2851 4984 hodie
2875 4930 2930 4984 in
2952 4929 3119 4983 domo
3147 4921 3329 5000 pusilli
3363 4914 3470 4984 Ζάρ-

1888 5020 2023 5076 eluci
2055 5030 2269 5090 oportet
2292 5021 2444 5075 illum
2471 5036 2715 5088 manere,
2743 5022 2793 5075 id
2840 5029 2923 5076 est
2946 5036 3087 5077 nova
3116 5022 3256 5078 lucis
3298 5022 3470 5094 gratia

1888 5121 2269 5170 coruscantem
2308 5113 2362 5167 in
2402 5114 2592 5169 humili
2623 5114 2961 5170 credentium
2993 5115 3279 5172 nationum
3307 5102 3471 5172 corde

1889 5210 2192 5278 quiescere.
2223 5208 2378 5274 Quod
2408 5218 2589 5263 autem
2618 5209 2686 5264 de
2723 5223 3013 5281 sycomoro
3034 5209 3385 5275 descendere,
3416 5204 3472 5263 "et

1890 5301 1968 5355 sic
1997 5299 2051 5354 in
2076 5299 2241 5354 domo
2265 5300 2602 5354 mansionem
2634 5300 2861 5356 Christo
2887 5316 3080 5370 parare
3103 5286 3472 5371 jubetur,'hoc

1887 5403 1971 5449 est
1986 5392 2131 5464 quod
2148 5394 2223 5448 ait
2238 5392 2564 5463 Apostolus:
2592 5414 2608 5445 ι
2636 5392 2701 5448 Et
2728 5395 2773 5450 si
2792 5395 3147 5466 cognovimus
3167 5392 3468 5469 secundum

1890 5503 2110 5543 carnem
2158 5486 2462 5553 Christum,
2495 5488 2590 5541 sed
2627 5487 2743 5557 jam
2786 5503 2894 5543 non
2935 5485 3196 5555 novimus.
3221 5484 3310 5557 (11
3341 5484 3465 5540 σόν.

1890 5580 1998 5649 γ).›
2030 5607 2103 5618 -
2134 5597 2152 5629 ‹
2185 5577 2251 5632 Et
2282 5579 2326 5632 si
2352 5580 2495 5633 enim
2524 5588 2775 5635 mortuus
2799 5588 2967 5633 estex
2994 5577 3309 5633 infirmitate
3347 5574 3471 5653 cara

1892 5671 1996 5738 nis,
2030 5669 2123 5724 sed
2152 5669 2263 5739 jam
2297 5669 2428 5723 vivit
2458 5685 2524 5724 ex
2550 5669 2747 5724 virtute
2781 5666 2874 5723 Dei
2905 5667 2994 5737 (II
3024 5666 3147 5723 Cor.
3172 5670 3313 5739 xm).
3336 5684 3355 5719 ι
3430 5662 3435 5669 ’

2025 5761 2090 5816 Et
2119 5776 2242 5818 cum
2275 5760 2519 5818 viderent
2547 5775 2738 5817 omnes
2769 5759 3186 5817 murmurabant
3227 5744 3471 5816 dicentea‘

3114 5848 3195 5915 39

2272 0 3862 29 Ν
