3970 6438
479 416 507 425 η
534 334 695 392 φηγ
796 318 807 327 “

551 457 699 526 quod
749 455 816 511 ad
852 455 1127 511 hominem
1152 460 1494 526 peccatorem
1525 450 1852 512 divertisset.
1895 476 1914 510 δ
1956 452 2128 512 Mani-
2156 465 2202 523 Λ

486 586 491 591 .
540 540 753 603 festum
780 546 1104 602 estludeeos
1152 561 1368 617 semper
1399 546 1639 617 gentium
1677 546 1859 603 odisse
1909 548 1995 603 vel
2024 563 2132 603 non

553 640 884 695 intellexisse
907 640 1159 694 salutem.
1204 637 1360 694 Unde
1386 638 1549 694 etiam
1602 639 1789 695 ﬁdeles
1818 640 2014 695 fratres
2046 633 2132 695 di-

550 739 747 785 xerunt
769 731 1030 786 adversus
1059 731 1384 801 populorum
1414 731 1715 801 principem
1742 751 1754 786 :
1789 752 1808 784 ι
1839 731 2019 799 Quare
2046 733 2129 787 in-

536 821 727 876 .troisti
775 822 840 876 ad
868 821 1017 876 viros
1044 821 1368 891 praeputium
1395 821 1678 888 habentes,
1711 810 2131 877 et'manducasti

527 928 673 968 :cum
706 913 847 967 illis?
870 912 1011 985 (Act.
1038 912 1137 983 χι).
1177 932 1197 965 ι

626 1026 648 1057 ι
681 1005 847 1061 Stans
878 1014 1061 1061 autem
1111 1004 1376 1062 Zacbzeus
1422 1006 1560 1063 dixit
1607 1007 1674 1062 ad
1703 1005 1890 1063 Jesum
1940 1027 1953 1061 :
1994 1007 2134 1062 Ecce

548 1094 838 1149 dimidium
862 1095 1135 1150 bonorum
1161 1110 1433 1162 meorum,
1484 1095 1735 1163 Domine,
1788 1097 1858 1151 do
1880 1098 2132 1169 pauperi—

547 1186 686 1251 bus;
717 1185 838 1241 etsi
877 1185 1008 1255 quid
1033 1186 1269 1255 aliquem
1311 1186 1657 1254 defraudavi,
1693 1187 1862 1242 reddo
1891 1188 2133 1259 quadru-

526 1277 719 1349 "plum.
759 1296 776 1326 ι
812 1275 1078 1331 Zaehteus
1101 1287 1274 1342 stans,
1306 1277 1408 1331 hoc
1431 1287 1515 1332 est
1543 1277 1596 1331 in
1624 1277 1726 1332 fide
1763 1294 1927 1349 quam
1973 1294 2135 1350 cepe-

555 1368 980 1437 ratpersistens,
1027 1368 1269 1423 ostendit
1299 1385 1357 1423 se
1388 1370 1615 1423 omnino
1640 1385 1762 1425 esse
1805 1386 2131 1426 conversum

534 1460 619 1514 .ad
645 1458 957 1513 Dominum.
976 1457 1111 1513 .ldeo
1141 1460 1187 1514 si
1214 1475 1376 1529 quem
1414 1461 1618 1531 aliquid
1642 1460 1983 1517 defraudavit
2019 1462 2135 1517 red—

533 1551 636 1605 -dit
656 1551 1045 1622 quadruplum,
1087 1553 1216 1622 quia
1259 1552 1312 1606 in
1343 1553 1582 1623 antiquis
1625 1552 1882 1609 Ecclesia:
1913 1553 2133 1609 statutis

546 1642 833 1698 decretum
866 1652 950 1699 est
997 1653 1055 1698 ut
1101 1643 1196 1713 qui
1228 1644 1406 1697 aliena
1441 1644 1668 1707 invadit,
1701 1661 1809 1699 non
1841 1655 1998 1701 exeat
2027 1646 2133 1700 im-

553 1740 801 1810 punitus,
828 1738 920 1793 sed
949 1753 1075 1793 cum
1122 1736 1580 1806 multiplicatione
1639 1738 1827 1793 omnia
1860 1739 2130 1795 restituat.

554 1830 612 1885 ln
640 1830 851 1901 legibus
897 1844 1117 1901 quoque
1156 1828 1341 1883 saeculi
1372 1836 1593 1883 cautum
1623 1829 1886 1896 habetur,
1937 1840 1997 1886 ut
2040 1834 2135 1903 qui
2168 1817 2209 1870 Β

554 1937 669 1982 rem
698 1922 938 1991 subripit
960 1921 1216 1987 alienam,
1236 1921 1288 1975 in
1313 1922 1679 1991 quadruplum
1704 1921 1754 1976 ei
1773 1923 2022 1979 restituat
2047 1925 2137 1979 cui

555 2014 848 2085 subripuit.
876 2011 979 2067 Ubi
1009 2022 1189 2067 autem
1220 2012 1482 2068 Zacbmus
1507 2012 1796 2068 dimidium
1825 2029 2049 2069 suorum
2079 2031 2139 2071 se

549 2106 887 2177 pauperibus
915 2114 1268 2177 erogaturum
1304 2104 1463 2161 facile
1492 2103 1741 2175 spondet,
1777 2114 1836 2160 ut
1867 2107 2030 2160 etiam
2055 2114 2138 2160 to—

552 2208 671 2252 tum
695 2197 824 2251 dare
854 2211 963 2251 non
994 2203 1213 2251 recuset
1246 2195 1510 2251 insinuat.

630 2308 652 2341 ε
680 2290 771 2344 Δίι
822 2287 983 2343 Jesus
1030 2287 1095 2342 ad
1138 2303 1263 2343 eum
1300 2305 1312 2342 :
1355 2286 1493 2352 Quia
1535 2285 1696 2341 hodie
1748 2286 1897 2341 salus
1948 2285 2137 2341 domui

553 2381 684 2436 huic
717 2378 859 2435 facta
890 2387 995 2444 est,
1028 2393 1094 2432 eo
1117 2377 1263 2448 quod
1304 2385 1366 2431 ct
1406 2377 1522 2446 ipse
1549 2376 1694 2431 tilius
1722 2376 1794 2431 sit
1816 2377 2069 2430 Abrahae.
2113 2394 2131 2427 ι

550 2470 728 2526 Filius
750 2471 983 2525 Abrahae
1007 2468 1229 2535 dicitur,
1252 2483 1363 2522 non
1393 2467 1460 2521 de
1481 2466 1601 2537 ejus
1626 2467 1795 2536 stirpe
1824 2475 2136 2536 generatus,

553 2561 650 2618 sed
674 2561 794 2631 ejus
818 2560 975 2614 fidem
1009 2559 1276 2614 imitatus.
1306 2556 1469 2613 Salus
1506 2572 1629 2628 qua:
1654 2557 1785 2611 olim
1815 2556 2140 2612 fuitJuda’o-

553 2669 677 2709 rum
710 2653 873 2707 hodie
899 2652 1079 2705 illuxit
1113 2650 1313 2721 populo
1340 2650 1625 2705 nationum
1667 2649 1909 2721 credenti
1953 2649 2007 2703 in
2034 2649 2138 2704 Do-

552 2748 786 2802 minum.
840 2742 996 2799 Unde
1035 2743 1331 2813 Apostolus
1386 2760 1399 2796 :
1453 2740 1510 2796 Si
1547 2750 1728 2795 autem
1777 2756 1876 2796 vos
1908 2741 2133 2809 Christi,

552 2854 686 2911 ergo
714 2853 900 2895 semen
933 2837 1165 2891 Abrahze
1186 2835 1357 2891 estis?
1393 2833 1538 2906 (Cal.
1570 2834 1677 2904 ιιι.)
1734 2851 1753 2886 ι
1787 2832 1949 2889 Venit
1988 2836 2134 2890 enim

551 2932 729 2988 Filius
766 2930 1005 2986 hominis
1035 2944 1281 3000 qurerch
1316 2937 1366 2983 et
1402 2928 1613 2984 salvum
1661 2925 1840 2982 facere
1868 2926 2013 2996 quod
2040 2941 2135 2995 pe-

552 3024 743 3079 rierat.
782 3041 800 3075 ι
828 3020 983 3076 Unde
1009 3021 1176 3075 alibi:
1210 3039 1228 3072 ι
1265 3018 1385 3074 Non
1420 3019 1543 3073 veni
1580 3033 1780 3073 vocare
1808 3017 2007 3088 justos,
2042 3017 2138 3072 sed

551 3120 870 3189 peccatores
892 3113 944 3167 in
971 3112 1290 3183 paruitentia
1315 3111 1531 3181 (Matth.
1564 3110 1666 3178 Ix).
1701 3128 1719 3162 ι

747 3201 979 3258 SERMO
1003 3201 1067 3257 lN
1096 3199 1558 3257 DEDICATIONE
1586 3198 1967 3255 ECCLESUE.

625 3295 702 3351 De
729 3303 1075 3351 sacramento
1099 3294 1461 3350 dedicationis
1501 3294 1768 3358 ecclesiae,
1801 3293 1855 3346 in
1891 3307 1998 3363 qua
2034 3307 2139 3348 cte-

550 3396 669 3443 tera
691 3386 877 3442 omnia
904 3392 1243 3440 sacramenta
1272 3382 1636 3446 celebrantur,
1673 3382 2005 3452 loquendum
2038 3396 2130 3437 no.

553 3479 639 3536 bis
650 3477 863 3533 videtur
880 3477 998 3532 lucc
1020 3475 1423 3547 ignorantibus.
1451 3472 1804 3528 Sacramenta
1828 3474 2009 3544 itaque
2032 3475 2136 3529 alia

555 3578 773 3627 constat
793 3584 916 3624 esse
939 3550 1153 3632 salutis,
1179 3567 1283 3621 alia
1306 3565 1818 3629 administrationis,
1844 3566 1949 3620 alia
1980 3547 2137 3622 extr-

553 3659 833 3717 citationis
866 3677 879 3712 :
909 3656 1094 3711 Prima
1136 3657 1203 3711 ad
1257 3655 1582 3721 remedium,
1625 3656 1860 3711 secunda
1908 3656 1976 3711 ad
2023 3656 2135 3712 ollis

548 3753 728 3819 cium,
760 3750 919 3805 tertia
949 3749 1017 3804 ad
1049 3747 1394 3803 exercitium.
1428 3746 1493 3801 Et
1521 3747 1610 3801 illa
1642 3746 1862 3817 quidem
1886 3763 2010 3818 quze
2037 3748 2136 3804 ad-

542 3841 985 3901 ministrationis
1037 3840 1154 3896 sive
1200 3838 1616 3910 prteparationis
1674 3850 1803 3894 sunt
1849 3841 2137 3898 ordinibus

538 3935 871 3998 coharent,
942 3928 1204 4000 quoniam
1252 3938 1306 3984 et
1355 3928 1458 3998 ipsi
1519 3929 1738 3985 ordines
1788 3944 2137 3987 sacramenta

540 4035 709 4093 sunt,
723 4035 777 4081 et
797 4038 921 4095 qua:
937 4024 1083 4078 circa
1100 4020 1323 4077 ordines
1341 4020 1778 4085 considerantur,
1805 4023 1988 4091 qualia
2013 4032 2139 4078 sunt

552 4117 873 4175 indumenta
896 4129 1051 4171 sacra
1081 4121 1136 4169 et
1156 4120 1375 4179 vasa,et
1407 4113 1743 4183 hujusmodi.
1783 4111 1908 4168 Hch
1931 4116 2135 4182 omnia,

552 4222 700 4280 quae,
738 4216 799 4263 ut
827 4206 1032 4261 dictum
1061 4213 1165 4272 est,
1192 4204 1337 4258 circa
1367 4204 1514 4273 ipsos
1539 4203 1758 4258 ordines
1784 4204 2140 4260 consideran-

530 4310 669 4363 ρων,
695 4298 913 4354 divisizn
945 4296 1167 4353 tractari
1210 4311 1318 4351 non
1347 4296 1673 4351 debuerunt.
1714 4296 1834 4351 Alia
1874 4313 2005 4353 vero
2052 4315 2141 4354 sa-

527 4400 837 4449 rcramcnta
883 4390 1068 4445 omnia
1128 4389 1195 4443 ad
1256 4403 1379 4458 quae
1425 4387 1763 4443 co'nllcienda
1815 4403 1868 4445 et
1898 4390 2140 4446 sanctifi-

2164 3147 2209 3209 (ἃ

1687 333 2014 394 WERM'IRI
2057 336 2347 394 ABBATIS
2387 338 2444 395 S.
2485 337 2705 395 BLASI'!

2230 465 2316 511 est
2361 456 2800 512 consideratione
2828 454 3108 521 virtutum,
3160 456 3325 526 quasi
3374 455 3622 526 quaedam
3664 469 3782 518 stre.

2235 554 2391 601 ctura
2420 545 2662 614 lapidum
2695 544 3058 614 spiritualium
3081 544 3375 611 aediﬁcata,
3405 546 3500 602 ubi
3529 550 3657 605 fides
3681 552 3781 610 luu-

2232 635 2549 691 damentum
2578 635 2725 690 facit.
2756 634 2891 706 Spes
2916 634 3179 691 fabricam
3202 636 3398 707 exigit,
3425 636 3780 700 charitascoa-

2232 726 2655 785 summationcm
2685 727 2932 797 imponit.
2967 725 3074 797 Sed
3100 728 3289 798 etipsa
3318 727 3566 786 Ecclesia
3586 748 3650 789 ex
3668 737 3779 792 mulo

2233 817 2466 873 titudine
2520 818 2759 873 fidelium
2810 819 2863 872 in
2921 834 3091 895 unum
3133 830 3468 891 congregata
3509 825 3777 888 estdomus

2234 902 2330 963 Dei
2376 924 2444 965 ex
2489 908 2631 967 vivis
2682 911 2958 981 lapidibus
3008 921 3366 979 constructa,
3424 915 3516 970 ubi
3561 916 3775 979 Christus

2234 998 2652 1057 fundamentum
2711 1004 2977 1074 angulare
3025 1006 3243 1074 positus
3269 1015 3381 1072 est,
3415 1007 3557 1063 duos
3582 1013 3773 1080 parietes

2232 1089 2546 1147 Iudaeorum
2571 1102 2625 1147 et
2657 1094 2901 1164 gentium
2932 1096 2988 1150 in
3026 1111 3134 1150 una
3168 1097 3275 1152 tide
3304 1094 3658 1170 coniungens.
3684 1102 3773 1161 llu-

2230 1184 2323 1253 jus
2348 1184 2532 1254 itaque
2564 1186 2894 1240 sacramenti
2926 1188 3073 1257 quod
3109 1187 3163 1241 in
3198 1188 3547 1246 dedicatione
3575 1195 3774 1252 ecclesia

2233 1274 2524 1330 exhibetur
2548 1274 2781 1330 formam
2805 1277 3049 1347 primum
3086 1280 3504 1348 proposuimus,
3538 1291 3593 1337 ut
3614 1283 3772 1343 deinde

2236 1364 2525 1435 mysticam
2548 1365 2963 1436 intelligentiam
3003 1368 3130 1422 fidei
3175 1384 3303 1437 qua:
3334 1368 3391 1422 in
3432 1369 3522 1425 illo
3548 1370 3771 1431 formatur

2236 1456 2614 1527 exquiramus.
2661 1456 2861 1513 Verum
2901 1460 2970 1514 de
2999 1460 3087 1517 his
3113 1475 3237 1532 qua:
3269 1461 3611 1521 invisibiliter
3651 1471 3698 1522 in
3720 1484 3768 1526 ca

2237 1558 2493 1618 aguntur,
2533 1550 2772 1620 primum
2799 1552 3108 1609 videamus.

2262 1676 2266 1681 λ
2309 1640 2558 1697 Pontifex
2589 1658 2786 1714 aquam
2818 1646 3079 1715 primitus
3122 1647 3426 1715 hencdicit,
3456 1653 3671 1722 typicum
3699 1658 3769 1710 sal

2241 1733 2572 1801 admiscens,
2597 1736 2794 1791 deinde
2831 1739 3124 1794 ecclesiam
3171 1740 3353 1809 ipsam
3377 1745 3681 1801 extrinsecus
3700 1758 3772 1803 ter

2240 1826 2483 1897 gyrando
2505 1829 2767 1898 aspergit,
2800 1830 2948 1885 clero
2971 1840 3027 1887 et
3055 1833 3263 1903 populo
3296 1834 3659 1905 subsequente.
3701 1837 3773 1892 ln-

2240 1917 2397 1971 tcrim
2427 1932 2556 1973 vero
2594 1919 2649 1973 iu
2680 1920 2912 1976 circuitu
2950 1923 3269 1980 dedicandae
3302 1926 3541 1983 ecclesiae
3560 1928 3769 1988 intrinse

2240 2024 2339 2067 cus
2368 2009 2655 2066 duodecim
2681 2027 2914 2068 accensa
2947 2024 3078 2069 sunt
3100 2015 3422 2072 luminaria.
3449 2016 3548 2073 Per
3570 2020 3767 2090 singulas

2240 2108 2422 2154 autem
2454 2090 2601 2157 vices
2632 2104 2698 2157 ad
2728 2113 2941 2174 portam
2970 2106 3213 2163 basilice
3243 2109 3492 2174 veniens,
3536 2126 3678 2181 quam
3713 2114 3767 2169 ob

2242 2191 2575 2245 sacramenti
2602 2191 2833 2262 figuram
2866 2194 3113 2251 clausam
3153 2212 3279 2253 esse
3302 2198 3534 2269 oportet,
3577 2204 3768 2271 percutit

2240 2280 2390 2350 virga
2424 2284 2682 2351 pastorali
2708 2301 2872 2355 super
2902 2287 3158 2344 liminare
3176 2289 3351 2359 ipsius
3380 2291 3599 2348 dicens:
3632 2313 3649 2345 ι
3671 2292 3770 2350 Τοι-

2245 2372 2340 2426 lite
2373 2385 2580 2443 portas,
2614 2376 2908 2447 principes,
2948 2387 3180 2447 vestras,
3214 2388 3272 2435 et
3304 2382 3607 2451 elevamini,
3638 2395 3772 2455 porta

2240 2465 2546 2531 aeternales,
2592 2477 2645 2523 et
2694 2468 2945 2526 introibit
2990 2487 3087 2527 rex
3146 2474 3337 2544 glorite
3365 2473 3534 2545 (Psal.
3568 2481 3723 2544 χχιιι).
3750 2500 3767 2530 ι

2239 2557 2342 2611 Cui
2395 2559 2662 2616 diaconus
2711 2560 2865 2618 intus
2917 2565 3133 2634 positus
3186 2568 3486 2637 respondet
3532 2588 3546 2623 :
3597 2588 3615 2622 ι
3664 2570 3772 2639 Qui:

2239 2659 2321 2705 est
2385 2651 2489 2706 iste
2560 2668 2656 2707 rex
2728 2653 2957 2724 gloriae?
3005 2656 3228 2727 (ibid.)
3288 2678 3307 2711 ο
3387 2658 3624 2715 Pontifex
3691 2679 3772 2717 au-

2240 2750 2369 2796 tem.
2437 2762 2454 2795 ι
2527 2742 2793 2800 Dominus
2848 2747 3115 2803 virtutum
3177 2749 3296 2820 ipse
3356 2762 3440 2808 est
3498 2769 3584 2808 rex
3622 2754 3772 2825 gloria:

2240 2830 2443 2902 (ibid.).
2478 2852 2495 2885 ι
2541 2831 2724 2889 Tertia
2758 2834 2957 2892 deinde
2995 2838 3114 2892 vice
3145 2851 3393 2896 reserato
3437 2844 3589 2910 ostio,
3637 2844 3775 2899 intrat

2240 2922 2481 2992 pontifex
2504 2939 2629 2979 cum
2662 2926 2810 2983 clero
2834 2936 2889 2982 et
2914 2930 3118 2999 populo
3144 2931 3340 2996 tertio,
3368 2932 3551 2988 dicens
3583 2954 3596 2988 :
3634 2953 3651 2984 ι
3684 2934 3776 2989 Pax

2242 3014 2371 3069 huic
2401 3015 2592 3072 domui
2638 3017 2792 3087 (Luc.
2833 3019 2909 3089 x).
2943 3040 2961 3072 ι
3015 3019 3227 3077 Deinde
3271 3038 3398 3079 cum
3439 3026 3777 3081 sacerdotibus

2242 3114 2298 3161 et
2347 3107 2524 3165 levitis
2560 3118 2615 3164 et
2665 3111 2881 3167 clericis
2927 3113 2995 3168 ad
3047 3114 3357 3171 orationem
3394 3119 3647 3186 sternitur,
3686 3135 3780 3189 pro

2240 3199 2669 3257 sanctiﬁcatione
2696 3203 2869 3273 ipsius
2892 3203 3092 3262 domus
3113 3207 3444 3265 dedicandae.
3463 3209 3649 3267 Postea
3664 3229 3781 3269 con-

2239 3304 2471 3360 surgens
2494 3291 2563 3345 ab
2590 3292 2839 3348 oratione
2856 3290 3114 3350 nondum
3156 3298 3405 3354 salutans
3438 3301 3676 3371 populum
3703 3303 3778 3357 di-

2238 3381 2439 3438 cendo:
2456 3400 2474 3434 c
2503 3381 2767 3439 Dominus
2790 3386 3096 3454 vobiscum,
3120 3408 3139 3440 ι
3166 3393 3543 3447 tantummodo
3563 3393 3780 3450 hortatur

2238 3484 2468 3531 cunctos
2491 3477 2557 3532 ad
2590 3477 2882 3533 orandum.
2922 3478 3020 3535 His
3059 3483 3349 3553 completis
3377 3484 3563 3555 incipit
3591 3485 3653 3541 de
3673 3485 3780 3541 sini-

2239 3578 2353 3624 stro
2402 3571 2603 3640 angulo
2644 3572 2882 3628 basilica!
2938 3574 3010 3629 ab
3059 3576 3271 3631 oriente
3318 3593 3417 3646 per
3455 3578 3780 3648 pavimentata

2239 3661 2477 3716 scribere
2502 3662 2877 3732 alphabetum,
2912 3680 3092 3736 usque
3145 3667 3200 3721 in
3256 3667 3516 3724 dextrum
3560 3670 3780 3742 angulum

2239 3752 2558 3822 occidentis,
2604 3769 2668 3809 ac
2712 3756 2910 3811 deinde
2935 3773 2965 3811 a
2998 3757 3194 3814 dextro
3248 3761 3457 3831 angulo
3496 3762 3701 3817 orientis
3736 3763 3781 3816 is

2240 3844 2526 3900 sinistrum
2557 3846 2881 3904 occidentis.
2930 3846 3140 3904 Dehinc
3168 3850 3237 3905 ad
3268 3852 3473 3908 altiora
3495 3853 3783 3909 conscendet

2238 3944 2292 3988 et
2315 3944 2467 3991 stans
2499 3946 2625 3992 ante
2653 3938 2826 3993 altare
2844 3980 2859 4005 ,
2885 3938 3056 3994 Deum
3082 3941 3188 3996 sibi
3220 3941 3275 3995 in
3306 3943 3638 4012 adjutorium
3657 3949 3785 3998 vocat

2238 4026 2426 4081 dicens
2453 4044 2465 4080 :
2505 4046 2525 4079 ι
2554 4027 2718 4095 Deus,
2743 4029 2799 4084 in
2828 4030 3165 4100 adjutorium
3190 4048 3376 4088 meum
3399 4035 3614 4091 intende
3637 4033 3780 4103 (Ρωι.

2239 4119 2410 4189 thx).
2471 4139 2489 4171 ι
2550 4119 2845 4192 Complcns
2877 4140 3097 4179 versum
3149 4141 3274 4180 cum
3326 4145 3348 4180 ι
3381 4126 3568 4183 Gloria
3592 4126 3778 4195 Patri.)

2241 4207 2358 4262 sine
2380 4208 2653 4264 Allelluia.
2686 4210 2819 4267 Post
2841 4213 2957 4269 hazc
2985 4230 3184 4285 aquam
3217 4216 3520 4286 benedicit,
3572 4218 3718 4273 salem
3739 4226 3786 4272 et

2240 4296 2475 4353 cinerem
2490 4300 2799 4358 admiscens
2814 4311 2870 4357 et
2893 4303 3100 4360 faciens
3116 4314 3197 4360 ter
3214 4307 3437 4376 signum
3461 4308 3634 4364 crucis
3650 4322 3785 4378 super

2240 4386 2436 4458 ipsam.
2462 4390 2561 4443 Cui
2589 4393 2834 4448 mistune
2862 4395 3049 4450 vinum
3086 4378 3251 4450 etiam
3280 4397 3524 4452 additur.
3558 4396 3786 4453 Posthac

529 4484 730 4545 calida
782 4483 1065 4549 'universa,
1118 4480 1252 4535 baec'
1288 4479 1447 4550 quasi
1483 4480 1733 4550 quaedam
1772 4483 2135 4538 instrumenta
2168 4504 2211 4558 ι)
2241 4480 2440 4550 tinguit
2464 4480 2692 4551 digitum
2748 4482 2801 4558 in
2838 4499 3004 4554 aqua,
3035 4493 3089 4539 et
3139 4484 3269 4540 facit
3290 4501 3516 4541 crucem
3550 4502 3637 4558 per
3670 4499 3786 4556 qua-

534 4576 841 4648 ,prtemissa
892 4582 1039 4637 sunt,
1087 4571 1487 4641 subscqnenter
1536 4573 1759 4651 tractari
1807 4584 2133 4642 exposcunt.

536 4666 631 4731 .Et
653 4666 913 4737 primum,
948 4664 1090 4720 sicut
1113 4663 1321 4718 dictum
1353 4672 1457 4729 est,
1487 4664 1555 4719 de
1584 4664 1929 4719 dedicatione
1959 4667 2137 4720 eccle-

552 4761 656 4815 siae
696 4758 854 4830 quasi
886 4758 953 4812 de
980 4757 1162 4828 primo
1186 4756 1531 4828 baptismate,
1565 4770 1677 4827 quo
1720 4756 1838 4826 ipsa
1864 4757 2137 4828 quodam-

558 4851 722 4906 modo
744 4850 973 4904 ecclesia
1010 4850 1249 4920 primum
1279 4848 1606 4920 baptizatur,
1647 4858 1706 4902 ut
1733 4849 1787 4901 in
1811 4864 1873 4903 ea
1906 4859 2141 4919 postmo—

556 4945 688 4996 dum
720 4943 972 4997 homines
998 4941 1065 4995 ad
1109 4940 1339 4996 salutem
1387 4940 1743 5011 regeneraudi
1773 4939 2137 5010 baptizentur.

555 5031 725 5099 Quasi
761 5032 908 5085 enim
940 5032 1177 5101 primum
1207 5040 1611 5086 sacramentum
1647 5030 1702 5085 in
1727 5030 2001 5101 baptismo
2044 5048 2139 5087 co—

536 5124 864 5198 ,guoscitur,
911 5138 1008 5193 per
1044 5124 1191 5196 quod
1244 5122 1429 5178 fideles
1459 5137 1653 5177 omnes
1701 5123 1843 5178 inter
1892 5122 2137 5179 membra

540 5218 807 5290 corporis
827 5216 1030 5273 Christi
1057 5231 1155 5287 per
1177 5216 1547 5288 generationis
1571 5230 1726 5270 novze
1746 5216 1975 5288 gratiam
1994 5233 2140 5273 com-

542 5318 843 5385 putantur.
879 5309 1089 5366 idcirco
1118 5310 1223 5363 hoc
1258 5308 1495 5379 primum
1530 5308 1874 5363 tractandum
1898 5301 2140 5391 occurrit

545 5404 794 5476 primum
825 5404 883 5456 in
911 5400 1261 5456 dedicatione
1290 5399 1581 5471 figuratum
1615 5400 1862 5455 ecclesia:
1882 5442 1896 5467 ,
1944 5401 2141 5457 deinde

556 5496 612 5550 in
658 5495 1087 5550 sanetilicatione
1132 5495 1330 5548 animae
1379 5492 1551 5547 fidelis
1602 5491 1931 5547 exbibitum.‘
1981 5493 2136 5560 Quod

551 5588 700 5642 enim
733 5589 788 5641 in
815 5589 919 5642 hac
946 5588 1112 5641 domo
1151 5585 1417 5641 orationis
1441 5585 1726 5640 \‘isihiliter
1764 5602 1859 5656 per
1908 5588 2136 5657 figuram

554 5680 914 5749 exprimitur,
948 5689 1122 5733 totum
1168 5679 1222 5732 iu
1281 5678 1463 5732 anima
1497 5678 1639 5732 lileli
1678 5694 1774 5747 per
1807 5679 2135 5736 invisibilcm

554 5774 838 5828 veritatem
861 5772 1166 5828 exhibetur.
1200 5772 1315 5842 Ipsa
1342 5773 1487 5825 enim
1517 5768 1716 5825 veritas
1752 5771 1844 5826 Dsi
1873 5774 2134 5843 templum

2238 4579 2367 4626 tuor
2400 4588 2607 4628 cornua
2637 4575 2848 4630 altaris.
2884 4575 3012 4631 Inde
3040 4578 3186 4631 venit
3228 4586 3357 4632 ante
3390 4578 3596 4645 altare,
3621 4587 3669 4632 et
3698 4578 3788 4631 cir-

2239 4662 2432 4717 cuiens
2452 4664 2691 4735 aspergit
2715 4665 2847 4720 illud
2878 4678 3086 4737 septem
3120 4667 3358 4734 vicibus,
3399 4670 3698 4739 aspersorio
3715 4665 3788 4721 fa-

2240 4760 2329 4807 cto
2362 4754 2430 4809 de
2453 4754 2712 4825 byssopo.
2741 4755 2952 4812 Circuit
2984 4759 3184 4814 dehinc
3224 4769 3307 4814 ter
3331 4770 3503 4815 totam
3534 4759 3791 4816 ecclesiam

2239 4844 2594 4913 intrinsecus,
2634 4862 2934 4921 aspergens
2990 4853 3228 4921 parietes
3292 4853 3471 4924 ipsius
3520 4852 3588 4909 de
3627 4851 3793 4906 eadem

2238 4950 2403 5004 aqua,
2437 4935 2644 4993 faciens
2675 4943 2778 4995 hoc
2812 4942 2979 4996 etiam
3009 4944 3184 4997 tertio.
3240 4941 3467 4999 Interim
3511 4960 3635 4999 vero
3678 4955 3798 4997 can-

2240 5036 2389 5081 tatur
2435 5030 2682 5098 psalmus
2722 5049 2738 5084 :
2788 5052 2806 5081 ι
2846 5031 3120 5104 Exsurgat
3157 5034 3300 5089 Deus
3345 5034 3520 5104 (Psal.
3565 5030 3745 5102 vatt),
3776 5048 3793 5080 ι

2240 5134 2368 5176 cum
2400 5120 2720 5192 antiphona.
2764 5119 3031 5177 Cantatnr
3056 5124 3223 5178 etiam
3254 5124 3558 5194 antiphona
3600 5142 3614 5178 :
3657 5140 3677 5173 ο
3702 5118 3799 5189 Qui

2240 5212 2530 5267 habitatiu
2563 5213 2836 5285 adjuturiu
2882 5214 3147 5271 Altissimi
3179 5214 3355 5285 (Psal.
3384 5217 3497 5286 xc).
3530 5235 3550 5266 ι
3603 5210 3802 5269 Circuit

2242 5306 2460 5362 interim
2483 5306 2600 5377 ipse
2627 5306 2891 5381 pontifex,
2935 5308 3209 5363 transiens
3247 5324 3346 5379 per
3381 5310 3617 5364 mediam
3643 5300 3805 5364 θῶ-

2242 5401 2402 5465 siam,
2426 5408 2481 5455 et
2503 5410 2781 5456 cantans:
2826 5418 2845 5452 ι
2884 5399 3088 5455 Domus
3133 5415 3254 5455 mea
3305 5400 3509 5457 domus
3555 5397 3803 5457 ora“

2240 5492 2528 5547 vocabitur
2560 5490 2776 5561 (Matth.
2805 5494 2942 5549 xxtl.
2976 5510 2994 5543 ι
3049 5488 3114 5545 Et
3170 5490 3299 5546 item
3332 5510 3348 5546 :
3389 5512 3406 5544 ι
3441 5490 3699 5548 Narrabo
3726 5500 3805 5545 ι»

2241 5599 2364 5640 men
2384 5596 2535 5639 tuum
2554 5585 2813 5641 fratribus
2827 5586 2990 5640 meis:
3012 5604 3029 5634 ι
3055 5585 3106 5639 in
3124 5586 3308 5640 medio
3325 5586 3574 5642 ecclesia:
3589 5604 3606 5639 :
3630 5603 3652 5637 ι
3676 5583 3804 5640 lall-

2241 5677 2382 5733 dabo
2406 5688 2457 5734 te
2482 5677 2636 5749 (Psal
2692 5680 2825 5747 χιιι).
2868 5696 2886 5728 ›
2936 5674 3030 5731 llis
3071 5688 3252 5732 autem
3287 5679 3551 5748 peractis,
3580 5670 3803 5750 pontifex

2242 5772 2308 5827 aJ
2343 5770 2638 5825 eratimctu
2664 5788 2720 5825 se
2765 5769 3082 5837 consternit,
3118 5785 3373 5838 peccatis,
3424 5781 3480 5825 ut
3513 5784 3707 5826 omnes
3725 5765 3809 5843 qui
