3970 6450
189 378 325 436 ηις

1120 355 1689 428 υεηοιιΑτιοΝιμῖδ
1721 368 1821 425 ss.
1865 365 2169 424 paruum.
2213 398 2276 408 .-
2315 368 2441 422 LIB.
2484 365 2545 422 η.

3310 367 3448 421 1250

185 488 436 549 eamdem
462 489 692 545 domum
741 485 950 544 oraturi
1001 486 1344 552 intraverint,
1387 485 1671 542 exauditos
1702 501 1758 540 se
1787 491 1833 546 Α
1861 495 1912 540 et
1957 485 2280 556 perﬁcienda
2311 492 2394 536 est
2423 479 2755 535 Iudaeorum.
2789 478 2949 545 Quod
2991 484 3142 533 stans
3180 487 3310 532 ante
3366 483 3449 532 al-

181 583 476 654 gaudeant.
505 579 789 649 Completa
825 578 1008 647 itaque
1049 579 1378 647 expiatione,
1423 578 1760 633 convertitur

184 674 251 729 ad
273 673 446 727 altare
476 673 746 742 incipiens
791 671 1148 740 antiphonam
1181 689 1196 723 :
1243 689 1260 721 ‹
1299 670 1543 725 Introibo
1587 670 1654 724 ad
1685 670 1765 724 al-

183 770 302 816 tare
350 760 442 815 Dei
479 760 654 830 (Psal.
682 765 842 830 xui),
887 779 906 812 ι
937 775 1062 813 cum
1120 759 1239 828 ipso
1267 760 1500 828 psalmo,
1535 758 1762 828 etquod

183 853 458 922 reliquum
492 851 658 906 fuerit
711 850 780 904 de
825 866 966 920 aqua
992 850 1412 919 purilicationis,
1464 850 1532 904 ad
1589 850 1764 904 basim

184 943 379 997 altaris
407 941 657 996 eﬁ‘undit.
691 939 897 994 Deinde
928 940 1169 1008 seipsum
1194 940 1363 994 altare
1390 940 1557 994 linteo
1586 949 1764 994 exter-

187 1035 354 1106 gitnr,
387 1032 631 1102 pontifex
657 1032 942 1087 incensum
971 1031 1145 1086 defert
1167 1046 1331 1101 super
1363 1031 1518 1086 illud.
1569 1029 1763 1086 Postea

184 1125 317 1181 facit
347 1139 565 1179 crucem
591 1124 645 1177 in
677 1123 859 1178 medio
883 1122 1093 1188 altaris,
1143 1131 1198 1176 et
1217 1137 1311 1190 per
1336 1131 1572 1192 quatuor
1594 1138 1766 1194 angu-

181 1217 268 1271 los
297 1216 417 1285 ejus
441 1216 508 1269 de
537 1215 657 1268 oleo
688 1212 1050 1268 sanctiﬁcato.
1087 1211 1292 1266 Deinde
1321 1211 1376 1265 in
1415 1213 1647 1268 circuitu
1677 1229 1767 1268 ec-

187 1305 373 1360 clesize
404 1295 692 1358 duodecim
735 1317 926 1356 cruces
946 1301 1319 1356 'chrismantur
1366 1302 1420 1356 in
1470 1304 1766 1372 parietibus

184 1394 254 1447 ab
287 1395 406 1462 ipso
434 1393 709 1462 pontilice,
741 1401 852 1446 tres
885 1407 980 1461 per
1008 1391 1251 1460 singulos
1274 1391 1536 1462 ﬁguratae.
1565 1393 1766 1447 ﬂevere

194 1500 292 1537 sus
340 1484 536 1538 deinde
573 1485 683 1537 itur
727 1483 796 1536 ad
845 1483 1016 1536 altare
1049 1494 1369 1550 accensum,
1419 1485 1547 1539 thus
1602 1500 1768 1554 super

186 1572 323 1625 illud
361 1570 518 1625 offert
543 1571 595 1624 in
625 1570 847 1624 modum
877 1569 1078 1636 crucis,
1109 1581 1162 1625 et
1189 1573 1267 1626 sic
1293 1583 1510 1644 peracta
1533 1573 1769 1643 denique

186 1664 630 1730 consecratione,
656 1663 836 1732 ipsum
865 1663 1036 1717 altare
1063 1663 1200 1718 albis
1241 1664 1604 1720 velaminihus
1633 1677 1766 1735 ope-

184 1756 348 1811 ritur.
390 1755 516 1809 ilice
543 1756 610 1810 de
646 1755 846 1811 visibili
869 1755 1237 1822 dedicatione;
1277 1757 1407 1826 quid
1434 1767 1617 1813 autem
1649 1773 1767 1830 my-

186 1853 344 1908 sterii
369 1855 470 1908 ista
494 1852 804 1907 contineant
825 1849 1117 1906 videndum
1141 1859 1223 1906 est
1243 1851 1422 1907 nobis.

867 1959 1084 1999 DIVISIO.

213 2023 215 2025 ’
261 2034 433 2090 Multa
466 2036 518 2089 in
551 2037 635 2090 his
658 2035 910 2090 omnibus
936 2037 1101 2090 latent
1125 2037 1391 2107 profunda
1413 2039 1768 2110 mystcria,ex

185 2127 392 2196 qnihus
417 2144 588 2198 pauca
613 2128 677 2182 ad
708 2129 1027 2183 memoriam
1055 2129 1396 2184 excitandam
1413 2131 1764 2202 attingamus.

185 2216 397 2273 Domus
445 2219 744 2274 dedicanda
799 2221 1186 2276 san’ctiﬁcanda
1239 2223 1422 2278 anima
1477 2233 1588 2290 est;
1626 2240 1768 2295 aqua

182 2306 333 2360 enim
373 2317 455 2360 est
485 2309 824 2376 prenitentia,
881 2310 1072 2364 sordes
1126 2311 1356 2366 abluens
1397 2322 1764 2381 peccatorum.

185 2396 300 2464 Sal,
327 2413 508 2452 sermo
525 2399 742 2454 divinus
770 2399 1140 2470 increpatione
1157 2401 1412 2457 mordens
1431 2412 1484 2457 et
1506 2403 1768 2460 condiens

183 2489 350 2543 corda
383 2489 638 2560 insipida.
673 2489 838 2544 'I‘rina
873 2493 1118 2561 aSpersio
1147 2493 1289 2546 trina
1319 2494 1520 2548 mersio
1549 2503 1633 2550 est
1667 2511 1768 2565 pu-

183 2581 436 2638 riﬁcandi
468 2589 561 2652 per
588 2600 808 2654 aquam.
838 2585 1136 2639 Duodecim
1167 2586 1456 2641 luminaria
1488 2599 1614 2642 sunt
1636 2605 1768 2658 apo-

182 2673 312 2726 stoli
360 2670 659 2727 Ecelesiam
690 2689 786 2743 per
821 2682 1057 2744 quatuor
1109 2675 1297 2728 mundi
1345 2684 1528 2746 partes
1567 2677 1769 2732 illumi-

182 2774 401 2830 nantes,
427 2774 477 2818 et
511 2765 689 2819 crucis
721 2765 1040 2835 mysterium
1067 2781 1164 2836 per
1189 2775 1361 2820 totum
1387 2767 1651 2821 mundum
1681 2767 1769 2823 de-

181 2853 442 2911 ferentes.
466 2854 715 2910 Pontifex
746 2856 999 2912 Christus
1021 2869 1132 2924 est;
1169 2858 1342 2929 virga,
1377 2868 1647 2928 potestas;
1672 2860 1769 2914 tri-

185 2965 251 3002 na
286 2949 724 3018 superliminaris
771 2951 1074 3020 percussio,
1105 2952 1227 3006 coeli
1261 2961 1545 3023 terraeque,
1591 2963 1644 3008 ct
1682 2955 1767 3009 in~

185 3039 326 3096 ferni
358 3043 674 3096 dominatio.
707 3041 1068 3113 Interrogatio
1096 3043 1316 3109 inclusi,
1339 3043 1644 3113 ignorantia
1669 3060 1767 3114 po-

1867 588 1982 632 tare
2013 575 2181 630 Deum
2213 576 2265 629 in
2302 572 2633 642 adjutorium
2661 571 2900 633 invocat,
2935 567 3204 636 signiﬁcat
3231 583 3326 648 eos
3351 568 3447 638 qui

1865 677 2134 740 prazcepta
2184 665 2307 720 ﬁdei
2355 663 2664 733 cognitione
2706 678 2765 716 se
2815 659 2887 714 ad
2923 657 3064 712 bona
3101 674 3267 728 opera
3295 667 3352 712 et
3374 662 3448 712 ad

1869 763 2075 816 luctam
2115 767 2302 812 contra
2327 753 2626 809 invisibiles
2656 754 2842 807 hostes
2869 749 3200 819 accingunt;
3233 758 3288 804 et
3315 749 3446 820 quia

1867 852 1934 906 de
1960 850 2075 906 suis
2105 849 2314 902 viribus
2358 846 2544 900 minus
2599 849 2963 913 praesumunt,
3017 841 3260 896 divinum
3287 844 3447 897 auxi-

1868 941 1999 995 lium
2032 941 2134 996 sibi
2164 939 2353 994 adesse
2396 937 2716 1005 deposcunt.
2754 933 2811 986 In
2839 923 2953 999 qna
2976 932 3102 1002 quia
3118 935 3446 989 certantium

1868 1033 2022 1087 labor
2069 1031 2415 1101 exprimitur,
2447 1028 2605 1098 quasi
2661 1027 2802 1094 inter
2847 1023 3084 1095 suspiria
3113 1033 3166 1078 ct
3188 1025 3445 1094 gemitus,

1869 1125 2112 1180 nondum
2139 1121 2354 1176 alleluia
2386 1121 2719 1175 nominatur.

1939 1214 2072 1270 Post
2110 1215 2222 1268 haec
2250 1227 2393 1282 aqua
2429 1211 2766 1266 benedieitur
2813 1222 2942 1264 cum
2973 1208 3087 1263 sale
3136 1217 3194 1262 et
3241 1209 3445 1275 cinere,

1867 1306 2052 1361 addito
2079 1305 2206 1358 vino
2233 1320 2374 1374 aqua
2417 1303 2596 1356 misto.
2633 1303 2788 1370 Aqua
2816 1299 3050 1370 populus
3093 1311 3190 1363 cst,
3223 1301 3302 1354 sal
3349 1301 3452 1354 do-

1869 1397 2066 1461 ctrina,
2117 1397 2255 1450 cinis
2323 1396 2594 1464 passionis
2645 1394 2852 1448 Christi
2918 1392 3204 1457 memoria,
3260 1393 3448 1448 vinum

1865 1503 2013 1560 aqua
2049 1488 2294 1553 mistum,
2328 1501 2527 1555 corpus
2579 1484 2723 1539 Deus
2751 1493 2805 1538 et
2840 1486 3026 1538 homo.
3066 1483 3262 1538 Vinum
3310 1485 3450 1538 divi-

1871 1581 2032 1646 nitas,
2063 1594 2203 1650 aqua
2234 1577 2557 1633 mortalitas.
2592 1574 2682 1630 Sic
2744 1575 2888 1629 enim
2924 1575 3158 1644 populus
3209 1577 3451 1631 sanctiﬁ-

1871 1680 2025 1725 catur
2047 1669 2294 1725 doctrina
2325 1667 2469 1734 ﬁdei,
2497 1677 2551 1721 et
2587 1667 2849 1721 memoria
2907 1667 3182 1736 passionis
3223 1668 3449 1734 Christi,

1871 1763 2060 1820 unitos
2097 1761 2264 1831 capiti
2310 1774 2411 1816 suo
2441 1758 2550 1815 Deo
2576 1768 2629 1814 ct
2660 1757 2887 1813 homini.
2944 1759 3073 1815 Post
3122 1760 3236 1815 haec
3273 1761 3454 1816 ecclco

1873 1855 1954 1910 sia
1986 1853 2215 1908 interius
2242 1868 2383 1924 aqua
2413 1852 2746 1907 sanctiﬁcata
2774 1853 3099 1923 aspergitur,
3139 1862 3195 1908 ut
3219 1863 3272 1907 et
3303 1854 3450 1908 intus

1871 1955 1924 2001 et
1953 1947 2192 2000 exterius
2223 1945 2403 1998 anima
2435 1945 2769 2000 sanetilicata
2810 1946 3144 2000 ostendatur.
3177 1945 3450 2015 Asper-so-

1871 2039 2289 2112 rium‘hyssopi
2343 2038 2708 2094 humilitatem
2753 2039 2962 2096 Christi
3011 2040 3300 2110 signiﬁcat,
3339 2057 3447 2110 qua

1872 2146 2094 2202 aspersa
2152 2139 2340 2186 sancta
2387 2128 2686 2182 mandatur
2747 2128 3011 2186 Ecclesia.
3057 2131 3263 2184 Circuit
3311 2147 3449 2200 pou-

1869 2222 2003 2277 tifcx
2034 2221 2206 2276 altare
2248 2218 2540 2274 ecclesiam
2570 2226 2738 2272 totam
2769 2219 3123 2289 aspergendo,
3146 2221 3303 2288 quasi
3325 2235 3449 2272 oin-

1869 2331 1968 2372 nes
1985 2313 2292 2392 lustrando,
2323 2322 2377 2368 et
2404 2327 2592 2366 curam
2622 2312 2984 2381 impendendo
3004 2312 3262 2366 omnibus
3282 2312 3448 2367 verbo

1869 2416 1925 2463 et
1946 2408 2193 2477 exemplo
2224 2418 2572 2461 communem
2609 2419 2665 2458 se
2696 2404 2943 2473 prccbens
2975 2403 3284 2458 universis:
3321 2420 3449 2474 pro-

1869 2508 1989 2570 pter
2016 2498 2162 2569 quod
2206 2497 2372 2552 etiam
2402 2513 2542 2567 Opus
2587 2495 2834 2550 oratione
2878 2503 3243 2559 consummat,
3281 2511 3448 2550 orans

1870 2601 1931 2646 ut
1980 2590 2343 2644 cxaudi‘antur
2369 2589 2449 2643 ibi
2490 2591 2640 2659 justa
2692 2596 2957 2660 petentes,
2995 2588 3254 2658 quoniam
3306 2605 3448 2658 opus

1870 2683 2109 2740 hominis
2133 2683 2250 2738 sine
2278 2681 2462 2736 divino
2490 2681 2694 2738 auxilio
2719 2695 2840 2736 esse
2860 2688 3038 2750 potest
3062 2699 3073 2734 :
3104 2680 3447 2735 fructuosum

1869 2791 1990 2832 esse
2015 2790 2121 2829 non
2147 2783 2342 2844 potest.
2363 2772 2670 2829 Novissime
2687 2771 2952 2839 completa
2976 2771 3281 2840 expiatione
3306 2787 3448 2842 pon-

1869 2866 2001 2921 tifex
2039 2866 2107 2921 ad
2149 2866 2318 2920 altare
2359 2864 2716 2929 convertitur,
2749 2861 2896 2932 quod
2945 2863 3215 2932 relfqnum
3260 2871 3344 2917 est
3379 2863 3450 2917 de

1869 2974 2009 3028 aqua
2061 2957 2456 3028 puriﬁeationis
2481 2955 2546 3010 ad
2574 2955 2747 3010 basim
2798 2955 2919 3024 ejus
2961 2954 3264 3020 eﬁ‘undeus,
3288 2955 3447 3024 quasi

1869 3049 2215 3106 committens
2244 3047 2354 3102 Deo
2378 3047 2523 3116 quod
2549 3063 2713 3116 super
2733 3054 2815 3101 est
2843 3044 2984 3100 vires
3020 3061 3148 3100 suas
3175 3046 3448 3100 excedens

184 3135 325 3204 puli;
362 3135 570 3204 apertio
593 3134 741 3200 ostii,
773 3135 1009 3188 sublatio
1039 3137 1265 3205 peccati.
1309 3134 1558 3191 Pontifex
1589 3135 1768 3208 ingre-
1793 3159 1835 3216 α
1869 3141 1922 3195 in
1955 3141 2284 3211 perfectione
2322 3138 2585 3209 mysterii.
2620 3137 2825 3192 Dehinc
2854 3137 3018 3191 linteo
3053 3137 3224 3192 altare
3265 3147 3448 3191 exter-

183 3225 340 3279 diens
371 3225 657 3280 ecclesiam
705 3241 893 3296 pacem
944 3227 1161 3282 Domini
1216 3227 1585 3297 imprecatur,
1637 3230 1766 3299 quia

183 3315 442 3372 Christus
470 3316 735 3371 mundum
764 3317 1076 3388 ingrediens
1111 3328 1299 3388 pacem
1332 3319 1474 3374 inter
1507 3318 1677 3375 Deum
1713 3329 1768 3376 et

185 3408 466 3462 hominem
495 3407 646 3462 facit.
700 3403 1015 3464 Prostratus
1046 3423 1143 3477 pro
1199 3409 1630 3466 sanctiﬁcatione
1671 3411 1780 3470 (ιο-γ

184 3515 302 3555 mus
331 3509 478 3565 orat,
518 3509 571 3554 et
602 3501 856 3556 Christus
885 3501 1206 3556 humiliatus
1255 3517 1354 3571 pro
1404 3503 1689 3574 discipulis
1714 3515 1768 3560 et

181 3607 278 3661 pro
312 3592 610 3647 creditoris
631 3593 885 3646 omnibus
903 3591 1122 3646 Patrem
1147 3603 1268 3648 orat
1287 3593 1474 3649 dicens
1499 3615 1511 3649 :
1544 3615 1561 3646 ‹
1584 3595 1764 3665 Pater,

182 3683 464 3738 sanctiﬁca
487 3699 580 3738 eos
616 3684 670 3738 in
702 3685 924 3738 nomine
947 3693 1041 3738 tuo
1072 3683 1253 3754 (Joan.
1282 3686 1436 3756 xvn).
1472 3705 1489 3738 ›
1527 3686 1766 3758 Surgens

181 3784 363 3828 autem
400 3775 470 3828 ab
499 3776 745 3828 oratione
789 3775 1050 3844 populum
1088 3790 1195 3828 non
1257 3777 1478 3843 salutat,
1505 3781 1765 3848 quoniam

181 3864 272 3932 qui
301 3863 543 3919 necdum
585 3864 906 3920 sanetilicati
937 3874 1064 3919 sunt
1089 3865 1522 3934 applaudendum
1549 3883 1656 3921 non
1683 3879 1768 3924 est

179 3953 326 4024 ipsis,
366 3956 466 4010 sed
507 3957 773 4011 orandum
798 3971 895 4025 pro
934 3957 1089 4026 ipsis.
1140 3957 1444 4027 Descriptio
1471 3959 1764 4027 alphabeti,

180 4049 417 4116 simplex
445 4049 690 4103 doctrina
721 4048 843 4102 ﬁdei
864 4066 878 4114 ;
899 4047 1289 4117 pavimentum,
1316 4063 1410 4102 cor
1441 4048 1762 4104 humanum.

182 4137 236 4191 In
266 4140 586 4210 pavimento
615 4141 962 4210 alphabetum
988 4139 1336 4206 describitur,
1362 4141 1619 4210 quoniam
1646 4156 1766 4196 car-

176 4232 314 4285 nalis
343 4232 582 4301 populus
623 4233 797 4302 prima
825 4247 888 4286 ac
911 4231 1143 4300 simplici
1189 4231 1436 4285 doctrina
1494 4231 1762 4288 initiatur.

177 4320 384 4378 Ductus
421 4337 452 4376 a
488 4323 714 4376 sinistro
769 4323 968 4394 angulo
1004 4322 1230 4376 orientis
1282 4321 1338 4375 in
1384 4322 1634 4376 dextrum
1665 4338 1762 4378 oc-

175 4415 438 4480 cidentis,
477 4424 531 4469 et
584 4415 710 4469 item
739 4431 769 4469 a
796 4416 990 4470 dextro
1040 4413 1240 4484 angulo
1292 4413 1518 4468 orientis
1547 4415 1601 4468 in
1630 4415 1763 4470 sini-

1870 3235 2033 3303 gitur.
2089 3233 2272 3287 Altare
2325 3230 2580 3286 Christus
2604 3238 2708 3296 est,
2742 3244 2905 3300 super
2953 3244 3117 3298 quem
3165 3226 3448 3282 oll'erimus

1868 3322 2015 3378 Patri
2049 3334 2248 3379 nostra:
2289 3321 2592 3377 devotionis
2637 3337 2856 3376 munus.
2892 3320 3140 3375 Linteum
3172 3336 3301 3376 caro
3328 3320 3450 3389 ejus

1869 3415 2218 3470 tunsionihus
2255 3414 2529 3484 passionis
2570 3412 2637 3467 ad
2686 3413 2976 3468 candorem
3021 3412 3448 3482 incorrttptionis

1868 3507 2145 3577 perducta.
2177 3503 2461 3561 Incensum
2488 3504 2762 3558 orationes
2793 3511 3106 3556 sanctorum
3135 3503 3444 3573 signiﬁcat;

1869 3600 2051 3654 oleum
2089 3607 2268 3653 autem
2304 3597 2535 3667 gratiam
2584 3594 2823 3665 Spiritus
2870 3584 3040 3650 sancti
3091 3595 3448 3658 demonstrat,

1868 3691 2026 3760 cujus
2063 3688 2343 3760 plenitudo
2373 3689 2429 3742 in
2460 3687 2636 3757 capite
2686 3686 2981 3757 praecessit.
3038 3686 3244 3741 Dehinc
3285 3686 3450 3755 parti-

1868 3782 2066 3852 cipatio
2088 3782 2152 3836 ad
2182 3781 2424 3835 membra
2453 3779 2697 3834 deﬂuxit.
2754 3778 2979 3848 Propter
3032 3779 3136 3833 hoc
3167 3795 3197 3832 a
3233 3787 3448 3833 sacrato

1868 3875 2026 3928 altari
2060 3872 2346 3927 duodecim
2396 3885 2588 3925 cruces
2617 3869 2669 3923 in
2705 3873 3003 3940 parietibus
3056 3873 3446 3937 ehrismantnr,

1867 3967 1996 4036 quia
2050 3963 2349 4033 spiritualis
2398 3961 2570 4032 gratia
2610 3975 2639 4013 a
2668 3959 2889 4016 Christo
2936 3963 2989 4015 in
3006 3961 3306 4031 ’apostolos
3348 3963 3450 4017 de-

1868 4055 2097 4120 scendit,
2130 4062 2191 4108 ut
2227 4053 2406 4108 erucis
2462 4051 2780 4122 mysterium
2834 4066 2928 4121 per
2971 4065 3206 4122 quatuor
3259 4055 3447 4110 mundi

1867 4153 2048 4216 partes
2074 4158 2200 4198 cum
2245 4143 2350 4196 lide
2395 4139 2676 4194 Trinitatis
2731 4141 3105 4210 prtedicarent.
3137 4141 3443 4200 Candidum

1865 4237 2132 4301 velamen,
2163 4250 2273 4305 quo
2307 4241 2428 4304 post
2457 4233 2922 4287 consecrationem
2959 4233 3130 4286 altare
3179 4234 3445 4302 operitur,

1866 4327 2093 4399 gloriam
2118 4327 2538 4397 incorruptipnis
2560 4325 2826 4394 designat,
2853 4338 2958 4392 qua
2982 4333 3104 4392 post
3135 4324 3446 4393 passionem

1867 4427 2190 4488 consumpta
2217 4419 2542 4473 mortalitate
2577 4415 2704 4471 Iesu
2746 4415 3058 4469 humanitas
3107 4415 3291 4468 induta
3336 4430 3443 4482 est,

175 4514 347 4562 suum
419 4507 717 4562 occidentis
771 4506 1004 4561 formam
1055 4505 1236 4560 crucis
1278 4504 1576 4575 exprimit,
1631 4507 1758 4576 quia
1791 4507 1838 4566 D
1865 4510 2006 4566 sicut
2027 4510 2288 4580 scriptum
2315 4518 2436 4565 est:
2471 4527 2488 4560 ι
2523 4504 2853 4563 Conscidisti
2893 4522 3112 4561 saccum
3164 4518 3445 4574 meum,et

173 4600 458 4654 mentibus
485 4600 770 4657 hominum
803 4615 898 4670 per
924 4598 1084 4653 ﬁdem
1125 4597 1449 4668 evangelica:
1486 4596 1762 4667 'przedica-

175 4691 340 4746 tionis
371 4692 727 4760 imprimitur.
759 4690 823 4744 Et
849 4691 978 4761 quia
1028 4690 1265 4759 primum
1319 4689 1452 4744 ﬁdes
1479 4689 1533 4743 in
1559 4687 1762 4748 Iudaeis

174 4781 295 4850 fuit,
327 4794 384 4838 ct
409 4792 597 4854 postea
623 4783 691 4837 ad
715 4793 901 4854 gentes
927 4783 1196 4849 transivit,
1224 4791 1278 4837 et
1307 4799 1524 4838 rursum
1551 4784 1606 4838 in
1657 4787 1760 4841 ﬁne

174 4889 296 4928 cum
321 4875 610 4944 plenitudo
636 4876 876 4944 gentium
904 4875 1206 4939 intraverit,
1237 4882 1363 4928 tunc
1391 4875 1570 4931 omnis
1596 4874 1760 4932 Israel

175 4965 360 5022 salvus
391 4967 519 5020 erit.
555 4964 850 5035 L'triusque
903 4981 1049 5036 ergo
1083 4964 1269 5035 populi
1302 4964 1675 5021 collectionem
1703 4968 1759 5023 hi

173 5057 283 5112 duo
322 5073 523 5113 versus
576 5059 884 5129 signiﬁcant
910 5057 964 5110 in
1001 5059 1184 5111 crucis
1237 5055 1410 5124 efﬁgie
1466 5060 1757 5128 eompacti,

172 5149 276 5206 hoc
298 5159 390 5208 est
419 5151 567 5220 quod
601 5148 770 5205 Iacob
805 5150 944 5204 ﬁlios
997 5147 1196 5218 Ioseph
1249 5148 1593 5216 benedicens,
1623 5165 1758 5204 ean-

170 5242 386 5303 cellatis
413 5243 669 5298 manibus
697 5241 930 5296 formam
963 5240 1142 5295 crucis
1172 5240 1485 5310 exprimens
1512 5241 1756 5296 dextram

169 5349 398 5389 manum
427 5349 592 5404 super
643 5341 806 5403 caput
845 5331 1124 5402 Ephraim,
1153 5341 1206 5386 et
1268 5333 1546 5387 sinistram
1597 5348 1760 5402 super

169 5436 338 5496 caput
365 5426 620 5482 Manasse
643 5427 828 5498 posuit
858 5425 1009 5496 (Gen.
1040 5424 1253 5494 xum),
1285 5425 1434 5495 quia,
1461 5424 1626 5494 priori
1655 5440 1755 5494 po-

167 5519 300 5588 pulo
346 5518 792 5590 abjecto,junior
847 5517 914 5572 ad
969 5516 1244 5570 dexteram
1304 5516 1603 5571 collocatus
1651 5525 1752 5570 est.

166 5610 455 5666 Cambuca
497 5611 609 5665 sive
642 5610 794 5681 virga
834 5607 1124 5680 pastoralis
1149 5622 1272 5676 quae
1309 5605 1588 5677 Scriptura
1619 5605 1756 5677 ﬁgu-

165 5712 344 5768 ratur,
381 5702 703 5772 mysterium
735 5700 1006 5771 signiﬁcat
1038 5700 1346 5766 doctorum,
1375 5715 1608 5770 quorum
1641 5708 1755 5754 stu-

164 5795 254 5848 dio
281 5805 338 5851 et
378 5793 764 5864 praedicatione
794 5801 846 5849 et
867 5793 1153 5849 conversio
1205 5793 1443 5865 gentium
1478 5791 1618 5849 facta
1647 5801 1750 5861 est,

1863 4601 2267 4658 circumdedisti
2298 4616 2384 4656 me
2410 4600 2592 4656 laetitia
2619 4598 2792 4671 (Psal.
2827 4599 2998 4668 xxix).
3032 4617 3050 4650 ι

2313 4708 2582 4748 5Ε1υιο.1)Ε
2613 4706 2993 4746 DEDICA'I'IONE.

1941 4804 1957 4837 ι
1997 4785 2181 4840 Sancti
2211 4784 2468 4855 Spiritus,
2495 4783 2739 4848 Domine,
2784 4783 2945 4837 corda
2981 4791 3165 4836 nostra
3219 4783 3442 4838 mundet

1862 4876 2087 4944 inlusio,
2135 4887 2186 4932 et
2229 4877 2316 4932 sui
2371 4876 2512 4930 roris
2557 4875 2748 4928 intima
2802 4875 3117 4943 aspersione
3180 4875 3440 4930 secundet

1863 4968 2043 5037 (Orat.
2078 4966 2249 5037 misr.)
2279 4986 2296 5017 δ
2333 4965 2537 5020 Novate
2564 4963 2720 5017 vobis
2749 4965 2962 5029 novale,
2993 4973 3045 5018 et
3070 4965 3236 5021 nolite
3259 4982 3440 5024 serere

1861 5074 2028 5127 super
2060 5058 2245 5128 spinas
2273 5055 2406 5124 (Jer.
2433 5055 2530 5124 iv).
2557 5053 2822 5108 Dominus
2863 5054 2992 5110 dicit
3022 5055 3076 5109 in
3109 5054 3434 5127 Evangelio:

1865 5166 1886 5200 ε
1909 5146 2077 5201 Nemo
2095 5145 2674 5212 mittitvinumjnovum
2701 5145 2753 5199 in
2777 5151 2924 5197 utres
2937 5152 3173 5212 veteres;
3195 5147 3451 5215 alioquin

1859 5241 2207 5310 disrumpunt
2253 5249 2403 5294 utres
2459 5247 2514 5293 et
2565 5239 2752 5292 vinum
2817 5238 3142 5305 elfundetur,
3191 5248 3246 5294 et
3289 5249 3438 5295 utres

1859 5333 2135 5401 peribunt.
2191 5329 2294 5386 Sed
2351 5331 2538 5384 vinum
2581 5345 2780 5384 novum
2820 5317 2872 5383 in
2919 5339 3066 5385 utres
3111 5345 3284 5384 novos
3307 5331 3436 5384 mit-

1859 5431 2024 5488 tatur,
2053 5430 2108 5477 et
2147 5430 2378 5491 utraque
2425 5429 2714 5476 servantur
2753 5420 2972 5490 (Matth.
3006 5420 3106 5486 rx).
3142 5439 3161 5472 ι
3200 5421 3436 5489 Aliquod

1855 5514 2043 5571 vinum
2078 5517 2182 5570 hoc
2207 5515 2337 5585 agit,
2366 5525 2426 5569 ut
2450 5516 2614 5569 homo
2655 5513 2852 5583 aliquis
2881 5513 3145 5583 irrumpat
3169 5513 3222 5567 in
3253 5513 3424 5585 laery-

1859 5623 1997 5673 mas,
2020 5607 2313 5671 aliquando
2350 5617 2403 5662 et
2429 5622 2527 5662 cor
2551 5605 2792 5660 hominis
2821 5603 3074 5658 lictiﬁcat.
3113 5601 3322 5658 Novum
3347 5605 3432 5659 vi-

1859 5715 1990 5755 num
2017 5709 2102 5754 est
2123 5698 2213 5753 Dei
2239 5700 2485 5764 verbum,
2511 5697 2653 5768 quod
2680 5694 2886 5751 homini
2916 5693 3068 5762 justo
3107 5709 3320 5764 seraper
3349 5695 3435 5750 in-

1860 5791 1996 5864 gerit
2021 5805 2220 5848 novum
2253 5790 2528 5862 gaudium.
2557 5787 2776 5843 Veteres
2801 5801 2928 5841 vero
2959 5794 3108 5842 utres
3129 5794 3257 5842 sunt
3281 5802 3437 5844 ωου-
