  <div class='ocr_page' id='page_1' title='image "/cluster/home/n/w/nwhite01/storage/ocr_20150623/157/hvd.32044010248185/621.png"; bbox 0 0 3970 6448; ppageno 0'>
   <div class='ocr_carea' id='block_1_1' title="bbox 621 421 755 486">
    <p class='ocr_par' dir='ltr' id='par_1_1' title="bbox 621 421 755 486">
     <span class='ocr_line' id='line_1_1' title="bbox 621 421 755 486; baseline 0.007 -1"><span class='ocrx_word' id='word_1_1' title='bbox 621 421 755 486; x_wconf 70' lang='grc'><strong>1251</strong></span> 
     </span>
    </p>
   </div>
   <div class='ocr_carea' id='block_1_2' title="bbox 1750 417 2759 476">
    <p class='ocr_par' dir='ltr' id='par_1_2' title="bbox 1750 417 2759 476">
     <span class='ocr_line' id='line_1_2' title="bbox 1750 417 2759 476; baseline -0.004 0"><span class='ocrx_word' id='word_1_2' title='bbox 1750 421 2076 476; x_wconf 63' lang='grc' dir='ltr'>ινειικιςιιι</span> <span class='ocrx_word' id='word_1_3' title='bbox 2113 418 2404 474; x_wconf 78' lang='lat' dir='ltr'><strong>ABBATIS</strong></span> <span class='ocrx_word' id='word_1_4' title='bbox 2444 417 2500 473; x_wconf 85' lang='lat' dir='ltr'><strong>S.</strong></span> <span class='ocrx_word' id='word_1_5' title='bbox 2543 419 2759 473; x_wconf 77' lang='lat' dir='ltr'><strong>BLASll</strong></span> 
     </span>
    </p>
   </div>
   <div class='ocr_carea' id='block_1_3' title="bbox 3730 431 3839 487">
    <p class='ocr_par' dir='ltr' id='par_1_3' title="bbox 3730 431 3839 487">
     <span class='ocr_line' id='line_1_3' title="bbox 3730 431 3839 487; baseline 0.037 -3"><span class='ocrx_word' id='word_1_6' title='bbox 3730 431 3839 487; x_wconf 66' lang='lat'><strong>£232</strong></span> 
     </span>
    </p>
   </div>
   <div class='ocr_carea' id='block_1_4' title="bbox 615 531 3836 613">
    <p class='ocr_par' dir='ltr' id='par_1_4' title="bbox 615 531 3836 613">
     <span class='ocr_line' id='line_1_4' title="bbox 615 531 3836 613; baseline -0.001 -11"><span class='ocrx_word' id='word_1_7' title='bbox 615 554 703 602; x_wconf 73' lang='lat' dir='ltr'><strong>tea</strong></span> <span class='ocrx_word' id='word_1_8' title='bbox 729 540 996 607; x_wconf 78' lang='lat' dir='ltr'><strong>carnales,</strong></span> <span class='ocrx_word' id='word_1_9' title='bbox 1028 552 1148 610; x_wconf 67' lang='lat' dir='ltr'><strong>qum</strong></span> <span class='ocrx_word' id='word_1_10' title='bbox 1176 554 1241 594; x_wconf 81' lang='lat' dir='ltr'><strong>ex</strong></span> <span class='ocrx_word' id='word_1_11' title='bbox 1268 540 1406 594; x_wconf 89' lang='lat' dir='ltr'><strong>mala</strong></span> <span class='ocrx_word' id='word_1_12' title='bbox 1430 537 1767 594; x_wconf 78' lang='lat' dir='ltr'><strong>conscientia</strong></span> <span class='ocrx_word' id='word_1_13' title='bbox 1791 552 1889 591; x_wconf 89' lang='lat' dir='ltr'><strong>sua</strong></span> <span class='ocrx_word' id='word_1_14' title='bbox 1921 544 2197 590; x_wconf 74' lang='lat' dir='ltr'><strong>merentur</strong></span> <span class='ocrx_word' id='word_1_15' title='bbox 2226 538 2273 594; x_wconf 79' lang='grc' dir='ltr'><strong>Δ</strong></span> <span class='ocrx_word' id='word_1_16' title='bbox 2301 532 2611 602; x_wconf 84' lang='lat' dir='ltr'><strong>ubicunque</strong></span> <span class='ocrx_word' id='word_1_17' title='bbox 2640 545 2737 587; x_wconf 83' lang='lat' dir='ltr'><strong>vos</strong></span> <span class='ocrx_word' id='word_1_18' title='bbox 2769 531 2821 585; x_wconf 92' lang='lat' dir='ltr'><strong>in</strong></span> <span class='ocrx_word' id='word_1_19' title='bbox 2874 533 3091 589; x_wconf 84' lang='lat' dir='ltr'><strong>nomine</strong></span> <span class='ocrx_word' id='word_1_20' title='bbox 3133 533 3351 591; x_wconf 83' lang='lat' dir='ltr'><strong>Domini</strong></span> <span class='ocrx_word' id='word_1_21' title='bbox 3402 543 3836 613; x_wconf 74' lang='lat' dir='ltr'><strong>congregaveritis,</strong></span> 
     </span>
    </p>
   </div>
   <div class='ocr_carea' id='block_1_5' title="bbox 619 627 2193 699">
    <p class='ocr_par' dir='ltr' id='par_1_5' title="bbox 619 627 2193 699">
     <span class='ocr_line' id='line_1_5' title="bbox 619 627 2193 699; baseline -0.007 -7"><span class='ocrx_word' id='word_1_22' title='bbox 619 636 818 692; x_wconf 66' lang='lat' dir='ltr'><strong>animas</strong></span> <span class='ocrx_word' id='word_1_23' title='bbox 840 633 1181 689; x_wconf 84' lang='lat' dir='ltr'><strong>detrimenta.</strong></span> <span class='ocrx_word' id='word_1_24' title='bbox 1214 628 1353 685; x_wconf 77' lang='lat' dir='ltr'><strong>[line</strong></span> <span class='ocrx_word' id='word_1_25' title='bbox 1392 647 1458 685; x_wconf 77' lang='lat' dir='ltr'><strong>ex</strong></span> <span class='ocrx_word' id='word_1_26' title='bbox 1511 629 1718 685; x_wconf 88' lang='lat' dir='ltr'><strong>intimis</strong></span> <span class='ocrx_word' id='word_1_27' title='bbox 1766 627 2078 699; x_wconf 63' lang='lat' dir='ltr'><strong>praecordiis</strong></span> <span class='ocrx_word' id='word_1_28' title='bbox 2106 628 2193 682; x_wconf 74' lang='grc' dir='ltr'><strong>ὀί-</strong></span> 
     </span>
    </p>
   </div>
   <div class='ocr_carea' id='block_1_6' title="bbox 607 722 2190 787">
    <p class='ocr_par' dir='ltr' id='par_1_6' title="bbox 607 722 2190 787">
     <span class='ocr_line' id='line_1_6' title="bbox 607 722 2190 787; baseline -0.005 -5"><span class='ocrx_word' id='word_1_29' title='bbox 607 728 847 782; x_wconf 82' lang='lat' dir='ltr'><strong>cendum</strong></span> <span class='ocrx_word' id='word_1_30' title='bbox 900 725 1004 780; x_wconf 87' lang='lat' dir='ltr'><strong>erit</strong></span> <span class='ocrx_word' id='word_1_31' title='bbox 1051 724 1256 779; x_wconf 89' lang='lat' dir='ltr'><strong>nobis:</strong></span> <span class='ocrx_word' id='word_1_32' title='bbox 1293 743 1309 776; x_wconf 80' lang='grc' dir='ltr'><strong>ι</strong></span> <span class='ocrx_word' id='word_1_33' title='bbox 1342 722 1452 778; x_wconf 88' lang='lat' dir='ltr'><strong>Cor</strong></span> <span class='ocrx_word' id='word_1_34' title='bbox 1499 722 1763 777; x_wconf 90' lang='lat' dir='ltr'><strong>mundum</strong></span> <span class='ocrx_word' id='word_1_35' title='bbox 1809 737 1934 776; x_wconf 89' lang='lat' dir='ltr'><strong>crea</strong></span> <span class='ocrx_word' id='word_1_36' title='bbox 1984 737 2038 775; x_wconf 85' lang='lat' dir='ltr'><strong>in</strong></span> <span class='ocrx_word' id='word_1_37' title='bbox 2084 735 2190 787; x_wconf 91' lang='lat' dir='ltr'><strong>me,</strong></span> 
     </span>
    </p>
   </div>
   <div class='ocr_carea' id='block_1_7' title="bbox 619 814 2193 893">
    <p class='ocr_par' dir='ltr' id='par_1_7' title="bbox 619 814 2193 893">
     <span class='ocr_line' id='line_1_7' title="bbox 619 814 2193 893; baseline -0.003 -21"><span class='ocrx_word' id='word_1_38' title='bbox 619 818 761 873; x_wconf 86' lang='lat' dir='ltr'><strong>Deus</strong></span> <span class='ocrx_word' id='word_1_39' title='bbox 786 814 959 888; x_wconf 73' lang='lat' dir='ltr'><strong>(Paul.</strong></span> <span class='ocrx_word' id='word_1_40' title='bbox 993 818 1110 893; x_wconf 71' lang='lat' dir='ltr'><strong>ut).</strong></span> <span class='ocrx_word' id='word_1_41' title='bbox 1149 841 1168 867; x_wconf 72' lang='grc' dir='ltr'><strong>ι</strong></span> <span class='ocrx_word' id='word_1_42' title='bbox 1205 814 1263 869; x_wconf 88' lang='lat' dir='ltr'><strong>Si</strong></span> <span class='ocrx_word' id='word_1_43' title='bbox 1313 826 1495 871; x_wconf 88' lang='lat' dir='ltr'><strong>autem</strong></span> <span class='ocrx_word' id='word_1_44' title='bbox 1537 816 1785 870; x_wconf 82' lang='lat' dir='ltr'><strong>conversi</strong></span> <span class='ocrx_word' id='word_1_45' title='bbox 1828 814 2060 879; x_wconf 88' lang='lat' dir='ltr'><strong>fueritis,</strong></span> <span class='ocrx_word' id='word_1_46' title='bbox 2106 829 2193 868; x_wconf 90' lang='lat' dir='ltr'><strong>re-</strong></span> 
     </span>
    </p>
   </div>
   <div class='ocr_carea' id='block_1_8' title="bbox 613 904 2188 977">
    <p class='ocr_par' dir='ltr' id='par_1_8' title="bbox 613 904 2188 977">
     <span class='ocr_line' id='line_1_8' title="bbox 613 904 2188 977; baseline -0.002 -16"><span class='ocrx_word' id='word_1_47' title='bbox 613 917 873 977; x_wconf 84' lang='lat' dir='ltr'><strong>ctumque</strong></span> <span class='ocrx_word' id='word_1_48' title='bbox 917 922 1013 962; x_wconf 92' lang='lat' dir='ltr'><strong>cor</strong></span> <span class='ocrx_word' id='word_1_49' title='bbox 1051 906 1418 977; x_wconf 83' lang='lat' dir='ltr'><strong>acquisieritis</strong></span> <span class='ocrx_word' id='word_1_50' title='bbox 1446 907 1501 962; x_wconf 91' lang='lat' dir='ltr'><strong>in</strong></span> <span class='ocrx_word' id='word_1_51' title='bbox 1534 906 1816 976; x_wconf 61' lang='lat' dir='ltr'><strong>praeceptis</strong></span> <span class='ocrx_word' id='word_1_52' title='bbox 1868 904 2188 969; x_wconf 89' lang='lat' dir='ltr'><strong>Dominicis,</strong></span> 
     </span>
    </p>
   </div>
   <div class='ocr_carea' id='block_1_9' title="bbox 556 995 2193 1067">
    <p class='ocr_par' dir='ltr' id='par_1_9' title="bbox 556 995 2193 1067">
     <span class='ocr_line' id='line_1_9' title="bbox 556 995 2193 1067; baseline -0.002 -14"><span class='ocrx_word' id='word_1_53' title='bbox 556 1032 563 1047; x_wconf 77' lang='grc' dir='ltr'><strong>ι</strong></span> <span class='ocrx_word' id='word_1_54' title='bbox 594 998 873 1057; x_wconf 74' lang='lat' dir='ltr'><strong>-~continuo</strong></span> <span class='ocrx_word' id='word_1_55' title='bbox 905 999 1007 1053; x_wconf 88' lang='lat' dir='ltr'><strong>hoc</strong></span> <span class='ocrx_word' id='word_1_56' title='bbox 1040 997 1366 1067; x_wconf 88' lang='lat' dir='ltr'><strong>adimpletur</strong></span> <span class='ocrx_word' id='word_1_57' title='bbox 1412 997 1469 1052; x_wconf 91' lang='lat' dir='ltr'><strong>in</strong></span> <span class='ocrx_word' id='word_1_58' title='bbox 1490 996 1676 1053; x_wconf 90' lang='lat' dir='ltr'><strong>vobis:</strong></span> <span class='ocrx_word' id='word_1_59' title='bbox 1706 995 1866 1051; x_wconf 79' lang='lat' dir='ltr'><strong>Verte</strong></span> <span class='ocrx_word' id='word_1_60' title='bbox 1891 996 2109 1066; x_wconf 90' lang='lat' dir='ltr'><strong>impios.</strong></span> <span class='ocrx_word' id='word_1_61' title='bbox 2137 1003 2193 1050; x_wconf 92' lang='lat' dir='ltr'><strong>et</strong></span> 
     </span>
    </p>
   </div>
   <div class='ocr_carea' id='block_1_10' title="bbox 602 1088 2192 1161">
    <p class='ocr_par' dir='ltr' id='par_1_10' title="bbox 602 1088 2192 1161">
     <span class='ocr_line' id='line_1_10' title="bbox 602 1088 2192 1161; baseline -0.002 -16"><span class='ocrx_word' id='word_1_62' title='bbox 602 1104 721 1146; x_wconf 63' lang='lat' dir='ltr'><strong>non</strong></span> <span class='ocrx_word' id='word_1_63' title='bbox 744 1100 906 1145; x_wconf 87' lang='lat' dir='ltr'><strong>erunt</strong></span> <span class='ocrx_word' id='word_1_64' title='bbox 932 1090 1103 1161; x_wconf 89' lang='lat' dir='ltr'><strong>impii,</strong></span> <span class='ocrx_word' id='word_1_65' title='bbox 1127 1099 1327 1145; x_wconf 88' lang='lat' dir='ltr'><strong>etcum</strong></span> <span class='ocrx_word' id='word_1_66' title='bbox 1364 1089 1584 1145; x_wconf 92' lang='lat' dir='ltr'><strong>demum</strong></span> <span class='ocrx_word' id='word_1_67' title='bbox 1623 1089 1787 1149; x_wconf 87' lang='lat' dir='ltr'><strong>corda</strong></span> <span class='ocrx_word' id='word_1_68' title='bbox 1845 1099 2031 1144; x_wconf 89' lang='lat' dir='ltr'><strong>nostra</strong></span> <span class='ocrx_word' id='word_1_69' title='bbox 2078 1088 2192 1145; x_wconf 85' lang='lat' dir='ltr'><strong>elli-</strong></span> 
     </span>
    </p>
   </div>
   <div class='ocr_carea' id='block_1_11' title="bbox 552 1174 2191 1252">
    <p class='ocr_par' dir='ltr' id='par_1_11' title="bbox 552 1174 2191 1252">
     <span class='ocr_line' id='line_1_11' title="bbox 552 1174 2191 1252; baseline -0.002 -13"><span class='ocrx_word' id='word_1_70' title='bbox 552 1211 561 1221; x_wconf 76' lang='grc' dir='ltr'><strong>ι</strong></span> <span class='ocrx_word' id='word_1_71' title='bbox 610 1174 832 1239; x_wconf 80' lang='lat' dir='ltr'><strong>ciuntur</strong></span> <span class='ocrx_word' id='word_1_72' title='bbox 853 1199 1014 1249; x_wconf 89' lang='lat' dir='ltr'><strong>nova,</strong></span> <span class='ocrx_word' id='word_1_73' title='bbox 1044 1197 1355 1252; x_wconf 91' lang='lat' dir='ltr'><strong>novumque</strong></span> <span class='ocrx_word' id='word_1_74' title='bbox 1390 1182 1702 1237; x_wconf 89' lang='lat' dir='ltr'><strong>retinebunt</strong></span> <span class='ocrx_word' id='word_1_75' title='bbox 1728 1183 1936 1236; x_wconf 89' lang='lat' dir='ltr'><strong>vinum.</strong></span> <span class='ocrx_word' id='word_1_76' title='bbox 1991 1201 2009 1233; x_wconf 77' lang='grc' dir='ltr'><strong>ι</strong></span> <span class='ocrx_word' id='word_1_77' title='bbox 2045 1180 2191 1236; x_wconf 86' lang='lat' dir='ltr'><strong>Fun-</strong></span> 
     </span>
    </p>
   </div>
   <div class='ocr_carea' id='block_1_12' title="bbox 609 1273 2190 1345">
    <p class='ocr_par' dir='ltr' id='par_1_12' title="bbox 609 1273 2190 1345">
     <span class='ocr_line' id='line_1_12' title="bbox 609 1273 2190 1345; baseline -0.002 -14"><span class='ocrx_word' id='word_1_78' title='bbox 609 1277 863 1331; x_wconf 83' lang='lat' dir='ltr'><strong>damenta</strong></span> <span class='ocrx_word' id='word_1_79' title='bbox 889 1276 1010 1345; x_wconf 83' lang='lat' dir='ltr'><strong>ejus</strong></span> <span class='ocrx_word' id='word_1_80' title='bbox 1036 1275 1088 1329; x_wconf 93' lang='lat' dir='ltr'><strong>in</strong></span> <span class='ocrx_word' id='word_1_81' title='bbox 1112 1275 1391 1329; x_wconf 73' lang='lat' dir='ltr'><strong>montibus</strong></span> <span class='ocrx_word' id='word_1_82' title='bbox 1428 1275 1658 1340; x_wconf 77' lang='lat' dir='ltr'><strong>sanctis,</strong></span> <span class='ocrx_word' id='word_1_83' title='bbox 1696 1273 1872 1344; x_wconf 77' lang='lat' dir='ltr'><strong>diligit</strong></span> <span class='ocrx_word' id='word_1_84' title='bbox 1924 1273 2190 1329; x_wconf 84' lang='lat' dir='ltr'><strong>Dominus</strong></span> 
     </span>
    </p>
   </div>
   <div class='ocr_carea' id='block_1_13' title="bbox 607 1362 2184 1437">
    <p class='ocr_par' dir='ltr' id='par_1_13' title="bbox 607 1362 2184 1437">
     <span class='ocr_line' id='line_1_13' title="bbox 607 1362 2184 1437; baseline -0.003 -16"><span class='ocrx_word' id='word_1_85' title='bbox 607 1377 796 1437; x_wconf 81' lang='lat' dir='ltr'><strong>portas</strong></span> <span class='ocrx_word' id='word_1_86' title='bbox 825 1366 957 1422; x_wconf 89' lang='lat' dir='ltr'><strong>Sion</strong></span> <span class='ocrx_word' id='word_1_87' title='bbox 1010 1382 1174 1436; x_wconf 84' lang='lat' dir='ltr'><strong>super</strong></span> <span class='ocrx_word' id='word_1_88' title='bbox 1203 1366 1385 1419; x_wconf 81' lang='lat' dir='ltr'><strong>omnia</strong></span> <span class='ocrx_word' id='word_1_89' title='bbox 1417 1366 1763 1420; x_wconf 88' lang='lat' dir='ltr'><strong>tabernacula</strong></span> <span class='ocrx_word' id='word_1_90' title='bbox 1813 1362 1982 1419; x_wconf 79' lang='lat' dir='ltr'><strong>Jacob</strong></span> <span class='ocrx_word' id='word_1_91' title='bbox 2014 1362 2184 1433; x_wconf 75' lang='grc' dir='ltr'><strong>(Ρδαι.</strong></span> 
     </span>
    </p>
   </div>
   <div class='ocr_carea' id='block_1_14' title="bbox 547 1455 2190 1529">
    <p class='ocr_par' dir='ltr' id='par_1_14' title="bbox 547 1455 2190 1529">
     <span class='ocr_line' id='line_1_14' title="bbox 547 1455 2190 1529; baseline -0.004 -15"><span class='ocrx_word' id='word_1_92' title='bbox 547 1480 553 1484; x_wconf 92' lang='grc'>·</span> <span class='ocrx_word' id='word_1_93' title='bbox 606 1461 852 1529; x_wconf 77' lang='grc' dir='ltr'>ιιιιινι).</span> <span class='ocrx_word' id='word_1_94' title='bbox 886 1479 905 1511; x_wconf 73' lang='grc' dir='ltr'><strong>ι</strong></span> <span class='ocrx_word' id='word_1_95' title='bbox 942 1457 1315 1512; x_wconf 76' lang='lat' dir='ltr'><strong>Fundamenta</strong></span> <span class='ocrx_word' id='word_1_96' title='bbox 1376 1455 1633 1511; x_wconf 70' lang='lat' dir='ltr'><strong>Ecclesia:</strong></span> <span class='ocrx_word' id='word_1_97' title='bbox 1680 1456 1854 1511; x_wconf 84' lang='lat' dir='ltr'><strong>sancti</strong></span> <span class='ocrx_word' id='word_1_98' title='bbox 1891 1462 2018 1509; x_wconf 89' lang='lat' dir='ltr'><strong>sunt</strong></span> <span class='ocrx_word' id='word_1_99' title='bbox 2063 1469 2190 1524; x_wconf 75' lang='lat' dir='ltr'><strong>pro-</strong></span> 
     </span>
    </p>
   </div>
   <div class='ocr_carea' id='block_1_15' title="bbox 545 1545 2188 1620">
    <p class='ocr_par' dir='ltr' id='par_1_15' title="bbox 545 1545 2188 1620">
     <span class='ocr_line' id='line_1_15' title="bbox 545 1545 2188 1620; baseline -0.002 -15"><span class='ocrx_word' id='word_1_100' title='bbox 545 1570 551 1575; x_wconf 76' lang='grc'><em>’</em></span> <span class='ocrx_word' id='word_1_101' title='bbox 606 1551 801 1620; x_wconf 59' lang='lat' dir='ltr'><strong>pheta},</strong></span> <span class='ocrx_word' id='word_1_102' title='bbox 858 1548 1143 1603; x_wconf 77' lang='lat' dir='ltr'><strong>duodecim</strong></span> <span class='ocrx_word' id='word_1_103' title='bbox 1168 1546 1339 1602; x_wconf 91' lang='lat' dir='ltr'><strong>sancti</strong></span> <span class='ocrx_word' id='word_1_104' title='bbox 1372 1545 1624 1615; x_wconf 84' lang='lat' dir='ltr'><strong>apostoli,</strong></span> <span class='ocrx_word' id='word_1_105' title='bbox 1656 1561 1756 1600; x_wconf 91' lang='lat' dir='ltr'><strong>nec</strong></span> <span class='ocrx_word' id='word_1_106' title='bbox 1786 1560 1892 1599; x_wconf 92' lang='lat' dir='ltr'><strong>non</strong></span> <span class='ocrx_word' id='word_1_107' title='bbox 1923 1555 1976 1599; x_wconf 92' lang='lat' dir='ltr'><strong>et</strong></span> <span class='ocrx_word' id='word_1_108' title='bbox 1998 1555 2188 1601; x_wconf 88' lang='lat' dir='ltr'><strong>saneta</strong></span> 
     </span>
    </p>
   </div>
   <div class='ocr_carea' id='block_1_16' title="bbox 550 1634 2187 1706">
    <p class='ocr_par' dir='ltr' id='par_1_16' title="bbox 550 1634 2187 1706">
     <span class='ocr_line' id='line_1_16' title="bbox 550 1634 2187 1706; baseline -0.004 -10"><span class='ocrx_word' id='word_1_109' title='bbox 550 1678 554 1687; x_wconf 66' lang='grc' dir='ltr'><strong><em>η</em></strong></span> <span class='ocrx_word' id='word_1_110' title='bbox 605 1640 856 1696; x_wconf 79' lang='lat' dir='ltr'><strong>doctrina</strong></span> <span class='ocrx_word' id='word_1_111' title='bbox 886 1654 949 1693; x_wconf 81' lang='lat' dir='ltr'><strong>ex</strong></span> <span class='ocrx_word' id='word_1_112' title='bbox 980 1653 1074 1692; x_wconf 90' lang='lat' dir='ltr'><strong>ore</strong></span> <span class='ocrx_word' id='word_1_113' title='bbox 1099 1652 1288 1691; x_wconf 89' lang='lat' dir='ltr'><strong>eorum</strong></span> <span class='ocrx_word' id='word_1_114' title='bbox 1317 1636 1547 1706; x_wconf 85' lang='lat' dir='ltr'><strong>prolata.</strong></span> <span class='ocrx_word' id='word_1_115' title='bbox 1584 1634 1759 1689; x_wconf 64' lang='lat' dir='ltr'><strong>Porta:</strong></span> <span class='ocrx_word' id='word_1_116' title='bbox 1788 1649 2008 1704; x_wconf 89' lang='lat' dir='ltr'><strong>quoque</strong></span> <span class='ocrx_word' id='word_1_117' title='bbox 2059 1650 2187 1689; x_wconf 88' lang='lat' dir='ltr'><strong>san-</strong></span> 
     </span>
    </p>
   </div>
   <div class='ocr_carea' id='block_1_17' title="bbox 596 1728 2188 1799">
    <p class='ocr_par' dir='ltr' id='par_1_17' title="bbox 596 1728 2188 1799">
     <span class='ocr_line' id='line_1_17' title="bbox 596 1728 2188 1799; baseline -0.004 -12"><span class='ocrx_word' id='word_1_118' title='bbox 596 1741 704 1788; x_wconf 81' lang='lat' dir='ltr'><strong>ctae</strong></span> <span class='ocrx_word' id='word_1_119' title='bbox 727 1731 1001 1796; x_wconf 60' lang='lat' dir='ltr'><strong>Ecclesiae,</strong></span> <span class='ocrx_word' id='word_1_120' title='bbox 1027 1744 1149 1799; x_wconf 69' lang='lat' dir='ltr'><strong>qua:</strong></span> <span class='ocrx_word' id='word_1_121' title='bbox 1185 1728 1278 1781; x_wconf 90' lang='lat' dir='ltr'><strong>Dei</strong></span> <span class='ocrx_word' id='word_1_122' title='bbox 1318 1728 1677 1797; x_wconf 84' lang='lat' dir='ltr'><strong>omnipotenti</strong></span> <span class='ocrx_word' id='word_1_123' title='bbox 1728 1728 2008 1783; x_wconf 87' lang='lat' dir='ltr'><strong>chariores</strong></span> <span class='ocrx_word' id='word_1_124' title='bbox 2060 1737 2188 1783; x_wconf 88' lang='lat' dir='ltr'><strong>sunt</strong></span> 
     </span>
    </p>
   </div>
   <div class='ocr_carea' id='block_1_18' title="bbox 604 1819 2186 1890">
    <p class='ocr_par' dir='ltr' id='par_1_18' title="bbox 604 1819 2186 1890">
     <span class='ocr_line' id='line_1_18' title="bbox 604 1819 2186 1890; baseline -0.002 -12"><span class='ocrx_word' id='word_1_125' title='bbox 604 1824 862 1879; x_wconf 86' lang='lat' dir='ltr'><strong>omnibus</strong></span> <span class='ocrx_word' id='word_1_126' title='bbox 916 1822 971 1877; x_wconf 92' lang='lat' dir='ltr'><strong>in</strong></span> <span class='ocrx_word' id='word_1_127' title='bbox 1016 1820 1196 1876; x_wconf 86' lang='lat' dir='ltr'><strong>Veteri</strong></span> <span class='ocrx_word' id='word_1_128' title='bbox 1251 1819 1601 1874; x_wconf 89' lang='lat' dir='ltr'><strong>Testamento</strong></span> <span class='ocrx_word' id='word_1_129' title='bbox 1649 1819 2028 1890; x_wconf 77' lang='lat' dir='ltr'><strong>przeliguratis.</strong></span> <span class='ocrx_word' id='word_1_130' title='bbox 2059 1830 2186 1875; x_wconf 91' lang='lat' dir='ltr'><strong>sunt</strong></span> 
     </span>
    </p>
   </div>
   <div class='ocr_carea' id='block_1_19' title="bbox 2301 623 3839 693">
    <p class='ocr_par' dir='ltr' id='par_1_19' title="bbox 2301 623 3839 693">
     <span class='ocr_line' id='line_1_19' title="bbox 2301 623 3839 693; baseline 0.008 -17"><span class='ocrx_word' id='word_1_131' title='bbox 2301 631 2360 677; x_wconf 93' lang='lat' dir='ltr'><strong>ut</strong></span> <span class='ocrx_word' id='word_1_132' title='bbox 2386 623 2600 677; x_wconf 84' lang='lat' dir='ltr'><strong>beatius</strong></span> <span class='ocrx_word' id='word_1_133' title='bbox 2627 623 2855 678; x_wconf 77' lang='lat' dir='ltr'><strong>veniatis</strong></span> <span class='ocrx_word' id='word_1_134' title='bbox 2884 625 2949 677; x_wconf 87' lang='lat' dir='ltr'><strong>ad</strong></span> <span class='ocrx_word' id='word_1_135' title='bbox 2987 639 3303 693; x_wconf 88' lang='lat' dir='ltr'><strong>supremum</strong></span> <span class='ocrx_word' id='word_1_136' title='bbox 3350 626 3496 680; x_wconf 92' lang='lat' dir='ltr'><strong>diem</strong></span> <span class='ocrx_word' id='word_1_137' title='bbox 3533 637 3839 689; x_wconf 84' lang='lat' dir='ltr'><strong>resurrectio-</strong></span> 
     </span>
    </p>
   </div>
   <div class='ocr_carea' id='block_1_20' title="bbox 2298 713 3836 787">
    <p class='ocr_par' dir='ltr' id='par_1_20' title="bbox 2298 713 3836 787">
     <span class='ocr_line' id='line_1_20' title="bbox 2298 713 3836 787; baseline 0.008 -20"><span class='ocrx_word' id='word_1_138' title='bbox 2298 715 2403 769; x_wconf 86' lang='lat' dir='ltr'><strong>nis.</strong></span> <span class='ocrx_word' id='word_1_139' title='bbox 2438 713 2680 783; x_wconf 88' lang='lat' dir='ltr'><strong>Denique</strong></span> <span class='ocrx_word' id='word_1_140' title='bbox 2716 723 2769 769; x_wconf 92' lang='lat' dir='ltr'><strong>et</strong></span> <span class='ocrx_word' id='word_1_141' title='bbox 2791 714 2843 768; x_wconf 89' lang='lat' dir='ltr'><strong>id</strong></span> <span class='ocrx_word' id='word_1_142' title='bbox 2868 716 3145 784; x_wconf 84' lang='lat' dir='ltr'><strong>providete</strong></span> <span class='ocrx_word' id='word_1_143' title='bbox 3172 716 3228 770; x_wconf 87' lang='lat' dir='ltr'><strong>in</strong></span> <span class='ocrx_word' id='word_1_144' title='bbox 3255 716 3761 787; x_wconf 86' lang='lat' dir='ltr'><strong>frcquentationibus</strong></span> <span class='ocrx_word' id='word_1_145' title='bbox 3783 728 3836 781; x_wconf 87' lang='lat' dir='ltr'><strong>ab</strong></span> 
     </span>
    </p>
   </div>
   <div class='ocr_carea' id='block_1_21' title="bbox 2298 805 3833 879">
    <p class='ocr_par' dir='ltr' id='par_1_21' title="bbox 2298 805 3833 879">
     <span class='ocr_line' id='line_1_21' title="bbox 2298 805 3833 879; baseline 0.007 -20"><span class='ocrx_word' id='word_1_146' title='bbox 2298 806 2431 859; x_wconf 86' lang='lat' dir='ltr'><strong>hora</strong></span> <span class='ocrx_word' id='word_1_147' title='bbox 2462 807 2515 859; x_wconf 89' lang='lat' dir='ltr'><strong>in</strong></span> <span class='ocrx_word' id='word_1_148' title='bbox 2548 807 2756 872; x_wconf 84' lang='lat' dir='ltr'><strong>horam,</strong></span> <span class='ocrx_word' id='word_1_149' title='bbox 2781 806 2847 860; x_wconf 89' lang='lat' dir='ltr'><strong>de</strong></span> <span class='ocrx_word' id='word_1_150' title='bbox 2876 805 2962 859; x_wconf 89' lang='lat' dir='ltr'><strong>die</strong></span> <span class='ocrx_word' id='word_1_151' title='bbox 3000 807 3053 860; x_wconf 93' lang='lat' dir='ltr'><strong>in</strong></span> <span class='ocrx_word' id='word_1_152' title='bbox 3089 807 3233 861; x_wconf 88' lang='lat' dir='ltr'><strong>diem</strong></span> <span class='ocrx_word' id='word_1_153' title='bbox 3271 825 3444 879; x_wconf 89' lang='lat' dir='ltr'><strong>usque</strong></span> <span class='ocrx_word' id='word_1_154' title='bbox 3465 810 3533 863; x_wconf 90' lang='lat' dir='ltr'><strong>ad</strong></span> <span class='ocrx_word' id='word_1_155' title='bbox 3562 826 3746 868; x_wconf 82' lang='lat' dir='ltr'><strong>cornua</strong></span> <span class='ocrx_word' id='word_1_156' title='bbox 3769 817 3833 870; x_wconf 84' lang='lat' dir='ltr'><strong>al-</strong></span> 
     </span>
    </p>
   </div>
   <div class='ocr_carea' id='block_1_22' title="bbox 2297 895 3831 975">
    <p class='ocr_par' dir='ltr' id='par_1_22' title="bbox 2297 895 3831 975">
     <span class='ocr_line' id='line_1_22' title="bbox 2297 895 3831 975; baseline 0.005 -25"><span class='ocrx_word' id='word_1_157' title='bbox 2297 896 2449 951; x_wconf 88' lang='lat' dir='ltr'><strong>taris.</strong></span> <span class='ocrx_word' id='word_1_158' title='bbox 2489 895 2602 951; x_wconf 85' lang='lat' dir='ltr'><strong>lloc</strong></span> <span class='ocrx_word' id='word_1_159' title='bbox 2627 895 2797 951; x_wconf 89' lang='lat' dir='ltr'><strong>altare</strong></span> <span class='ocrx_word' id='word_1_160' title='bbox 2818 904 2901 950; x_wconf 90' lang='lat' dir='ltr'><strong>est</strong></span> <span class='ocrx_word' id='word_1_161' title='bbox 2931 896 3048 965; x_wconf 88' lang='lat' dir='ltr'><strong>ipse</strong></span> <span class='ocrx_word' id='word_1_162' title='bbox 3069 895 3345 962; x_wconf 89' lang='lat' dir='ltr'><strong>Christus,</strong></span> <span class='ocrx_word' id='word_1_163' title='bbox 3378 898 3471 968; x_wconf 85' lang='lat' dir='ltr'><strong>qui</strong></span> <span class='ocrx_word' id='word_1_164' title='bbox 3508 898 3560 953; x_wconf 89' lang='lat' dir='ltr'><strong>in</strong></span> <span class='ocrx_word' id='word_1_165' title='bbox 3588 916 3732 957; x_wconf 87' lang='lat' dir='ltr'><strong>cruce</strong></span> <span class='ocrx_word' id='word_1_166' title='bbox 3755 921 3831 975; x_wconf 87' lang='lat' dir='ltr'><strong>pro</strong></span> 
     </span>
    </p>
   </div>
   <div class='ocr_carea' id='block_1_23' title="bbox 2294 987 3827 1057">
    <p class='ocr_par' dir='ltr' id='par_1_23' title="bbox 2294 987 3827 1057">
     <span class='ocr_line' id='line_1_23' title="bbox 2294 987 3827 1057; baseline 0.006 -15"><span class='ocrx_word' id='word_1_167' title='bbox 2294 988 2455 1043; x_wconf 85' lang='lat' dir='ltr'><strong>nobis</strong></span> <span class='ocrx_word' id='word_1_168' title='bbox 2481 989 2675 1042; x_wconf 81' lang='lat' dir='ltr'><strong>obtulit</strong></span> <span class='ocrx_word' id='word_1_169' title='bbox 2700 988 2931 1057; x_wconf 88' lang='lat' dir='ltr'><strong>pretium</strong></span> <span class='ocrx_word' id='word_1_170' title='bbox 2964 987 3048 1040; x_wconf 87' lang='lat' dir='ltr'><strong>sui</strong></span> <span class='ocrx_word' id='word_1_171' title='bbox 3094 989 3236 1044; x_wconf 89' lang='lat' dir='ltr'><strong>sacri</strong></span> <span class='ocrx_word' id='word_1_172' title='bbox 3276 991 3514 1044; x_wconf 89' lang='lat' dir='ltr'><strong>cruoris.</strong></span> <span class='ocrx_word' id='word_1_173' title='bbox 3545 990 3739 1048; x_wconf 82' lang='lat' dir='ltr'><strong>Cornua</strong></span> <span class='ocrx_word' id='word_1_174' title='bbox 3783 999 3827 1051; x_wconf 90' lang='lat' dir='ltr'><strong>in</strong></span> 
     </span>
    </p>
   </div>
   <div class='ocr_carea' id='block_1_24' title="bbox 2293 1077 3829 1150">
    <p class='ocr_par' dir='ltr' id='par_1_24' title="bbox 2293 1077 3829 1150">
     <span class='ocr_line' id='line_1_24' title="bbox 2293 1077 3829 1150; baseline 0.002 -16"><span class='ocrx_word' id='word_1_175' title='bbox 2293 1080 2545 1135; x_wconf 88' lang='lat' dir='ltr'><strong>manibus</strong></span> <span class='ocrx_word' id='word_1_176' title='bbox 2562 1082 2678 1149; x_wconf 81' lang='lat' dir='ltr'><strong>ejus</strong></span> <span class='ocrx_word' id='word_1_177' title='bbox 2701 1077 2932 1150; x_wconf 80' lang='lat' dir='ltr'><strong>(Habac.</strong></span> <span class='ocrx_word' id='word_1_178' title='bbox 2955 1078 3060 1146; x_wconf 83' lang='lat' dir='ltr'><strong>ut),</strong></span> <span class='ocrx_word' id='word_1_179' title='bbox 3085 1079 3269 1135; x_wconf 84' lang='lat' dir='ltr'><strong>clavos</strong></span> <span class='ocrx_word' id='word_1_180' title='bbox 3286 1081 3488 1150; x_wconf 84' lang='lat' dir='ltr'><strong>quibus</strong></span> <span class='ocrx_word' id='word_1_181' title='bbox 3505 1098 3686 1139; x_wconf 84' lang='lat' dir='ltr'><strong>manus</strong></span> <span class='ocrx_word' id='word_1_182' title='bbox 3708 1099 3829 1144; x_wconf 79' lang='lat' dir='ltr'><strong>erant</strong></span> 
     </span>
    </p>
   </div>
   <div class='ocr_carea' id='block_1_25' title="bbox 2293 1168 3828 1239">
    <p class='ocr_par' dir='ltr' id='par_1_25' title="bbox 2293 1168 3828 1239">
     <span class='ocr_line' id='line_1_25' title="bbox 2293 1168 3828 1239; baseline 0.007 -15"><span class='ocrx_word' id='word_1_183' title='bbox 2293 1170 2567 1224; x_wconf 66' lang='lat' dir='ltr'><strong>transfixw</strong></span> <span class='ocrx_word' id='word_1_184' title='bbox 2603 1170 2886 1238; x_wconf 82' lang='lat' dir='ltr'><strong>designant</strong></span> <span class='ocrx_word' id='word_1_185' title='bbox 2912 1168 2969 1222; x_wconf 87' lang='lat' dir='ltr'><strong>in</strong></span> <span class='ocrx_word' id='word_1_186' title='bbox 2992 1170 3177 1225; x_wconf 90' lang='lat' dir='ltr'><strong>erucis</strong></span> <span class='ocrx_word' id='word_1_187' title='bbox 3224 1171 3486 1239; x_wconf 85' lang='lat' dir='ltr'><strong>patibulo.</strong></span> <span class='ocrx_word' id='word_1_188' title='bbox 3529 1170 3828 1234; x_wconf 79' lang='lat' dir='ltr'><strong>Orationibus</strong></span> 
     </span>
    </p>
   </div>
   <div class='ocr_carea' id='block_1_26' title="bbox 2292 1260 3829 1332">
    <p class='ocr_par' dir='ltr' id='par_1_26' title="bbox 2292 1260 3829 1332">
     <span class='ocr_line' id='line_1_26' title="bbox 2292 1260 3829 1332; baseline 0.005 -17"><span class='ocrx_word' id='word_1_189' title='bbox 2292 1261 2498 1331; x_wconf 85' lang='lat' dir='ltr'><strong>itaque,</strong></span> <span class='ocrx_word' id='word_1_190' title='bbox 2527 1260 2754 1330; x_wconf 84' lang='lat' dir='ltr'><strong>jejuniis</strong></span> <span class='ocrx_word' id='word_1_191' title='bbox 2791 1268 2844 1314; x_wconf 91' lang='lat' dir='ltr'><strong>et</strong></span> <span class='ocrx_word' id='word_1_192' title='bbox 2874 1260 3144 1326; x_wconf 84' lang='lat' dir='ltr'><strong>castitate,</strong></span> <span class='ocrx_word' id='word_1_193' title='bbox 3184 1262 3418 1332; x_wconf 64' lang='lat' dir='ltr'><strong>aliasque</strong></span> <span class='ocrx_word' id='word_1_194' title='bbox 3453 1262 3609 1319; x_wconf 90' lang='lat' dir='ltr'><strong>bonis</strong></span> <span class='ocrx_word' id='word_1_195' title='bbox 3658 1269 3829 1323; x_wconf 81' lang='lat' dir='ltr'><strong>actibus</strong></span> 
     </span>
    </p>
   </div>
   <div class='ocr_carea' id='block_1_27' title="bbox 2292 1349 3826 1420">
    <p class='ocr_par' dir='ltr' id='par_1_27' title="bbox 2292 1349 3826 1420">
     <span class='ocr_line' id='line_1_27' title="bbox 2292 1349 3826 1420; baseline 0.006 -16"><span class='ocrx_word' id='word_1_196' title='bbox 2292 1349 2344 1404; x_wconf 90' lang='lat' dir='ltr'><strong>id</strong></span> <span class='ocrx_word' id='word_1_197' title='bbox 2377 1359 2690 1419; x_wconf 85' lang='lat' dir='ltr'><strong>satagamus</strong></span> <span class='ocrx_word' id='word_1_198' title='bbox 2723 1349 2965 1419; x_wconf 85' lang='lat' dir='ltr'><strong>quotidie</strong></span> <span class='ocrx_word' id='word_1_199' title='bbox 2995 1366 3121 1420; x_wconf 91' lang='lat' dir='ltr'><strong>erga</strong></span> <span class='ocrx_word' id='word_1_200' title='bbox 3161 1350 3253 1404; x_wconf 88' lang='lat' dir='ltr'><strong>Dei</strong></span> <span class='ocrx_word' id='word_1_201' title='bbox 3286 1352 3600 1419; x_wconf 81' lang='lat' dir='ltr'><strong>bonitatem,</strong></span> <span class='ocrx_word' id='word_1_202' title='bbox 3645 1365 3696 1410; x_wconf 90' lang='lat' dir='ltr'><strong>ut</strong></span> <span class='ocrx_word' id='word_1_203' title='bbox 3728 1373 3826 1413; x_wconf 87' lang='lat' dir='ltr'><strong>cum</strong></span> 
     </span>
    </p>
   </div>
   <div class='ocr_carea' id='block_1_28' title="bbox 2290 1440 3826 1513">
    <p class='ocr_par' dir='ltr' id='par_1_28' title="bbox 2290 1440 3826 1513">
     <span class='ocr_line' id='line_1_28' title="bbox 2290 1440 3826 1513; baseline 0.007 -19"><span class='ocrx_word' id='word_1_204' title='bbox 2290 1440 2414 1495; x_wconf 84' lang='lat' dir='ltr'><strong>linis</strong></span> <span class='ocrx_word' id='word_1_205' title='bbox 2439 1441 2643 1495; x_wconf 77' lang='lat' dir='ltr'><strong>venerit</strong></span> <span class='ocrx_word' id='word_1_206' title='bbox 2679 1442 2801 1495; x_wconf 69' lang='lat' dir='ltr'><strong>vita:</strong></span> <span class='ocrx_word' id='word_1_207' title='bbox 2824 1441 2869 1495; x_wconf 89' lang='lat' dir='ltr'><strong>si</strong></span> <span class='ocrx_word' id='word_1_208' title='bbox 2899 1458 2965 1497; x_wconf 78' lang='lat' dir='ltr'><strong>ex</strong></span> <span class='ocrx_word' id='word_1_209' title='bbox 3000 1452 3115 1497; x_wconf 92' lang='lat' dir='ltr'><strong>toto</strong></span> <span class='ocrx_word' id='word_1_210' title='bbox 3148 1458 3257 1497; x_wconf 91' lang='lat' dir='ltr'><strong>non</strong></span> <span class='ocrx_word' id='word_1_211' title='bbox 3292 1445 3565 1513; x_wconf 75' lang='lat' dir='ltr'><strong>pOssimus</strong></span> <span class='ocrx_word' id='word_1_212' title='bbox 3607 1447 3654 1501; x_wconf 92' lang='lat' dir='ltr'><strong>in</strong></span> <span class='ocrx_word' id='word_1_213' title='bbox 3695 1465 3826 1505; x_wconf 83' lang='lat' dir='ltr'><strong>cruce</strong></span> 
     </span>
    </p>
   </div>
   <div class='ocr_carea' id='block_1_29' title="bbox 2288 1532 3823 1605">
    <p class='ocr_par' dir='ltr' id='par_1_29' title="bbox 2288 1532 3823 1605">
     <span class='ocr_line' id='line_1_29' title="bbox 2288 1532 3823 1605; baseline 0.008 -20"><span class='ocrx_word' id='word_1_214' title='bbox 2288 1533 2541 1601; x_wconf 78' lang='lat' dir='ltr'><strong>pendete,</strong></span> <span class='ocrx_word' id='word_1_215' title='bbox 2574 1532 2764 1586; x_wconf 89' lang='lat' dir='ltr'><strong>saltem</strong></span> <span class='ocrx_word' id='word_1_216' title='bbox 2800 1533 3143 1588; x_wconf 79' lang='lat' dir='ltr'><strong>inveniamur</strong></span> <span class='ocrx_word' id='word_1_217' title='bbox 3187 1536 3444 1605; x_wconf 84' lang='lat' dir='ltr'><strong>suspensi</strong></span> <span class='ocrx_word' id='word_1_218' title='bbox 3491 1537 3542 1590; x_wconf 92' lang='lat' dir='ltr'><strong>in</strong></span> <span class='ocrx_word' id='word_1_219' title='bbox 3577 1556 3675 1594; x_wconf 90' lang='lat' dir='ltr'><strong>uno</strong></span> <span class='ocrx_word' id='word_1_220' title='bbox 3701 1542 3823 1597; x_wconf 83' lang='lat' dir='ltr'><strong>clare</strong></span> 
     </span>
    </p>
   </div>
   <div class='ocr_carea' id='block_1_30' title="bbox 2289 1622 3817 1697">
    <p class='ocr_par' dir='ltr' id='par_1_30' title="bbox 2289 1622 3817 1697">
     <span class='ocr_line' id='line_1_30' title="bbox 2289 1622 3817 1697; baseline 0.005 -21"><span class='ocrx_word' id='word_1_221' title='bbox 2289 1624 2468 1676; x_wconf 76' lang='lat' dir='ltr'><strong>crucis</strong></span> <span class='ocrx_word' id='word_1_222' title='bbox 2499 1630 2743 1677; x_wconf 70' lang='lat' dir='ltr'><strong>sacratae.</strong></span> <span class='ocrx_word' id='word_1_223' title='bbox 2786 1622 2863 1678; x_wconf 88' lang='lat' dir='ltr'><strong>De</strong></span> <span class='ocrx_word' id='word_1_224' title='bbox 2907 1623 3010 1677; x_wconf 90' lang='lat' dir='ltr'><strong>hoc</strong></span> <span class='ocrx_word' id='word_1_225' title='bbox 3051 1624 3209 1678; x_wconf 84' lang='lat' dir='ltr'><strong>altari</strong></span> <span class='ocrx_word' id='word_1_226' title='bbox 3258 1625 3472 1680; x_wconf 75' lang='lat' dir='ltr'><strong>dixerat</strong></span> <span class='ocrx_word' id='word_1_227' title='bbox 3518 1628 3620 1697; x_wconf 87' lang='lat' dir='ltr'><strong>ipse</strong></span> <span class='ocrx_word' id='word_1_228' title='bbox 3656 1630 3817 1687; x_wconf 86' lang='lat' dir='ltr'><strong>Deus:</strong></span> 
     </span>
    </p>
   </div>
   <div class='ocr_carea' id='block_1_31' title="bbox 2295 1714 3823 1789">
    <p class='ocr_par' dir='ltr' id='par_1_31' title="bbox 2295 1714 3823 1789">
     <span class='ocr_line' id='line_1_31' title="bbox 2295 1714 3823 1789; baseline 0.008 -23"><span class='ocrx_word' id='word_1_229' title='bbox 2295 1734 2313 1766; x_wconf 72' lang='lat' dir='ltr'><strong>c</strong></span> <span class='ocrx_word' id='word_1_230' title='bbox 2347 1715 2531 1767; x_wconf 80' lang='lat' dir='ltr'><strong>Altare</strong></span> <span class='ocrx_word' id='word_1_231' title='bbox 2578 1714 2644 1769; x_wconf 87' lang='lat' dir='ltr'><strong>de</strong></span> <span class='ocrx_word' id='word_1_232' title='bbox 2683 1722 2825 1769; x_wconf 89' lang='lat' dir='ltr'><strong>terra</strong></span> <span class='ocrx_word' id='word_1_233' title='bbox 2876 1714 3084 1771; x_wconf 81' lang='lat' dir='ltr'><strong>facietis</strong></span> <span class='ocrx_word' id='word_1_234' title='bbox 3127 1716 3264 1771; x_wconf 89' lang='lat' dir='ltr'><strong>mihi</strong></span> <span class='ocrx_word' id='word_1_235' title='bbox 3316 1716 3505 1785; x_wconf 71' lang='lat' dir='ltr'><strong>(Exod.</strong></span> <span class='ocrx_word' id='word_1_236' title='bbox 3533 1722 3634 1789; x_wconf 75' lang='lat' dir='ltr'><strong>xx).</strong></span> <span class='ocrx_word' id='word_1_237' title='bbox 3665 1741 3682 1773; x_wconf 74' lang='grc' dir='ltr'><strong>ι</strong></span> <span class='ocrx_word' id='word_1_238' title='bbox 3722 1722 3823 1780; x_wconf 82' lang='lat' dir='ltr'><strong>Hoc</strong></span> 
     </span>
    </p>
   </div>
   <div class='ocr_carea' id='block_1_32' title="bbox 2289 1808 3823 1885">
    <p class='ocr_par' dir='ltr' id='par_1_32' title="bbox 2289 1808 3823 1885">
     <span class='ocr_line' id='line_1_32' title="bbox 2289 1808 3823 1885; baseline 0.006 -23"><span class='ocrx_word' id='word_1_239' title='bbox 2289 1809 2456 1862; x_wconf 84' lang='lat' dir='ltr'><strong>altare</strong></span> <span class='ocrx_word' id='word_1_240' title='bbox 2480 1816 2577 1884; x_wconf 37' lang='lat' dir='ltr'><strong>est.</strong></span> <span class='ocrx_word' id='word_1_241' title='bbox 2594 1808 2758 1862; x_wconf 92' lang='lat' dir='ltr'><strong>homo</strong></span> <span class='ocrx_word' id='word_1_242' title='bbox 2800 1808 3020 1864; x_wconf 89' lang='lat' dir='ltr'><strong>divinus</strong></span> <span class='ocrx_word' id='word_1_243' title='bbox 3046 1821 3267 1867; x_wconf 85' lang='lat' dir='ltr'><strong>erectus</strong></span> <span class='ocrx_word' id='word_1_244' title='bbox 3292 1827 3360 1866; x_wconf 83' lang='lat' dir='ltr'><strong>ex</strong></span> <span class='ocrx_word' id='word_1_245' title='bbox 3392 1811 3551 1868; x_wconf 80' lang='lat' dir='ltr'><strong>Maria</strong></span> <span class='ocrx_word' id='word_1_246' title='bbox 3578 1816 3757 1885; x_wconf 81' lang='lat' dir='ltr'><strong>virgine</strong></span> <span class='ocrx_word' id='word_1_247' title='bbox 3777 1828 3823 1870; x_wconf 87' lang='lat' dir='ltr'><strong>et</strong></span> 
     </span>
    </p>
   </div>
   <div class='ocr_carea' id='block_1_33' title="bbox 601 1882 2176 1981">
    <p class='ocr_par' dir='ltr' id='par_1_33' title="bbox 601 1910 2176 1981">
     <span class='ocr_line' id='line_1_33' title="bbox 601 1910 2176 1981; baseline -0.003 -11"><span class='ocrx_word' id='word_1_248' title='bbox 601 1916 831 1973; x_wconf 84' lang='lat' dir='ltr'><strong>virtutes</strong></span> <span class='ocrx_word' id='word_1_249' title='bbox 858 1921 1060 1969; x_wconf 66' lang='lat' dir='ltr'><strong>sancta:</strong></span> <span class='ocrx_word' id='word_1_250' title='bbox 1083 1910 1244 1966; x_wconf 84' lang='lat' dir='ltr'><strong>bonis</strong></span> <span class='ocrx_word' id='word_1_251' title='bbox 1271 1910 1531 1981; x_wconf 88' lang='lat' dir='ltr'><strong>operibus</strong></span> <span class='ocrx_word' id='word_1_252' title='bbox 1564 1911 1830 1976; x_wconf 65' lang='lat' dir='ltr'><strong>admisce,</strong></span> <span class='ocrx_word' id='word_1_253' title='bbox 1867 1919 2053 1966; x_wconf 89' lang='lat' dir='ltr'><strong>saneta</strong></span> <span class='ocrx_word' id='word_1_254' title='bbox 2077 1913 2176 1967; x_wconf 81' lang='lat' dir='ltr'><strong>sci~</strong></span> 
     </span>
    </p>
   </div>
   <div class='ocr_carea' id='block_1_34' title="bbox 2276 1882 3093 1981">
    <p class='ocr_par' dir='ltr' id='par_1_34' title="bbox 2285 1882 3093 1971">
     <span class='ocr_line' id='line_1_34' title="bbox 2285 1882 3093 1971; baseline 0.002 -18"><span class='ocrx_word' id='word_1_255' title='bbox 2285 1915 2350 1953; x_wconf 81' lang='lat' dir='ltr'><strong>ex</strong></span> <span class='ocrx_word' id='word_1_256' title='bbox 2386 1898 2550 1967; x_wconf 78' lang='lat' dir='ltr'><strong>regali</strong></span> <span class='ocrx_word' id='word_1_257' title='bbox 2570 1882 2874 1953; x_wconf 81' lang='lat' dir='ltr'><strong>suscitatus</strong></span> <span class='ocrx_word' id='word_1_258' title='bbox 2903 1901 3093 1971; x_wconf 87' lang='lat' dir='ltr'><strong>stirpe.</strong></span> 
     </span>
    </p>
   </div>
   <div class='ocr_carea' id='block_1_35' title="bbox 600 2003 2186 2075">
    <p class='ocr_par' dir='ltr' id='par_1_35' title="bbox 600 2003 2186 2075">
     <span class='ocr_line' id='line_1_35' title="bbox 600 2003 2186 2075; baseline -0.003 -12"><span class='ocrx_word' id='word_1_259' title='bbox 600 2007 908 2072; x_wconf 81' lang='lat' dir='ltr'><strong>licetlides,</strong></span> <span class='ocrx_word' id='word_1_260' title='bbox 938 2021 1084 2075; x_wconf 90' lang='lat' dir='ltr'><strong>spes,</strong></span> <span class='ocrx_word' id='word_1_261' title='bbox 1110 2013 1165 2059; x_wconf 91' lang='lat' dir='ltr'><strong>et</strong></span> <span class='ocrx_word' id='word_1_262' title='bbox 1195 2003 1471 2070; x_wconf 87' lang='lat' dir='ltr'><strong>charitas;</strong></span> <span class='ocrx_word' id='word_1_263' title='bbox 1499 2012 1748 2059; x_wconf 90' lang='lat' dir='ltr'><strong>sanctum</strong></span> <span class='ocrx_word' id='word_1_264' title='bbox 1785 2015 2004 2075; x_wconf 88' lang='lat' dir='ltr'><strong>quoque</strong></span> <span class='ocrx_word' id='word_1_265' title='bbox 2053 2006 2186 2075; x_wconf 84' lang='lat' dir='ltr'><strong>bap-</strong></span> 
     </span>
    </p>
   </div>
   <div class='ocr_carea' id='block_1_36' title="bbox 599 2094 2183 2167">
    <p class='ocr_par' dir='ltr' id='par_1_36' title="bbox 599 2094 2183 2167">
     <span class='ocr_line' id='line_1_36' title="bbox 599 2094 2183 2167; baseline -0.002 -13"><span class='ocrx_word' id='word_1_266' title='bbox 599 2099 784 2156; x_wconf 88' lang='lat' dir='ltr'><strong>tisma.</strong></span> <span class='ocrx_word' id='word_1_267' title='bbox 813 2097 915 2164; x_wconf 86' lang='lat' dir='ltr'><strong>Qui</strong></span> <span class='ocrx_word' id='word_1_268' title='bbox 949 2104 1311 2167; x_wconf 86' lang='lat' dir='ltr'><strong>peccaverunt</strong></span> <span class='ocrx_word' id='word_1_269' title='bbox 1340 2102 1462 2163; x_wconf 91' lang='lat' dir='ltr'><strong>post</strong></span> <span class='ocrx_word' id='word_1_270' title='bbox 1489 2094 1757 2163; x_wconf 86' lang='lat' dir='ltr'><strong>baptisma</strong></span> <span class='ocrx_word' id='word_1_271' title='bbox 1779 2096 1844 2149; x_wconf 88' lang='lat' dir='ltr'><strong>ad</strong></span> <span class='ocrx_word' id='word_1_272' title='bbox 1874 2095 1972 2150; x_wconf 86' lang='lat' dir='ltr'><strong>has</strong></span> <span class='ocrx_word' id='word_1_273' title='bbox 1999 2104 2183 2164; x_wconf 84' lang='lat' dir='ltr'><strong>portas</strong></span> 
     </span>
    </p>
   </div>
   <div class='ocr_carea' id='block_1_37' title="bbox 597 2186 2181 2257">
    <p class='ocr_par' dir='ltr' id='par_1_37' title="bbox 597 2186 2181 2257">
     <span class='ocr_line' id='line_1_37' title="bbox 597 2186 2181 2257; baseline -0.004 -10"><span class='ocrx_word' id='word_1_274' title='bbox 597 2192 795 2247; x_wconf 80' lang='lat' dir='ltr'><strong>salutis</strong></span> <span class='ocrx_word' id='word_1_275' title='bbox 833 2188 1107 2252; x_wconf 78' lang='lat' dir='ltr'><strong>festinent,</strong></span> <span class='ocrx_word' id='word_1_276' title='bbox 1139 2187 1388 2241; x_wconf 86' lang='lat' dir='ltr'><strong>videlicet</strong></span> <span class='ocrx_word' id='word_1_277' title='bbox 1430 2186 1498 2240; x_wconf 92' lang='lat' dir='ltr'><strong>ad</strong></span> <span class='ocrx_word' id='word_1_278' title='bbox 1547 2202 1730 2241; x_wconf 91' lang='lat' dir='ltr'><strong>veram</strong></span> <span class='ocrx_word' id='word_1_279' title='bbox 1782 2189 2181 2257; x_wconf 81' lang='lat' dir='ltr'><strong>pcenitentiam,</strong></span> 
     </span>
    </p>
   </div>
   <div class='ocr_carea' id='block_1_38' title="bbox 596 2281 2179 2356">
    <p class='ocr_par' dir='ltr' id='par_1_38' title="bbox 596 2281 2179 2356">
     <span class='ocr_line' id='line_1_38' title="bbox 596 2281 2179 2356; baseline -0.003 -15"><span class='ocrx_word' id='word_1_280' title='bbox 596 2300 790 2356; x_wconf 90' lang='lat' dir='ltr'><strong>puram</strong></span> <span class='ocrx_word' id='word_1_281' title='bbox 838 2282 1264 2346; x_wconf 79' lang='lat' dir='ltr'><strong>confessionem,</strong></span> <span class='ocrx_word' id='word_1_282' title='bbox 1303 2290 1739 2350; x_wconf 83' lang='lat' dir='ltr'><strong>perseverantem</strong></span> <span class='ocrx_word' id='word_1_283' title='bbox 1788 2281 2179 2337; x_wconf 86' lang='lat' dir='ltr'><strong>continentiam</strong></span> 
     </span>
    </p>
   </div>
   <div class='ocr_carea' id='block_1_39' title="bbox 596 2372 2178 2448">
    <p class='ocr_par' dir='ltr' id='par_1_39' title="bbox 596 2372 2178 2448">
     <span class='ocr_line' id='line_1_39' title="bbox 596 2372 2178 2448; baseline -0.005 -15"><span class='ocrx_word' id='word_1_284' title='bbox 596 2396 626 2432; x_wconf 79' lang='grc' dir='ltr'><strong>ιι</strong></span> <span class='ocrx_word' id='word_1_285' title='bbox 662 2375 916 2448; x_wconf 88' lang='lat' dir='ltr'><strong>peccatis.</strong></span> <span class='ocrx_word' id='word_1_286' title='bbox 953 2373 1127 2443; x_wconf 92' lang='lat' dir='ltr'><strong>Super</strong></span> <span class='ocrx_word' id='word_1_287' title='bbox 1153 2373 1293 2427; x_wconf 83' lang='lat' dir='ltr'><strong>hanc</strong></span> <span class='ocrx_word' id='word_1_288' title='bbox 1317 2373 1498 2442; x_wconf 85' lang='lat' dir='ltr'><strong>itaque</strong></span> <span class='ocrx_word' id='word_1_289' title='bbox 1525 2372 1748 2426; x_wconf 90' lang='lat' dir='ltr'><strong>domum</strong></span> <span class='ocrx_word' id='word_1_290' title='bbox 1779 2372 1940 2427; x_wconf 88' lang='lat' dir='ltr'><strong>hodie</strong></span> <span class='ocrx_word' id='word_1_291' title='bbox 1969 2374 2178 2443; x_wconf 73' lang='lat' dir='ltr'><strong>suppli-</strong></span> 
     </span>
    </p>
   </div>
   <div class='ocr_carea' id='block_1_40' title="bbox 595 2463 2181 2536">
    <p class='ocr_par' dir='ltr' id='par_1_40' title="bbox 595 2463 2181 2536">
     <span class='ocr_line' id='line_1_40' title="bbox 595 2463 2181 2536; baseline -0.004 -11"><span class='ocrx_word' id='word_1_292' title='bbox 595 2484 787 2525; x_wconf 90' lang='lat' dir='ltr'><strong>camus</strong></span> <span class='ocrx_word' id='word_1_293' title='bbox 859 2464 1217 2536; x_wconf 91' lang='lat' dir='ltr'><strong>omnipotenti</strong></span> <span class='ocrx_word' id='word_1_294' title='bbox 1261 2463 1388 2530; x_wconf 90' lang='lat' dir='ltr'><strong>Deo,</strong></span> <span class='ocrx_word' id='word_1_295' title='bbox 1446 2474 1715 2534; x_wconf 88' lang='lat' dir='ltr'><strong>quatenus</strong></span> <span class='ocrx_word' id='word_1_296' title='bbox 1766 2464 2027 2534; x_wconf 86' lang='lat' dir='ltr'><strong>quidquid</strong></span> <span class='ocrx_word' id='word_1_297' title='bbox 2080 2465 2181 2519; x_wconf 87' lang='lat' dir='ltr'><strong>ali-</strong></span> 
     </span>
    </p>
   </div>
   <div class='ocr_carea' id='block_1_41' title="bbox 594 2554 2178 2631">
    <p class='ocr_par' dir='ltr' id='par_1_41' title="bbox 594 2554 2178 2631">
     <span class='ocr_line' id='line_1_41' title="bbox 594 2554 2178 2631; baseline -0.004 -15"><span class='ocrx_word' id='word_1_298' title='bbox 594 2561 721 2631; x_wconf 87' lang='lat' dir='ltr'><strong>quis</strong></span> <span class='ocrx_word' id='word_1_299' title='bbox 763 2558 1047 2615; x_wconf 90' lang='lat' dir='ltr'><strong>hominum</strong></span> <span class='ocrx_word' id='word_1_300' title='bbox 1077 2554 1433 2626; x_wconf 87' lang='lat' dir='ltr'><strong>postnlaverit</strong></span> <span class='ocrx_word' id='word_1_301' title='bbox 1478 2555 1567 2609; x_wconf 91' lang='lat' dir='ltr'><strong>hic</strong></span> <span class='ocrx_word' id='word_1_302' title='bbox 1606 2569 1637 2609; x_wconf 90' lang='lat' dir='ltr'><strong>a</strong></span> <span class='ocrx_word' id='word_1_303' title='bbox 1677 2555 1908 2609; x_wconf 91' lang='lat' dir='ltr'><strong>Domino</strong></span> <span class='ocrx_word' id='word_1_304' title='bbox 1949 2555 2099 2620; x_wconf 87' lang='lat' dir='ltr'><strong>boni,</strong></span> <span class='ocrx_word' id='word_1_305' title='bbox 2125 2555 2178 2610; x_wconf 87' lang='lat' dir='ltr'><strong>id</strong></span> 
     </span>
    </p>
   </div>
   <div class='ocr_carea' id='block_1_42' title="bbox 594 2644 2179 2718">
    <p class='ocr_par' dir='ltr' id='par_1_42' title="bbox 594 2644 2179 2718">
     <span class='ocr_line' id='line_1_42' title="bbox 594 2644 2179 2718; baseline -0.005 -11"><span class='ocrx_word' id='word_1_306' title='bbox 594 2659 872 2706; x_wconf 90' lang='lat' dir='ltr'><strong>mereatur</strong></span> <span class='ocrx_word' id='word_1_307' title='bbox 901 2647 1150 2718; x_wconf 87' lang='lat' dir='ltr'><strong>adipisci.</strong></span> <span class='ocrx_word' id='word_1_308' title='bbox 1184 2644 1356 2700; x_wconf 85' lang='lat' dir='ltr'><strong>llodie</strong></span> <span class='ocrx_word' id='word_1_309' title='bbox 1378 2659 1597 2716; x_wconf 89' lang='lat' dir='ltr'><strong>quoque</strong></span> <span class='ocrx_word' id='word_1_310' title='bbox 1625 2646 1799 2700; x_wconf 88' lang='lat' dir='ltr'><strong>sancti</strong></span> <span class='ocrx_word' id='word_1_311' title='bbox 1842 2647 2016 2716; x_wconf 79' lang='lat' dir='ltr'><strong>angeli</strong></span> <span class='ocrx_word' id='word_1_312' title='bbox 2048 2646 2179 2700; x_wconf 85' lang='lat' dir='ltr'><strong>visi-</strong></span> 
     </span>
    </p>
   </div>
   <div class='ocr_carea' id='block_1_43' title="bbox 594 2734 2175 2808">
    <p class='ocr_par' dir='ltr' id='par_1_43' title="bbox 594 2734 2175 2808">
     <span class='ocr_line' id='line_1_43' title="bbox 594 2734 2175 2808; baseline -0.003 -13"><span class='ocrx_word' id='word_1_313' title='bbox 594 2747 714 2795; x_wconf 89' lang='lat' dir='ltr'><strong>tant</strong></span> <span class='ocrx_word' id='word_1_314' title='bbox 760 2739 848 2793; x_wconf 92' lang='lat' dir='ltr'><strong>hic</strong></span> <span class='ocrx_word' id='word_1_315' title='bbox 896 2752 1026 2793; x_wconf 84' lang='lat' dir='ltr'><strong>suos</strong></span> <span class='ocrx_word' id='word_1_316' title='bbox 1073 2734 1346 2801; x_wconf 91' lang='lat' dir='ltr'><strong>concives,</strong></span> <span class='ocrx_word' id='word_1_317' title='bbox 1407 2735 1610 2804; x_wconf 84' lang='lat' dir='ltr'><strong>quibus</strong></span> <span class='ocrx_word' id='word_1_318' title='bbox 1667 2736 1872 2790; x_wconf 89' lang='lat' dir='ltr'><strong>dudum</strong></span> <span class='ocrx_word' id='word_1_319' title='bbox 1922 2737 2175 2808; x_wconf 83' lang='lat' dir='ltr'><strong>indigna-</strong></span> 
     </span>
    </p>
   </div>
   <div class='ocr_carea' id='block_1_44' title="bbox 592 2825 2172 2899">
    <p class='ocr_par' dir='ltr' id='par_1_44' title="bbox 592 2825 2172 2899">
     <span class='ocr_line' id='line_1_44' title="bbox 592 2825 2172 2899; baseline -0.004 -11"><span class='ocrx_word' id='word_1_320' title='bbox 592 2833 817 2897; x_wconf 87' lang='lat' dir='ltr'><strong>bantur,</strong></span> <span class='ocrx_word' id='word_1_321' title='bbox 843 2838 898 2886; x_wconf 87' lang='lat' dir='ltr'><strong>et</strong></span> <span class='ocrx_word' id='word_1_322' title='bbox 917 2843 1119 2899; x_wconf 90' lang='lat' dir='ltr'><strong>corpus</strong></span> <span class='ocrx_word' id='word_1_323' title='bbox 1143 2828 1378 2883; x_wconf 89' lang='lat' dir='ltr'><strong>sumitur</strong></span> <span class='ocrx_word' id='word_1_324' title='bbox 1398 2825 1548 2882; x_wconf 78' lang='lat' dir='ltr'><strong>Jesu.</strong></span> <span class='ocrx_word' id='word_1_325' title='bbox 1578 2825 1716 2881; x_wconf 86' lang='lat' dir='ltr'><strong>llinc</strong></span> <span class='ocrx_word' id='word_1_326' title='bbox 1755 2828 2017 2896; x_wconf 89' lang='lat' dir='ltr'><strong>scriptum</strong></span> <span class='ocrx_word' id='word_1_327' title='bbox 2052 2837 2135 2883; x_wconf 90' lang='lat' dir='ltr'><strong>est</strong></span> <span class='ocrx_word' id='word_1_328' title='bbox 2160 2845 2172 2881; x_wconf 93' lang='lat'>:</span> 
     </span>
    </p>
   </div>
   <div class='ocr_carea' id='block_1_45' title="bbox 598 2916 2171 2991">
    <p class='ocr_par' dir='ltr' id='par_1_45' title="bbox 598 2916 2171 2991">
     <span class='ocr_line' id='line_1_45' title="bbox 598 2916 2171 2991; baseline -0.001 -18"><span class='ocrx_word' id='word_1_329' title='bbox 598 2940 617 2973; x_wconf 72' lang='grc' dir='ltr'><strong>ι</strong></span> <span class='ocrx_word' id='word_1_330' title='bbox 648 2920 840 2991; x_wconf 79' lang='lat' dir='ltr'><strong>Angeli</strong></span> <span class='ocrx_word' id='word_1_331' title='bbox 868 2934 1058 2975; x_wconf 87' lang='lat' dir='ltr'><strong>eorum</strong></span> <span class='ocrx_word' id='word_1_332' title='bbox 1084 2932 1298 2988; x_wconf 86' lang='lat' dir='ltr'><strong>semper</strong></span> <span class='ocrx_word' id='word_1_333' title='bbox 1328 2916 1511 2972; x_wconf 88' lang='lat' dir='ltr'><strong>vident</strong></span> <span class='ocrx_word' id='word_1_334' title='bbox 1535 2917 1728 2972; x_wconf 80' lang='lat' dir='ltr'><strong>faciem</strong></span> <span class='ocrx_word' id='word_1_335' title='bbox 1753 2916 1931 2971; x_wconf 81' lang='lat' dir='ltr'><strong>Patris</strong></span> <span class='ocrx_word' id='word_1_336' title='bbox 1955 2917 2171 2987; x_wconf 79' lang='lat' dir='ltr'><strong>(Matth.</strong></span> 
     </span>
    </p>
   </div>
   <div class='ocr_carea' id='block_1_46' title="bbox 592 3007 2174 3083">
    <p class='ocr_par' dir='ltr' id='par_1_46' title="bbox 592 3007 2174 3083">
     <span class='ocr_line' id='line_1_46' title="bbox 592 3007 2174 3083; baseline -0.003 -14"><span class='ocrx_word' id='word_1_337' title='bbox 592 3011 805 3083; x_wconf 55' lang='lat' dir='ltr'><strong>xvm)»</strong></span> <span class='ocrx_word' id='word_1_338' title='bbox 839 3009 939 3066; x_wconf 74' lang='lat' dir='ltr'><strong>llic</strong></span> <span class='ocrx_word' id='word_1_339' title='bbox 970 3010 1154 3080; x_wconf 90' lang='lat' dir='ltr'><strong>itaque</strong></span> <span class='ocrx_word' id='word_1_340' title='bbox 1182 3007 1360 3079; x_wconf 89' lang='lat' dir='ltr'><strong>angeli</strong></span> <span class='ocrx_word' id='word_1_341' title='bbox 1408 3008 1583 3063; x_wconf 90' lang='lat' dir='ltr'><strong>sancti</strong></span> <span class='ocrx_word' id='word_1_342' title='bbox 1612 3024 1737 3063; x_wconf 92' lang='lat' dir='ltr'><strong>cum</strong></span> <span class='ocrx_word' id='word_1_343' title='bbox 1768 3009 1950 3065; x_wconf 71' lang='lat' dir='ltr'><strong>laetitia</strong></span> <span class='ocrx_word' id='word_1_344' title='bbox 1984 3011 2174 3081; x_wconf 77' lang='lat' dir='ltr'><strong>grandi</strong></span> 
     </span>
    </p>
   </div>
   <div class='ocr_carea' id='block_1_47' title="bbox 590 3099 2174 3162">
    <p class='ocr_par' dir='ltr' id='par_1_47' title="bbox 590 3099 2174 3162">
     <span class='ocr_line' id='line_1_47' title="bbox 590 3099 2174 3162; baseline -0.003 -2"><span class='ocrx_word' id='word_1_345' title='bbox 590 3103 860 3160; x_wconf 87' lang='lat' dir='ltr'><strong>hodierno</strong></span> <span class='ocrx_word' id='word_1_346' title='bbox 879 3100 1184 3157; x_wconf 89' lang='lat' dir='ltr'><strong>ascendunt</strong></span> <span class='ocrx_word' id='word_1_347' title='bbox 1210 3107 1265 3155; x_wconf 91' lang='lat' dir='ltr'><strong>et</strong></span> <span class='ocrx_word' id='word_1_348' title='bbox 1294 3099 1650 3162; x_wconf 84' lang='lat' dir='ltr'><strong>descendunt,</strong></span> <span class='ocrx_word' id='word_1_349' title='bbox 1676 3099 2029 3156; x_wconf 88' lang='lat' dir='ltr'><strong>adventantes</strong></span> <span class='ocrx_word' id='word_1_350' title='bbox 2054 3102 2174 3155; x_wconf 86' lang='lat' dir='ltr'><strong>ani-</strong></span> 
     </span>
    </p>
   </div>
   <div class='ocr_carea' id='block_1_48' title="bbox 2356 1987 3815 2060">
    <p class='ocr_par' dir='ltr' id='par_1_48' title="bbox 2356 1987 3815 2060">
     <span class='ocr_line' id='line_1_48' title="bbox 2356 1987 3815 2060; baseline 0.006 -19"><span class='ocrx_word' id='word_1_351' title='bbox 2356 1987 2499 2059; x_wconf 85' lang='lat' dir='ltr'><strong>Ergo</strong></span> <span class='ocrx_word' id='word_1_352' title='bbox 2539 2006 2557 2041; x_wconf 86' lang='grc'><strong>‹</strong></span> <span class='ocrx_word' id='word_1_353' title='bbox 2587 2004 2714 2045; x_wconf 91' lang='lat' dir='ltr'><strong>cum</strong></span> <span class='ocrx_word' id='word_1_354' title='bbox 2760 1990 3000 2046; x_wconf 91' lang='lat' dir='ltr'><strong>medium</strong></span> <span class='ocrx_word' id='word_1_355' title='bbox 3050 1992 3330 2046; x_wconf 89' lang='lat' dir='ltr'><strong>silentium</strong></span> <span class='ocrx_word' id='word_1_356' title='bbox 3381 2002 3615 2048; x_wconf 84' lang='lat' dir='ltr'><strong>tenerent</strong></span> <span class='ocrx_word' id='word_1_357' title='bbox 3651 1995 3815 2060; x_wconf 85' lang='lat' dir='ltr'><strong>omnia,</strong></span> 
     </span>
    </p>
   </div>
   <div class='ocr_carea' id='block_1_49' title="bbox 2282 2081 3817 2155">
    <p class='ocr_par' dir='ltr' id='par_1_49' title="bbox 2282 2081 3817 2155">
     <span class='ocr_line' id='line_1_49' title="bbox 2282 2081 3817 2155; baseline 0.005 -19"><span class='ocrx_word' id='word_1_358' title='bbox 2282 2088 2336 2136; x_wconf 88' lang='lat' dir='ltr'><strong>et</strong></span> <span class='ocrx_word' id='word_1_359' title='bbox 2363 2096 2468 2137; x_wconf 79' lang='lat' dir='ltr'><strong>nox</strong></span> <span class='ocrx_word' id='word_1_360' title='bbox 2493 2081 2547 2134; x_wconf 90' lang='lat' dir='ltr'><strong>in</strong></span> <span class='ocrx_word' id='word_1_361' title='bbox 2588 2097 2691 2136; x_wconf 89' lang='lat' dir='ltr'><strong>suo</strong></span> <span class='ocrx_word' id='word_1_362' title='bbox 2716 2097 2878 2137; x_wconf 91' lang='lat' dir='ltr'><strong>cursu</strong></span> <span class='ocrx_word' id='word_1_363' title='bbox 2912 2083 3016 2138; x_wconf 83' lang='lat' dir='ltr'><strong>iter</strong></span> <span class='ocrx_word' id='word_1_364' title='bbox 3042 2084 3287 2152; x_wconf 80' lang='lat' dir='ltr'><strong>haberet,</strong></span> <span class='ocrx_word' id='word_1_365' title='bbox 3315 2088 3648 2155; x_wconf 84' lang='lat' dir='ltr'><strong>omnipotens</strong></span> <span class='ocrx_word' id='word_1_366' title='bbox 3673 2103 3817 2143; x_wconf 87' lang='lat' dir='ltr'><strong>sermo</strong></span> 
     </span>
    </p>
   </div>
   <div class='ocr_carea' id='block_1_50' title="bbox 2283 2172 3811 2247">
    <p class='ocr_par' dir='ltr' id='par_1_50' title="bbox 2283 2172 3811 2247">
     <span class='ocr_line' id='line_1_50' title="bbox 2283 2172 3811 2247; baseline 0.001 -20"><span class='ocrx_word' id='word_1_367' title='bbox 2283 2182 2430 2238; x_wconf 89' lang='lat' dir='ltr'><strong>tuus,</strong></span> <span class='ocrx_word' id='word_1_368' title='bbox 2459 2172 2707 2237; x_wconf 86' lang='lat' dir='ltr'><strong>Domine,</strong></span> <span class='ocrx_word' id='word_1_369' title='bbox 2734 2189 2764 2227; x_wconf 91' lang='lat' dir='ltr'><strong>a</strong></span> <span class='ocrx_word' id='word_1_370' title='bbox 2785 2175 3059 2246; x_wconf 86' lang='lat' dir='ltr'><strong>regalibus</strong></span> <span class='ocrx_word' id='word_1_371' title='bbox 3072 2176 3296 2231; x_wconf 87' lang='lat' dir='ltr'><strong>sedibus</strong></span> <span class='ocrx_word' id='word_1_372' title='bbox 3314 2176 3617 2247; x_wconf 77' lang='lat' dir='ltr'><strong>venit(8ap.</strong></span> <span class='ocrx_word' id='word_1_373' title='bbox 3633 2180 3774 2246; x_wconf 74' lang='lat' dir='ltr'><strong>xvm).</strong></span> <span class='ocrx_word' id='word_1_374' title='bbox 3795 2198 3811 2229; x_wconf 75' lang='grc' dir='ltr'><strong>ι</strong></span> 
     </span>
    </p>
   </div>
   <div class='ocr_carea' id='block_1_51' title="bbox 2283 2264 3818 2339">
    <p class='ocr_par' dir='ltr' id='par_1_51' title="bbox 2283 2264 3818 2339">
     <span class='ocr_line' id='line_1_51' title="bbox 2283 2264 3818 2339; baseline 0.005 -21"><span class='ocrx_word' id='word_1_375' title='bbox 2283 2264 2415 2320; x_wconf 88' lang='lat' dir='ltr'><strong>Bina</strong></span> <span class='ocrx_word' id='word_1_376' title='bbox 2469 2266 2683 2320; x_wconf 89' lang='lat' dir='ltr'><strong>silentia</strong></span> <span class='ocrx_word' id='word_1_377' title='bbox 2744 2268 3085 2339; x_wconf 90' lang='lat' dir='ltr'><strong>contigerant</strong></span> <span class='ocrx_word' id='word_1_378' title='bbox 3144 2268 3199 2323; x_wconf 92' lang='lat' dir='ltr'><strong>in</strong></span> <span class='ocrx_word' id='word_1_379' title='bbox 3245 2270 3456 2324; x_wconf 89' lang='lat' dir='ltr'><strong>mundo</strong></span> <span class='ocrx_word' id='word_1_380' title='bbox 3494 2290 3508 2325; x_wconf 85' lang='lat'><strong>:</strong></span> <span class='ocrx_word' id='word_1_381' title='bbox 3545 2272 3611 2325; x_wconf 89' lang='lat' dir='ltr'><strong>ita</strong></span> <span class='ocrx_word' id='word_1_382' title='bbox 3653 2273 3818 2327; x_wconf 84' lang='lat' dir='ltr'><strong>scilicet</strong></span> 
     </span>
    </p>
   </div>
   <div class='ocr_carea' id='block_1_52' title="bbox 2282 2356 3807 2431">
    <p class='ocr_par' dir='ltr' id='par_1_52' title="bbox 2282 2356 3807 2431">
     <span class='ocr_line' id='line_1_52' title="bbox 2282 2356 3807 2431; baseline 0.003 -20"><span class='ocrx_word' id='word_1_383' title='bbox 2282 2366 2342 2411; x_wconf 91' lang='lat' dir='ltr'><strong>ut</strong></span> <span class='ocrx_word' id='word_1_384' title='bbox 2369 2357 2435 2411; x_wconf 89' lang='lat' dir='ltr'><strong>de</strong></span> <span class='ocrx_word' id='word_1_385' title='bbox 2466 2356 2576 2411; x_wconf 83' lang='lat' dir='ltr'><strong>Deo</strong></span> <span class='ocrx_word' id='word_1_386' title='bbox 2616 2357 2750 2412; x_wconf 89' lang='lat' dir='ltr'><strong>nihil</strong></span> <span class='ocrx_word' id='word_1_387' title='bbox 2784 2373 2920 2428; x_wconf 90' lang='lat' dir='ltr'><strong>pene</strong></span> <span class='ocrx_word' id='word_1_388' title='bbox 2947 2359 3228 2414; x_wconf 89' lang='lat' dir='ltr'><strong>audiretur</strong></span> <span class='ocrx_word' id='word_1_389' title='bbox 3267 2360 3324 2414; x_wconf 89' lang='lat' dir='ltr'><strong>in</strong></span> <span class='ocrx_word' id='word_1_390' title='bbox 3357 2360 3593 2415; x_wconf 89' lang='lat' dir='ltr'><strong>humano</strong></span> <span class='ocrx_word' id='word_1_391' title='bbox 3629 2377 3807 2431; x_wconf 81' lang='lat' dir='ltr'><strong>genere.</strong></span> 
     </span>
    </p>
   </div>
   <div class='ocr_carea' id='block_1_53' title="bbox 2279 2449 3815 2520">
    <p class='ocr_par' dir='ltr' id='par_1_53' title="bbox 2279 2449 3815 2520">
     <span class='ocr_line' id='line_1_53' title="bbox 2279 2449 3815 2520; baseline 0.003 -17"><span class='ocrx_word' id='word_1_392' title='bbox 2279 2449 2474 2504; x_wconf 81' lang='lat' dir='ltr'><strong>Adhuc</strong></span> <span class='ocrx_word' id='word_1_393' title='bbox 2499 2464 2717 2520; x_wconf 87' lang='lat' dir='ltr'><strong>quoque</strong></span> <span class='ocrx_word' id='word_1_394' title='bbox 2759 2449 3012 2505; x_wconf 88' lang='lat' dir='ltr'><strong>adveniet</strong></span> <span class='ocrx_word' id='word_1_395' title='bbox 3041 2467 3212 2505; x_wconf 89' lang='lat' dir='ltr'><strong>unum</strong></span> <span class='ocrx_word' id='word_1_396' title='bbox 3258 2452 3538 2507; x_wconf 89' lang='lat' dir='ltr'><strong>silentium</strong></span> <span class='ocrx_word' id='word_1_397' title='bbox 3578 2453 3626 2507; x_wconf 91' lang='lat' dir='ltr'><strong>in</strong></span> <span class='ocrx_word' id='word_1_398' title='bbox 3650 2462 3815 2508; x_wconf 74' lang='lat' dir='ltr'><strong>aeterna</strong></span> 
     </span>
    </p>
   </div>
   <div class='ocr_carea' id='block_1_54' title="bbox 2281 2539 3815 2611">
    <p class='ocr_par' dir='ltr' id='par_1_54' title="bbox 2281 2539 3815 2611">
     <span class='ocr_line' id='line_1_54' title="bbox 2281 2539 3815 2611; baseline 0.001 -17"><span class='ocrx_word' id='word_1_399' title='bbox 2281 2540 2486 2611; x_wconf 84' lang='lat' dir='ltr'><strong>quiete,</strong></span> <span class='ocrx_word' id='word_1_400' title='bbox 2518 2539 2610 2593; x_wconf 90' lang='lat' dir='ltr'><strong>ubi</strong></span> <span class='ocrx_word' id='word_1_401' title='bbox 2635 2539 2825 2594; x_wconf 89' lang='lat' dir='ltr'><strong>siletur</strong></span> <span class='ocrx_word' id='word_1_402' title='bbox 2859 2541 2928 2595; x_wconf 90' lang='lat' dir='ltr'><strong>ab</strong></span> <span class='ocrx_word' id='word_1_403' title='bbox 2950 2541 3099 2596; x_wconf 91' lang='lat' dir='ltr'><strong>omni</strong></span> <span class='ocrx_word' id='word_1_404' title='bbox 3130 2542 3369 2595; x_wconf 90' lang='lat' dir='ltr'><strong>tumultu</strong></span> <span class='ocrx_word' id='word_1_405' title='bbox 3398 2551 3455 2597; x_wconf 90' lang='lat' dir='ltr'><strong>et</strong></span> <span class='ocrx_word' id='word_1_406' title='bbox 3480 2544 3725 2597; x_wconf 82' lang='lat' dir='ltr'><strong>mundana</strong></span> <span class='ocrx_word' id='word_1_407' title='bbox 3744 2544 3815 2596; x_wconf 60' lang='lat' dir='ltr'><strong>in»</strong></span> 
     </span>
    </p>
   </div>
   <div class='ocr_carea' id='block_1_55' title="bbox 2282 2633 3815 2704">
    <p class='ocr_par' dir='ltr' id='par_1_55' title="bbox 2282 2633 3815 2704">
     <span class='ocr_line' id='line_1_55' title="bbox 2282 2633 3815 2704; baseline 0.001 -17"><span class='ocrx_word' id='word_1_408' title='bbox 2282 2634 2486 2702; x_wconf 86' lang='lat' dir='ltr'><strong>quiete,</strong></span> <span class='ocrx_word' id='word_1_409' title='bbox 2512 2649 2623 2703; x_wconf 90' lang='lat' dir='ltr'><strong>quo</strong></span> <span class='ocrx_word' id='word_1_410' title='bbox 2646 2643 2701 2688; x_wconf 91' lang='lat' dir='ltr'><strong>et</strong></span> <span class='ocrx_word' id='word_1_411' title='bbox 2722 2634 2983 2704; x_wconf 82' lang='lat' dir='ltr'><strong>gaudium</strong></span> <span class='ocrx_word' id='word_1_412' title='bbox 3008 2633 3287 2689; x_wconf 84' lang='lat' dir='ltr'><strong>habebunt</strong></span> <span class='ocrx_word' id='word_1_413' title='bbox 3309 2634 3574 2689; x_wconf 75' lang='lat' dir='ltr'><strong>ineffabile</strong></span> <span class='ocrx_word' id='word_1_414' title='bbox 3594 2637 3718 2689; x_wconf 86' lang='lat' dir='ltr'><strong>inter</strong></span> <span class='ocrx_word' id='word_1_415' title='bbox 3740 2650 3815 2689; x_wconf 88' lang='lat' dir='ltr'><strong>co-</strong></span> 
     </span>
    </p>
   </div>
   <div class='ocr_carea' id='block_1_56' title="bbox 2277 2725 3814 2797">
    <p class='ocr_par' dir='ltr' id='par_1_56' title="bbox 2277 2725 3814 2797">
     <span class='ocr_line' id='line_1_56' title="bbox 2277 2725 3814 2797; baseline 0.001 -18"><span class='ocrx_word' id='word_1_416' title='bbox 2277 2734 2567 2780; x_wconf 88' lang='lat' dir='ltr'><strong>ruscantes</strong></span> <span class='ocrx_word' id='word_1_417' title='bbox 2588 2740 2947 2796; x_wconf 72' lang='lat' dir='ltr'><strong>ammuosque</strong></span> <span class='ocrx_word' id='word_1_418' title='bbox 2969 2725 3206 2795; x_wconf 91' lang='lat' dir='ltr'><strong>paradisi</strong></span> <span class='ocrx_word' id='word_1_419' title='bbox 3236 2726 3469 2797; x_wconf 86' lang='lat' dir='ltr'><strong>lapides.</strong></span> <span class='ocrx_word' id='word_1_420' title='bbox 3501 2725 3607 2781; x_wconf 86' lang='lat' dir='ltr'><strong>lloc</strong></span> <span class='ocrx_word' id='word_1_421' title='bbox 3631 2736 3705 2781; x_wconf 84' lang='lat' dir='ltr'><strong>est</strong></span> <span class='ocrx_word' id='word_1_422' title='bbox 3727 2737 3814 2781; x_wconf 80' lang='lat' dir='ltr'><strong>ter-</strong></span> 
     </span>
    </p>
   </div>
   <div class='ocr_carea' id='block_1_57' title="bbox 2278 2816 3811 2889">
    <p class='ocr_par' dir='ltr' id='par_1_57' title="bbox 2278 2816 3811 2889">
     <span class='ocr_line' id='line_1_57' title="bbox 2278 2816 3811 2889; baseline 0 -18"><span class='ocrx_word' id='word_1_423' title='bbox 2278 2818 2414 2871; x_wconf 90' lang='lat' dir='ltr'><strong>tium</strong></span> <span class='ocrx_word' id='word_1_424' title='bbox 2447 2818 2747 2873; x_wconf 91' lang='lat' dir='ltr'><strong>silentium.</strong></span> <span class='ocrx_word' id='word_1_425' title='bbox 2782 2816 3025 2871; x_wconf 88' lang='lat' dir='ltr'><strong>Primum</strong></span> <span class='ocrx_word' id='word_1_426' title='bbox 3052 2817 3332 2874; x_wconf 84' lang='lat' dir='ltr'><strong>silentium</strong></span> <span class='ocrx_word' id='word_1_427' title='bbox 3359 2829 3478 2873; x_wconf 89' lang='lat' dir='ltr'><strong>erat</strong></span> <span class='ocrx_word' id='word_1_428' title='bbox 3500 2828 3617 2873; x_wconf 84' lang='lat' dir='ltr'><strong>ante</strong></span> <span class='ocrx_word' id='word_1_429' title='bbox 3642 2820 3811 2889; x_wconf 81' lang='lat' dir='ltr'><strong>legem;</strong></span> 
     </span>
    </p>
   </div>
   <div class='ocr_carea' id='block_1_58' title="bbox 2280 2909 3811 2978">
    <p class='ocr_par' dir='ltr' id='par_1_58' title="bbox 2280 2909 3811 2978">
     <span class='ocr_line' id='line_1_58' title="bbox 2280 2909 3811 2978; baseline 0.002 -17"><span class='ocrx_word' id='word_1_430' title='bbox 2280 2909 2384 2962; x_wconf 84' lang='lat' dir='ltr'><strong>tria</strong></span> <span class='ocrx_word' id='word_1_431' title='bbox 2406 2909 2573 2963; x_wconf 87' lang='lat' dir='ltr'><strong>millia</strong></span> <span class='ocrx_word' id='word_1_432' title='bbox 2595 2919 2647 2963; x_wconf 92' lang='lat' dir='ltr'><strong>et</strong></span> <span class='ocrx_word' id='word_1_433' title='bbox 2668 2917 2885 2963; x_wconf 88' lang='lat' dir='ltr'><strong>centum</strong></span> <span class='ocrx_word' id='word_1_434' title='bbox 2906 2923 3175 2963; x_wconf 90' lang='lat' dir='ltr'><strong>annorum</strong></span> <span class='ocrx_word' id='word_1_435' title='bbox 3197 2910 3529 2978; x_wconf 89' lang='lat' dir='ltr'><strong>perdurans;</strong></span> <span class='ocrx_word' id='word_1_436' title='bbox 3552 2911 3811 2965; x_wconf 88' lang='lat' dir='ltr'><strong>secundum</strong></span> 
     </span>
    </p>
   </div>
   <div class='ocr_carea' id='block_1_59' title="bbox 2278 3000 3811 3072">
    <p class='ocr_par' dir='ltr' id='par_1_59' title="bbox 2278 3000 3811 3072">
     <span class='ocr_line' id='line_1_59' title="bbox 2278 3000 3811 3072; baseline -0.001 -17"><span class='ocrx_word' id='word_1_437' title='bbox 2278 3001 2556 3055; x_wconf 90' lang='lat' dir='ltr'><strong>silentium</strong></span> <span class='ocrx_word' id='word_1_438' title='bbox 2606 3009 2729 3070; x_wconf 91' lang='lat' dir='ltr'><strong>post</strong></span> <span class='ocrx_word' id='word_1_439' title='bbox 2772 3000 2942 3069; x_wconf 81' lang='lat' dir='ltr'><strong>legem</strong></span> <span class='ocrx_word' id='word_1_440' title='bbox 2984 3008 3109 3054; x_wconf 89' lang='lat' dir='ltr'><strong>ante</strong></span> <span class='ocrx_word' id='word_1_441' title='bbox 3142 3001 3398 3071; x_wconf 83' lang='lat' dir='ltr'><strong>gratiam,</strong></span> <span class='ocrx_word' id='word_1_442' title='bbox 3439 3004 3575 3072; x_wconf 88' lang='lat' dir='ltr'><strong>quod</strong></span> <span class='ocrx_word' id='word_1_443' title='bbox 3606 3002 3811 3056; x_wconf 86' lang='lat' dir='ltr'><strong>medium</strong></span> 
     </span>
    </p>
   </div>
   <div class='ocr_carea' id='block_1_60' title="bbox 2277 3092 3817 3165">
    <p class='ocr_par' dir='ltr' id='par_1_60' title="bbox 2277 3092 3817 3165">
     <span class='ocr_line' id='line_1_60' title="bbox 2277 3092 3817 3165; baseline 0.001 -18"><span class='ocrx_word' id='word_1_444' title='bbox 2277 3092 2554 3148; x_wconf 83' lang='lat' dir='ltr'><strong>silentium</strong></span> <span class='ocrx_word' id='word_1_445' title='bbox 2584 3101 2720 3147; x_wconf 90' lang='lat' dir='ltr'><strong>erat.</strong></span> <span class='ocrx_word' id='word_1_446' title='bbox 2771 3093 2829 3146; x_wconf 84' lang='lat' dir='ltr'><strong>ln</strong></span> <span class='ocrx_word' id='word_1_447' title='bbox 2870 3092 3050 3163; x_wconf 88' lang='lat' dir='ltr'><strong>primo</strong></span> <span class='ocrx_word' id='word_1_448' title='bbox 3093 3094 3314 3148; x_wconf 90' lang='lat' dir='ltr'><strong>silentio</strong></span> <span class='ocrx_word' id='word_1_449' title='bbox 3356 3110 3450 3149; x_wconf 93' lang='lat' dir='ltr'><strong>nec</strong></span> <span class='ocrx_word' id='word_1_450' title='bbox 3485 3104 3684 3165; x_wconf 84' lang='lat' dir='ltr'><strong>peccata</strong></span> <span class='ocrx_word' id='word_1_451' title='bbox 3707 3110 3817 3164; x_wconf 65' lang='lat' dir='ltr'><strong>qua</strong></span> 
     </span>
    </p>
   </div>
   <div class='ocr_carea' id='block_1_61' title="bbox 587 3183 3818 3281">
    <p class='ocr_par' dir='ltr' id='par_1_61' title="bbox 587 3183 3818 3281">
     <span class='ocr_line' id='line_1_61' title="bbox 587 3183 3818 3281; baseline -0.001 -37"><span class='ocrx_word' id='word_1_452' title='bbox 587 3211 730 3264; x_wconf 52' lang='lat' dir='ltr'><strong>mae,</strong></span> <span class='ocrx_word' id='word_1_453' title='bbox 745 3209 871 3252; x_wconf 81' lang='lat' dir='ltr'><strong>cum</strong></span> <span class='ocrx_word' id='word_1_454' title='bbox 893 3192 1057 3249; x_wconf 81' lang='lat' dir='ltr'><strong>fuerit</strong></span> <span class='ocrx_word' id='word_1_455' title='bbox 1079 3192 1252 3261; x_wconf 82' lang='lat' dir='ltr'><strong>sopita</strong></span> <span class='ocrx_word' id='word_1_456' title='bbox 1272 3191 1327 3246; x_wconf 89' lang='lat' dir='ltr'><strong>in</strong></span> <span class='ocrx_word' id='word_1_457' title='bbox 1349 3191 1563 3247; x_wconf 86' lang='lat' dir='ltr'><strong>eunetis</strong></span> <span class='ocrx_word' id='word_1_458' title='bbox 1582 3207 1703 3261; x_wconf 61' lang='lat' dir='ltr'><strong>quae</strong></span> <span class='ocrx_word' id='word_1_459' title='bbox 1724 3208 1820 3262; x_wconf 83' lang='lat' dir='ltr'><strong>per</strong></span> <span class='ocrx_word' id='word_1_460' title='bbox 1842 3207 2063 3247; x_wconf 78' lang='lat' dir='ltr'><strong>carnem</strong></span> <span class='ocrx_word' id='word_1_461' title='bbox 2085 3194 2173 3248; x_wconf 77' lang='lat' dir='ltr'><strong>ad-</strong></span> <span class='ocrx_word' id='word_1_462' title='bbox 2202 3224 2244 3281; x_wconf 73' lang='lat' dir='ltr'><strong><em>C</em></strong></span> <span class='ocrx_word' id='word_1_463' title='bbox 2278 3193 2580 3257; x_wconf 86' lang='lat' dir='ltr'><strong>gesserant,</strong></span> <span class='ocrx_word' id='word_1_464' title='bbox 2623 3199 2722 3239; x_wconf 87' lang='lat' dir='ltr'><strong>nec</strong></span> <span class='ocrx_word' id='word_1_465' title='bbox 2750 3183 3065 3239; x_wconf 91' lang='lat' dir='ltr'><strong>diuturnam</strong></span> <span class='ocrx_word' id='word_1_466' title='bbox 3093 3193 3349 3251; x_wconf 91' lang='lat' dir='ltr'><strong>mortem,</strong></span> <span class='ocrx_word' id='word_1_467' title='bbox 3383 3201 3496 3254; x_wconf 66' lang='lat' dir='ltr'><strong>quae</strong></span> <span class='ocrx_word' id='word_1_468' title='bbox 3519 3186 3596 3241; x_wconf 89' lang='lat' dir='ltr'><strong>eis</strong></span> <span class='ocrx_word' id='word_1_469' title='bbox 3616 3186 3818 3255; x_wconf 84' lang='lat' dir='ltr'><strong>ingrue-</strong></span> 
     </span>
    </p>
   </div>
   <div class='ocr_carea' id='block_1_62' title="bbox 592 3283 2175 3353">
    <p class='ocr_par' dir='ltr' id='par_1_62' title="bbox 592 3283 2175 3353">
     <span class='ocr_line' id='line_1_62' title="bbox 592 3283 2175 3353; baseline -0.003 -7"><span class='ocrx_word' id='word_1_470' title='bbox 592 3297 890 3346; x_wconf 86' lang='lat' dir='ltr'><strong>amaverat.</strong></span> <span class='ocrx_word' id='word_1_471' title='bbox 931 3283 1058 3340; x_wconf 70' lang='lat' dir='ltr'><strong>Haec</strong></span> <span class='ocrx_word' id='word_1_472' title='bbox 1092 3285 1273 3339; x_wconf 86' lang='lat' dir='ltr'><strong>anima</strong></span> <span class='ocrx_word' id='word_1_473' title='bbox 1302 3284 1431 3338; x_wconf 89' lang='lat' dir='ltr'><strong>dum</strong></span> <span class='ocrx_word' id='word_1_474' title='bbox 1474 3283 1741 3353; x_wconf 86' lang='lat' dir='ltr'><strong>quieverit</strong></span> <span class='ocrx_word' id='word_1_475' title='bbox 1778 3300 1809 3339; x_wconf 89' lang='lat' dir='ltr'><strong>a</strong></span> <span class='ocrx_word' id='word_1_476' title='bbox 1848 3287 1995 3341; x_wconf 90' lang='lat' dir='ltr'><strong>curis</strong></span> <span class='ocrx_word' id='word_1_477' title='bbox 2023 3297 2175 3343; x_wconf 82' lang='lat' dir='ltr'><strong>exte-</strong></span> 
     </span>
    </p>
   </div>
   <div class='ocr_carea' id='block_1_63' title="bbox 588 3373 2215 3447">
    <p class='ocr_par' dir='ltr' id='par_1_63' title="bbox 588 3373 2215 3447">
     <span class='ocr_line' id='line_1_63' title="bbox 588 3373 2215 3447; baseline -0.002 -11"><span class='ocrx_word' id='word_1_478' title='bbox 588 3378 834 3439; x_wconf 86' lang='lat' dir='ltr'><strong>rioribus</strong></span> <span class='ocrx_word' id='word_1_479' title='bbox 884 3376 941 3431; x_wconf 85' lang='lat' dir='ltr'><strong>in</strong></span> <span class='ocrx_word' id='word_1_480' title='bbox 986 3373 1110 3431; x_wconf 71' lang='lat' dir='ltr'><strong>suis</strong></span> <span class='ocrx_word' id='word_1_481' title='bbox 1149 3374 1569 3444; x_wconf 85' lang='lat' dir='ltr'><strong>cegitationibus</strong></span> <span class='ocrx_word' id='word_1_482' title='bbox 1623 3382 1678 3429; x_wconf 88' lang='lat' dir='ltr'><strong>et</strong></span> <span class='ocrx_word' id='word_1_483' title='bbox 1729 3377 1889 3446; x_wconf 80' lang='lat' dir='ltr'><strong>quasi</strong></span> <span class='ocrx_word' id='word_1_484' title='bbox 1933 3378 2173 3447; x_wconf 86' lang='lat' dir='ltr'><strong>vigilanti</strong></span> <span class='ocrx_word' id='word_1_485' title='bbox 2212 3422 2215 3425; x_wconf 82' lang='lat'><strong>.</strong></span> 
     </span>
    </p>
   </div>
   <div class='ocr_carea' id='block_1_64' title="bbox 589 3463 2171 3540">
    <p class='ocr_par' dir='ltr' id='par_1_64' title="bbox 589 3463 2171 3540">
     <span class='ocr_line' id='line_1_64' title="bbox 589 3463 2171 3540; baseline -0.001 -15"><span class='ocrx_word' id='word_1_486' title='bbox 589 3466 962 3526; x_wconf 58' lang='lat' dir='ltr'><strong>eordefuerit</strong></span> <span class='ocrx_word' id='word_1_487' title='bbox 1008 3465 1063 3519; x_wconf 91' lang='lat' dir='ltr'><strong>in</strong></span> <span class='ocrx_word' id='word_1_488' title='bbox 1103 3463 1198 3519; x_wconf 88' lang='lat' dir='ltr'><strong>Dei</strong></span> <span class='ocrx_word' id='word_1_489' title='bbox 1234 3463 1712 3534; x_wconf 90' lang='lat' dir='ltr'><strong>contemplatione,</strong></span> <span class='ocrx_word' id='word_1_490' title='bbox 1768 3468 1941 3521; x_wconf 90' lang='lat' dir='ltr'><strong>sancti</strong></span> <span class='ocrx_word' id='word_1_491' title='bbox 1996 3470 2171 3540; x_wconf 85' lang='lat' dir='ltr'><strong>angeli</strong></span> 
     </span>
    </p>
   </div>
   <div class='ocr_carea' id='block_1_65' title="bbox 588 3553 2170 3630">
    <p class='ocr_par' dir='ltr' id='par_1_65' title="bbox 588 3553 2170 3630">
     <span class='ocr_line' id='line_1_65' title="bbox 588 3553 2170 3630; baseline 0.001 -16"><span class='ocrx_word' id='word_1_492' title='bbox 588 3557 780 3630; x_wconf 88' lang='lat' dir='ltr'><strong>procul</strong></span> <span class='ocrx_word' id='word_1_493' title='bbox 804 3555 973 3612; x_wconf 89' lang='lat' dir='ltr'><strong>dubio</strong></span> <span class='ocrx_word' id='word_1_494' title='bbox 1009 3553 1306 3625; x_wconf 84' lang='lat' dir='ltr'><strong>gaudentes</strong></span> <span class='ocrx_word' id='word_1_495' title='bbox 1332 3563 1628 3609; x_wconf 90' lang='lat' dir='ltr'><strong>occurrunt</strong></span> <span class='ocrx_word' id='word_1_496' title='bbox 1655 3555 1754 3611; x_wconf 92' lang='lat' dir='ltr'><strong>illi.</strong></span> <span class='ocrx_word' id='word_1_497' title='bbox 1801 3554 1938 3612; x_wconf 89' lang='lat' dir='ltr'><strong>Cum</strong></span> <span class='ocrx_word' id='word_1_498' title='bbox 1988 3569 2170 3615; x_wconf 84' lang='lat' dir='ltr'><strong>autem</strong></span> 
     </span>
    </p>
   </div>
   <div class='ocr_carea' id='block_1_66' title="bbox 586 3643 2172 3718">
    <p class='ocr_par' dir='ltr' id='par_1_66' title="bbox 586 3643 2172 3718">
     <span class='ocr_line' id='line_1_66' title="bbox 586 3643 2172 3718; baseline 0 -14"><span class='ocrx_word' id='word_1_499' title='bbox 586 3662 748 3704; x_wconf 88' lang='lat' dir='ltr'><strong>mens</strong></span> <span class='ocrx_word' id='word_1_500' title='bbox 786 3646 1026 3705; x_wconf 84' lang='lat' dir='ltr'><strong>humana</strong></span> <span class='ocrx_word' id='word_1_501' title='bbox 1056 3643 1220 3699; x_wconf 89' lang='lat' dir='ltr'><strong>fuerit</strong></span> <span class='ocrx_word' id='word_1_502' title='bbox 1269 3657 1584 3712; x_wconf 87' lang='lat' dir='ltr'><strong>repercussa</strong></span> <span class='ocrx_word' id='word_1_503' title='bbox 1615 3646 1763 3715; x_wconf 83' lang='lat' dir='ltr'><strong>gravi</strong></span> <span class='ocrx_word' id='word_1_504' title='bbox 1790 3650 2033 3718; x_wconf 89' lang='lat' dir='ltr'><strong>corporis</strong></span> <span class='ocrx_word' id='word_1_505' title='bbox 2061 3650 2172 3704; x_wconf 82' lang='lat' dir='ltr'><strong>fra-</strong></span> 
     </span>
    </p>
   </div>
   <div class='ocr_carea' id='block_1_67' title="bbox 587 3733 2173 3810">
    <p class='ocr_par' dir='ltr' id='par_1_67' title="bbox 587 3733 2173 3810">
     <span class='ocr_line' id='line_1_67' title="bbox 587 3733 2173 3810; baseline 0.003 -18"><span class='ocrx_word' id='word_1_506' title='bbox 587 3738 816 3805; x_wconf 81' lang='lat' dir='ltr'><strong>gilitate,</strong></span> <span class='ocrx_word' id='word_1_507' title='bbox 851 3735 1178 3791; x_wconf 82' lang='lat' dir='ltr'><strong>obscuratur</strong></span> <span class='ocrx_word' id='word_1_508' title='bbox 1213 3733 1372 3804; x_wconf 88' lang='lat' dir='ltr'><strong>quasi</strong></span> <span class='ocrx_word' id='word_1_509' title='bbox 1401 3733 1457 3788; x_wconf 91' lang='lat' dir='ltr'><strong>in</strong></span> <span class='ocrx_word' id='word_1_510' title='bbox 1498 3735 1708 3803; x_wconf 91' lang='lat' dir='ltr'><strong>nubilo,</strong></span> <span class='ocrx_word' id='word_1_511' title='bbox 1744 3739 1888 3808; x_wconf 90' lang='lat' dir='ltr'><strong>quod</strong></span> <span class='ocrx_word' id='word_1_512' title='bbox 1918 3740 2173 3810; x_wconf 84' lang='lat' dir='ltr'><strong>splendo-</strong></span> 
     </span>
    </p>
   </div>
   <div class='ocr_carea' id='block_1_68' title="bbox 588 3824 2169 3899">
    <p class='ocr_par' dir='ltr' id='par_1_68' title="bbox 588 3824 2169 3899">
     <span class='ocr_line' id='line_1_68' title="bbox 588 3824 2169 3899; baseline 0.001 -15"><span class='ocrx_word' id='word_1_513' title='bbox 588 3844 706 3885; x_wconf 87' lang='lat' dir='ltr'><strong>rem</strong></span> <span class='ocrx_word' id='word_1_514' title='bbox 733 3833 1005 3899; x_wconf 77' lang='lat' dir='ltr'><strong>perpetuae</strong></span> <span class='ocrx_word' id='word_1_515' title='bbox 1029 3825 1168 3880; x_wconf 91' lang='lat' dir='ltr'><strong>lueis</strong></span> <span class='ocrx_word' id='word_1_516' title='bbox 1195 3839 1260 3879; x_wconf 79' lang='lat' dir='ltr'><strong>ex</strong></span> <span class='ocrx_word' id='word_1_517' title='bbox 1291 3824 1381 3879; x_wconf 91' lang='lat' dir='ltr'><strong>illa</strong></span> <span class='ocrx_word' id='word_1_518' title='bbox 1403 3825 1756 3893; x_wconf 81' lang='lat' dir='ltr'><strong>perturbavit.</strong></span> <span class='ocrx_word' id='word_1_519' title='bbox 1791 3826 1859 3883; x_wconf 85' lang='lat' dir='ltr'><strong>Et</strong></span> <span class='ocrx_word' id='word_1_520' title='bbox 1891 3843 2014 3884; x_wconf 91' lang='lat' dir='ltr'><strong>eum</strong></span> <span class='ocrx_word' id='word_1_521' title='bbox 2040 3830 2169 3885; x_wconf 89' lang='lat' dir='ltr'><strong>item</strong></span> 
     </span>
    </p>
   </div>
   <div class='ocr_carea' id='block_1_69' title="bbox 587 3915 2209 3991">
    <p class='ocr_par' dir='ltr' id='par_1_69' title="bbox 587 3915 2209 3991">
     <span class='ocr_line' id='line_1_69' title="bbox 587 3915 2209 3991; baseline -0.001 -15"><span class='ocrx_word' id='word_1_522' title='bbox 587 3929 832 3989; x_wconf 90' lang='lat' dir='ltr'><strong>tempore</strong></span> <span class='ocrx_word' id='word_1_523' title='bbox 855 3915 1175 3973; x_wconf 85' lang='lat' dir='ltr'><strong>tentationis</strong></span> <span class='ocrx_word' id='word_1_524' title='bbox 1210 3915 1463 3970; x_wconf 89' lang='lat' dir='ltr'><strong>reciderit</strong></span> <span class='ocrx_word' id='word_1_525' title='bbox 1484 3917 1539 3970; x_wconf 91' lang='lat' dir='ltr'><strong>in</strong></span> <span class='ocrx_word' id='word_1_526' title='bbox 1565 3931 1695 3972; x_wconf 87' lang='lat' dir='ltr'><strong>suos</strong></span> <span class='ocrx_word' id='word_1_527' title='bbox 1735 3918 1991 3989; x_wconf 87' lang='lat' dir='ltr'><strong>antiquos</strong></span> <span class='ocrx_word' id='word_1_528' title='bbox 2021 3920 2169 3991; x_wconf 90' lang='lat' dir='ltr'><strong>cogi-</strong></span> <span class='ocrx_word' id='word_1_529' title='bbox 2204 3938 2209 3941; x_wconf 88' lang='grc'><strong>·</strong></span> 
     </span>
    </p>
   </div>
   <div class='ocr_carea' id='block_1_70' title="bbox 587 4005 2169 4080">
    <p class='ocr_par' dir='ltr' id='par_1_70' title="bbox 587 4005 2169 4080">
     <span class='ocr_line' id='line_1_70' title="bbox 587 4005 2169 4080; baseline 0.001 -14"><span class='ocrx_word' id='word_1_530' title='bbox 587 4018 753 4075; x_wconf 86' lang='lat' dir='ltr'><strong>tatus,</strong></span> <span class='ocrx_word' id='word_1_531' title='bbox 797 4014 869 4065; x_wconf 72' lang='lat' dir='ltr'><strong>ac</strong></span> <span class='ocrx_word' id='word_1_532' title='bbox 916 4005 1334 4077; x_wconf 89' lang='lat' dir='ltr'><strong>reciprocaverit</strong></span> <span class='ocrx_word' id='word_1_533' title='bbox 1382 4007 1659 4063; x_wconf 87' lang='lat' dir='ltr'><strong>mirabiles</strong></span> <span class='ocrx_word' id='word_1_534' title='bbox 1698 4010 1948 4078; x_wconf 89' lang='lat' dir='ltr'><strong>corporis</strong></span> <span class='ocrx_word' id='word_1_535' title='bbox 1991 4020 2169 4080; x_wconf 88' lang='lat' dir='ltr'><strong>actus,</strong></span> 
     </span>
    </p>
   </div>
   <div class='ocr_carea' id='block_1_71' title="bbox 586 4096 2171 4170">
    <p class='ocr_par' dir='ltr' id='par_1_71' title="bbox 586 4096 2171 4170">
     <span class='ocr_line' id='line_1_71' title="bbox 586 4096 2171 4170; baseline 0 -11"><span class='ocrx_word' id='word_1_536' title='bbox 586 4103 762 4159; x_wconf 86' lang='lat' dir='ltr'><strong>nostri</strong></span> <span class='ocrx_word' id='word_1_537' title='bbox 783 4100 1036 4157; x_wconf 89' lang='lat' dir='ltr'><strong>concives</strong></span> <span class='ocrx_word' id='word_1_538' title='bbox 1052 4114 1153 4156; x_wconf 89' lang='lat' dir='ltr'><strong>nos</strong></span> <span class='ocrx_word' id='word_1_539' title='bbox 1178 4096 1487 4168; x_wconf 86' lang='lat' dir='ltr'><strong>aufugiunt,</strong></span> <span class='ocrx_word' id='word_1_540' title='bbox 1504 4106 1558 4153; x_wconf 90' lang='lat' dir='ltr'><strong>et</strong></span> <span class='ocrx_word' id='word_1_541' title='bbox 1582 4101 1756 4170; x_wconf 82' lang='lat' dir='ltr'><strong>angeli</strong></span> <span class='ocrx_word' id='word_1_542' title='bbox 1779 4101 1835 4156; x_wconf 92' lang='lat' dir='ltr'><strong>in</strong></span> <span class='ocrx_word' id='word_1_543' title='bbox 1856 4102 2171 4161; x_wconf 74' lang='lat' dir='ltr'><strong>ctelestibus</strong></span> 
     </span>
    </p>
   </div>
   <div class='ocr_carea' id='block_1_72' title="bbox 586 4188 2163 4263">
    <p class='ocr_par' dir='ltr' id='par_1_72' title="bbox 586 4188 2163 4263">
     <span class='ocr_line' id='line_1_72' title="bbox 586 4188 2163 4263; baseline 0 -14"><span class='ocrx_word' id='word_1_544' title='bbox 586 4193 917 4250; x_wconf 90' lang='lat' dir='ltr'><strong>erubescunt</strong></span> <span class='ocrx_word' id='word_1_545' title='bbox 948 4190 1015 4246; x_wconf 90' lang='lat' dir='ltr'><strong>de</strong></span> <span class='ocrx_word' id='word_1_546' title='bbox 1046 4189 1251 4245; x_wconf 89' lang='lat' dir='ltr'><strong>nostris</strong></span> <span class='ocrx_word' id='word_1_547' title='bbox 1271 4188 1587 4244; x_wconf 83' lang='lat' dir='ltr'><strong>excessibus</strong></span> <span class='ocrx_word' id='word_1_548' title='bbox 1611 4190 1662 4244; x_wconf 90' lang='lat' dir='ltr'><strong>in</strong></span> <span class='ocrx_word' id='word_1_549' title='bbox 1694 4191 1810 4246; x_wconf 90' lang='lat' dir='ltr'><strong>suis</strong></span> <span class='ocrx_word' id='word_1_550' title='bbox 1834 4194 2163 4263; x_wconf 84' lang='lat' dir='ltr'><strong>agminibus.</strong></span> 
     </span>
    </p>
   </div>
   <div class='ocr_carea' id='block_1_73' title="bbox 656 4278 2167 4353">
    <p class='ocr_par' dir='ltr' id='par_1_73' title="bbox 656 4278 2167 4353">
     <span class='ocr_line' id='line_1_73' title="bbox 656 4278 2167 4353; baseline 0.003 -17"><span class='ocrx_word' id='word_1_551' title='bbox 656 4281 851 4351; x_wconf 83' lang='lat' dir='ltr'><strong>Igitur,</strong></span> <span class='ocrx_word' id='word_1_552' title='bbox 892 4278 1221 4344; x_wconf 86' lang='lat' dir='ltr'><strong>charissimi,</strong></span> <span class='ocrx_word' id='word_1_553' title='bbox 1283 4278 1654 4334; x_wconf 89' lang='lat' dir='ltr'><strong>conciliamini</strong></span> <span class='ocrx_word' id='word_1_554' title='bbox 1705 4282 1860 4337; x_wconf 89' lang='lat' dir='ltr'><strong>vobis</strong></span> <span class='ocrx_word' id='word_1_555' title='bbox 1914 4284 2167 4353; x_wconf 85' lang='lat' dir='ltr'><strong>spiritum</strong></span> 
     </span>
    </p>
   </div>
   <div class='ocr_carea' id='block_1_74' title="bbox 583 4367 2171 4443">
    <p class='ocr_par' dir='ltr' id='par_1_74' title="bbox 583 4367 2171 4443">
     <span class='ocr_line' id='line_1_74' title="bbox 583 4367 2171 4443; baseline 0.001 -16"><span class='ocrx_word' id='word_1_556' title='bbox 583 4368 820 4436; x_wconf 87' lang='lat' dir='ltr'><strong>consilii,</strong></span> <span class='ocrx_word' id='word_1_557' title='bbox 853 4368 933 4424; x_wconf 92' lang='lat' dir='ltr'><strong>uti</strong></span> <span class='ocrx_word' id='word_1_558' title='bbox 970 4382 1193 4423; x_wconf 90' lang='lat' dir='ltr'><strong>causam</strong></span> <span class='ocrx_word' id='word_1_559' title='bbox 1224 4375 1461 4422; x_wconf 87' lang='lat' dir='ltr'><strong>vestram</strong></span> <span class='ocrx_word' id='word_1_560' title='bbox 1490 4367 1565 4423; x_wconf 90' lang='lat' dir='ltr'><strong>ita</strong></span> <span class='ocrx_word' id='word_1_561' title='bbox 1595 4371 1833 4426; x_wconf 86' lang='lat' dir='ltr'><strong>tractetis</strong></span> <span class='ocrx_word' id='word_1_562' title='bbox 1870 4373 2016 4443; x_wconf 90' lang='lat' dir='ltr'><strong>quod</strong></span> <span class='ocrx_word' id='word_1_563' title='bbox 2057 4374 2171 4430; x_wconf 89' lang='lat' dir='ltr'><strong>Deo</strong></span> 
     </span>
    </p>
   </div>
   <div class='ocr_carea' id='block_1_75' title="bbox 586 4456 2165 4533">
    <p class='ocr_par' dir='ltr' id='par_1_75' title="bbox 586 4456 2165 4533">
     <span class='ocr_line' id='line_1_75' title="bbox 586 4456 2165 4533; baseline 0.001 -17"><span class='ocrx_word' id='word_1_564' title='bbox 586 4460 867 4532; x_wconf 86' lang='lat' dir='ltr'><strong>placeatis,</strong></span> <span class='ocrx_word' id='word_1_565' title='bbox 889 4458 1034 4528; x_wconf 88' lang='lat' dir='ltr'><strong>quod</strong></span> <span class='ocrx_word' id='word_1_566' title='bbox 1063 4456 1357 4511; x_wconf 81' lang='lat' dir='ltr'><strong>amicitiam</strong></span> <span class='ocrx_word' id='word_1_567' title='bbox 1384 4458 1702 4528; x_wconf 82' lang='lat' dir='ltr'><strong>angelorum</strong></span> <span class='ocrx_word' id='word_1_568' title='bbox 1727 4459 1992 4529; x_wconf 88' lang='lat' dir='ltr'><strong>habeatis,</strong></span> <span class='ocrx_word' id='word_1_569' title='bbox 2018 4465 2165 4533; x_wconf 89' lang='lat' dir='ltr'><strong>quod</strong></span> 
     </span>
    </p>
   </div>
   <div class='ocr_carea' id='block_1_76' title="bbox 2279 3274 3817 3346">
    <p class='ocr_par' dir='ltr' id='par_1_76' title="bbox 2279 3274 3817 3346">
     <span class='ocr_line' id='line_1_76' title="bbox 2279 3274 3817 3346; baseline -0.002 -15"><span class='ocrx_word' id='word_1_570' title='bbox 2279 3278 2390 3343; x_wconf 84' lang='lat' dir='ltr'><strong>bat,</strong></span> <span class='ocrx_word' id='word_1_571' title='bbox 2440 3290 2788 3345; x_wconf 89' lang='lat' dir='ltr'><strong>nequaquam</strong></span> <span class='ocrx_word' id='word_1_572' title='bbox 2834 3285 3177 3346; x_wconf 88' lang='lat' dir='ltr'><strong>agnoverunt</strong></span> <span class='ocrx_word' id='word_1_573' title='bbox 3207 3292 3221 3327; x_wconf 90' lang='lat'><strong>:</strong></span> <span class='ocrx_word' id='word_1_574' title='bbox 3251 3275 3360 3330; x_wconf 87' lang='lat' dir='ltr'><strong>imo</strong></span> <span class='ocrx_word' id='word_1_575' title='bbox 3387 3275 3661 3331; x_wconf 86' lang='lat' dir='ltr'><strong>siluerunt.</strong></span> <span class='ocrx_word' id='word_1_576' title='bbox 3699 3274 3817 3329; x_wconf 85' lang='lat' dir='ltr'><strong>Dato</strong></span> 
     </span>
    </p>
   </div>
   <div class='ocr_carea' id='block_1_77' title="bbox 2274 3366 3815 3437">
    <p class='ocr_par' dir='ltr' id='par_1_77' title="bbox 2274 3366 3815 3437">
     <span class='ocr_line' id='line_1_77' title="bbox 2274 3366 3815 3437; baseline -0.002 -13"><span class='ocrx_word' id='word_1_577' title='bbox 2274 3382 2406 3424; x_wconf 88' lang='lat' dir='ltr'><strong>vero</strong></span> <span class='ocrx_word' id='word_1_578' title='bbox 2447 3368 2564 3437; x_wconf 85' lang='lat' dir='ltr'><strong>lege</strong></span> <span class='ocrx_word' id='word_1_579' title='bbox 2597 3382 2693 3437; x_wconf 90' lang='lat' dir='ltr'><strong>per</strong></span> <span class='ocrx_word' id='word_1_580' title='bbox 2718 3366 2961 3437; x_wconf 81' lang='lat' dir='ltr'><strong>Moysen,</strong></span> <span class='ocrx_word' id='word_1_581' title='bbox 2991 3366 3340 3435; x_wconf 86' lang='lat' dir='ltr'><strong>ostensisque</strong></span> <span class='ocrx_word' id='word_1_582' title='bbox 3376 3367 3627 3436; x_wconf 86' lang='lat' dir='ltr'><strong>peccatis,</strong></span> <span class='ocrx_word' id='word_1_583' title='bbox 3654 3382 3815 3436; x_wconf 59' lang='lat' dir='ltr'><strong>peccao</strong></span> 
     </span>
    </p>
   </div>
   <div class='ocr_carea' id='block_1_78' title="bbox 2276 3458 3814 3529">
    <p class='ocr_par' dir='ltr' id='par_1_78' title="bbox 2276 3458 3814 3529">
     <span class='ocr_line' id='line_1_78' title="bbox 2276 3458 3814 3529; baseline -0.002 -14"><span class='ocrx_word' id='word_1_584' title='bbox 2276 3470 2423 3515; x_wconf 90' lang='lat' dir='ltr'><strong>tores</strong></span> <span class='ocrx_word' id='word_1_585' title='bbox 2440 3460 2670 3515; x_wconf 89' lang='lat' dir='ltr'><strong>salutem</strong></span> <span class='ocrx_word' id='word_1_586' title='bbox 2691 3458 3029 3528; x_wconf 67' lang='lat' dir='ltr'><strong>quaerebant,</strong></span> <span class='ocrx_word' id='word_1_587' title='bbox 3058 3466 3396 3528; x_wconf 86' lang='lat' dir='ltr'><strong>ruptumque</strong></span> <span class='ocrx_word' id='word_1_588' title='bbox 3427 3459 3686 3514; x_wconf 85' lang='lat' dir='ltr'><strong>silentium</strong></span> <span class='ocrx_word' id='word_1_589' title='bbox 3705 3473 3814 3529; x_wconf 86' lang='lat' dir='ltr'><strong>pro-</strong></span> 
     </span>
    </p>
   </div>
   <div class='ocr_carea' id='block_1_79' title="bbox 2274 3548 3814 3623">
    <p class='ocr_par' dir='ltr' id='par_1_79' title="bbox 2274 3548 3814 3623">
     <span class='ocr_line' id='line_1_79' title="bbox 2274 3548 3814 3623; baseline 0.001 -18"><span class='ocrx_word' id='word_1_590' title='bbox 2274 3553 2451 3621; x_wconf 62' lang='lat' dir='ltr'><strong>phetae</strong></span> <span class='ocrx_word' id='word_1_591' title='bbox 2478 3551 2910 3621; x_wconf 69' lang='lat' dir='ltr'><strong>praedicaverunt</strong></span> <span class='ocrx_word' id='word_1_592' title='bbox 2964 3550 3113 3605; x_wconf 90' lang='lat' dir='ltr'><strong>nasci</strong></span> <span class='ocrx_word' id='word_1_593' title='bbox 3166 3548 3511 3606; x_wconf 88' lang='lat' dir='ltr'><strong>Salvatorem</strong></span> <span class='ocrx_word' id='word_1_594' title='bbox 3553 3552 3814 3623; x_wconf 81' lang='lat' dir='ltr'><strong>devirginc</strong></span> 
     </span>
    </p>
   </div>
   <div class='ocr_carea' id='block_1_80' title="bbox 2276 3640 3814 3712">
    <p class='ocr_par' dir='ltr' id='par_1_80' title="bbox 2276 3640 3814 3712">
     <span class='ocr_line' id='line_1_80' title="bbox 2276 3640 3814 3712; baseline 0.001 -17"><span class='ocrx_word' id='word_1_595' title='bbox 2276 3640 2463 3696; x_wconf 82' lang='lat' dir='ltr'><strong>Maria.</strong></span> <span class='ocrx_word' id='word_1_596' title='bbox 2492 3640 2739 3711; x_wconf 89' lang='lat' dir='ltr'><strong>Cumque</strong></span> <span class='ocrx_word' id='word_1_597' title='bbox 2765 3649 3105 3712; x_wconf 85' lang='lat' dir='ltr'><strong>nonagentos</strong></span> <span class='ocrx_word' id='word_1_598' title='bbox 3135 3656 3313 3697; x_wconf 93' lang='lat' dir='ltr'><strong>annos</strong></span> <span class='ocrx_word' id='word_1_599' title='bbox 3336 3642 3710 3699; x_wconf 83' lang='lat' dir='ltr'><strong>vociferasseut</strong></span> <span class='ocrx_word' id='word_1_600' title='bbox 3736 3659 3814 3712; x_wconf 82' lang='lat' dir='ltr'><strong>op-</strong></span> 
     </span>
    </p>
   </div>
   <div class='ocr_carea' id='block_1_81' title="bbox 2273 3733 3814 3804">
    <p class='ocr_par' dir='ltr' id='par_1_81' title="bbox 2273 3733 3814 3804">
     <span class='ocr_line' id='line_1_81' title="bbox 2273 3733 3814 3804; baseline 0 -17"><span class='ocrx_word' id='word_1_601' title='bbox 2273 3734 2439 3789; x_wconf 89' lang='lat' dir='ltr'><strong>tando</strong></span> <span class='ocrx_word' id='word_1_602' title='bbox 2465 3733 2677 3788; x_wconf 90' lang='lat' dir='ltr'><strong>Domini</strong></span> <span class='ocrx_word' id='word_1_603' title='bbox 2702 3733 3016 3800; x_wconf 87' lang='lat' dir='ltr'><strong>adventum,</strong></span> <span class='ocrx_word' id='word_1_604' title='bbox 3047 3733 3197 3788; x_wconf 90' lang='lat' dir='ltr'><strong>venit</strong></span> <span class='ocrx_word' id='word_1_605' title='bbox 3215 3733 3507 3804; x_wconf 53' lang='lat' dir='ltr'><strong>Christus}</strong></span> <span class='ocrx_word' id='word_1_606' title='bbox 3528 3736 3661 3790; x_wconf 88' lang='lat' dir='ltr'><strong>unde</strong></span> <span class='ocrx_word' id='word_1_607' title='bbox 3681 3748 3814 3789; x_wconf 75' lang='lat' dir='ltr'><strong>omne</strong></span> 
     </span>
    </p>
   </div>
   <div class='ocr_carea' id='block_1_82' title="bbox 2278 3823 3813 3895">
    <p class='ocr_par' dir='ltr' id='par_1_82' title="bbox 2278 3823 3813 3895">
     <span class='ocr_line' id='line_1_82' title="bbox 2278 3823 3813 3895; baseline 0.001 -16"><span class='ocrx_word' id='word_1_608' title='bbox 2278 3824 2427 3895; x_wconf 88' lang='lat' dir='ltr'><strong>quod</strong></span> <span class='ocrx_word' id='word_1_609' title='bbox 2454 3825 2507 3878; x_wconf 90' lang='lat' dir='ltr'><strong>in</strong></span> <span class='ocrx_word' id='word_1_610' title='bbox 2532 3833 2676 3879; x_wconf 89' lang='lat' dir='ltr'><strong>terra</strong></span> <span class='ocrx_word' id='word_1_611' title='bbox 2706 3831 2823 3878; x_wconf 90' lang='lat' dir='ltr'><strong>erat</strong></span> <span class='ocrx_word' id='word_1_612' title='bbox 2850 3824 3019 3890; x_wconf 91' lang='lat' dir='ltr'><strong>siluit,</strong></span> <span class='ocrx_word' id='word_1_613' title='bbox 3043 3824 3170 3894; x_wconf 89' lang='lat' dir='ltr'><strong>quia</strong></span> <span class='ocrx_word' id='word_1_614' title='bbox 3200 3823 3460 3882; x_wconf 88' lang='lat' dir='ltr'><strong>Christus</strong></span> <span class='ocrx_word' id='word_1_615' title='bbox 3480 3827 3699 3881; x_wconf 83' lang='lat' dir='ltr'><strong>advenit.</strong></span> <span class='ocrx_word' id='word_1_616' title='bbox 3722 3825 3813 3880; x_wconf 84' lang='lat' dir='ltr'><strong>Hoc</strong></span> 
     </span>
    </p>
   </div>
   <div class='ocr_carea' id='block_1_83' title="bbox 2271 3913 3812 3993">
    <p class='ocr_par' dir='ltr' id='par_1_83' title="bbox 2271 3913 3812 3993">
     <span class='ocr_line' id='line_1_83' title="bbox 2271 3913 3812 3993; baseline -0.001 -22"><span class='ocrx_word' id='word_1_617' title='bbox 2271 3925 2355 3971; x_wconf 83' lang='lat' dir='ltr'><strong>est</strong></span> <span class='ocrx_word' id='word_1_618' title='bbox 2384 3914 2529 3969; x_wconf 91' lang='lat' dir='ltr'><strong>enim</strong></span> <span class='ocrx_word' id='word_1_619' title='bbox 2555 3913 2830 3969; x_wconf 90' lang='lat' dir='ltr'><strong>silentium</strong></span> <span class='ocrx_word' id='word_1_620' title='bbox 2853 3915 2907 3968; x_wconf 94' lang='lat' dir='ltr'><strong>in</strong></span> <span class='ocrx_word' id='word_1_621' title='bbox 2935 3930 3044 3985; x_wconf 93' lang='lat' dir='ltr'><strong>quo</strong></span> <span class='ocrx_word' id='word_1_622' title='bbox 3064 3914 3322 3993; x_wconf 79' lang='lat' dir='ltr'><strong>Christus</strong></span> <span class='ocrx_word' id='word_1_623' title='bbox 3345 3926 3508 3971; x_wconf 90' lang='lat' dir='ltr'><strong>natus</strong></span> <span class='ocrx_word' id='word_1_624' title='bbox 3528 3932 3676 3971; x_wconf 90' lang='lat' dir='ltr'><strong>omne</strong></span> <span class='ocrx_word' id='word_1_625' title='bbox 3692 3916 3812 3986; x_wconf 86' lang='lat' dir='ltr'><strong>quod</strong></span> 
     </span>
    </p>
   </div>
   <div class='ocr_carea' id='block_1_84' title="bbox 2271 4006 3812 4074">
    <p class='ocr_par' dir='ltr' id='par_1_84' title="bbox 2271 4006 3812 4074">
     <span class='ocr_line' id='line_1_84' title="bbox 2271 4006 3812 4074; baseline -0.002 -11"><span class='ocrx_word' id='word_1_626' title='bbox 2271 4006 2452 4063; x_wconf 90' lang='lat' dir='ltr'><strong>fuerat</strong></span> <span class='ocrx_word' id='word_1_627' title='bbox 2464 4006 2690 4063; x_wconf 88' lang='lat' dir='ltr'><strong>feliciter</strong></span> <span class='ocrx_word' id='word_1_628' title='bbox 2706 4015 2894 4061; x_wconf 89' lang='lat' dir='ltr'><strong>natum</strong></span> <span class='ocrx_word' id='word_1_629' title='bbox 2916 4007 3278 4062; x_wconf 84' lang='lat' dir='ltr'><strong>exclamavit:</strong></span> <span class='ocrx_word' id='word_1_630' title='bbox 3303 4007 3584 4074; x_wconf 78' lang='lat' dir='ltr'><strong>Miserere,</strong></span> <span class='ocrx_word' id='word_1_631' title='bbox 3602 4006 3812 4071; x_wconf 82' lang='lat' dir='ltr'><strong>Domine,</strong></span> 
     </span>
    </p>
   </div>
   <div class='ocr_carea' id='block_1_85' title="bbox 2271 4096 3812 4169">
    <p class='ocr_par' dir='ltr' id='par_1_85' title="bbox 2271 4096 3812 4169">
     <span class='ocr_line' id='line_1_85' title="bbox 2271 4096 3812 4169; baseline -0.002 -16"><span class='ocrx_word' id='word_1_632' title='bbox 2271 4098 2552 4155; x_wconf 89' lang='lat' dir='ltr'><strong>miserere.</strong></span> <span class='ocrx_word' id='word_1_633' title='bbox 2600 4096 2777 4152; x_wconf 86' lang='lat' dir='ltr'><strong>Medio</strong></span> <span class='ocrx_word' id='word_1_634' title='bbox 2818 4113 3056 4169; x_wconf 88' lang='lat' dir='ltr'><strong>namque</strong></span> <span class='ocrx_word' id='word_1_635' title='bbox 3100 4098 3320 4153; x_wconf 89' lang='lat' dir='ltr'><strong>silentio</strong></span> <span class='ocrx_word' id='word_1_636' title='bbox 3362 4101 3468 4155; x_wconf 89' lang='lat' dir='ltr'><strong>hoc</strong></span> <span class='ocrx_word' id='word_1_637' title='bbox 3502 4100 3656 4155; x_wconf 89' lang='lat' dir='ltr'><strong>modo</strong></span> <span class='ocrx_word' id='word_1_638' title='bbox 3682 4109 3812 4168; x_wconf 85' lang='lat' dir='ltr'><strong>rupto</strong></span> 
     </span>
    </p>
   </div>
   <div class='ocr_carea' id='block_1_86' title="bbox 2269 4188 3812 4263">
    <p class='ocr_par' dir='ltr' id='par_1_86' title="bbox 2269 4188 3812 4263">
     <span class='ocr_line' id='line_1_86' title="bbox 2269 4188 3812 4263; baseline 0 -17"><span class='ocrx_word' id='word_1_639' title='bbox 2269 4206 2397 4261; x_wconf 80' lang='lat' dir='ltr'><strong>pax,</strong></span> <span class='ocrx_word' id='word_1_640' title='bbox 2445 4189 2620 4261; x_wconf 89' lang='lat' dir='ltr'><strong>quies,</strong></span> <span class='ocrx_word' id='word_1_641' title='bbox 2655 4188 2953 4256; x_wconf 88' lang='lat' dir='ltr'><strong>miseratio,</strong></span> <span class='ocrx_word' id='word_1_642' title='bbox 2998 4200 3351 4259; x_wconf 87' lang='lat' dir='ltr'><strong>peccatorum</strong></span> <span class='ocrx_word' id='word_1_643' title='bbox 3396 4192 3713 4263; x_wconf 81' lang='lat' dir='ltr'><strong>indulgentia</strong></span> <span class='ocrx_word' id='word_1_644' title='bbox 3748 4200 3812 4245; x_wconf 80' lang='lat' dir='ltr'><strong>est</strong></span> 
     </span>
    </p>
   </div>
   <div class='ocr_carea' id='block_1_87' title="bbox 2270 4280 3811 4351">
    <p class='ocr_par' dir='ltr' id='par_1_87' title="bbox 2270 4280 3811 4351">
     <span class='ocr_line' id='line_1_87' title="bbox 2270 4280 3811 4351; baseline -0.003 -13"><span class='ocrx_word' id='word_1_645' title='bbox 2270 4284 2511 4338; x_wconf 88' lang='lat' dir='ltr'><strong>humano</strong></span> <span class='ocrx_word' id='word_1_646' title='bbox 2541 4280 2725 4351; x_wconf 89' lang='lat' dir='ltr'><strong>generi</strong></span> <span class='ocrx_word' id='word_1_647' title='bbox 2758 4296 2855 4350; x_wconf 89' lang='lat' dir='ltr'><strong>per</strong></span> <span class='ocrx_word' id='word_1_648' title='bbox 2879 4280 3159 4336; x_wconf 90' lang='lat' dir='ltr'><strong>Christum</strong></span> <span class='ocrx_word' id='word_1_649' title='bbox 3197 4282 3417 4335; x_wconf 86' lang='lat' dir='ltr'><strong>collata.</strong></span> <span class='ocrx_word' id='word_1_650' title='bbox 3453 4280 3566 4337; x_wconf 81' lang='lat' dir='ltr'><strong>Hoc</strong></span> <span class='ocrx_word' id='word_1_651' title='bbox 3593 4281 3681 4336; x_wconf 87' lang='lat' dir='ltr'><strong>Dei</strong></span> <span class='ocrx_word' id='word_1_652' title='bbox 3707 4280 3811 4334; x_wconf 70' lang='lat' dir='ltr'><strong>Ver-</strong></span> 
     </span>
    </p>
   </div>
   <div class='ocr_carea' id='block_1_88' title="bbox 2270 4371 3807 4442">
    <p class='ocr_par' dir='ltr' id='par_1_88' title="bbox 2270 4371 3807 4442">
     <span class='ocr_line' id='line_1_88' title="bbox 2270 4371 3807 4442; baseline 0.002 -14"><span class='ocrx_word' id='word_1_653' title='bbox 2270 4373 2398 4429; x_wconf 79' lang='lat' dir='ltr'><strong>bum</strong></span> <span class='ocrx_word' id='word_1_654' title='bbox 2431 4372 2608 4427; x_wconf 85' lang='lat' dir='ltr'><strong>adhuc</strong></span> <span class='ocrx_word' id='word_1_655' title='bbox 2638 4371 2937 4442; x_wconf 90' lang='lat' dir='ltr'><strong>alloquitur</strong></span> <span class='ocrx_word' id='word_1_656' title='bbox 2979 4372 3245 4426; x_wconf 91' lang='lat' dir='ltr'><strong>mundum</strong></span> <span class='ocrx_word' id='word_1_657' title='bbox 3280 4391 3293 4427; x_wconf 89' lang='lat'><strong>:</strong></span> <span class='ocrx_word' id='word_1_658' title='bbox 3338 4390 3357 4423; x_wconf 70' lang='grc' dir='ltr'><em>α</em></span> <span class='ocrx_word' id='word_1_659' title='bbox 3406 4372 3602 4428; x_wconf 89' lang='lat' dir='ltr'><strong>Discite</strong></span> <span class='ocrx_word' id='word_1_660' title='bbox 3649 4389 3678 4426; x_wconf 86' lang='lat' dir='ltr'><strong>a</strong></span> <span class='ocrx_word' id='word_1_661' title='bbox 3723 4386 3807 4431; x_wconf 69' lang='lat' dir='ltr'><strong>tne.</strong></span> 
     </span>
    </p>
   </div>
   <div class='ocr_carea' id='block_1_89' title="bbox 2267 4463 3808 4536">
    <p class='ocr_par' dir='ltr' id='par_1_89' title="bbox 2267 4463 3808 4536">
     <span class='ocr_line' id='line_1_89' title="bbox 2267 4463 3808 4536; baseline -0.002 -18"><span class='ocrx_word' id='word_1_662' title='bbox 2267 4465 2396 4535; x_wconf 88' lang='lat' dir='ltr'><strong>quia</strong></span> <span class='ocrx_word' id='word_1_663' title='bbox 2422 4464 2569 4519; x_wconf 86' lang='lat' dir='ltr'><strong>mitis</strong></span> <span class='ocrx_word' id='word_1_664' title='bbox 2589 4479 2708 4518; x_wconf 89' lang='lat' dir='ltr'><strong>sum</strong></span> <span class='ocrx_word' id='word_1_665' title='bbox 2737 4473 2790 4518; x_wconf 90' lang='lat' dir='ltr'><strong>et</strong></span> <span class='ocrx_word' id='word_1_666' title='bbox 2814 4463 3034 4519; x_wconf 89' lang='lat' dir='ltr'><strong>humilis</strong></span> <span class='ocrx_word' id='word_1_667' title='bbox 3080 4465 3242 4519; x_wconf 91' lang='lat' dir='ltr'><strong>corde</strong></span> <span class='ocrx_word' id='word_1_668' title='bbox 3270 4465 3490 4536; x_wconf 74' lang='lat' dir='ltr'><strong>(Matth.</strong></span> <span class='ocrx_word' id='word_1_669' title='bbox 3522 4468 3617 4535; x_wconf 76' lang='grc' dir='ltr'>ιι).</span> <span class='ocrx_word' id='word_1_670' title='bbox 3653 4484 3671 4517; x_wconf 80' lang='grc' dir='ltr'><strong>ι</strong></span> <span class='ocrx_word' id='word_1_671' title='bbox 3695 4463 3808 4518; x_wconf 82' lang='lat' dir='ltr'><strong>Cum</strong></span> 
     </span>
    </p>
   </div>
   <div class='ocr_carea' id='block_1_90' title="bbox 579 4547 3808 4627">
    <p class='ocr_par' dir='ltr' id='par_1_90' title="bbox 579 4547 3808 4627">
     <span class='ocr_line' id='line_1_90' title="bbox 579 4547 3808 4627; baseline -0.001 -21"><span class='ocrx_word' id='word_1_672' title='bbox 579 4553 675 4623; x_wconf 84' lang='lat' dir='ltr'><strong>jus</strong></span> <span class='ocrx_word' id='word_1_673' title='bbox 705 4549 1108 4606; x_wconf 62' lang='lat' dir='ltr'><strong>hereditarium</strong></span> <span class='ocrx_word' id='word_1_674' title='bbox 1139 4548 1374 4602; x_wconf 87' lang='lat' dir='ltr'><strong>liliorum</strong></span> <span class='ocrx_word' id='word_1_675' title='bbox 1409 4547 1503 4605; x_wconf 88' lang='lat' dir='ltr'><strong>Dei</strong></span> <span class='ocrx_word' id='word_1_676' title='bbox 1551 4553 1894 4621; x_wconf 77' lang='lat' dir='ltr'><strong>possidentis.</strong></span> <span class='ocrx_word' id='word_1_677' title='bbox 1940 4553 2164 4612; x_wconf 82' lang='lat' dir='ltr'><strong>Cbaris-</strong></span> <span class='ocrx_word' id='word_1_678' title='bbox 2195 4558 2238 4611; x_wconf 90' lang='lat' dir='ltr'><strong>D</strong></span> <span class='ocrx_word' id='word_1_679' title='bbox 2268 4566 2449 4611; x_wconf 87' lang='lat' dir='ltr'><strong>autem</strong></span> <span class='ocrx_word' id='word_1_680' title='bbox 2495 4555 2562 4609; x_wconf 90' lang='lat' dir='ltr'><strong>ad</strong></span> <span class='ocrx_word' id='word_1_681' title='bbox 2596 4554 2985 4610; x_wconf 90' lang='lat' dir='ltr'><strong>beatitudinem</strong></span> <span class='ocrx_word' id='word_1_682' title='bbox 3036 4557 3294 4611; x_wconf 90' lang='lat' dir='ltr'><strong>mortales</strong></span> <span class='ocrx_word' id='word_1_683' title='bbox 3334 4558 3689 4627; x_wconf 78' lang='lat' dir='ltr'><strong>pervenerint,</strong></span> <span class='ocrx_word' id='word_1_684' title='bbox 3716 4567 3808 4606; x_wconf 79' lang='lat' dir='ltr'><strong>non</strong></span> 
     </span>
    </p>
   </div>
   <div class='ocr_carea' id='block_1_91' title="bbox 585 4640 2169 4712">
    <p class='ocr_par' dir='ltr' id='par_1_91' title="bbox 585 4640 2169 4712">
     <span class='ocr_line' id='line_1_91' title="bbox 585 4640 2169 4712; baseline 0.004 -13"><span class='ocrx_word' id='word_1_685' title='bbox 585 4642 909 4699; x_wconf 81' lang='lat' dir='ltr'><strong>simizecce</strong></span> <span class='ocrx_word' id='word_1_686' title='bbox 959 4640 1015 4695; x_wconf 91' lang='lat' dir='ltr'><strong>in</strong></span> <span class='ocrx_word' id='word_1_687' title='bbox 1059 4640 1223 4696; x_wconf 91' lang='lat' dir='ltr'><strong>domo</strong></span> <span class='ocrx_word' id='word_1_688' title='bbox 1270 4641 1414 4711; x_wconf 89' lang='lat' dir='ltr'><strong>regis</strong></span> <span class='ocrx_word' id='word_1_689' title='bbox 1462 4643 1701 4699; x_wconf 77' lang='lat' dir='ltr'><strong>ctelestis</strong></span> <span class='ocrx_word' id='word_1_690' title='bbox 1749 4648 2032 4712; x_wconf 87' lang='lat' dir='ltr'><strong>conslatis,</strong></span> <span class='ocrx_word' id='word_1_691' title='bbox 2080 4649 2169 4705; x_wconf 91' lang='lat' dir='ltr'><strong>hic</strong></span> 
     </span>
    </p>
   </div>
   <div class='ocr_carea' id='block_1_92' title="bbox 583 4732 2166 4804">
    <p class='ocr_par' dir='ltr' id='par_1_92' title="bbox 583 4732 2166 4804">
     <span class='ocr_line' id='line_1_92' title="bbox 583 4732 2166 4804; baseline 0 -14"><span class='ocrx_word' id='word_1_692' title='bbox 583 4743 745 4792; x_wconf 88' lang='lat' dir='ltr'><strong>vocat</strong></span> <span class='ocrx_word' id='word_1_693' title='bbox 770 4747 1029 4804; x_wconf 90' lang='lat' dir='ltr'><strong>sponsam</strong></span> <span class='ocrx_word' id='word_1_694' title='bbox 1074 4746 1254 4797; x_wconf 89' lang='lat' dir='ltr'><strong>suam,</strong></span> <span class='ocrx_word' id='word_1_695' title='bbox 1308 4732 1547 4786; x_wconf 87' lang='lat' dir='ltr'><strong>animam</strong></span> <span class='ocrx_word' id='word_1_696' title='bbox 1579 4733 1785 4788; x_wconf 87' lang='lat' dir='ltr'><strong>scilicet</strong></span> <span class='ocrx_word' id='word_1_697' title='bbox 1815 4734 2166 4802; x_wconf 87' lang='lat' dir='ltr'><strong>uniuscujus-</strong></span> 
     </span>
    </p>
   </div>
   <div class='ocr_carea' id='block_1_93' title="bbox 543 4820 2162 4896">
    <p class='ocr_par' dir='ltr' id='par_1_93' title="bbox 543 4820 2162 4896">
     <span class='ocr_line' id='line_1_93' title="bbox 543 4820 2162 4896; baseline -0.002 -16"><span class='ocrx_word' id='word_1_698' title='bbox 543 4847 556 4859; x_wconf 77' lang='grc' dir='ltr'><strong><em>ο</em></strong></span> <span class='ocrx_word' id='word_1_699' title='bbox 583 4840 692 4896; x_wconf 89' lang='lat' dir='ltr'><strong>que</strong></span> <span class='ocrx_word' id='word_1_700' title='bbox 718 4836 884 4893; x_wconf 89' lang='lat' dir='ltr'><strong>quam</strong></span> <span class='ocrx_word' id='word_1_701' title='bbox 927 4820 1060 4876; x_wconf 90' lang='lat' dir='ltr'><strong>emit</strong></span> <span class='ocrx_word' id='word_1_702' title='bbox 1107 4820 1331 4891; x_wconf 87' lang='lat' dir='ltr'><strong>proprio</strong></span> <span class='ocrx_word' id='word_1_703' title='bbox 1364 4836 1579 4889; x_wconf 90' lang='lat' dir='ltr'><strong>cruore,</strong></span> <span class='ocrx_word' id='word_1_704' title='bbox 1635 4837 1701 4878; x_wconf 92' lang='lat' dir='ltr'><strong>ac</strong></span> <span class='ocrx_word' id='word_1_705' title='bbox 1753 4823 1897 4878; x_wconf 87' lang='lat' dir='ltr'><strong>dicat</strong></span> <span class='ocrx_word' id='word_1_706' title='bbox 1927 4843 1939 4877; x_wconf 92' lang='lat'>:</span> <span class='ocrx_word' id='word_1_707' title='bbox 1972 4823 2162 4895; x_wconf 76' lang='lat' dir='ltr'><strong>Surge,</strong></span> 
     </span>
    </p>
   </div>
   <div class='ocr_carea' id='block_1_94' title="bbox 583 4913 2164 4987">
    <p class='ocr_par' dir='ltr' id='par_1_94' title="bbox 583 4913 2164 4987">
     <span class='ocr_line' id='line_1_94' title="bbox 583 4913 2164 4987; baseline 0 -16"><span class='ocrx_word' id='word_1_708' title='bbox 583 4917 759 4973; x_wconf 88' lang='lat' dir='ltr'><strong>amica</strong></span> <span class='ocrx_word' id='word_1_709' title='bbox 788 4929 929 4979; x_wconf 87' lang='lat' dir='ltr'><strong>mea,</strong></span> <span class='ocrx_word' id='word_1_710' title='bbox 960 4921 1215 4969; x_wconf 84' lang='lat' dir='ltr'><strong>excutere</strong></span> <span class='ocrx_word' id='word_1_711' title='bbox 1241 4913 1308 4967; x_wconf 90' lang='lat' dir='ltr'><strong>de</strong></span> <span class='ocrx_word' id='word_1_712' title='bbox 1348 4914 1567 4983; x_wconf 85' lang='lat' dir='ltr'><strong>pulvere</strong></span> <span class='ocrx_word' id='word_1_713' title='bbox 1600 4915 1796 4970; x_wconf 90' lang='lat' dir='ltr'><strong>veteris</strong></span> <span class='ocrx_word' id='word_1_714' title='bbox 1819 4918 2023 4986; x_wconf 90' lang='lat' dir='ltr'><strong>peccati</strong></span> <span class='ocrx_word' id='word_1_715' title='bbox 2055 4932 2164 4987; x_wconf 89' lang='lat' dir='ltr'><strong>quo</strong></span> 
     </span>
    </p>
   </div>
   <div class='ocr_carea' id='block_1_95' title="bbox 583 5004 2161 5079">
    <p class='ocr_par' dir='ltr' id='par_1_95' title="bbox 583 5004 2161 5079">
     <span class='ocr_line' id='line_1_95' title="bbox 583 5004 2161 5079; baseline 0 -15"><span class='ocrx_word' id='word_1_716' title='bbox 583 5008 760 5079; x_wconf 86' lang='lat' dir='ltr'><strong>sopita</strong></span> <span class='ocrx_word' id='word_1_717' title='bbox 796 5006 1038 5076; x_wconf 75' lang='lat' dir='ltr'><strong>iacebas.</strong></span> <span class='ocrx_word' id='word_1_718' title='bbox 1085 5004 1305 5060; x_wconf 84' lang='lat' dir='ltr'><strong>Adorna</strong></span> <span class='ocrx_word' id='word_1_719' title='bbox 1332 5005 1466 5061; x_wconf 88' lang='lat' dir='ltr'><strong>mihi</strong></span> <span class='ocrx_word' id='word_1_720' title='bbox 1494 5006 1751 5077; x_wconf 90' lang='lat' dir='ltr'><strong>templum</strong></span> <span class='ocrx_word' id='word_1_721' title='bbox 1775 5008 1827 5061; x_wconf 89' lang='lat' dir='ltr'><strong>in</strong></span> <span class='ocrx_word' id='word_1_722' title='bbox 1855 5009 2017 5064; x_wconf 88' lang='lat' dir='ltr'><strong>corde.</strong></span> <span class='ocrx_word' id='word_1_723' title='bbox 2048 5020 2161 5075; x_wconf 88' lang='lat' dir='ltr'><strong>tuo,</strong></span> 
     </span>
    </p>
   </div>
   <div class='ocr_carea' id='block_1_96' title="bbox 581 5096 2158 5170">
    <p class='ocr_par' dir='ltr' id='par_1_96' title="bbox 581 5096 2158 5170">
     <span class='ocr_line' id='line_1_96' title="bbox 581 5096 2158 5170; baseline 0.001 -16"><span class='ocrx_word' id='word_1_724' title='bbox 581 5101 713 5170; x_wconf 87' lang='lat' dir='ltr'><strong>quia</strong></span> <span class='ocrx_word' id='word_1_725' title='bbox 754 5098 886 5152; x_wconf 91' lang='lat' dir='ltr'><strong>illud</strong></span> <span class='ocrx_word' id='word_1_726' title='bbox 931 5096 1237 5152; x_wconf 88' lang='lat' dir='ltr'><strong>inhabitare</strong></span> <span class='ocrx_word' id='word_1_727' title='bbox 1282 5097 1427 5165; x_wconf 91' lang='lat' dir='ltr'><strong>volo,</strong></span> <span class='ocrx_word' id='word_1_728' title='bbox 1474 5098 1520 5153; x_wconf 92' lang='lat' dir='ltr'><strong>si</strong></span> <span class='ocrx_word' id='word_1_729' title='bbox 1567 5109 1786 5168; x_wconf 86' lang='lat' dir='ltr'><strong>peccata</strong></span> <span class='ocrx_word' id='word_1_730' title='bbox 1838 5099 2158 5156; x_wconf 75' lang='lat' dir='ltr'><strong>deserueris.</strong></span> 
     </span>
    </p>
   </div>
   <div class='ocr_carea' id='block_1_97' title="bbox 580 5188 2158 5258">
    <p class='ocr_par' dir='ltr' id='par_1_97' title="bbox 580 5188 2158 5258">
     <span class='ocr_line' id='line_1_97' title="bbox 580 5188 2158 5258; baseline 0.003 -16"><span class='ocrx_word' id='word_1_731' title='bbox 580 5188 715 5245; x_wconf 90' lang='lat' dir='ltr'><strong>Post</strong></span> <span class='ocrx_word' id='word_1_732' title='bbox 743 5202 938 5258; x_wconf 82' lang='lat' dir='ltr'><strong>omnes</strong></span> <span class='ocrx_word' id='word_1_733' title='bbox 984 5190 1417 5248; x_wconf 89' lang='lat' dir='ltr'><strong>abominationes</strong></span> <span class='ocrx_word' id='word_1_734' title='bbox 1470 5197 1590 5244; x_wconf 92' lang='lat' dir='ltr'><strong>tuas</strong></span> <span class='ocrx_word' id='word_1_735' title='bbox 1630 5204 1902 5247; x_wconf 82' lang='lat' dir='ltr'><strong>revertere</strong></span> <span class='ocrx_word' id='word_1_736' title='bbox 1940 5193 2008 5247; x_wconf 92' lang='lat' dir='ltr'><strong>ad</strong></span> <span class='ocrx_word' id='word_1_737' title='bbox 2053 5209 2158 5258; x_wconf 78' lang='lat' dir='ltr'><strong>nte,</strong></span> 
     </span>
    </p>
   </div>
   <div class='ocr_carea' id='block_1_98' title="bbox 579 5280 2162 5352">
    <p class='ocr_par' dir='ltr' id='par_1_98' title="bbox 579 5280 2162 5352">
     <span class='ocr_line' id='line_1_98' title="bbox 579 5280 2162 5352; baseline 0.001 -16"><span class='ocrx_word' id='word_1_738' title='bbox 579 5290 634 5337; x_wconf 85' lang='lat' dir='ltr'><strong>et</strong></span> <span class='ocrx_word' id='word_1_739' title='bbox 662 5295 765 5352; x_wconf 88' lang='lat' dir='ltr'><strong>ego</strong></span> <span class='ocrx_word' id='word_1_740' title='bbox 808 5289 1049 5335; x_wconf 91' lang='lat' dir='ltr'><strong>revertar</strong></span> <span class='ocrx_word' id='word_1_741' title='bbox 1077 5280 1144 5336; x_wconf 89' lang='lat' dir='ltr'><strong>ad</strong></span> <span class='ocrx_word' id='word_1_742' title='bbox 1175 5289 1246 5337; x_wconf 87' lang='lat' dir='ltr'><strong>te.</strong></span> <span class='ocrx_word' id='word_1_743' title='bbox 1296 5282 1706 5352; x_wconf 72' lang='lat' dir='ltr'><strong>(AUGUSTINUS.)</strong></span> <span class='ocrx_word' id='word_1_744' title='bbox 1753 5281 1896 5350; x_wconf 81' lang='lat' dir='ltr'><strong>Jam,</strong></span> <span class='ocrx_word' id='word_1_745' title='bbox 1953 5283 2162 5337; x_wconf 90' lang='lat' dir='ltr'><strong>charis-</strong></span> 
     </span>
    </p>
   </div>
   <div class='ocr_carea' id='block_1_99' title="bbox 576 5372 2162 5444">
    <p class='ocr_par' dir='ltr' id='par_1_99' title="bbox 576 5372 2162 5444">
     <span class='ocr_line' id='line_1_99' title="bbox 576 5372 2162 5444; baseline -0.001 -13"><span class='ocrx_word' id='word_1_746' title='bbox 576 5374 727 5440; x_wconf 84' lang='lat' dir='ltr'><strong>simi,</strong></span> <span class='ocrx_word' id='word_1_747' title='bbox 759 5382 904 5430; x_wconf 90' lang='lat' dir='ltr'><strong>recte</strong></span> <span class='ocrx_word' id='word_1_748' title='bbox 925 5372 1064 5429; x_wconf 87' lang='lat' dir='ltr'><strong>festa</strong></span> <span class='ocrx_word' id='word_1_749' title='bbox 1090 5372 1346 5428; x_wconf 67' lang='lat' dir='ltr'><strong>Ecclesiae</strong></span> <span class='ocrx_word' id='word_1_750' title='bbox 1379 5372 1565 5428; x_wconf 89' lang='lat' dir='ltr'><strong>colunt</strong></span> <span class='ocrx_word' id='word_1_751' title='bbox 1593 5374 1688 5444; x_wconf 91' lang='lat' dir='ltr'><strong>qui</strong></span> <span class='ocrx_word' id='word_1_752' title='bbox 1730 5390 1787 5429; x_wconf 90' lang='lat' dir='ltr'><strong>se</strong></span> <span class='ocrx_word' id='word_1_753' title='bbox 1812 5375 1951 5430; x_wconf 81' lang='lat' dir='ltr'><strong>ﬁlios</strong></span> <span class='ocrx_word' id='word_1_754' title='bbox 1978 5374 2162 5430; x_wconf 86' lang='lat' dir='ltr'><strong>Eccle-</strong></span> 
     </span>
    </p>
   </div>
   <div class='ocr_carea' id='block_1_100' title="bbox 578 5462 2156 5537">
    <p class='ocr_par' dir='ltr' id='par_1_100' title="bbox 578 5462 2156 5537">
     <span class='ocr_line' id='line_1_100' title="bbox 578 5462 2156 5537; baseline -0.001 -15"><span class='ocrx_word' id='word_1_755' title='bbox 578 5466 677 5522; x_wconf 60' lang='lat' dir='ltr'><strong>siae</strong></span> <span class='ocrx_word' id='word_1_756' title='bbox 722 5471 1083 5537; x_wconf 90' lang='lat' dir='ltr'><strong>cognoscunt.</strong></span> <span class='ocrx_word' id='word_1_757' title='bbox 1129 5462 1327 5518; x_wconf 87' lang='lat' dir='ltr'><strong>Sancta</strong></span> <span class='ocrx_word' id='word_1_758' title='bbox 1372 5462 1615 5520; x_wconf 87' lang='lat' dir='ltr'><strong>Ecclesia</strong></span> <span class='ocrx_word' id='word_1_759' title='bbox 1644 5474 1727 5520; x_wconf 87' lang='lat' dir='ltr'><strong>est</strong></span> <span class='ocrx_word' id='word_1_760' title='bbox 1757 5475 1928 5520; x_wconf 88' lang='lat' dir='ltr'><strong>mater</strong></span> <span class='ocrx_word' id='word_1_761' title='bbox 1960 5475 2156 5521; x_wconf 80' lang='lat' dir='ltr'><strong>vestra.</strong></span> 
     </span>
    </p>
   </div>
   <div class='ocr_carea' id='block_1_101' title="bbox 578 5553 2159 5625">
    <p class='ocr_par' dir='ltr' id='par_1_101' title="bbox 578 5553 2159 5625">
     <span class='ocr_line' id='line_1_101' title="bbox 578 5553 2159 5625; baseline -0.002 -12"><span class='ocrx_word' id='word_1_762' title='bbox 578 5558 739 5625; x_wconf 85' lang='lat' dir='ltr'><strong>Quod</strong></span> <span class='ocrx_word' id='word_1_763' title='bbox 767 5557 814 5613; x_wconf 90' lang='lat' dir='ltr'><strong>si</strong></span> <span class='ocrx_word' id='word_1_764' title='bbox 837 5566 891 5612; x_wconf 93' lang='lat' dir='ltr'><strong>et</strong></span> <span class='ocrx_word' id='word_1_765' title='bbox 921 5572 1019 5613; x_wconf 80' lang='lat' dir='ltr'><strong>vos</strong></span> <span class='ocrx_word' id='word_1_766' title='bbox 1040 5554 1298 5610; x_wconf 68' lang='lat' dir='ltr'><strong>Ecclesiae</strong></span> <span class='ocrx_word' id='word_1_767' title='bbox 1343 5554 1439 5608; x_wconf 86' lang='lat' dir='ltr'><strong>lilii</strong></span> <span class='ocrx_word' id='word_1_768' title='bbox 1474 5553 1707 5619; x_wconf 85' lang='lat' dir='ltr'><strong>fueritis,</strong></span> <span class='ocrx_word' id='word_1_769' title='bbox 1754 5556 1890 5612; x_wconf 81' lang='lat' dir='ltr'><strong>festa</strong></span> <span class='ocrx_word' id='word_1_770' title='bbox 1939 5557 2159 5612; x_wconf 85' lang='lat' dir='ltr'><strong>dedica-</strong></span> 
     </span>
    </p>
   </div>
   <div class='ocr_carea' id='block_1_102' title="bbox 524 5643 2158 5709">
    <p class='ocr_par' dir='ltr' id='par_1_102' title="bbox 524 5643 2158 5709">
     <span class='ocr_line' id='line_1_102' title="bbox 524 5643 2158 5709; baseline -0.003 -2"><span class='ocrx_word' id='word_1_771' title='bbox 524 5696 534 5709; x_wconf 89' lang='lat'><strong>.</strong></span> <span class='ocrx_word' id='word_1_772' title='bbox 576 5652 745 5706; x_wconf 83' lang='lat' dir='ltr'><strong>tionis</strong></span> <span class='ocrx_word' id='word_1_773' title='bbox 771 5657 917 5705; x_wconf 88' lang='lat' dir='ltr'><strong>recte</strong></span> <span class='ocrx_word' id='word_1_774' title='bbox 938 5644 1300 5704; x_wconf 86' lang='lat' dir='ltr'><strong>celebrabitis.</strong></span> <span class='ocrx_word' id='word_1_775' title='bbox 1354 5643 1590 5701; x_wconf 83' lang='lat' dir='ltr'><strong>Proinde</strong></span> <span class='ocrx_word' id='word_1_776' title='bbox 1616 5665 1635 5698; x_wconf 77' lang='lat' dir='ltr'><strong>t</strong></span> <span class='ocrx_word' id='word_1_777' title='bbox 1665 5649 1982 5704; x_wconf 87' lang='lat' dir='ltr'><strong>constituite</strong></span> <span class='ocrx_word' id='word_1_778' title='bbox 2017 5649 2158 5704; x_wconf 90' lang='lat' dir='ltr'><strong>diem</strong></span> 
     </span>
    </p>
   </div>
   <div class='ocr_carea' id='block_1_103' title="bbox 547 5736 2159 5810">
    <p class='ocr_par' dir='ltr' id='par_1_103' title="bbox 547 5736 2159 5810">
     <span class='ocr_line' id='line_1_103' title="bbox 547 5736 2159 5810; baseline -0.002 -12"><span class='ocrx_word' id='word_1_779' title='bbox 547 5744 878 5810; x_wconf 52' lang='lat' dir='ltr'><strong>.solemnem</strong></span> <span class='ocrx_word' id='word_1_780' title='bbox 927 5740 984 5794; x_wconf 90' lang='lat' dir='ltr'><strong>in</strong></span> <span class='ocrx_word' id='word_1_781' title='bbox 1038 5736 1331 5795; x_wconf 90' lang='lat' dir='ltr'><strong>condensis</strong></span> <span class='ocrx_word' id='word_1_782' title='bbox 1393 5752 1567 5808; x_wconf 89' lang='lat' dir='ltr'><strong>usque</strong></span> <span class='ocrx_word' id='word_1_783' title='bbox 1622 5739 1691 5793; x_wconf 88' lang='lat' dir='ltr'><strong>ad</strong></span> <span class='ocrx_word' id='word_1_784' title='bbox 1743 5756 1911 5795; x_wconf 88' lang='lat' dir='ltr'><strong>cornu</strong></span> <span class='ocrx_word' id='word_1_785' title='bbox 1972 5740 2159 5795; x_wconf 85' lang='lat' dir='ltr'><strong>altaris</strong></span> 
     </span>
    </p>
   </div>
   <div class='ocr_carea' id='block_1_104' title="bbox 576 5825 2215 5917">
    <p class='ocr_par' dir='ltr' id='par_1_104' title="bbox 576 5825 2215 5917">
     <span class='ocr_line' id='line_1_104' title="bbox 576 5825 2215 5917; baseline 0.001 -32"><span class='ocrx_word' id='word_1_786' title='bbox 576 5828 966 5903; x_wconf 62' lang='lat' dir='ltr'><strong>(P8ttl.CtYll).</strong></span> <span class='ocrx_word' id='word_1_787' title='bbox 995 5848 1016 5884; x_wconf 73' lang='grc' dir='ltr'><strong>ι</strong></span> <span class='ocrx_word' id='word_1_788' title='bbox 1059 5825 1231 5883; x_wconf 87' lang='lat' dir='ltr'><strong>Hodie</strong></span> <span class='ocrx_word' id='word_1_789' title='bbox 1267 5827 1448 5895; x_wconf 87' lang='lat' dir='ltr'><strong>itaque</strong></span> <span class='ocrx_word' id='word_1_790' title='bbox 1502 5828 1797 5914; x_wconf 69' lang='lat' dir='ltr'><strong>vobiscum</strong></span> <span class='ocrx_word' id='word_1_791' title='bbox 1833 5841 2159 5900; x_wconf 84' lang='lat' dir='ltr'><strong>pertractate</strong></span> <span class='ocrx_word' id='word_1_792' title='bbox 2204 5912 2215 5917; x_wconf 18' lang='grc' dir='ltr'>θ</span> 
     </span>
    </p>
   </div>
   <div class='ocr_carea' id='block_1_105' title="bbox 2267 4643 3814 4714">
    <p class='ocr_par' dir='ltr' id='par_1_105' title="bbox 2267 4643 3814 4714">
     <span class='ocr_line' id='line_1_105' title="bbox 2267 4643 3814 4714; baseline -0.004 -11"><span class='ocrx_word' id='word_1_793' title='bbox 2267 4650 2407 4703; x_wconf 84' lang='lat' dir='ltr'><strong>ultra</strong></span> <span class='ocrx_word' id='word_1_794' title='bbox 2436 4648 2675 4702; x_wconf 87' lang='lat' dir='ltr'><strong>clamare</strong></span> <span class='ocrx_word' id='word_1_795' title='bbox 2726 4661 2827 4702; x_wconf 88' lang='lat' dir='ltr'><strong>nec</strong></span> <span class='ocrx_word' id='word_1_796' title='bbox 2865 4661 3024 4701; x_wconf 90' lang='lat' dir='ltr'><strong>orare</strong></span> <span class='ocrx_word' id='word_1_797' title='bbox 3054 4647 3275 4712; x_wconf 87' lang='lat' dir='ltr'><strong>habent,</strong></span> <span class='ocrx_word' id='word_1_798' title='bbox 3310 4648 3405 4700; x_wconf 85' lang='lat' dir='ltr'><strong>sed</strong></span> <span class='ocrx_word' id='word_1_799' title='bbox 3438 4645 3592 4700; x_wconf 89' lang='lat' dir='ltr'><strong>silent</strong></span> <span class='ocrx_word' id='word_1_800' title='bbox 3612 4654 3665 4700; x_wconf 87' lang='lat' dir='ltr'><strong>et</strong></span> <span class='ocrx_word' id='word_1_801' title='bbox 3683 4643 3814 4714; x_wconf 85' lang='lat' dir='ltr'><strong>quie-</strong></span> 
     </span>
    </p>
   </div>
   <div class='ocr_carea' id='block_1_106' title="bbox 2210 4720 3797 4808">
    <p class='ocr_par' dir='ltr' id='par_1_106' title="bbox 2210 4720 3797 4808">
     <span class='ocr_line' id='line_1_106' title="bbox 2210 4720 3797 4808; baseline -0.004 -14"><span class='ocrx_word' id='word_1_802' title='bbox 2210 4720 2238 4750; x_wconf 39' lang='grc' dir='ltr'><strong>’θ</strong></span> <span class='ocrx_word' id='word_1_803' title='bbox 2267 4745 2428 4794; x_wconf 86' lang='lat' dir='ltr'><strong>scunt</strong></span> <span class='ocrx_word' id='word_1_804' title='bbox 2458 4753 2487 4791; x_wconf 91' lang='lat' dir='ltr'><strong>a</strong></span> <span class='ocrx_word' id='word_1_805' title='bbox 2521 4737 2768 4805; x_wconf 91' lang='lat' dir='ltr'><strong>pluribus</strong></span> <span class='ocrx_word' id='word_1_806' title='bbox 2785 4736 3151 4808; x_wconf 68' lang='lat' dir='ltr'><strong>‘gemebundis</strong></span> <span class='ocrx_word' id='word_1_807' title='bbox 3169 4736 3506 4790; x_wconf 89' lang='lat' dir='ltr'><strong>clamoribus</strong></span> <span class='ocrx_word' id='word_1_808' title='bbox 3521 4736 3711 4805; x_wconf 86' lang='lat' dir='ltr'><strong>quibus</strong></span> <span class='ocrx_word' id='word_1_809' title='bbox 3728 4734 3797 4789; x_wconf 85' lang='lat' dir='ltr'><strong>sib</strong></span> 
     </span>
    </p>
   </div>
   <div class='ocr_carea' id='block_1_107' title="bbox 2266 4824 3815 4898">
    <p class='ocr_par' dir='ltr' id='par_1_107' title="bbox 2266 4824 3815 4898">
     <span class='ocr_line' id='line_1_107' title="bbox 2266 4824 3815 4898; baseline -0.005 -15"><span class='ocrx_word' id='word_1_810' title='bbox 2266 4830 2466 4898; x_wconf 86' lang='lat' dir='ltr'><strong>aperiri</strong></span> <span class='ocrx_word' id='word_1_811' title='bbox 2491 4828 2689 4883; x_wconf 71' lang='lat' dir='ltr'><strong>cmlum</strong></span> <span class='ocrx_word' id='word_1_812' title='bbox 2720 4826 3114 4893; x_wconf 88' lang='lat' dir='ltr'><strong>voeiferabant,</strong></span> <span class='ocrx_word' id='word_1_813' title='bbox 3154 4825 3312 4894; x_wconf 76' lang='lat' dir='ltr'><strong>juxta</strong></span> <span class='ocrx_word' id='word_1_814' title='bbox 3356 4828 3488 4881; x_wconf 91' lang='lat' dir='ltr'><strong>illud</strong></span> <span class='ocrx_word' id='word_1_815' title='bbox 3517 4848 3531 4882; x_wconf 88' lang='lat'>:</span> <span class='ocrx_word' id='word_1_816' title='bbox 3564 4847 3581 4878; x_wconf 80' lang='grc' dir='ltr'><strong>ι</strong></span> <span class='ocrx_word' id='word_1_817' title='bbox 3615 4824 3815 4881; x_wconf 80' lang='lat' dir='ltr'><strong>Consci-</strong></span> 
     </span>
    </p>
   </div>
   <div class='ocr_carea' id='block_1_108' title="bbox 2266 4915 3814 4976">
    <p class='ocr_par' dir='ltr' id='par_1_108' title="bbox 2266 4915 3814 4976">
     <span class='ocr_line' id='line_1_108' title="bbox 2266 4915 3814 4976; baseline -0.007 -2"><span class='ocrx_word' id='word_1_818' title='bbox 2266 4921 2392 4975; x_wconf 88' lang='lat' dir='ltr'><strong>disti</strong></span> <span class='ocrx_word' id='word_1_819' title='bbox 2442 4936 2664 4976; x_wconf 90' lang='lat' dir='ltr'><strong>saccum</strong></span> <span class='ocrx_word' id='word_1_820' title='bbox 2712 4935 2891 4973; x_wconf 89' lang='lat' dir='ltr'><strong>meum</strong></span> <span class='ocrx_word' id='word_1_821' title='bbox 2936 4927 2987 4974; x_wconf 92' lang='lat' dir='ltr'><strong>et</strong></span> <span class='ocrx_word' id='word_1_822' title='bbox 3038 4918 3448 4973; x_wconf 89' lang='lat' dir='ltr'><strong>circumdedisti</strong></span> <span class='ocrx_word' id='word_1_823' title='bbox 3501 4933 3586 4971; x_wconf 90' lang='lat' dir='ltr'><strong>me</strong></span> <span class='ocrx_word' id='word_1_824' title='bbox 3656 4915 3814 4970; x_wconf 64' lang='lat' dir='ltr'><strong>initia</strong></span> 
     </span>
    </p>
   </div>
   <div class='ocr_carea' id='block_1_109' title="bbox 2267 5007 3814 5080">
    <p class='ocr_par' dir='ltr' id='par_1_109' title="bbox 2267 5007 3814 5080">
     <span class='ocr_line' id='line_1_109' title="bbox 2267 5007 3814 5080; baseline -0.003 -16"><span class='ocrx_word' id='word_1_825' title='bbox 2267 5010 2442 5079; x_wconf 83' lang='lat' dir='ltr'><strong>(Psal.</strong></span> <span class='ocrx_word' id='word_1_826' title='bbox 2468 5011 2643 5080; x_wconf 71' lang='lat' dir='ltr'><strong>nix).</strong></span> <span class='ocrx_word' id='word_1_827' title='bbox 2659 5030 2676 5061; x_wconf 83' lang='grc' dir='ltr'><strong>ι</strong></span> <span class='ocrx_word' id='word_1_828' title='bbox 2704 5008 2761 5063; x_wconf 91' lang='lat' dir='ltr'><strong>ln</strong></span> <span class='ocrx_word' id='word_1_829' title='bbox 2782 5009 2873 5064; x_wconf 93' lang='lat' dir='ltr'><strong>illo</strong></span> <span class='ocrx_word' id='word_1_830' title='bbox 2892 5009 3069 5064; x_wconf 88' lang='lat' dir='ltr'><strong>medio</strong></span> <span class='ocrx_word' id='word_1_831' title='bbox 3086 5008 3323 5074; x_wconf 86' lang='lat' dir='ltr'><strong>silentio,</strong></span> <span class='ocrx_word' id='word_1_832' title='bbox 3350 5016 3412 5062; x_wconf 90' lang='lat' dir='ltr'><strong>ut</strong></span> <span class='ocrx_word' id='word_1_833' title='bbox 3431 5007 3711 5077; x_wconf 56' lang='lat' dir='ltr'><strong>praefatum</strong></span> <span class='ocrx_word' id='word_1_834' title='bbox 3731 5014 3814 5059; x_wconf 82' lang='lat' dir='ltr'><strong>est.</strong></span> 
     </span>
    </p>
   </div>
   <div class='ocr_carea' id='block_1_110' title="bbox 2266 5091 3817 5171">
    <p class='ocr_par' dir='ltr' id='par_1_110' title="bbox 2266 5091 3817 5171">
     <span class='ocr_line' id='line_1_110' title="bbox 2266 5091 3817 5171; baseline -0.008 -15"><span class='ocrx_word' id='word_1_835' title='bbox 2266 5101 2615 5171; x_wconf 86' lang='lat' dir='ltr'><strong>omnipOtens</strong></span> <span class='ocrx_word' id='word_1_836' title='bbox 2638 5115 2818 5155; x_wconf 88' lang='lat' dir='ltr'><strong>sermo</strong></span> <span class='ocrx_word' id='word_1_837' title='bbox 2845 5116 2876 5153; x_wconf 89' lang='lat' dir='ltr'><strong>a</strong></span> <span class='ocrx_word' id='word_1_838' title='bbox 2914 5099 3188 5171; x_wconf 86' lang='lat' dir='ltr'><strong>regalibus</strong></span> <span class='ocrx_word' id='word_1_839' title='bbox 3210 5098 3435 5152; x_wconf 89' lang='lat' dir='ltr'><strong>sedibus</strong></span> <span class='ocrx_word' id='word_1_840' title='bbox 3460 5096 3626 5150; x_wconf 86' lang='lat' dir='ltr'><strong>venit.</strong></span> <span class='ocrx_word' id='word_1_841' title='bbox 3661 5091 3817 5161; x_wconf 71' lang='lat' dir='ltr'><strong>Quis?</strong></span> 
     </span>
    </p>
   </div>
   <div class='ocr_carea' id='block_1_111' title="bbox 2264 5180 3819 5258">
    <p class='ocr_par' dir='ltr' id='par_1_111' title="bbox 2264 5180 3819 5258">
     <span class='ocr_line' id='line_1_111' title="bbox 2264 5180 3819 5258; baseline -0.005 -14"><span class='ocrx_word' id='word_1_842' title='bbox 2264 5190 2362 5246; x_wconf 91' lang='lat' dir='ltr'><strong>Dei</strong></span> <span class='ocrx_word' id='word_1_843' title='bbox 2406 5190 2660 5258; x_wconf 84' lang='lat' dir='ltr'><strong>Verbum,</strong></span> <span class='ocrx_word' id='word_1_844' title='bbox 2692 5189 2864 5245; x_wconf 89' lang='lat' dir='ltr'><strong>Filius</strong></span> <span class='ocrx_word' id='word_1_845' title='bbox 2906 5189 3022 5256; x_wconf 88' lang='lat' dir='ltr'><strong>Dei,</strong></span> <span class='ocrx_word' id='word_1_846' title='bbox 3056 5188 3167 5245; x_wconf 79' lang='lat' dir='ltr'><strong>Rex</strong></span> <span class='ocrx_word' id='word_1_847' title='bbox 3214 5188 3387 5244; x_wconf 84' lang='lat' dir='ltr'><strong>Filius</strong></span> <span class='ocrx_word' id='word_1_848' title='bbox 3424 5187 3606 5258; x_wconf 79' lang='lat' dir='ltr'><strong>Regis.</strong></span> <span class='ocrx_word' id='word_1_849' title='bbox 3641 5180 3819 5241; x_wconf 74' lang='lat' dir='ltr'><strong>Unde?</strong></span> 
     </span>
    </p>
   </div>
   <div class='ocr_carea' id='block_1_112' title="bbox 2263 5278 3819 5350">
    <p class='ocr_par' dir='ltr' id='par_1_112' title="bbox 2263 5278 3819 5350">
     <span class='ocr_line' id='line_1_112' title="bbox 2263 5278 3819 5350; baseline -0.002 -17"><span class='ocrx_word' id='word_1_850' title='bbox 2263 5282 2309 5333; x_wconf 85' lang='lat' dir='ltr'><strong>A</strong></span> <span class='ocrx_word' id='word_1_851' title='bbox 2354 5297 2620 5337; x_wconf 89' lang='lat' dir='ltr'><strong>concessu</strong></span> <span class='ocrx_word' id='word_1_852' title='bbox 2669 5282 2753 5335; x_wconf 90' lang='lat' dir='ltr'><strong>sui</strong></span> <span class='ocrx_word' id='word_1_853' title='bbox 2801 5281 2999 5335; x_wconf 85' lang='lat' dir='ltr'><strong>Patris.</strong></span> <span class='ocrx_word' id='word_1_854' title='bbox 3032 5278 3190 5346; x_wconf 87' lang='lat' dir='ltr'><strong>Quo?</strong></span> <span class='ocrx_word' id='word_1_855' title='bbox 3218 5279 3274 5333; x_wconf 87' lang='lat' dir='ltr'><strong>In</strong></span> <span class='ocrx_word' id='word_1_856' title='bbox 3307 5280 3610 5350; x_wconf 87' lang='lat' dir='ltr'><strong>patibulum</strong></span> <span class='ocrx_word' id='word_1_857' title='bbox 3643 5284 3819 5333; x_wconf 66' lang='lat' dir='ltr'><strong>sanet:</strong></span> 
     </span>
    </p>
   </div>
   <div class='ocr_carea' id='block_1_113' title="bbox 2265 5364 3815 5442">
    <p class='ocr_par' dir='ltr' id='par_1_113' title="bbox 2265 5364 3815 5442">
     <span class='ocr_line' id='line_1_113' title="bbox 2265 5364 3815 5442; baseline -0.001 -15"><span class='ocrx_word' id='word_1_858' title='bbox 2265 5374 2466 5438; x_wconf 90' lang='lat' dir='ltr'><strong>crucis,</strong></span> <span class='ocrx_word' id='word_1_859' title='bbox 2502 5389 2530 5425; x_wconf 90' lang='lat' dir='ltr'><strong>a</strong></span> <span class='ocrx_word' id='word_1_860' title='bbox 2558 5372 2684 5426; x_wconf 88' lang='lat' dir='ltr'><strong>sede</strong></span> <span class='ocrx_word' id='word_1_861' title='bbox 2718 5372 2884 5442; x_wconf 84' lang='lat' dir='ltr'><strong>regali</strong></span> <span class='ocrx_word' id='word_1_862' title='bbox 2916 5372 2981 5425; x_wconf 91' lang='lat' dir='ltr'><strong>ad</strong></span> <span class='ocrx_word' id='word_1_863' title='bbox 3011 5370 3304 5425; x_wconf 77' lang='lat' dir='ltr'><strong>textrinam</strong></span> <span class='ocrx_word' id='word_1_864' title='bbox 3330 5370 3581 5425; x_wconf 86' lang='lat' dir='ltr'><strong>mortalis</strong></span> <span class='ocrx_word' id='word_1_865' title='bbox 3613 5364 3815 5439; x_wconf 69' lang='lat' dir='ltr'><strong>peccati.</strong></span> 
     </span>
    </p>
   </div>
   <div class='ocr_carea' id='block_1_114' title="bbox 2265 5459 3817 5533">
    <p class='ocr_par' dir='ltr' id='par_1_114' title="bbox 2265 5459 3817 5533">
     <span class='ocr_line' id='line_1_114' title="bbox 2265 5459 3817 5533; baseline -0.005 -16"><span class='ocrx_word' id='word_1_866' title='bbox 2265 5480 2293 5517; x_wconf 88' lang='lat' dir='ltr'><strong>a</strong></span> <span class='ocrx_word' id='word_1_867' title='bbox 2333 5464 2618 5533; x_wconf 84' lang='lat' dir='ltr'><strong>splendore</strong></span> <span class='ocrx_word' id='word_1_868' title='bbox 2648 5462 2769 5517; x_wconf 73' lang='lat' dir='ltr'><strong>cadi</strong></span> <span class='ocrx_word' id='word_1_869' title='bbox 2798 5462 2863 5516; x_wconf 89' lang='lat' dir='ltr'><strong>ad</strong></span> <span class='ocrx_word' id='word_1_870' title='bbox 2901 5463 3151 5517; x_wconf 88' lang='lat' dir='ltr'><strong>tenebras</strong></span> <span class='ocrx_word' id='word_1_871' title='bbox 3196 5461 3417 5516; x_wconf 88' lang='lat' dir='ltr'><strong>inferni.</strong></span> <span class='ocrx_word' id='word_1_872' title='bbox 3449 5460 3519 5515; x_wconf 83' lang='lat' dir='ltr'><strong>Et</strong></span> <span class='ocrx_word' id='word_1_873' title='bbox 3549 5459 3678 5516; x_wconf 82' lang='lat' dir='ltr'><strong>ideo</strong></span> <span class='ocrx_word' id='word_1_874' title='bbox 3698 5474 3729 5511; x_wconf 89' lang='lat' dir='ltr'><strong>a</strong></span> <span class='ocrx_word' id='word_1_875' title='bbox 3755 5471 3817 5508; x_wconf 59' lang='lat' dir='ltr'><strong>re</strong></span> 
     </span>
    </p>
   </div>
   <div class='ocr_carea' id='block_1_115' title="bbox 2264 5546 3815 5623">
    <p class='ocr_par' dir='ltr' id='par_1_115' title="bbox 2264 5546 3815 5623">
     <span class='ocr_line' id='line_1_115' title="bbox 2264 5546 3815 5623; baseline 0.003 -16"><span class='ocrx_word' id='word_1_876' title='bbox 2264 5554 2475 5623; x_wconf 88' lang='lat' dir='ltr'><strong>galibus</strong></span> <span class='ocrx_word' id='word_1_877' title='bbox 2499 5570 2605 5608; x_wconf 89' lang='lat' dir='ltr'><strong>non</strong></span> <span class='ocrx_word' id='word_1_878' title='bbox 2641 5553 2710 5607; x_wconf 89' lang='lat' dir='ltr'><strong>ab</strong></span> <span class='ocrx_word' id='word_1_879' title='bbox 2737 5568 2843 5606; x_wconf 89' lang='lat' dir='ltr'><strong>una</strong></span> <span class='ocrx_word' id='word_1_880' title='bbox 2868 5552 2994 5606; x_wconf 88' lang='lat' dir='ltr'><strong>sede</strong></span> <span class='ocrx_word' id='word_1_881' title='bbox 3024 5553 3211 5623; x_wconf 81' lang='lat' dir='ltr'><strong>regali,</strong></span> <span class='ocrx_word' id='word_1_882' title='bbox 3238 5553 3368 5623; x_wconf 88' lang='lat' dir='ltr'><strong>quia</strong></span> <span class='ocrx_word' id='word_1_883' title='bbox 3398 5552 3454 5606; x_wconf 91' lang='lat' dir='ltr'><strong>hi</strong></span> <span class='ocrx_word' id='word_1_884' title='bbox 3479 5567 3573 5623; x_wconf 90' lang='lat' dir='ltr'><strong>qut</strong></span> <span class='ocrx_word' id='word_1_885' title='bbox 3602 5546 3815 5611; x_wconf 51' lang='lat' dir='ltr'><strong>etiam!</strong></span> 
     </span>
    </p>
   </div>
   <div class='ocr_carea' id='block_1_116' title="bbox 2264 5644 3813 5716">
    <p class='ocr_par' dir='ltr' id='par_1_116' title="bbox 2264 5644 3813 5716">
     <span class='ocr_line' id='line_1_116' title="bbox 2264 5644 3813 5716; baseline -0.003 -15"><span class='ocrx_word' id='word_1_886' title='bbox 2264 5662 2386 5701; x_wconf 89' lang='lat' dir='ltr'><strong>cum</strong></span> <span class='ocrx_word' id='word_1_887' title='bbox 2413 5646 2597 5700; x_wconf 75' lang='lat' dir='ltr'><strong>labore</strong></span> <span class='ocrx_word' id='word_1_888' title='bbox 2632 5645 2905 5716; x_wconf 89' lang='lat' dir='ltr'><strong>petierint,</strong></span> <span class='ocrx_word' id='word_1_889' title='bbox 2932 5644 3126 5699; x_wconf 88' lang='lat' dir='ltr'><strong>horum</strong></span> <span class='ocrx_word' id='word_1_890' title='bbox 3158 5644 3396 5715; x_wconf 85' lang='lat' dir='ltr'><strong>quisque</strong></span> <span class='ocrx_word' id='word_1_891' title='bbox 3434 5645 3813 5714; x_wconf 67' lang='lat' dir='ltr'><strong>recipiet&#39;c&#39;om-</strong></span> 
     </span>
    </p>
   </div>
   <div class='ocr_carea' id='block_1_117' title="bbox 2264 5729 3813 5806">
    <p class='ocr_par' dir='ltr' id='par_1_117' title="bbox 2264 5729 3813 5806">
     <span class='ocr_line' id='line_1_117' title="bbox 2264 5729 3813 5806; baseline -0.004 -13"><span class='ocrx_word' id='word_1_892' title='bbox 2264 5755 2388 5793; x_wconf 88' lang='lat' dir='ltr'><strong>nam</strong></span> <span class='ocrx_word' id='word_1_893' title='bbox 2423 5738 2546 5791; x_wconf 76' lang='lat' dir='ltr'><strong>vita:</strong></span> <span class='ocrx_word' id='word_1_894' title='bbox 2592 5736 2819 5806; x_wconf 77' lang='lat' dir='ltr'><strong>singulis</strong></span> <span class='ocrx_word' id='word_1_895' title='bbox 2848 5734 3155 5805; x_wconf 86' lang='lat' dir='ltr'><strong>quibusque</strong></span> <span class='ocrx_word' id='word_1_896' title='bbox 3205 5736 3457 5805; x_wconf 81' lang='lat' dir='ltr'><strong>singulas</strong></span> <span class='ocrx_word' id='word_1_897' title='bbox 3485 5747 3725 5789; x_wconf 77' lang='lat' dir='ltr'><strong>coronas</strong></span> <span class='ocrx_word' id='word_1_898' title='bbox 3740 5729 3813 5781; x_wconf 54' lang='grc' dir='ltr'><strong>δι’</strong></span> 
     </span>
    </p>
   </div>
   <div class='ocr_carea' id='block_1_118' title="bbox 2262 5818 3817 5897">
    <p class='ocr_par' dir='ltr' id='par_1_118' title="bbox 2262 5818 3817 5897">
     <span class='ocr_line' id='line_1_118' title="bbox 2262 5818 3817 5897; baseline -0.005 -10"><span class='ocrx_word' id='word_1_899' title='bbox 2262 5818 2513 5887; x_wconf 75' lang='lat' dir='ltr'><strong>bentibus</strong></span> <span class='ocrx_word' id='word_1_900' title='bbox 2567 5838 2615 5885; x_wconf 89' lang='lat' dir='ltr'><strong>et</strong></span> <span class='ocrx_word' id='word_1_901' title='bbox 2653 5842 2774 5885; x_wconf 84' lang='lat' dir='ltr'><strong>cum</strong></span> <span class='ocrx_word' id='word_1_902' title='bbox 2812 5825 2969 5883; x_wconf 82' lang='lat' dir='ltr'><strong>Patre</strong></span> <span class='ocrx_word' id='word_1_903' title='bbox 3017 5840 3119 5883; x_wconf 79' lang='lat' dir='ltr'><strong>suo</strong></span> <span class='ocrx_word' id='word_1_904' title='bbox 3166 5826 3531 5897; x_wconf 86' lang='lat' dir='ltr'><strong>regnantibus</strong></span> <span class='ocrx_word' id='word_1_905' title='bbox 3576 5827 3639 5882; x_wconf 84' lang='lat' dir='ltr'><strong>iu</strong></span> <span class='ocrx_word' id='word_1_906' title='bbox 3680 5827 3817 5890; x_wconf 66' lang='grc' dir='ltr'><strong>ιέςηο</strong></span> 
     </span>
    </p>
   </div>
   <div class='ocr_carea' id='block_1_119' title="bbox 3910 3206 3928 3980">
    <p class='ocr_par' dir='ltr' id='par_1_119' title="bbox 3914 3206 3927 3801">
     <span class='ocr_line' id='line_1_119' title="bbox 3926 3206 3927 3245; baseline 0 0"><span class='ocrx_word' id='word_1_907' title='bbox 3926 3206 3927 3245; x_wconf 97' lang='grc'><strong>1</strong></span> 
     </span>
     <span class='ocr_line' id='line_1_120' title="bbox 3924 3304 3925 3337; baseline 0 0"><span class='ocrx_word' id='word_1_908' title='bbox 3924 3304 3925 3337; x_wconf 76' lang='grc'><strong>1</strong></span> 
     </span>
     <span class='ocr_line' id='line_1_121' title="bbox 3922 3396 3923 3431; baseline 0 0"><span class='ocrx_word' id='word_1_909' title='bbox 3922 3396 3923 3431; x_wconf 81' lang='grc'><strong>1</strong></span> 
     </span>
     <span class='ocr_line' id='line_1_122' title="bbox 3919 3490 3921 3523; baseline 0 0"><span class='ocrx_word' id='word_1_910' title='bbox 3919 3490 3921 3523; x_wconf 75' lang='grc'><strong>1</strong></span> 
     </span>
     <span class='ocr_line' id='line_1_123' title="bbox 3917 3570 3919 3617; baseline 0 0"><span class='ocrx_word' id='word_1_911' title='bbox 3917 3570 3919 3617; x_wconf 95' lang='grc'><strong>1</strong></span> 
     </span>
     <span class='ocr_line' id='line_1_124' title="bbox 3915 3646 3917 3709; baseline 0 0"><span class='ocrx_word' id='word_1_912' title='bbox 3915 3646 3917 3709; x_wconf 97' lang='grc'><strong>1</strong></span> 
     </span>
     <span class='ocr_line' id='line_1_125' title="bbox 3914 3762 3915 3801; baseline 0 0"><span class='ocrx_word' id='word_1_913' title='bbox 3914 3762 3915 3801; x_wconf 97' lang='grc'><strong>1</strong></span> 
     </span>
    </p>

    <p class='ocr_par' dir='ltr' id='par_1_120' title="bbox 3910 3844 3913 3980">
     <span class='ocr_line' id='line_1_126' title="bbox 3912 3844 3913 3895; baseline 0 0"><span class='ocrx_word' id='word_1_914' title='bbox 3912 3844 3913 3895; x_wconf 97' lang='grc'><strong>1</strong></span> 
     </span>
     <span class='ocr_line' id='line_1_127' title="bbox 3910 3936 3911 3980; baseline 0 0"><span class='ocrx_word' id='word_1_915' title='bbox 3910 3936 3911 3980; x_wconf 97' lang='grc'><strong>1</strong></span> 
     </span>
    </p>
   </div>
  </div>
