3970 6448
201 376 332 437 1233

1103 351 1672 412 DEFLORATIONES
1712 346 1812 403 SS.
1853 338 2394 435 PATRUM.——LlB.
2437 334 2501 390 ll.

3306 328 3327 382 Ι
3339 326 3451 383 154,

200 488 335 565 quod
368 475 683 553 praeparavit
720 471 1068 542 diligentibus
1094 486 1153 525 se
1183 487 1211 524 a
1243 467 1431 524 mundi
1466 463 1758 565 principio,
1792 470 1839 527 Α
1868 458 1996 565 quid
2267 440 3448 565 singulare-5.1::-

200 556 334 640 sicut
361 574 428 629 ibi
463 590 483 645 :_
514 587 531 620 ι
568 567 847 634 Quotquot
875 571 1055 617 autem
1079 568 1401 631 receperunt
1433 574 1581 624 eum,
1613 556 1761 612 dedit

199 675 275 729 eis
301 669 610 738 potestatem
657 648 799 712 lilios
828 654 946 708 ‘Dei
994 654 1133 720 ﬁeri,
1178 655 1264 708 his
1316 653 1410 723 qui
1443 651 1673 708 credunt
1703 649 1758 703 in

198 761 406 820 nomine
453 750 775 823 ejus(.loan.
812 750 872 818 ι).
910 768 928 800 ι
966 748 1024 802 Si
1049 747 1142 801 ﬁlii
1175 747 1295 817 ejus
1324 745 1527 800 fuerint
1554 752 1608 799 et
1632 758 1763 798 con-

199 864 419 924 sequens
447 837 551 900 erit
576 850 635 897 ut
665 849 719 895 et
755 856 910 912 reges
941 840 1072 895 sint.
1099 837 1254 905 Quod
1286 838 1332 893 si
1367 852 1543 907 reges,
1581 834 1765 903 sequi--

199 954 280 998 tur
301 952 358 996 ut
379 933 755 1004 unusquisque
805 930 1042 1001 regalem
1068 929 1343 999 possideat
1361 928 1566 990 sedem,
1594 939 1765 980 unus-

198 1033 419 1105 quisque
467 1025 747 1098 proprium
795 1022 996 1078 habeat
1046 1036 1296 1093 regnum.
1346 1018 1461 1074 Rex
1490 1030 1761 1083 terrenus,

197 1127 370 1196 plures
394 1119 597 1174 habens
623 1116 764 1171 ﬁlios
805 1130 913 1169 non
941 1113 1048 1168 nisi
1090 1128 1260 1167 unum
1293 1110 1491 1181 poterit
1532 1109 1764 1179 imperio

198 1215 481 1272 sublimare
520 1228 532 1262 :
566 1224 660 1262 rex
687 1218 872 1262 autem
900 1220 1093 1276 regum
1129 1211 1264 1277 quot
1302 1202 1445 1257 ﬁlios
1490 1200 1761 1267 habuerit,

197 1312 272 1358 tot
317 1314 545 1358 coronas
586 1297 882 1366 unicuique
932 1295 985 1349 in
1036 1308 1206 1366 regno
1243 1307 1344 1347 suo
1368 1292 1575 1346 tribuit.
1608 1290 1765 1357 Quod

197 1393 517 1465 promissum
546 1406 652 1445 non
696 1398 780 1445 est
821 1396 1093 1454 nostrum,
1136 1384 1231 1441 sed
1269 1383 1474 1438 Christi
1502 1383 1596 1453 qui
1627 1381 1767 1437 dixit

197 1501 293 1542 suo
324 1484 466 1538 Patri
498 1481 704 1537 cmlesti
739 1496 755 1534 :
790 1499 809 1532 ι
841 1478 958 1533 Non
987 1493 1086 1549 pro
1126 1477 1212 1532 his
1241 1484 1451 1531 tantum
1485 1490 1639 1545 rogo,
1671 1473 1765 1527 sed

196 1594 290 1650 pro
311 1577 390 1632 eis
420 1575 511 1646 qui
541 1571 799 1629 credituri
827 1579 954 1626 sunt
982 1585 1078 1640 per
1101 1569 1327 1623 verbum
1350 1582 1542 1622 eorum
1570 1566 1625 1619 in
1657 1580 1763 1630 me,

195 1680 254 1724 ut
280 1682 468 1723 omnes
499 1679 670 1720 unum
708 1662 837 1728 sint,
882 1661 1024 1717 sicut
1059 1667 1117 1715 tu
1155 1658 1316 1714 Pater
1357 1657 1412 1711 in
1445 1671 1552 1723 me,
1591 1663 1645 1710 et
1667 1670 1767 1724 ego

195 1761 250 1816 in
277 1773 349 1821 te,
383 1767 525 1814 utet
571 1756 675 1827 ipsi
704 1758 759 1810 in
802 1753 958 1809 nobis
994 1767 1165 1807 unum
1197 1752 1326 1815 sint,
1358 1759 1410 1805 et
1438 1756 1499 1804 ut
1527 1746 1767 1802 mundus

1870 558 2090 614 nestrte,
2117 545 2248 616 quid
2275 545 2465 607 altare,
2489 538 2618 611 quid
2640 551 2920 607 campanae
2947 534 3233 604 designent
3263 531 3448 587 viden-

1869 637 1999 693 dum
2025 612 2179 691 vobis
2195 634 2320 690 erit.
2345 629 2731 687 Cremeterium
2759 628 2942 697 itaque
2956 625 3179 681 denotat
3199 612 3481 692 requiemf

1868 742 2034 798 quam
2062 726 2118 782 in
2146 733 2292 781 terra
2319 730 2446 793 post
2465 728 2695 776 mortem
2731 717 2996 772 habemus
3020 730 3195 786 usque
3217 714 3272 769 in
3299 713 3457 770 diem,

1867 820 2191 876 universalis
2222 811 2660 878 resurrectionis,
2684 826 2808 867 cum
2839 810 2894 865 in
2917 808 3148 879 patriam
3184 806 3330 861 illam
3363 804 3448 858 in-

1868 911 2214 967 traverimus.
2253 907 2410 964 Unde
2457 904 2723 974 scriptum
2755 912 2880 958 est:
2922 920 2941 954 ι
2972 899 3032 956 ln
3077 901 3301 957 domum
3338 897 3459 953 Do-.

1866 1003 1999 1058 mini
2023 1003 2267 1059 laetantes
2285 999 2486 1053 ibimus
2517 993 2692 1066 (Psal.
2717 993 2922 1065 ειιιι).ι
2957 991 3149 1047 Limen
3176 1003 3328 1056 vero,
3351 987 3463 1045 ubi.

1867 1096 2104 1166 primum
2137 1093 2395 1163 templum
2428 1087 2721 1150 intramus,
2752 1092 2907 1142 notat
2950 1092 3183 1140 veterem
3233 1081 3405 1151 legem
3428 1097 3458 1147 ;,

1867 1198 2024 1244 antes
2050 1198 2229 1243 autem
2259 1185 2619 1257 apostolicam
2647 1180 2952 1239 doctrinam
2977 1186 3031 1232 et
3053 1173 3448 1246 evangelicum;

1865 1290 2049 1351 postes
2068 1295 2209 1350 quos
2228 1279 2315 1333 vel
2336 1292 2502 1348 super
2522 1274 2794 1340 liminare,
2822 1269 2971 1343 quod
2995 1277 3296 1337 utrumque
3310 1280 3451 1322 con-

1872 1372 2026 1433 tinet,
2053 1369 2328 1439 signiﬁcat
2352 1366 2527 1422 sancti
2556 1363 2793 1434 Spiritus
2827 1361 3088 1431 gratiam;
3120 1357 3292 1427 janua
3318 1368 3451 1409 vero

1870 1460 2108 1515 totaliter
2135 1472 2261 1512 cum
2286 1457 2405 1512 istis
2427 1451 2791 1510 dinumeratis
2813 1449 3060 1521 partibus
3083 1445 3244 1502 ﬁdem
3270 1444 3453 1500 catho-

1868 1553 2053 1619 licam,
2087 1567 2180 1621 per
2223 1564 2389 1620 quam
2419 1546 2721 1603 Ecclesium
2759 1544 3052 1599 intramus.
3093 1537 3344 1603 Muralia,
3392 1535 3453 1589 in

1867 1645 2069 1716 quibus
2099 1641 2237 1712 lapis
2266 1655 2430 1711 super
2452 1637 2691 1710 lapidem
2714 1645 2801 1692 est
2841 1633 3075 1705 positus,
3121 1637 3278 1686 notat
3301 1627 3452 1699 quod

1872 1733 2258 1804 unusquisque
2279 1740 2531 1788 nostrum
2556 1729 2818 1785 damnum
2843 1732 3021 1796 portet
3042 1721 3287 1789 alterius,
3312 1719 3459 1778 sicut
3492 1770 3495 1773 λ

192 1818 380 1907 credat
432 1849 559 1920 quia
592 1818 662 1902 tu
708 1862 795 1901 me
835 1845 1032 1901 misisti
1069 1843 1250 1916 (Joan.
1297 1841 1453 1912 xvn).
1491 1859 1509 1894 ι
1564 1837 1720 1894 Unde
1750 1855 1765 1893 :
1798 1833 1841 1888 Β
1869 1828 2132 1898 scriptum
2167 1833 2293 1880 est:
2335 1841 2354 1874 ι
2407 1822 2560 1878 Alter
2589 1818 2817 1875 alterius
2866 1830 3031 1872 onera
3066 1821 3298 1886 portate,
3343 1818 3452 1920 etc:
3486 1866 3493 1877 δ

201 1963 220 1995 ι
258 1941 434 1997 Nolite
462 1941 685 2011 diligere
714 1937 1001 2005 mundum,
1030 1951 1208 2006 neque
1230 1950 1294 1991 ea
1326 1948 1450 2005 qua:
1478 1932 1533 1988 in
1557 1929 1766 1986 mundo

193 2041 325 2088 sunt
350 2031 401 2103 (I
430 2030 589 2085 Joan.
618 2029 699 2101 ιι).
718 2049 735 2082 ι

263 2123 411 2176 Dixit
439 2123 584 2176 enim
618 2119 976 2176 Ecclesiastes
1008 2138 1022 2174 :
1061 2137 1079 2171 ι
1116 2116 1343 2172 Vanitas
1373 2116 1676 2170 vanitatum
1722 2120 1775 2167 et

194 2213 373 2268 omnia
410 2213 622 2266 vanitas
653 2210 851 2282 (Eccle.
882 2211 964 2281 tt).
1024 2230 1042 2263 ι
1098 2208 1292 2265 Omnia
1323 2222 1444 2278 quae
1489 2205 1774 2262 inmundo

195 2314 345 2369 sunt,
378 2303 757 2372 corruptibilia
787 2311 842 2358 et
865 2318 1004 2356 vana
1033 2310 1233 2357 tamen.
1274 2299 1341 2355 Et
1364 2300 1469 2354 hoc
1513 2296 1776 2353 describi-

196 2403 282 2449 tur
307 2411 320 2447 :
358 2411 374 2444 ι
401 2391 552 2448 Vidit
580 2392 722 2448 Deus
743 2400 940 2447 cuncta
962 2407 1084 2461 qua:
1111 2390 1331 2456 fecerat,
1358 2397 1412 2443 et
1442 2397 1599 2442 erant
1618 2386 1777 2441 valde

195 2486 337 2541 bona
392 2484 549 2557 (Gen.
575 2485 636 2555 ι).
673 2503 691 2537 ι
723 2484 877 2553 Quod
906 2486 950 2539 si
977 2485 1139 2550 bona,
1170 2483 1314 2538 unde
1334 2482 1514 2537 vana?
1539 2480 1774 2545 Caelum,

196 2587 357 2641 terra,
406 2576 525 2643 sol,
571 2577 738 2645 luna,
791 2586 937 2633 astra
987 2578 1220 2643 nobilia,
1278 2577 1559 2647 splendida
1608 2574 1777 2629 facies

194 2668 399 2741 Moysi;
436 2670 557 2724 haec
589 2670 775 2724 omnia
811 2670 1059 2740 prodiere
1098 2686 1129 2723 a
1165 2670 1309 2723 bono
1340 2668 1616 2734 Creatore,
1656 2666 1778 2721 ideo

196 2761 354 2816 bona.
412 2759 624 2815 Tamen
677 2761 723 2816 si
776 2762 891 2816 hate
942 2761 1008 2815 ad
1045 2760 1216 2815 Deum
1249 2759 1618 2824 conferantur,
1644 2756 1779 2811 nihil

195 2860 341 2918 sunt,
393 2860 447 2908 et
492 2852 669 2907 multo
698 2853 880 2908 minus
912 2853 967 2907 in
1013 2853 1421 2922 comparatione
1460 2851 1553 2906 Dei
1595 2859 1776 2916 erunt,

194 2960 357 3014 quam
404 2944 686 3017 igniculus
714 2946 953 3001 candela:
990 2947 1157 3001 totius
1206 2946 1337 3001 solis
1384 2945 1777 3017 magnitudine.

193 3033 395 3092 Omnes
422 3047 700 3094 torrentes
720 3038 924 3093 vadunt
948 3041 1002 3093 in
1028 3054 1179 3093 mare
1201 3048 1255 3093 et
1281 3054 1431 3093 mare
1459 3054 1568 3092 non
1596 3038 1783 3107 imple-

192 3138 299 3184 tur.
335 3130 418 3185 Ad
446 3131 636 3186 locum
666 3132 817 3185 illum
840 3131 908 3185 de
943 3146 1052 3200 quo
1084 3139 1351 3186 torrentes
1377 3138 1611 3196 exeunt,
1652 3131 1781 3185 illuc

191 3219 294 3288 ipsi
320 3228 691 3287 revertentur,
717 3228 777 3274 ut
809 3220 1001 3275 iterum
1032 3218 1220 3274 tluant.
1254 3218 1494 3289 Idipsum
1554 3229 1607 3275 et
1631 3218 1780 3274 Pau-

191 3309 276 3366 lus
302 3327 441 3382 pene
487 3313 662 3383 tangit
691 3312 793 3366 hoc
838 3312 1000 3366 modo
1036 3330 1048 3365 :
1092 3330 1108 3363 ι
1148 3311 1393 3365 Praeterit
1430 3310 1574 3365 enim
1607 3311 1778 3382 ﬁgura

190 3402 354 3473 hujus
382 3403 581 3457 mundi
611 3401 665 3475 (I
695 3401 819 3457 Cor.
868 3400 988 3472 vn).
1033 3421 1078 3458 ι.
1125 3400 1294 3457 Nobis
1341 3401 1522 3470 itaque
1565 3401 1780 3458 miseris

188 3495 303 3564 pari
354 3495 528 3549 modo
569 3495 855 3564 contingit,
903 3495 997 3564 qui
1043 3494 1109 3549 de
1139 3502 1282 3548 terra
1330 3493 1457 3547 facti
1493 3493 1689 3547 iterum
1725 3493 1779 3547 in

192 3596 390 3640 terram
416 3585 689 3640 redimus.
716 3584 821 3639 Sed
844 3586 898 3640 hi
930 3600 1074 3640 nunc
1100 3594 1398 3639 nascuntur
1427 3584 1658 3648 beatius,
1688 3582 1781 3651 qui

188 3683 314 3744 post
352 3675 421 3731 de
461 3685 613 3730 terra
646 3675 1066 3740 resurrexerint,
1099 3675 1270 3728 multo
1301 3673 1592 3728 feliciores.
1638 3671 1782 3725 Cha-

188 3765 766 3836 rissimi,quandoque
793 3779 1148 3819 renascamur
1174 3764 1240 3817 ad
1268 3762 1634 3828 laborem,‘uti
1667 3760 1784 3814 avis

189 3859 256 3912 ad
294 3859 575 3913 volatum.
610 3856 798 3927 Itaque
820 3873 945 3912 cum
987 3869 1358 3919 nasceremur,
1390 3852 1652 3906 continuo
1687 3866 1786 3904 au-

186 3949 452 4005 diebatur
497 3965 531 4003 a
564 3950 722 4003 nobis
745 3947 810 4014 A,
842 3963 893 4010 a,
925 3963 987 4013 a;
1020 3946 1113 4002 scd
1161 3960 1270 3999 non
1310 3944 1486 3997 multo
1524 3950 1645 4011 post
1674 3955 1785 4010 prae

187 4043 506 4097 acerbitate
539 4040 728 4096 mortis
772 4039 1005 4109 idipsum
1042 4037 1107 4103 A,
1133 4051 1185 4101 a,
1234 4051 1265 4089 a
1296 4033 1574 4103 repetitur.
1610 4031 1783 4097 Quam

187 4133 422 4206 elegans
449 4148 585 4188 caro
611 4132 818 4187 fuerit:
859 4140 1039 4185 tamen
1081 4129 1314 4183 cadaver
1358 4125 1602 4179 futurum
1651 4124 1784 4190 erit,

185 4239 254 4280 ac
294 4224 507 4280 deinde
557 4223 757 4294 pulvis.
808 4220 945 4277 llinc
990 4229 1173 4274 notate
1225 4218 1372 4287 quod
1421 4215 1525 4270 Job
1572 4214 1718 4269 dicat
1771 4232 1785 4267 :

192 4334 212 4367 ι
251 4315 530 4371 Paucitas
562 4315 775 4370 dierum
821 4328 1065 4367 meorum
1108 4311 1293 4364 ﬁnitur
1323 4293 1507 4372 brevi;
1556 4306 1787 4371 dimitte,

185 4422 303 4473 me,
324 4407 594 4471 Domine,
620 4406 737 4460 sine
754 4405 1003 4474 plangam
1027 4403 1304 4473 paululum
1321 4399 1560 4454 dolorem
1586 4413 1789 4464 meum,

1874 1918 2022 1991 (Gal.
2064 1916 2165 1987 vt.)
2192 1938 2211 1968 ο
2244 1914 2477 1986 Lapides
2512 1926 2733 1984 quoque
2781 1908 3069 1980 angulares
3103 1914 3232 1962 sunt
3278 1900 3456 1960 sancti

1876 2009 2114 2080 Spiritus
2140 2009 2285 2064 dona
2318 2021 2443 2077 quae
2485 2004 2770 2061 continent
2797 2003 2853 2057 in
2884 2010 3088 2057 aeterno
3116 1996 3319 2067 templo
3342 1995 3454 2051 duo

1875 2117 2075 2173 genera
2127 2101 2433 2167 hominum,
2483 2097 2799 2154 Iudaeorum
2838 2094 3049 2151 scilicet
3081 2102 3135 2149 et
3185 2090 3451 2163 gentium.

1874 2192 2253 2249 Pavimentum
2277 2191 2423 2262 quod
2444 2189 2674 2260 pedibus
2703 2187 2898 2242 teritur
2919 2186 2988 2243 ab
3009 2183 3268 2240 omnibus
3288 2180 3464 2237 eccle—

1878 2286 2016 2341 siam
2049 2283 2401 2351 intrantibus,
2433 2280 2686 2351 designat
2735 2277 3122 2342 humilitatem,
3169 2274 3312 2330 sicut
3342 2271 3462 2342 ipse

1876 2376 2133 2431 Christus
2154 2374 2230 2429 ait
2270 2392 2282 2427 :
2325 2392 2343 2425 ι
2370 2371 2475 2440 Qui
2499 2388 2556 2427 se
2576 2371 2780 2426 exaltat
2820 2367 3197 2424 bumiliabitur
3236 2361 3455 2435 (Matth.

1877 2468 2090 2539 xvm)»
2131 2468 2254 2521 Alta
2294 2482 2424 2520 vero
2448 2464 2684 2519 fenestra
2715 2462 2958 2532 quinque
2986 2465 3207 2513 nostros
3238 2448 3478 2515 sensus.'

1879 2576 2020 2631 quos
2038 2576 2070 2613 a
2093 2569 2235 2614 terra
2259 2566 2371 2611 tam
2394 2556 2628 2612 sublime
2650 2560 2865 2624 portare
2886 2551 3172 2616 debemus,
3194 2556 3257 2602 ut
3273 2547 3461 2602 lumen

1880 2653 2101 2709 ctelestc
2128 2650 2406 2720 possimus
2438 2662 2652 2718 capere,
2687 2661 2787 2700 nec
2813 2647 2899 2700 fur
2922 2643 3205 2714 antiquus,
3252 2640 3464 2695 scilicet

1880 2744 2166 2808 diabolus,
2229 2741 2455 2795 minime
2496 2742 2675 2809 queat‘
2727 2736 2849 2793 illos
2899 2735 3227 2803 irrumpere.
3277 2730 3473 2785 Altar’e

1880 2850 2012 2892 vero
2032 2842 2117 2890 est
2136 2834 2252 2903 ipse
2276 2831 2439 2899 Deus,
2466 2846 2628 2901 quem
2652 2828 2709 2884 in
2731 2837 2921 2885 nostro
2949 2826 3279 2882 inconcusso
3299 2822 3480 2878 cordo

1882 2931 2207 2986 habeamus.
2240 2926 2315 2981 De
2357 2939 2468 2994 quo
2497 2924 2761 2994 scriptum
2812 2929 2897 2978 est
2942 2940 2955 2976 :
3003 2939 3022 2971 ι
3065 2917 3251 2974 Erexit
3292 2915 3480 2973 Jacob.

1882 3021 2130 3092 lapidem
2156 3019 2211 3073 in
2261 3017 2501 3081 titulum,
2537 3013 2771 3071 fundens
2804 3014 2986 3068 oleum
3031 3011 3265 3080 desuper
3305 3007 3469 3078 (Gen.

1883 3111 2098 3181 xxvtn).
2113 3131 2132 3163 ι
2160 3110 2680 3180 Campanaequoque
2702 3104 3010 3178 signiﬁcant
3027 3111 3269 3159 nostram
3282 3099 3470 3170 quoti-

1807 3176 1849 3233 (ἶ
1882 3201 2105 3256 dianam
2126 3176 2556 3257 vocationemﬁin
2578 3176 2901 3262 Ecclesiam,
2928 3203 2991 3250 ut
3015 3194 3089 3251 ibi
3121 3212 3135 3248 :
3174 3211 3193 3245 ι
3222 3190 3462 3256 Currite,

1882 3296 2011 3351 dum
2056 3294 2233 3349 lucem
2269 3291 2479 3346 habetis
2534 3288 2714 3362 (Joan.
2751 3288 2874 3357 xu).
2914 3306 2933 3338 ι
2966 3285 3031 3341 Ει
3053 3285 3184 3340 item
3216 3302 3230 3339 :
3264 3300 3284 3335 ι
3318 3281 3468 3339 Con—

1881 3385 2157 3441 vertimini
2185 3384 2253 3439 ad
2282 3398 2369 3439 me
2392 3383 2446 3437 in
2474 3389 2587 3437 toto
2608 3379 2770 3436 corde
2797 3386 2980 3434 vestro
3005 3368 3014 3382 ’
3036 3374 3195 3446 (Joel.
3222 3373 3305 3444 ιι).
3338 3392 3356 3426 ι
3384 3374 3467 3434 Ao

1882 3477 2078 3534 deinde
2110 3496 2122 3531 :
2160 3496 2178 3529 ‹
2208 3474 2348 3530 Nolo
2373 3480 2608 3530 mortem
2651 3470 2957 3542 peccatoris
2985 3467 3201 3540 (Ezech.
3232 3464 3407 3534 xvm).
3440 3482 3466 3518 ι

1884 3572 2126 3640 Itemque
2177 3588 2191 3624 :
2249 3586 2267 3621 ι
2320 3565 2703 3623 Paenitentiam
2767 3565 2946 3635 agite;
3007 3558 3493 3631 appropinquabit'

1882 3665 2027 3718 enim
2075 3677 2304 3733 regnum
2337 3660 2599 3715 caelorum
2660 3655 2878 3727 (Matth.
2927 3652 3032 3722 ιιι).
3068 3671 3087 3705 ι
3125 3650 3277 3706 lianc
3307 3662 3470 3704 voca-

1887 3756 2111 3819 tionem,
2147 3751 2482 3815 cbarissimi,
2509 3749 2748 3819 Spiritus
2770 3756 2996 3804 sanctus
3033 3743 3190 3799 vobis
3214 3742 3469 3812 dignetur

1884 3846 2112 3912 donare,
2140 3852 2412 3913 quatenus
2429 3841 2575 3895 illam
2599 3840 2680 3896 sic
2708 3838 3041 3909 intelligatis,
3067 3843 3127 3890 ut
3155 3848 3345 3889 omnes
3370 3844 3472 3902 pa-x

1887 3936 2020 3990 riter
2048 3934 2103 3987 in
2149 3933 2330 3987 aulam
2363 3929 2717 4000 perveniatis,
2748 3942 2870 3997 qute
2911 3941 3022 4003 non
3069 3925 3260 3995 recipit
3298 3921 3498 3987 ullam,

1888 4028 2181 4085 maculam.
2230 4023 2386 4090 Quod
2424 4023 2542 4093 ipse
2571 4020 2730 4076 vobis
2770 4026 3032 4089 praestare
3078 4016 3329 4087 dignetur
3370 4013 3472 4083 qui

1889 4137 1988 4194 pro
2017 4119 2174 4174 vobis
2207 4125 2457 4172 mortuus
2498 4114 2633 4169 vivit
2669 4122 2724 4169 et
2750 4120 2942 4183 regnat
2970 4110 3116 4165 Deus
3144 4125 3242 4179 per
3278 4107 3470 4163 omnia

1891 4211 2088 4267 saecula
2116 4208 2463 4265 saeculorum.
2493 4207 2687 4264 Amen.

2375 4298 2509 4355 Item
2540 4299 2603 4352 de
2630 4296 2979 4350 dedicatione.

1966 4396 2121 4452 Sicut
2148 4393 2352 4464 optime
2376 4391 2804 4448 novitsanctitas
2833 4395 3036 4452 vestra,
3067 4383 3265 4440 fratres
3292 4391 3347 4440 et
3364 4383 3468 4441 do-

185 4505 506 4564 autequam
532 4494 722 4548 vadam
756 4472 837 4548 ad
860 4472 1059 4547 terram
1091 4492 1433 4547 tenebrosam
1462 4499 1515 4542 et
1545 4496 1786 4557 opertam
1824 4518 1866 4573 Ι)
1895 4485 2028 4540 mini
2063 4485 2189 4548 mei,
2220 4482 2382 4539 hodie
2407 4480 2746 4537 celebramus
2782 4475 3130 4537 festivitatem
3165 4472 3471 4528 dedicatio-

182 4588 400 4641 mortis
433 4585 670 4655 caligine
717 4583 860 4655 (Job.
888 4584 1019 4656 ι).;›
1057 4583 1191 4650 Quis
1231 4583 1414 4652 itaque
1444 4582 1637 4634 horum
1672 4594 1787 4632 me-

181 4678 445 4733 moriam
466 4677 573 4741 bis,
599 4675 693 4744 qui
711 4676 914 4730 dudum
937 4684 1062 4729 ante
1087 4691 1187 4729 nos
1217 4673 1456 4727 fuerunt.
1481 4670 1606 4725 Pari
1631 4671 1791 4726 modo

178 4777 239 4825 et
270 4785 390 4824 nos
411 4767 818 4830 obliviscimur,
862 4779 986 4834 post
1004 4782 1178 4821 annos
1204 4775 1468 4821 centenos
1497 4773 1591 4819 aut
1616 4764 1786 4833 prius.

181 4858 433 4914 Primus
464 4864 645 4909 autem
671 4864 726 4907 et
763 4855 1094 4909 novissimus
1124 4855 1295 4910 nostri
1326 4862 1678 4910 memoretur.
1711 4852 1793 4906 Ad

116 5002 121 5005 _
177 4968 368 5026 quem
401 4959 527 5005 toto
558 4947 723 5002 corde
753 4947 825 5001 sit
868 4956 1053 5002 nostra
1096 4949 1382 5003 conversio
1411 4949 1464 5002 in
1499 4949 1645 5003 hunc
1680 4947 1795 5000 haec

182 5054 397 5102 nostra
430 5028 732 5096 dedicatio
781 5038 1157 5105 transferatur,
1208 5049 1266 5095 ut
1312 5056 1375 5093 ea
1433 5056 1555 5110 qua:
1608 5042 1662 5094 in
1691 5041 1795 5094 hoc

178 5136 413 5206 templo
460 5140 883 5201 componuntur,
918 5130 972 5184 in
1010 5130 1170 5186 nobis
1220 5131 1354 5201 ipsis
1402 5129 1798 5186 transformen—

180 5212 305 5283 tur.
327 5225 624 5294 Scriptum
643 5233 726 5277 est
740 5223 885 5276 enim
903 5241 915 5276 :
942 5240 960 5273 ι
984 5221 1268 5292 Templum
1284 5222 1521 5288 Domini,
1535 5223 1795 5290 templum

178 5318 462 5385 Domini,
504 5316 764 5386 templum
801 5315 1017 5370 Domini
1048 5326 1297 5370 sanctum
1339 5324 1422 5369 est
1443 5314 1576 5386 (Jer.
1618 5315 1736 5385 vtt).
1773 5334 1790 5366 ι

181 5412 314 5469 Hoc.
345 5421 411 5466 et
458 5408 661 5464 Paulus
695 5408 780 5463 his
811 5408 992 5463 verbis
1036 5407 1239 5462 indicat
1270 5425 1283 5461 :
1328 5427 1345 5458 ι
1378 5406 1662 5477 Templum
1702 5405 1797 5462 Dei

178 5513 473 5563 sanctum
506 5508 610 5568 est,
638 5500 784 5570 quod
806 5500 936 5555 estis
963 5514 1059 5554 vos
1097 5499 1149 5570 (1
1181 5500 1304 5554 Cor.
1338 5500 1441 5571 ιιι).
1480 5519 1497 5552 ι
1786 5497 1791 5501 ’

1893 4579 1980 4633 nis
2007 4575 2214 4647 templi,
2244 4576 2297 4630 iu
2332 4589 2437 4645 qua
2479 4571 2562 4628 vel
2607 4567 2921 4627 benedictus
2941 4566 3027 4623 vel
3056 4573 3256 4621 unctus
3282 4572 3368 4620 est
3392 4564 3475 4619 la~

1894 4671 2001 4741 pis,
2049 4670 2102 4723 in
2133 4684 2242 4739 quo
2274 4668 2432 4724 nobis
2458 4675 2512 4721 et
2539 4665 2721 4721 divina
2761 4660 3029 4717 sacriﬁcia
3058 4664 3474 4725 consecrantur.

1896 4763 2126 4831 Quando
2155 4772 2335 4818 autem
2376 4763 2509 4816 istas
2553 4758 2872 4814 festivitates
2901 4752 3156 4816 colimus,
3186 4750 3483 4821 diligenter

1897 4855 2260 4919 attendamus,
2294 4863 2353 4907 ut
2383 4851 2529 4922 quod
2573 4852 2627 4905 in
2684 4845 3011 4903 manufactis
3038 4843 3251 4915 templis
3285 4841 3476 4905 visibi-

1896 4945 2017 5000 liter
2042 4945 2259 5009 colitur,
2291 4943 2420 4997 totis
2439 4941 2648 4996 viribus
2679 4937 3044 5003 elaboremus,
3069 4944 3203 4991 utet
3228 4935 3286 4989 in
3309 4933 3482 4989 nobis.

1898 5037 2244 5095 invisibiliter
2273 5035 2629 5106 compleatur.
2661 5031 2925 5100 Quamvis
2963 5030 3110 5085 enim
3141 5035 3330 5083 sancta
3361 5016 3501 5080 sint.

1898 5130 2119 5199 templa,
2143 5144 2265 5203 quae
2284 5128 2532 5182 videmus
2559 5126 2626 5181 de
2646 5124 2808 5194 lignis
2825 5132 2880 5179 et
2899 5121 3171 5193 lapidibus
3194 5116 3481 5183 fabricari,L

1898 5233 2081 5278 tamen
2116 5220 2391 5276 sanctiora
2427 5233 2613 5274 coram
2648 5216 2759 5272 Deo
2805 5222 2934 5271 sunt
2964 5213 3160 5283 templa
3206 5209 3389 5265 cordis
3419 5215 3479 5268 et

1901 5314 2150 5384 corporis
2180 5312 2375 5367 nostri.
2422 5310 2647 5380 Templa
2689 5309 2758 5364 de
2785 5308 2951 5379 lignis
2990 5314 3046 5361 et
3077 5302 3347 5374 lapidibus
3369 5299 3502 5355 huc.

1901 5421 2063 5461 manu
2088 5405 2305 5476 ingenio
2332 5410 2765 5473 componuntur;
2797 5398 2997 5469 templa
3021 5410 3152 5452 vero
3177 5404 3501 5462 corporum.

1899 5508 1953 5554 et
1974 5497 2220 5552 cordium
2250 5504 2563 5552 nostrorum
2590 5509 2754 5548 manu
2781 5490 2988 5548 coalesti
3016 5484 3370 5542 fabricantur.
3398 5482 3480 5538 De

1900 5608 2007 5663 qua
2026 5591 2231 5646 fabrica
2247 5589 2412 5644 domo
2434 5586 2684 5643 videlicet
2702 5582 2953 5655 spiritali,
2976 5579 3193 5649 sapiens
3212 5575 3476 5636 Salomon

1903 5687 1978 5740 ait
2012 5702 2025 5738 :
2064 5706 2080 5735 ι
2118 5682 2395 5753 Sapientia
2425 5678 2711 5736 :edilicavit
2739 5676 2843 5732 sibi
2873 5674 3119 5737 domum,
3147 5666 3351 5742 excidit
3374 5678 3475 5720 eoa

1902 5780 2119 5836 lumnas
2150 5785 2353 5847 septem
2413 5773 2592 5845 (Prov.
2627 5770 2727 5841 ix).
2767 5788 2784 5821 ι
2817 5767 2949 5834 Qua
2980 5763 3239 5822 nimirum
3260 5758 3479 5830 domus,

261 5594 450 5648 Nunc
479 5592 644 5664 igitur
665 5591 794 5662 quid
819 5590 1213 5657 cmmeterium,
1238 5592 1383 5661 quod
1409 5601 1494 5647 est
1516 5600 1639 5647 ante
1664 5600 1801 5645 tem-

178 5689 375 5768 plum,
413 5686 552 5761 quid
575 5685 767 5761 janna,
794 5684 925 5752 quid
954 5683 1140 5750 limen,
1179 5684 1310 5754 quid
1340 5693 1515 5750 antes,
1540 5683 1672 5754 quid
1706 5699 1800 5752 po-

174 5797 330 5856 stes,
360 5782 504 5856 quid
546 5783 719 5860 ianua
766 5792 890 5865 cum
923 5776 1009 5832 bis
1041 5776 1317 5845 omnibus,
1365 5776 1493 5847 quid
1542 5776 1814 5853 muralia,-
