3970 6442
495 390 642 477 «ass

1635 412 1961 475 WERNERI
1998 408 2291 476 ABBATIS
2330 411 2387 467 S.
2425 404 2646 467 BLASﬂ

2905 319 2973 374 ι.
3053 358 3098 376 ,.
3598 404 3717 468 ηῧό

496 544 664 607 quam
695 530 798 592 sibi
848 534 1111 606 sapientia
1148 532 1454 600 :editlcavit,
1488 549 1596 588 non
1628 533 1805 588 solum
1850 548 1881 588 a
1911 533 2071 589 nobis
2098 539 2144 596 Α
2170 529 2359 599 patria:
2385 528 2613 583 dulciter
2634 534 3011 590 uarraverunt,
3029 525 3187 596 quasi
3215 523 3390 578 dulcia
3409 524 3720 596 poeulaepu-

496 627 736 697 exigitur
766 634 825 680 ut
852 626 1153 692 dedicetur,
1178 625 1271 680 sed
1301 623 1361 679 ul
1390 624 1620 680 interius
1659 640 1690 678 a
1722 624 1880 679 nobis
1905 623 2073 678 :editi-

495 727 670 775 cetur.
703 717 941 788 Tempus
974 718 1121 773 enim
1154 732 1299 773 nunc
1342 724 1426 771 est
1454 731 1575 771 eam
1623 716 1678 771 iu
1724 716 1882 771 nobis
1906 715 2076 770 rediti-

496 805 677 872 candi,
707 820 816 859 non
845 815 1030 860 autem
1057 805 1363 861 dedicandi.
1413 804 1854 860 Dedicatio'vero
1879 805 2074 859 domus

408 912 413 915 ‘
494 908 606 950 non
640 904 840 967 potest,
868 912 972 953 nec
998 897 1160 953 debet
1193 897 1332 964 ﬁeri,
1368 912 1497 953 cum
1520 897 1608 951 vel
1629 895 1967 952 constructio
1993 897 2073 965 ip-

494 988 611 1044 sius
639 987 930 1044 inchoatur
957 990 1042 1044 vel
1070 1006 1199 1061 pars
1224 990 1402 1045 media
1423 989 1745 1054 exstruitur,
1771 986 1864 1042 sed
1892 988 2076 1057 potius

493 1089 620 1130 cum
652 1089 1090 1134 consummatur.
1120 1078 1276 1135 Unde
1306 1095 1503 1150 magna
1530 1079 1778 1150 quaedam
1817 1078 2072 1133 distantia

492 1163 639 1219 inter
657 1166 1071 1222 aediﬁcationem
1090 1177 1145 1224 et
1163 1168 1565 1224 dedicationem
1586 1168 1874 1237 reperitur.
1900 1166 2076 1224 Distat

492 1253 641 1309 enim
668 1254 792 1310 loco
819 1264 1086 1326 tempore,
1119 1256 1381 1327 qualitate
1423 1270 1633 1322 rerum,
1660 1257 1921 1328 qualitate
1946 1273 2074 1328 pcr-

493 1359 755 1401 sonarum
782 1366 797 1401 :
820 1347 962 1414 loco,
994 1349 1141 1419 quod
1171 1348 1288 1404 haec
1314 1348 1513 1404 domus
1558 1349 1876 1405 aediﬁcanda
1904 1358 1991 1404 est
2020 1350 2075 1404 in

492 1438 677 1505 terris,
707 1439 803 1494 sed
825 1439 1121 1495 dedicanda
1149 1440 1204 1495 in
1221 1440 1411 1508 caelis;
1445 1451 1707 1511 tempore,
1739 1441 1884 1512 quod
1907 1441 2077 1496 (edifi-

492 1528 666 1583 canda
689 1539 773 1585 est
798 1529 853 1584 in
886 1537 1149 1601 tempore,
1179 1532 1231 1585 id
1263 1541 1348 1586 est
1392 1531 1448 1587 in
1496 1532 1596 1587 hac
1629 1532 1757 1598 vita,
1806 1531 1899 1586 sed
1928 1531 2073 1590 dedis

491 1620 667 1674 canda
694 1622 796 1675 erit
826 1621 879 1675 in
917 1622 1239 1689 aeternitate,
1268 1622 1372 1678 hoc
1399 1631 1483 1677 est
1509 1623 1564 1677 in
1594 1623 1699 1676 alia
1729 1622 1867 1689 vita;
1898 1622 2077 1692 quali-

491 1721 602 1767 tate
630 1717 835 1780 rerum,
874 1714 1019 1783 quod
1046 1714 1335 1769 aediﬁcatio
1361 1729 1508 1770 nunc
1547 1716 1661 1768 ﬁeri
1686 1714 1847 1769 debet
1876 1713 1929 1767 in
1960 1715 2073 1784 ipsa

490 1819 573 1871 re,
605 1806 771 1860 corde
803 1806 1010 1861 scilicet
1031 1814 1085 1860 et
1114 1820 1346 1876 corpore
1387 1815 1597 1871 nostro,
1629 1807 1721 1861 sed
1765 1805 2076 1862 iut‘ra‘hanc

494 1896 912 1953 mdilicationem
937 1898 1210 1955 dedicatio
1233 1915 1343 1953 non
1376 1907 1554 1969 potest
1576 1914 1717 1965 esse,
1744 1899 1849 1953 nisi
1876 1900 1931 1953 in
1961 1900 2075 1955 sola

491 1988 777 2059 spe.\’erbi
808 1991 999 2061 gratia,
1029 2000 1112 2057 ut,
1136 2007 1261 2047 cum
1288 1991 1429 2045 hanc
1451 1991 1749 2061 spiritalem
1772 1992 1995 2046 domum
2021 1992 2080 2046 in

490 2081 650 2136 nobis
674 2081 845 2136 sacris
875 2082 1170 2137 virtutibus
1195 2082 1553 2150 mditicamus,
1594 2082 1812 2137 interim
1857 2097 2077 2154 quoque

490 2178 776 2242 speremus
796 2174 941 2245 quod
972 2183 1027 2228 et
1072 2173 1128 2229 in
1170 2182 1374 2229 aeterna
1404 2172 1742 2229 beatitudine
1772 2174 2071 2230 dedicetur.

491 2261 619 2319 llaec
660 2271 840 2319 autem
885 2263 1174 2319 :editicatio
1222 2264 1383 2322 debet
1433 2265 1550 2321 ﬁeri
1593 2280 1688 2336 per
1729 2264 2074 2334 sapientiam,

491 2371 615 2427 qua:
644 2356 930 2411 aediﬁcavit
961 2356 1065 2412 sibi
1092 2356 1338 2425 domum,
1372 2357 1578 2414 excidit
1625 2358 1911 2413 columnas
1953 2373 2077 2427 scp—

491 2456 623 2512 tem,
674 2448 860 2517 posuit
904 2463 1173 2516 mensam,
1222 2449 1526 2504 immolavit
1553 2449 1826 2516 victimas,
1856 2448 2077 2504 miscuit

490 2538 703 2605 vinum,
729 2540 879 2594 misit
903 2541 1130 2597 ancillas
1150 2541 1382 2597 invitare
1405 2540 1472 2596 ad
1498 2541 1831 2596 convivium.

562 2627 861 2699 Sapientia,
887 2631 1219 2699 charissimi,
1244 2647 1366 2702 qua:
1388 2631 1492 2688 sibi
1517 2632 1741 2688 domum
1762 2632 2071 2702 aadilicavit,

487 2729 576 2776 est
595 2719 851 2776 Christus
875 2720 1156 2778 Dcivirtus
1177 2723 1338 2779 etDei
1358 2724 1753 2794 sapientia,qui
1775 2723 2075 2779 Ecclesiam

488 2812 559 2867 de
584 2812 723 2868 vivis
751 2823 806 2869 et
833 2815 1020 2870 electis
1049 2816 1114 2870 ad
1140 2815 1497 2871 habitandum
1544 2815 1649 2873 sibi
1696 2815 1963 2871 fundavit.
1992 2816 2075 2872 Ad

489 2905 635 2962 hanc
660 2907 881 2962 domum
921 2906 1250 2964 fulciendam
1302 2919 1507 2980 septem
1533 2910 1819 2965 columnas
1848 2908 2072 2975 excidit,

488 2997 615 3066 quia
636 3007 838 3068 septem
870 2998 1040 3053 libros
1066 2998 1158 3069 qui
1182 2999 1536 3071 agiographa,
1563 2999 1614 3054 id
1637 3007 1722 3055 est
1746 3014 1901 3054 sacra
1929 2999 2077 3054 Scri-

487 3098 650 3161 ptura
674 3092 1033 3161 appellantur,
1058 3092 1207 3146 omni
1226 3093 1490 3162 sapientia
1515 3101 1570 3147 et
1593 3092 1820 3148 scientia
1848 3091 2078 3162 perpoli-

2176 616 2925 688 lautibusprepinaverunt.ln
2944 615 3046 669 hac
3059 615 3223 667 domo
3242 613 3487 667 victimas
3502 613 3721 671 immolao

2173 712 2418 777 vit,dum
2447 725 2647 779 corpus
2671 724 2830 764 suum
2856 722 2955 776 pro
2984 708 3227 760 humano
3254 719 3448 775 genere
3478 704 3582 760 Deo
3595 705 3718 764 Patri

2174 802 2516 859 sacriﬁcavit.
2530 822 2548 853 ι
2567 800 2759 855 Vinum
2785 798 3203 867 miscuit(Pror.
3222 800 3321 865 Ix),
3343 816 3361 849 ι
3378 799 3503 851 dum
3524 802 3718 869 sangui-

2175 911 2296 950 nem
2311 910 2478 949 suum
2491 910 2589 962 pro
2606 906 2787 947 nostra
2806 890 3175 960 redemptione
3189 888 3410 942 fuditJu
3427 891 3717 958 quihusdam

2176 987 2311 1045 locis
2331 986 2514 1039 viuum
2539 993 2757 1055 propter
2787 982 3157 1041 [urtitudiuem
3184 996 3307 1034 cum
3331 997 3471 1050 aqua
3496 982 3716 1040 miscent:

2176 1078 2298 1133 ideo
2321 1078 2475 1143 dicit,
2518 1095 2539 1128 ι
2569 1077 2755 1130 vinum
2789 1074 3033 1138 miscuit,
3065 1092 3083 1123 ι
3120 1074 3253 1141 quia
3271 1072 3337 1125 de
3358 1071 3522 1129 latere
3548 1072 3717 1131 Christi

2177 1183 2317 1238 aqua
2350 1167 2615 1237 sanguine
2656 1167 2815 1220 misla
2846 1164 3024 1219 (luxit.
3063 1163 3144 1217 Ad
3180 1163 3280 1218 has
3304 1163 3491 1231 epulas
3523 1164 3718 1218 invitan-

2176 1261 2329 1324 dum,
2351 1274 2460 1313 non
2489 1274 2697 1324 servos,
2727 1250 3084 1314 sed'ancillas
3121 1255 3290 1319 misit,
3314 1255 3445 1324 quia
3466 1271 3565 1309 non
3588 1258 3720 1311 nobi«

2177 1353 2276 1418 les,
2309 1351 2402 1407 sed
2434 1350 2729 1420 apostolos,
2774 1349 3089 1406 rusticanos
3132 1347 3343 1402 scilicet
3386 1346 3631 1411 homines,
3670 1360 3717 1405 ut

2178 1451 2307 1513 puta
2357 1441 2656 1512 piscatores
2712 1439 2945 1493 invitare
2972 1438 3203 1507 populos
3232 1436 3303 1493 ad
3326 1437 3536 1492 caeleste
3564 1442 3714 1494 convi-

2177 1535 2326 1587 vium
2356 1533 2523 1587 misit.

2249 1624 2423 1694 Hujus
2445 1624 2643 1679 domus
2681 1637 2899 1693 quoque
2928 1620 3219 1676 :ediiicatio
3255 1619 3417 1675 debet
3439 1621 3538 1689 fieri
3563 1631 3609 1677 et
3630 1640 3715 1693 per

2175 1716 2467 1787 justitiam,
2500 1716 2552 1770 id
2578 1723 2663 1770 est
2688 1729 2785 1785 per
2813 1723 3034 1769 sanctas
3060 1712 3291 1767 virtutes
3319 1731 3339 1765 ε.
3358 1727 3469 1782 quae
3492 1715 3626 1770 nobis
3654 1732 3713 1771 ex

2178 1809 2351 1879 gratia
2388 1807 2574 1861 divina
2616 1804 3011 1870 conferuntur;
3054 1803 3327 1858 dedicatio
3378 1818 3499 1857 vero
3535 1806 3716 1876 erit‘in

2180 1898 2386 1955 cmlesti
2410 1898 2617 1968 gloria,
2640 1912 2766 1953 cum
2797 1897 3062 1951 virtutum
3094 1911 3261 1965 opera
3287 1894 3487 1949 fuerint
3509 1910 3721 1954 consum-

2178 1999 2343 2046 mata.
2374 1989 2431 2043 in
2461 1990 2720 2060 qualitate
2742 2004 3102 2060 personarum
3130 1988 3512 2043 aediﬁcantium
3536 1998 3584 2042 et
3598 1990 3723 2045 dedi-

2178 2081 2420 2136 cautium
2468 2081 2610 2135 hanc
2651 2079 2875 2133 domum
2924 2079 3090 2133 distat
3128 2079 3386 2143 multum,
3439 2080 3560 2147 quia
3591 2079 3727 2134 homo

2181 2168 2293 2224 Deo
2318 2177 2647 2239 eoopcratur
2677 2168 2731 2222 in
2760 2168 3138 2233 aediﬁcatione,
3165 2167 3261 2221 sed
3300 2167 3451 2222 solus
3476 2166 3605 2222 Deus
3622 2185 3727 2239 ope-

2177 2264 2388 2319 rabitur
2426 2264 2479 2317 in
2506 2259 2867 2317 dedicatione.
2911 2258 3067 2317 Nunc
3105 2260 3273 2330 igitur
3303 2259 3584 2313 videndum
3611 2277 3727 2330 quo~

2179 2357 2343 2411 modo
2371 2363 2696 2426 cooperetur
2736 2354 2903 2408 homo
2930 2351 3041 2407 Deo
3072 2353 3124 2409 in
3169 2350 3551 2417 aediﬁcatione,
3573 2352 3726 2422 sicque

2177 2448 2424 2504 videatur
2450 2444 2729 2517 quomodo
2757 2454 2807 2498 et
2852 2442 2996 2498 Deus
3017 2452 3271 2512 operetur
3306 2442 3361 2495 in
3405 2442 3725 2497 dedicatione.

2177 2538 2443 2595 Dominus
2467 2538 2723 2593 Christus
2764 2534 2856 2591 Dei
2889 2535 3067 2589 virtus
3096 2542 3201 2596 est,
3244 2543 3304 2594 ct.
3343 2533 3436 2588 Dei
3472 2534 3722 2604 sapientia.

2178 2628 2300 2699 lpsa
2325 2610 2435 2685 Dei
2474 2629 2650 2683 virtus
2696 2635 2751 2681 ct
2798 2624 2894 2680 Dei
2941 2625 3208 2695 sapientia
3261 2623 3510 2681 Christus
3536 2624 3724 2687 dicitur.

2179 2719 2230 2773 id
2279 2728 2364 2775 est
2404 2728 2625 2784 unctus,
2658 2732 2724 2772 eo
2774 2716 2921 2787 quod
2974 2714 3215 2785 Spiritus
3257 2725 3481 2772 sanctus
3510 2732 3725 2785 superve-

2178 2809 2335 2862 niens
2367 2807 2645 2861 inunxerit
2669 2822 2818 2873 eum,
2860 2808 2999 2861 dans
3032 2805 3083 2860 ei
3108 2805 3251 2859 dona
3286 2806 3522 2859 omnium
3550 2808 3721 2877 gratia-

2179 2911 2300 2951 rum
2325 2897 2465 2951 ultra
2489 2913 2802 2952 mensuram
2827 2911 2937 2966 prie
2953 2891 3169 2950 cunctis
3190 2895 3402 2949 easteris
3418 2896 3719 2950 hominibus:

2179 3003 2319 3059 quos
2360 2998 2415 3044 et
2443 2989 2584 3045 idem
2642 2990 2946 3060 repleverat
2989 2988 3225 3058 Spiritus
3266 2998 3501 3042 sanctus.
3542 2987 3609 3042 Er
3638 2989 3729 3043 hac

2179 3082 2438 3144 unctione
2478 3082 2564 3143 vel
2599 3096 2665 3137 ex
2718 3082 2820 3137 hac
2863 3080 3138 3136 aliluentia
3167 3080 3413 3135 omnium
3439 3081 3721 3151 gratiarum,

487 3183 587 3248 vit,
607 3199 839 3253 quorum
857 3185 1106 3241 doctrina
1138 3185 1306 3240 totius
1330 3184 1585 3241 Ecclesiae
1612 3193 1885 3241 structura
1911 3185 1983 3239 ita
2006 3183 2074 3239 ad
2103 3212 2144 3269 ρ
2179 3176 2354 3246 placet
2403 3175 2453 3231 ei
2512 3190 2616 3237 nos
2683 3174 2965 3245 inungere.
3017 3182 3071 3228 et
3130 3188 3231 3242 per
3289 3175 3444 3243 ipsam
3499 3183 3726 3269 nostpam

490 3275 732 3331 cmlestia
764 3284 1122 3343 sustentatur,
1157 3285 1215 3331 ut
1240 3276 1422 3347 aliqua
1451 3276 1707 3332 machina
1738 3276 1792 3331 iu
1826 3290 1951 3330 aera
1975 3290 2073 3330 co-

487 3363 694 3420 lumnis
749 3366 998 3421 libratur.
1052 3365 1234 3421 Prima
1286 3366 1452 3438 igitur
1501 3367 1754 3421 columna
1806 3373 1891 3421 est
1936 3366 2076 3419 liber

486 3456 716 3515 Joannis
748 3458 1107 3531 Apocalypsi;
1149 3460 1566 3527 secunda,liber
1585 3456 1950 3524 Psalmurum;
1976 3467 2077 3513 ter-

488 3548 585 3613 tia,
619 3549 757 3606 liber
792 3549 1246 3618 Proverbiorum;
1280 3559 1498 3621 quarta,
1521 3550 1659 3605 liber
1687 3547 2071 3616 Ecclesiastes;

486 3639 704 3708 quinta,
731 3637 955 3693 Cantica
987 3640 1358 3706 canticorum;
1391 3647 1564 3706 sexta,
1589 3639 1725 3694 liber
1748 3637 2071 3709 Sapientiaz;

489 3729 743 3800 septima,
771 3730 908 3786 liber
932 3730 1373 3788 Ecclesiasticus.
1406 3729 1515 3786 Has
1556 3740 1759 3801 septem
1789 3732 2075 3788 columnas

488 3820 679 3876 domui
710 3820 803 3875 Det
835 3821 1176 3894 suppositas]
1205 3821 1416 3878 nobiles
1463 3821 1723 3892 pictores,
1753 3819 2072 3893 Gregorius,

488 3913 851 3984 Augustinus,
880 3915 971 3969 alii
983 3930 1228 3986 _quoque
1250 3922 1304 3970 et
1325 3913 1438 3983 alii,
1461 3914 1555 3986 qui
1578 3914 1830 3971 decorem
1875 3914 2075 3971 domus

486 4002 588 4060 Dei
610 4005 954 4073 dilexerunt,
985 4005 1336 4079 postmodum
1359 4007 1682 4078 exponendo
1709 4006 2074 4077 depinxerunt

486 4100 719 4170 ctqnasi
745 4100 1023 4171 praestanti
1055 4101 1271 4171 pictura
1313 4099 1559 4172 insignes
1603 4100 1975 4156 reddiderunt.
2012 4099 2070 4154 in

486 4191 582 4245 tali
607 4190 772 4252 domo
794 4179 1060 4262 Sapientia
1077 4206 1323 4247 mensam
1344 4191 1547 4261 posuit,
1566 4206 1691 4246 eum
1715 4205 1925 4246 sacram
1944 4190 2073 4245 tide-

485 4279 568 4336 les
586 4281 787 4351 ubique
806 4279 1140 4352 Scripturam
1162 4281 1431 4337 docuerit.
1455 4280 1581 4338 Haec
1602 4295 1791 4337 mensa
1808 4295 1929 4351 quae
1951 4288 2073 4335 tuo-

486 4386 611 4427 rum
639 4373 869 4443 pedibus
899 4362 1142 4441 fulcitur,
1173 4374 1302 4444 quia
1337 4389 1493 4429 sacra
1527 4373 1810 4443 Scriptura
1837 4381 2073 4442 quatuor

484 4464 665 4520 modis
714 4463 1052 4535 intelligitur.
1106 4463 1324 4520 Primus
1372 4479 1469 4534 pes
1514 4472 1601 4519 est
1649 4463 1900 4530 historia,
1941 4478 2067 4521 cum

2180 3267 2493 3323 unctionem
2542 3267 2765 3322 domum
2806 3282 2961 3332 suam
3008 3265 3063 3319 in
3113 3265 3277 3320 nobis
3308 3265 3576 3320 :editicare.
3613 3263 3730 3330 Qua

2174 3354 2391 3421 domus,
2435 3355 2560 3410 licet
2588 3354 2761 3425 ipsius
2802 3356 2891 3420 sit,
2936 3354 3061 3413 licet
3093 3369 3214 3409 eam
3267 3354 3522 3418 :editicct,
3552 3364 3729 3407 uteam

2178 3444 2462 3510 inhabitet,
2492 3444 2567 3499 ibi
2607 3456 2787 3499 tamen
2811 3452 2866 3499 et
2888 3460 2988 3499 nos
3013 3443 3062 3498 ei
3094 3443 3496 3505 cohabitamus,
3525 3442 3733 3512 necipse

2175 3536 2396 3607 quidem
2425 3552 2489 3591 ea
2518 3536 2801 3607 indignum
2832 3535 2927 3591 sed
2955 3536 3056 3591 soli
3089 3551 3192 3589 nos
3240 3534 3566 3606 indigemus.
3591 3533 3733 3606 Igitur

2174 3643 2242 3682 ex
2273 3628 2389 3682 sola
2419 3629 2593 3699 gratia
2624 3644 2732 3699 qua
2763 3628 2878 3697 ipse
2913 3627 3275 3697 superamuit,
3316 3636 3375 3680 ct
3413 3642 3479 3680 ex
3510 3628 3735 3681 unctione

2178 3716 2417 3788 Spiritus
2436 3719 2649 3785 sancti,
2677 3734 2801 3789 qua:
2832 3718 2947 3788 ipse
2983 3734 3095 3788 pra:
3124 3718 3347 3776 cunctis
3373 3719 3678 3779 mortalibus
3708 3734 3733 3772 a

2175 3805 2288 3862 Deo
2313 3815 2398 3863 est
2437 3817 2656 3874 unctus,
2704 3807 2926 3862 domum
2971 3822 3126 3861 suam
3170 3807 3224 3860 in
3273 3807 3434 3862 nobis
3462 3809 3570 3869 vult
3593 3809 3732 3863 inun-

2176 3914 2322 3970 gere,
2386 3898 2438 3966 id
2489 3908 2572 3955 est
2615 3897 2887 3953 dedicare.
2926 3897 3064 3965 Quia
3100 3912 3232 3952 vero
3279 3898 3399 3968 ipse
3449 3900 3611 3964 virtus
3644 3908 3727 3971 est,

2175 3998 2338 4061 prout
2361 3990 2494 4057 vult,
2527 3998 2705 4060 potest
2740 3989 2905 4045 etiam
2935 4004 3054 4043 eam
3084 3988 3378 4043 aedificare.
3616 4056 3629 4070 .

2245 4082 2506 4149 Quamvis
2544 4091 2727 4136 autem
2781 4080 2897 4135 haec
2947 4080 3072 4147 tria,
3126 4082 3339 4135 scilicet
3394 4081 3549 4147 velle,
3594 4081 3728 4147 scire,

2173 4191 2358 4248 posse,
2381 4175 2483 4231 sibi
2528 4183 2891 4245 coopcrentur
2920 4174 2974 4229 in
3002 4175 3363 4231 :edilicatione
3412 4178 3599 4231 domus
3633 4175 3726 4243 Dei,

2174 4278 2355 4324 tamen
2405 4267 2655 4339 quiedam
2701 4267 2899 4322 domus
2942 4277 3025 4322 est
3087 4284 3252 4337 quam
3312 4269 3489 4323 virtus
3530 4269 3725 4331 aediﬁcat

2177 4364 2300 4429 sibi,
2321 4361 2732 4432 etestquaedam
2754 4376 2917 4431 quam
2932 4360 3206 4427 Christus,
3226 4361 3277 4416 id
3296 4374 3381 4416 est
3399 4360 3722 4427 unctus,ar.li-

2176 4456 2303 4513 ﬁcat
2363 4454 2487 4521 sibi,
2533 4463 2588 4508 et
2639 4461 2724 4508 est
2773 4453 2971 4508 domus
3012 4469 3176 4523 quam
3229 4454 3497 4523 sapientia
3526 4454 3720 4507 tedilical

483 4557 558 4611 ita
628 4565 686 4611 ut
755 4555 934 4610 littera
988 4566 1178 4611 narrat
1241 4556 1549 4626 accipitur;
1601 4556 1876 4611 secundus
1939 4555 2070 4613 allc—
2101 4560 2146 4615 D
2175 4548 2300 4604 sibi.
2333 4546 2560 4615 Domps,
2592 4560 2757 4616 quam
2788 4546 2963 4600 virtus
3005 4545 3239 4600 aedificat
3280 4544 3387 4599 sibi
3420 4544 3570 4598 nobis
3595 4552 3639 4595 et
3672 4540 3719 4596 in

480 4647 677 4718 geria,
756 4662 883 4701 cum
967 4647 1116 4702 aliud
1175 4646 1414 4716 dicitur,
1486 4646 1633 4701 aliud
1712 4646 2063 4718 intelligitur;

479 4736 677 4797 tertius
747 4738 1066 4805 moralitas,
1137 4754 1260 4795 cum
1329 4754 1427 4811 per
1489 4754 1553 4802 ea
1605 4754 1728 4810 qua:
1791 4739 2064 4809 leguntur,

478 4842 663 4885 mores
709 4831 1091 4897 instruuntur;
1141 4840 1392 4901 quartus,
1438 4846 1700 4903 anagoge,
1744 4830 1797 4885 id
1840 4838 1926 4885 est
1967 4845 2064 4884 su-

478 4922 661 4990 perior
711 4937 928 4989 sensus,
988 4938 1115 4977 cum
1169 4924 1413 4979 cmlestia
1449 4931 1736 4978 etteterna
1775 4920 2059 4980 docentur.

479 5010 656 5082 Super
682 5013 826 5069 hanc
854 5031 1100 5070 mensam
1131 5014 1333 5070 diversi
1381 5015 1600 5071 diversa
1639 5012 1847 5069 fercula
1894 5012 2061 5075 mini-

478 5101 809 5171 straverunt,
846 5112 899 5158 et
959 5106 1125 5171 variis
1154 5107 1439 5171 sententiis
1482 5105 1643 5177 quasi
1688 5106 1853 5161 variis
1887 5104 2066 5174 epulis

477 5196 733 5252 convivas
775 5197 1128 5254 satiavcrunt.
1177 5198 1391 5272 Moyses
1435 5200 1637 5255 etenim
1686 5198 1817 5253 dum
1872 5198 2061 5253 mundi

475 5291 841 5353 creationem,
877 5291 1113 5361 paradisi
1143 5293 1579 5363 dispositionem,
1609 5292 1800 5346 diluvii
1828 5291 2062 5345 inunda-

472 5382 702 5450 tionem,
731 5383 965 5437 Abrahae
1004 5383 1392 5449 obedientiam,
1423 5382 1622 5452 Joseph
1651 5382 2057 5444 castimoniam,

474 5473 710 5528 ﬁliorum
745 5474 906 5530 Israel
935 5476 1333 5542 liberationem,
1378 5483 1433 5529 et
1466 5490 1561 5544 per
1586 5473 1753 5529 maris
1787 5472 1955 5533 Rubri
1996 5487 2061 5528 ac

474 5565 640 5620 eremi
667 5565 1162 5633 deambulationem
1192 5566 1395 5620 eisdem
1439 5579 1639 5619 manna
1670 5564 1737 5618 de
1765 5564 1905 5625 casio
1938 5565 2062 5634 plna

474 5655 640 5720 visse,
663 5664 716 5709 et
744 5672 940 5725 aquam
960 5657 1027 5712 de
1053 5664 1206 5729 petra
1228 5642 1453 5711 ﬂuxisse
1478 5653 1665 5710 retult
1689 5655 1847 5726 quasi
1870 5654 2058 5710 suavia

473 5754 525 5807 et
539 5742 740 5799 diversi
773 5744 985 5813 generis
1008 5744 1214 5801 fercula
1236 5744 1652 5806 convivantibus
1669 5745 1869 5801 intulit.
1890 5744 2057 5800 David

474 5846 652 5904 animi
669 5846 721 5891 et
741 5837 920 5890 ueteri
944 5837 1241 5908 pt'opltela‘t,
1266 5836 1393 5895 dum
1410 5837 1477 5895 de
1500 5838 1786 5896 dulcedine
1808 5852 2058 5909 superate

2173 4641 2354 4706 nobis,
2385 4649 2627 4709 tempore
2650 4653 2825 4708 prima
2849 4646 2952 4703 est,
2979 4646 3033 4692 ct
3066 4637 3270 4691 dicitur
3312 4637 3510 4691 domus
3539 4633 3720 4688 virtutis

2170 4735 2255 4787 vel
2276 4731 2604 4795 dilectionis,
2649 4746 2778 4800 quia
2810 4730 2985 4791 virtus
3015 4729 3067 4787 in
3102 4727 3394 4783 dilectione
3418 4736 3518 4783 est.
3550 4726 3717 4779 Domus

2168 4839 2319 4889 vero,
2375 4837 2540 4893 quam
2576 4820 2853 4887 Christus,
2905 4820 2957 4881 id
2985 4828 3066 4875 est
3106 4819 3318 4884 unctiq,
3370 4817 3714 4877 ardilicatsihi,

2168 4916 2405 4973 secunda
2429 4924 2533 4982 est,
2560 4924 2613 4970 et
2636 4913 2837 4969 dicitur
2862 4913 3060 4968 domus
3086 4913 3369 4971 unctionis
3409 4914 3491 4969 vel
3520 4913 3718 4967 tit-lect.»

2166 5010 2354 5074 tionis,
2394 5009 2522 5078 quia
2550 5006 2738 5062 unctio
2786 5021 2894 5076 qua
2943 5006 3177 5077 quisque
3208 5005 3633 5073 dclectatur,‘est
3671 5003 3716 5056 ia

2164 5101 2541 5157 delectatione.
2575 5098 2784 5164 Domus
2808 5113 2958 5163 vero,
3004 5112 3169 5167 quam
3212 5097 3479 5167 sapientia
3522 5096 3725 5159 εράὶῡῶ

2164 5194 2287 5258 sibi,
2320 5193 2479 5248 tertia
2508 5200 2613 5256 cst,
2640 5203 2693 5246 et
2725 5191 2925 5246 dicitur
2949 5189 3147 5244 donius
3187 5189 3471 5259 sapientia:
3497 5189 3573 5243 vel
3602 5194 3743 5259 om-

2163 5284 2553 5355 templationis,
2594 5285 2721 5354 quia
2763 5283 3026 5353 sapientia
3054 5293 3135 5337 cst
3165 5284 3217 5335 in
3258 5258 3753 5352 contemplationéx

2162 5376 2300 5431 Cutn
2332 5385 2514 5431 autem
2569 5377 2684 5430 haec
2734 5385 2844 5430 tres
2892 5375 3090 5428 domus
3149 5374 3203 5439 in
3252 5390 3365 5429 uno
3414 5374 3721 5433 alidum
3830 5360 3839 5387 ⁵

2163 5471 2352 5538 corde,
2383 5469 2454 5524 ibi
2487 5470 2631 5524 velut
2676 5469 2729 5525 in
2773 5484 2939 5533 unam
2979 5467 3284 5536 junguntur
3320 5454 3721 5531 domurmttt'sil

2162 5561 2568 5632 quodammodo
2591 5561 2788 5614 domus
2818 5575 2923 5617 una
2968 5571 3021 5612 et
3051 5558 3189 5613 trina
3216 5573 3231 5620 ξ
3260 5557 3457 5614 donius
3499 5554 3721 5620 νὶᾶεὶἰώ

2163 5652 2328 5716 unius
2381 5650 2498 5716 Dei,
2553 5658 2607 5705 et
2650 5656 2853 5704 sancta:
2896 5645 3178 5701 Trinitatis
3226 5643 3409 5701 Patris
3452 5655 3505 5704 ct
3542 5641 3725 5697 Filiict

2166 5737 2401 5817 Spiritus
2424 5744 2619 5801 sancti.
2650 5743 2855 5798 Domus
2872 5741 2993 5806 ista,
3018 5754 3139 5794 cum
3164 5739 3467 5793 aedificatur
3486 5739 3540 5793 in
3565 5734 3721 5803 nobis,

2164 5853 2272 5893 non
2329 5836 2625 5893 :cdilicatur
2682 5835 2798 5898 sine
2839 5832 3014 5889 nobis.
3064 5830 3461 5902 Cooperatorcs
3512 5840 3723 5909 namque
