3970 6448
230 384 369 442 ιω

1157 369 1724 448 εειῖωιιλτιοιιεε
1766 393 1871 449 εε.
1909 392 2294 480 Ριιτιιωι.-
2326 393 2458 447 Lm.
2499 392 2561 448 ιι.
2632 456 2635 459 _

224 496 324 553 Dei
353 511 477 553 esse
495 495 760 553 debemus
790 496 855 552 ad
893 497 1116 552 domum
1149 516 1303 556 suam
1350 481 1406 557 in
1439 505 1597 561 nobis
1640 506 1806 560 aediﬁ-
1835 516 1880 571 Α
1912 518 2312 565 sacramentum
2366 508 2838 575 conﬁrmationis.
2904 508 3192 580 Sapientia
3272 528 3497 584 quoque,

224 589 479 644 caudam.
512 586 853 644 Ediﬁcanda
877 597 959 644 est
985 599 1164 645 autem
1206 608 1238 646 a
1269 595 1467 649 talibus
1499 596 1676 665 qualis
1708 597 1810 652 fuit

224 676 511 747 Salomon,
544 681 640 750 qui
689 680 912 735 domum
944 680 1039 737 Dei
1087 684 1375 741 tediﬁeavit
1404 686 1530 754 (III
1556 688 1682 760 Reg.
1711 691 1807 759 vi).

223 768 490 825 Salomon
520 771 722 841 quippe
750 772 1141 842 interpretatur
1168 776 1446 846 paciﬁcus.
1482 774 1629 832 Talis
1662 780 1812 849 paci-

222 859 362 916 ticus
392 859 635 930 profecto
661 860 751 916 ille
795 861 895 916 fuit
926 863 1019 933 qui
1044 865 1192 918 venit
1232 867 1300 920 ad
1343 882 1465 934 nos,
1500 878 1559 923 ut
1586 870 1809 925 domum

221 952 520 1008 :editicaret
550 953 606 1008 in
639 954 819 1020 nobis,
845 964 906 1009 ut
940 965 1089 1012 esset
1120 958 1528 1015 tabernaculum
1566 961 1658 1018 Dei
1687 979 1812 1018 cum

224 1044 563 1111 hominibus,
600 1054 655 1101 et
682 1047 951 1102 habitaret
979 1063 1103 1103 eum
1135 1050 1263 1116 illis,
1296 1052 1346 1106 id
1377 1063 1462 1108 est
1483 1054 1620 1109 inter
1650 1056 1769 1109 illos
1796 1072 1808 1106 ;

223 1146 280 1193 et
307 1136 580 1201 habitaret
630 1138 684 1193 in
734 1139 864 1206 illis,
911 1141 965 1195 id
997 1150 1084 1196 est
1110 1130 1275 1198 -intra
1329 1144 1471 1200 illos.
1520 1147 1657 1202 Cum
1682 1149 1810 1214 illis,

225 1227 357 1297 quia
381 1226 569 1281 habitu
600 1227 852 1284 iuventus
873 1237 958 1284 est
987 1239 1047 1284 ut
1074 1231 1240 1285 homo
1265 1231 1522 1304 (Philipp.
1553 1251 1647 1305 ll);
1671 1237 1812 1292 intra

204 1317 375 1387 villos,
404 1321 531 1390 quia
561 1337 669 1378 non
701 1324 948 1394 rapinam
970 1326 1266 1383 arbitratus
1294 1338 1379 1385 est
1403 1345 1462 1385 se
1486 1347 1607 1387 esse
1629 1349 1815 1402 asqua-

226 1408 336 1466 lem
387 1409 498 1467 Deo
549 1413 751 1484 (ibid.’).
808 1414 1074 1481 Quisnam
1121 1435 1251 1474 vero
1302 1419 1404 1476 iste
1447 1431 1529 1477 est
1577 1424 1814 1479 caelestis

228 1499 428 1557 domus
455 1499 550 1556 Dei
577 1502 873 1558 fabricator
897 1513 951 1559 et
968 1506 1334 1564 inhabitator?
1355 1508 1556 1580 Nempe
1580 1512 1816 1567 aediﬁca-

231 1591 337 1647 trix
357 1593 651 1664 sapientia,
692 1594 746 1650 id
788 1604 870 1651 est
900 1597 1041 1652 Deus
1075 1607 1128 1653 et
1155 1598 1247 1654 Dei
1272 1599 1460 1656 Filius.
1488 1600 1591 1668 Qui
1617 1604 1815 1659 cumin

231 1681 409 1739 forma
452 1684 551 1740 Dei
594 1686 818 1741 domum
864 1689 1186 1745 aadiﬁcasset
1245 1690 1301 1745 in
1346 1692 1519 1759 caelis,
1550 1692 1601 1747 id
1630 1703 1712 1748 cst
1761 1694 1815 1748 in

229 1777 464 1847 angelis,
512 1777 747 1836 formam
797 1764 938 1836 servi
989 1781 1217 1851 accepit,
1251 1792 1307 1837 ut
1353 1784 1602 1849 domum,
1641 1784 1695 1839 id
1734 1792 1818 1841 est

1912 600 2088 656 factus
2112 608 2195 655 est
2218 616 2313 669 per
2343 602 2853 670 contemplationem
2880 602 2932 655 in
2964 603 3198 671 quadam
3237 603 3497 677 praesenti

1910 693 2350 747 remuneratione
2374 693 2692 747 meritorum
2721 708 2815 763 per
2843 703 3245 748 sacramentum
3276 694 3490 752 altaris.

1912 782 2048 839 Ecce
2063 785 2293 855 qualiter
2307 785 2647 853 quadrantur
2666 794 2720 840 ει
2743 785 3070 853 formantur,
3097 787 3147 841 id
3168 795 3253 842 est
3270 780 3499 843 ﬁrman-y

1913 882 2001 929 tur
2048 883 2103 929 et
2133 876 2484 931 stabiliuntur
2529 876 2735 947 lapides
2794 877 2898 932 vivi
2936 896 2949 931 :
2983 893 3015 932 a
3068 878 3287 934 Christo
3333 886 3389 933 et
3435 878 3493 933 in

1910 963 2151 1020 Christo.
2180 966 2249 1020 At
2286 983 2416 1021 vero
2453 968 2507 1021 bi
2538 969 2746 1039 lapides
2768 970 2875 1024 vivi
2908 969 2996 1024 hic
3031 970 3227 1027 malleo
3253 979 3308 1024 et
3338 955 3503 1027 secu-i

1912 1056 1980 1118 ri,
2017 1055 2070 1109 id
2096 1067 2181 1112 est
2213 1067 2419 1115 terrore
2450 1059 2592 1130 ignis
2625 1060 2816 1115 aeterni
2863 1069 2916 1114 et
2961 1069 3167 1125 terrore
3196 1060 3339 1130 ignis
3366 1075 3507 1130 pur-7

1914 1148 2130 1217 gatorii,
2161 1149 2244 1204 vel
2266 1151 2689 1206 comminatione
2727 1151 3070 1209 miseriarum
3103 1151 3225 1207 vita:
3253 1167 3499 1221 praiseno

1916 1240 1984 1295 tis
2004 1240 2243 1295 catdendi
2270 1251 2324 1297 et
2369 1243 2607 1313 poliendi
2641 1259 2671 1297 a
2707 1243 2822 1299 suis
2857 1244 3129 1313 perversis
3174 1253 3305 1298 sunt
3328 1244 3497 1299 actio-

1916 1332 2100 1405 nibus,
2156 1333 2297 1386 utin
2334 1344 2667 1389 structuram
2692 1336 2931 1392 cmiestis
2952 1336 3150 1391 domus
3189 1335 3494 1391 mittantur.

1987 1419 2112 1476 Hzec
2139 1412 2321 1477 autem
2374 1424 2548 1493 prima
2600 1425 2799 1480 domus
2848 1425 3066 1480 virtutis
3105 1434 3159 1482 et
3189 1424 3500 1479 dilectionis

1917 1523 2284 1584 nuncupatur,
2312 1515 2440 1585 quia
2470 1516 2761 1572 dilectione
2795 1516 2889 1571 Dei
2919 1530 2972 1571 et
2999 1516 3230 1586 proximi
3259 1516 3500 1572 caeteris-

1924 1620 2033 1675 que
2088 1606 2382 1662 virtutibus
2424 1608 2745 1663 exstruitur.
2791 1607 2921 1663 Post
2964 1609 3186 1663 demum
3232 1607 3499 1677 lapideam

1919 1695 2246 1752 exteriorem
2273 1697 2523 1768 sequitur
2551 1698 2799 1766 cedi-ina,
2841 1712 2964 1768 qua:
2989 1698 3264 1752 unctionis
3294 1696 3372 1752 vel
3401 1695 3501 1750 ἀει

1919 1782 2229 1842 lectationis
2275 1803 2370 1842 seu
2411 1788 2594 1859 gaudii
2626 1788 2825 1844 domus
2871 1787 3091 1842 dicitur.
3130 1787 3210 1843 Ad
3248 1787 3389 1841 hanc
3415 1802 3503 1840 sc-

232 1866 535 1924 Ecclesinm
570 1869 672 1925 sibi
703 1871 1063 1927 :ediiicaretct
1092 1872 1146 1926 in
1176 1873 1356 1940 terris,
1395 1875 1499 1930 hoc
1524 1874 1684 1930 estin
1717 1875 1811 1930 ho-
1847 1861 1890 1916 Β
1920 1870 2154 1926 eundam
2203 1871 2251 1927 si
2299 1875 2424 1943 quis
2447 1873 2766 1944 ingreditur,
2796 1873 2923 1929 huic
2960 1873 3196 1944 primum
3226 1873 3279 1926 in
3331 1873 3499 1941 prior,

231 1959 495 2015 minibus.
529 1960 633 2017 Iste
657 1962 951 2017 aediﬁcator
975 1962 1259 2033 utriusque
1295 1962 1492 2021 domus
1520 1980 1680 2022 verus
1714 1966 1816 2021 Sa-

214 2051 422 2115 ,lomon
452 2063 555 2121 est,
610 2056 703 2125 qui
740 2056 991 2127 paciﬁcat
1024 2057 1206 2113 omnia
1252 2073 1346 2114 seu
1398 2076 1522 2130 qute
1552 2060 1605 2115 in
1642 2060 1817 2128 caelis,

231 2143 351 2198 sive
378 2158 499 2212 quae
538 2144 593 2198 in
643 2147 802 2203 terris
849 2155 979 2202 sunt
1027 2146 1254 2217 (Coloss.
1286 2150 1347 2220 l).
1400 2148 1560 2205 Tales
1609 2150 1820 2221 paciﬁci

231 2231 431 2292 debent
455 2250 576 2291 esse
608 2251 708 2307 pro
742 2238 906 2293 modo
937 2255 1037 2294 suo
1060 2239 1316 2305 artiﬁces,
1360 2241 1414 2295 id
1457 2249 1540 2297 est
1567 2240 1823 2298 Ecclesiae

233 2324 496 2391 ministri,
516 2328 608 2398 qui
633 2330 918 2398 cooperari
943 2331 1271 2388 voluntiiuic
1302 2330 1578 2388 Salomoni
1603 2333 1658 2387 in
1685 2348 1819 2389 con-

233 2417 494 2473 struenda
521 2418 684 2476 domo
709 2419 825 2478 Dei.
1000 2428 1003 2431 ’

918 2531 1134 2572 εινιειο.

305 2601 511 2660 Domus
541 2620 706 2676 quam
742 2621 836 2662 rex
876 2606 1134 2664 Salomon
1179 2607 1469 2665 :ediﬁcavit
1502 2610 1679 2681 primo
1707 2618 1825 2666 erat

234 2691 303 2746 de
331 2691 603 2762 lapidibus
652 2696 973 2765 quadratis;
1025 2698 1265 2752 secundo
1301 2699 1525 2753 domum
1578 2700 1713 2755 texit
1753 2701 1823 2756 ab

234 2782 482 2840 interiori
528 2785 689 2858 lignis
723 2787 981 2855 cedrinis,
1013 2789 1194 2844 aureis
1222 2789 1390 2845 clavis
1417 2790 1642 2862 afﬁgens
1668 2792 1825 2847 lami-

236 2888 342 2953 nas
371 2890 586 2942 aureas,
611 2886 665 2932 et
695 2876 821 2932 fecit
850 2878 999 2933 velut
1046 2880 1268 2933 domum
1299 2896 1523 2936 auream
1556 2882 1698 2937 intra
1730 2898 1823 2939 ce-

236 2968 455 3025 drinam
482 2969 603 3040 (III
625 2970 751 3044 Reg.
787 2974 884 3043 vi).
916 2971 1255 3029 Exteriorem
1282 2974 1573 3045 lapideam,
1602 2976 1825 3032 interio-

239 3073 357 3114 rem
389 3060 687 3129 cedrinam,
717 3063 964 3117 intimam
988 3072 1167 3118 autem
1191 3064 1392 3119 locavit
1414 3080 1636 3120 auream
1665 3082 1677 3117 :
1704 3082 1826 3136 quae

237 3164 366 3204 cum
394 3150 774 3219 tediticaretur,
822 3154 1049 3209 malleus
1093 3162 1146 3209 et
1199 3154 1411 3210 securis
1457 3170 1563 3212 non
1592 3164 1721 3209 sunt
1749 3155 1823 3209 ibi

1919 1964 2083 2021 domo
2103 1964 2294 2036 jugum
2322 1964 2524 2020 Christi
2553 1964 2802 2020 eﬁ‘ectum
2827 1975 2910 2021 est
2940 1981 3106 2020 suave
3128 1973 3182 2019 et
3214 1980 3353 2018 οιιιιε
3379 1965 3501 2033 ejus

1921 2057 2038 2112 leve
2062 2056 2279 2128 (Matth.
2305 2056 2406 2125 xi),
2435 2072 2502 2111 ex
2531 2056 2767 2127 perfecta
2795 2057 2887 2112 Dei
2920 2067 2974 2113 et
2999 2057 3232 2128 proximi
3257 2055 3505 2111 dilectio-

1920 2164 2008 2205 ne.
2044 2148 2093 2204 is
2125 2164 2235 2219 quo
2262 2149 2444 2203 minus
2471 2149 2648 2220 diligit
2672 2149 2958 2215 mundum,
2986 2164 3051 2204 eo
3078 2148 3250 2219 magis
3275 2147 3505 2202 deLctao

1923 2247 2010 2294 tur
2040 2239 2096 2294 in
2129 2237 2368 2305 Christo,
2400 2254 2738 2311 aversusque
2774 2256 2804 2294 a
2842 2240 3049 2298 carnali
3073 2240 3273 2310 gaudio
3301 2239 3501 2311 gaudet

1922 2329 1977 2385 in
2008 2328 2212 2400 Spiritu
2267 2341 2476 2386 sancto.
2532 2330 2696 2387 Istius
2724 2332 2869 2387 modi
2898 2333 3094 2403 gaudia
3143 2332 3197 2387 in
3226 2333 3389 2387 dumo
3416 2322 3507 2391 se?

1923 2422 2100 2478 cunda
2130 2423 2273 2494 ligna
2309 2433 2438 2479 sunt
2461 2425 2703 2499 cedrina,
2734 2425 2862 2496 quia
2905 2425 3047 2480 sicut
3084 2425 3252 2481 multa
3274 2425 3505 2483 duritie:

1922 2523 1976 2570 et
2005 2517 2272 2586 asperitas
2321 2516 2507 2572 fuitin
2551 2518 2844 2573 virtutibus
2891 2518 3296 2588 comparandis,
3342 2535 3503 2575 εχει-ε

1924 2609 2110 2664 cendis
2133 2619 2188 2664 et
2211 2611 2659 2666 consummandis
2686 2611 2740 2664 in
2784 2610 3146 2665 aediﬁcatione
3190 2611 3378 2680 prima:
3404 2612 3507 2667 do.

1924 2718 2068 2766 mus,
2099 2701 2175 2757 ita
2218 2703 2308 2758 hic
2358 2704 2471 2758 sola
2519 2702 2774 2757 mollities
2814 2711 2869 2756 et
2908 2702 3123 2768 lenitas,
3171 2702 3225 2756 id
3263 2711 3348 2758 est
3390 2702 3508 2759 sola

1923 2793 2151 2849 dulcedo
2176 2803 2229 2848 ct
2247 2793 2564 2864 jucunditas
2588 2793 2813 2848 exstitit.
2839 2792 2906 2847 Et
2925 2793 3068 2849 sicut
3093 2792 3240 2848 cedri
3270 2808 3508 2862 procerae

1925 2884 2230 2941 altitudinis
2266 2894 2392 2941 sunt
2437 2894 2493 2941 et
2554 2897 2763 2941 natura:
2810 2884 3261 2955 incorruptibilis,
3304 2885 3386 2940 sic
3413 2883 3508 2955 qui

1928 2975 1984 3030 in
2021 2976 2164 3031 bono
2192 2977 2517 3043 delectatur,
2550 2984 2606 3031 ει
2648 2975 2702 3030 in
2728 2974 2934 3046 Spiritu
2975 2984 3166 3030 sancto
3194 2975 3409 3045 gaudet,
3453 2982 3508 3027 et

1925 3082 2019 3122 cor
2041 3081 2259 3121 sursum
2281 3067 2542 3133 extendit,
2562 3076 2616 3122 et
2635 3082 2666 3122 a
2690 3067 2945 3122 vitiorum
2971 3068 3253 3138 putredine
3275 3068 3504 3127 illaesum

1926 3157 2181 3211 custodit.
2211 3156 2346 3212 Post
2373 3158 2597 3212 domum
2640 3158 2871 3229 primam
2903 3168 2958 3213 et
2987 3158 3305 3224 secundam,
3334 3158 3388 3212 id
3422 3168 3508 3218 est

239 3240 413 3296 auditi
442 3242 641 3314 (ibid.).
669 3214 878 3319 Domus
930 3245 1127 3316 prima,
1160 3244 1210 3299 id
1243 3254 1329 3301 est
1359 3238 1487 3316 pars
1509 3246 1686 3316 prima
1717 3246 1818 3301 do-
1850 3214 1891 3271 Ο
1926 3247 2193 3317 lapideam
2219 3257 2272 3303 et
2297 3247 2575 3304 cedrinam
2603 3214 2849 3319 sequitur
2877 3250 3064 3316 tertia;
3103 3249 3205 3305 hoc
3238 3259 3323 3305 est
3341 3266 3507 3307 aurea

239 3346 388 3401 mus,
416 3335 592 3403 primo
621 3336 781 3391 nobis
805 3336 1047 3392 occurrit
1069 3338 1433 3392 construenda
1454 3353 1517 3393 ex
1543 3338 1820 3408 quadratis

240 3420 535 3493 lapidibus.
586 3425 784 3481 Forma
844 3428 946 3482 ista
994 3427 1342 3498 quadratum
1397 3437 1450 3482 ct
1505 3427 1598 3484 Dei
1642 3437 1724 3485 est
1769 3439 1823 3485 et

241 3526 430 3572 nostra
452 3526 573 3573 est:
602 3518 694 3574 Dei
725 3529 826 3586 εει,
859 3520 986 3591 quia
1016 3535 1046 3573 a
1070 3518 1179 3574 Deo
1203 3529 1321 3587 est;
1348 3530 1532 3575 nostra
1566 3530 1669 3587 εει,
1694 3522 1823 3591 quia

246 3622 299 3662 in
330 3609 491 3664 nobis
515 3617 617 3664 εει.
654 3610 700 3663 Α
724 3610 832 3665 Deo
858 3620 939 3665 est
962 3625 1243 3680 expressa,
1272 3619 1327 3666 et
1351 3611 1418 3665 ab
1439 3611 1558 3681 ipso
1585 3612 1638 3666 in
1666 3614 1824 3669 nobis

244 3698 533 3769 impressa.
581 3698 699 3769 ipsa
732 3700 1085 3769 quadratura,
1116 3700 1168 3755 id
1206 3710 1289 3755 cst
1336 3700 1491 3755 ﬁrma
1535 3702 1588 3756 et
1614 3703 1823 3758 stabilis

245 3787 427 3844 forma
454 3799 539 3844 est
568 3790 621 3843 in
648 3789 852 3845 Christi
878 3791 1159 3844 divinitate
1187 3800 1239 3844 et
1266 3790 1319 3844 in
1344 3790 1545 3846 Christi
1574 3793 1828 3847 humani-

246 3891 394 3939 tate:
426 3893 509 3939 est
539 3893 591 3938 ct
618 3884 671 3938 in
702 3884 909 3955 angelis
935 3893 988 3939 et
1007 3885 1061 3938 in
1087 3884 1400 3940 hominibus
1424 3901 1437 3937 :
1466 3884 1519 3938 in
1548 3885 1827 3941 divinitate

246 3980 335 4027 est
390 3970 506 4027 haec
559 3970 733 4026 forma
795 3973 1145 4042 quadratum:
1217 3990 1323 4045 qua
1402 3975 1517 4045 ipsa
1573 3975 1827 4031 divinitas

249 4069 447 4135 sponte
484 4064 632 4120 venit
683 4064 748 4119 ad
786 4064 1087 4130 hominem,
1135 4074 1329 4135 sponte
1373 4066 1519 4121 vitiis
1553 4065 1829 4122 deforma-

251 4163 410 4223 tum;
443 4156 705 4226 sapientia
736 4155 804 4211 ad
831 4157 1078 4223 stultum,
1130 4157 1371 4212 eharitas
1403 4157 1470 4212 ad
1522 4158 1826 4226 inimicum,

246 4246 464 4316 jnstitia
510 4247 591 4301 'ad
641 4247 928 4317 injustum,
978 4256 1041 4301 ut
1098 4246 1393 4302 formatum
1437 4248 1738 4305 secundum
1774 4265 1833 4305 se

253 4339 474 4395 tandem
498 4340 823 4411 gloriﬁcaret
854 4341 906 4395 in
939 4357 1016 4397 se.
1065 4338 1125 4394 In
1168 4340 1508 4397 immanitate
1548 4350 1630 4399 est
1658 4342 1832 4400 forma

253 4430 604 4500 quadraturae
633 4446 738 4501 qua
772 4429 866 4486 Dei
895 4430 1066 4488 Filius
1089 4432 1236 4487 venit
1269 4432 1322 4486 in
1351 4448 1569 4488 carnem
1601 4443 1656 4488 ει
1694 4449 1832 4505 quos

1927 3342 2144 3395 domus.
2178 3339 2301 3397 llaec
2332 3358 2397 3397 ex
2440 3343 2621 3399 aureis
2672 3343 2909 3399 ﬂammis
2958 3344 3137 3411 ailixa,
3199 3354 3319 3401 erat
3346 3345 3510 3417 lignis

1930 3430 2165 3485 cedrinis
2191 3447 2286 3502 per
2307 3434 2493 3489 clavos
2537 3449 2754 3490 aureos.
2803 3433 3161 3505 Nuncupatur
3182 3446 3365 3493 autem
3395 3436 3510 3495 hac

1927 3522 2125 3579 domus
2149 3540 2313 3580 aurea
2362 3527 2841 3596 contemplationis
2880 3537 2934 3583 et
2965 3528 3227 3584 veritatis.
3253 3528 3512 3584 Contem-

1928 3608 2095 3678 platio
2118 3625 2245 3664 veru
2268 3610 2512 3666 veritatis
2535 3627 2730 3667 aurum
2751 3621 2852 3668 est.
2877 3611 2979 3668 Cui
3001 3614 3215 3669 veritati
3239 3614 3284 3669 si
3306 3615 3513 3686 aliquid

1931 3698 2185 3754 falsitatis
2230 3700 2524 3756 admistum
2575 3700 2776 3777 fuerit,
2805 3718 3001 3758 aurum
3033 3713 3116 3759 est
3138 3704 3504 3760 immundum.

1929 3787 2326 3861 Contemplatio
2343 3802 2524 3848 autem
2549 3795 2792 3850 veritatis
2816 3796 3023 3867 absque
3044 3796 3193 3852 omni
3210 3797 3514 3865 admistura

1931 3880 2182 3937 falsitatis
2211 3900 2406 3940 aurum
2453 3895 2535 3941 cst
2562 3887 2845 3941 mundum.
2881 3887 3023 3953 Quid
3054 3897 3138 3944 est
3173 3891 3510 3961 contempla-

1932 3973 2009 4027 tio
2048 3974 2333 4031 veritatis?
2383 3975 2495 4030 iloc
2545 3985 2629 4031 est
2659 3978 3044 4046 contemplatio
3090 3978 3385 4036 Creatoris.
3446 3980 3515 4041 Et

1932 4064 2060 4136 quid
2085 4074 2167 4121 εει
2195 4066 2576 4136 contemplatio
2594 4065 2904 4122 Creatoris?
2930 4067 3329 4138 Contemplatio
3345 4071 3515 4127 Grca-

1934 4155 2068 4212 toris
2117 4167 2200 4212 est
2257 4157 2643 4227 contemplatio
2692 4157 2889 4212 summi
2935 4157 3065 4213 boni
3106 4159 3314 4231 absque
3353 4153 3515 4230 cujus

1933 4249 2322 4304 communione
2349 4264 2455 4303 non
2478 4257 2563 4304 est
2590 4249 2795 4303 bonum
2821 4248 3087 4319 quidquid
3129 4250 3352 4305 nomine
3379 4247 3510 4308 boni

1935 4350 2299 4411 nuncupatur.
2351 4340 2466 4397 Hoc
2512 4355 2787 4396 summum
2833 4341 3036 4395 bonum
3074 4341 3311 4397 mundus
3348 4342 3515 4401 corda

1935 4433 2350 4503 contemplatur,
2383 4436 2477 4504 qui
2524 4453 2619 4506 per
2645 4435 2910 4507 lapideam
2936 4432 3183 4498 domum,
3217 4431 3270 4486 id
3309 4441 3391 4491 est
3418 4448 3514 4505 per

253 4522 360 4578 sibi
395 4524 547 4593 prius
574 4524 629 4578 in
675 4524 870 4609 spiritu
921 4524 1005 4578 vel
1054 4525 1236 4578 anima
1288 4523 1679 4591 conformaret,
1714 4536 1836 4596 post
1866 4548 1910 4601 Ι)
1939 4523 2282 4579 dilectionem
2316 4523 2429 4591 Dei,
2478 4534 2530 4581 ct
2556 4525 2813 4596 proximi,
2846 4533 2901 4579 et
2930 4539 3025 4593 per
3065 4522 3509 4585 exercitationem

253 4614 420 4668 etiam
447 4624 500 4670 et
529 4615 582 4669 in
615 4631 800 4683 carne,
832 4616 884 4671 id
914 4624 999 4673 εει
1024 4617 1383 4685 humanitate,
1417 4618 1539 4672 illos
1565 4618 1667 4673 sibi
1696 4634 1830 4673 con.

253 4705 538 4772 formaret,
569 4716 626 4761 ut
655 4707 746 4776 qui
775 4707 1063 4778 portabant
1089 4709 1377 4781 imaginem
1413 4708 1634 4775 terreni,
1666 4709 1824 4763 scili-

255 4805 343 4851 cet
380 4796 573 4862 Adam,
605 4806 883 4867 portarent
906 4805 961 4854 et
987 4798 1280 4869 imaginem
1323 4799 1583 4863 eteiestis,
1629 4800 1836 4855 scilicet

256 4885 484 4944 Christi.
539 4888 597 4943 In
640 4890 850 4962 angelis
902 4889 1079 4946 forma
1115 4892 1462 4962 quadraturae
1509 4900 1611 4958 εει,
1643 4890 1696 4946 id
1753 4901 1839 4946 est

255 4980 417 5034 firma
461 4989 515 5036 et
541 4980 750 5036 stabilis
781 4980 956 5037 forma
985 4999 1094 5054 qua
1139 4984 1522 5054 perpetualiter
1552 4982 1662 5038 Deo
1700 4984 1838 5039 assi-

210 5140 223 5149 .
254 5079 434 5140 stunt,
462 5075 619 5145 eique
646 5076 733 5132 die
773 5092 840 5132 ac
872 5084 1030 5131 nocte
1057 5075 1393 5131 deserviunt.
1422 5073 1481 5128 In
1524 5075 1837 5130 hominibus

256 5158 435 5218 forma
462 5165 809 5236 quadraturaa
834 5174 938 5230 est,
965 5181 1073 5235 qua
1099 5164 1352 5220 Christus
1400 5165 1578 5220 factus
1621 5175 1705 5219 est
1735 5165 1837 5219 ho-

206 5316 213 5325 .
256 5254 503 5312 minibus
533 5256 852 5327 redemptio,
898 5257 1276 5324 sanctiﬁcatio,
1305 5257 1514 5327 justitia
1543 5265 1597 5310 et
1624 5257 1841 5326 sapien-

262 5346 336 5401 tia
366 5344 421 5414 (1
452 5345 575 5402 Cor.
624 5349 684 5419 ι).
744 5346 1087 5417 Redemptio,
1138 5362 1263 5402 cum
1306 5346 1546 5416 seipsum
1602 5345 1839 5417 pretium

256 5435 412 5491 dedit
437 5452 535 5506 pro
573 5437 733 5492 nobis
762 5453 856 5507 per
904 5447 1307 5492 sacramentum
1343 5452 1456 5492 sua:
1490 5437 1761 5506 passionis
1790 5444 1843 5490 et

258 5528 483 5592 mortis;
509 5529 887 5596 sanctiﬁcatio,
917 5546 1039 5585 cum
1071 5545 1167 5600 per
1194 5545 1318 5584 eum
1368 5531 1423 5584 in
1462 5530 1841 5585 remissionem

255 5622 609 5693 peccatorum
659 5637 852 5677 sumus
881 5623 1199 5677 sanetiticati
1232 5638 1327 5692 per
1376 5622 1629 5692 baptismi
1658 5637 1843 5676 sacra-

259 5721 531 5768 mentum.
579 5711 795 5769 Iustitia
835 5712 1010 5771 factus
1062 5725 1145 5769 est
1192 5713 1351 5770 nobis
1400 5713 1671 5777 Christus,
1717 5727 1841 5767 cum

256 5820 373 5878 Peli
395 5820 517 5861 cum
549 5807 687 5861 dona
720 5806 893 5867 sancti
926 5803 1158 5875 Spiritus
1189 5805 1330 5860 coni?
1352 5815 1543 5862 runtur
1573 5805 1727 5861 nobis
1749 5820 1843 5883 per

1938 4616 2196 4671 virtutum
2222 4618 2494 4674 transiens
2526 4619 2581 4672 in
2612 4618 2890 4673 cedrinam
2920 4617 3166 4680 domum,
3204 4614 3309 4670 hoc
3337 4625 3421 4670 est
3452 4615 3507 4678 in

1936 4705 2194 4774 gaudium
2223 4705 2483 4776 spiritale,
2500 4707 2741 4777 pervenit
2762 4706 2815 4760 in
2841 4721 3063 4765 auream
3092 4705 3337 4771 domum,
3363 4704 3413 4759 id
3429 4715 3513 4760 est

1938 4797 2004 4852 ad
2031 4798 2213 4852 cordis
2242 4798 2587 4854 munditiam.
2614 4796 2718 4855 Ubi
2740 4795 3136 4864 contemplatur
3161 4795 3513 4866 sapientiam,

1938 4889 2292 4945 ctveritatcm
2325 4906 2447 4958 qua)
2487 4898 2571 4945 est
2613 4890 2669 4948 in
2707 4887 2978 4958 corporali
3010 4897 3279 4954 creatura.
3318 4903 3516 4951 secuit.-

1937 4981 2069 5036 dum
2110 4998 2276 5052 quam
2327 4983 2531 5041 dictum
2566 4991 2671 5049 est,
2718 4982 2846 5052 quia
2896 4991 3092 5041 cuncta
3143 4996 3265 5051 (tute
3312 4979 3517 5043 iecerat

1940 5073 2083 5130 Deus
2108 5087 2263 5131 erant
2291 5075 2443 5130 valde
2469 5076 2616 5131 bona.
2649 5074 2798 5146 (Gen.
2829 5074 2889 5144 ι).
2921 5073 3332 5145 Contemplatur
3381 5090 3519 5145 quo~

1940 5183 2047 5238 que
2097 5169 2413 5236 sapientiam
2445 5177 2499 5222 ct
2544 5167 2822 5225 veritatem
2874 5168 3112 5234 mundus
3142 5168 3303 5222 corde
3340 5168 3393 5222 in
3428 5168 3515 5221 illa

1943 5259 2169 5331 spiritali
2203 5269 2472 5323 creatura,
2504 5257 2571 5312 de
2601 5273 2707 5327 qua
2733 5258 2935 5321 dictum
2966 5266 3071 5324 est,
3098 5256 3225 5327 quia
3258 5256 3397 5310 facta
3432 5264 3515 5310 est

1940 5349 2310 5415 adimaginem
2325 5356 2375 5402 et
2388 5346 2795 5408 similitudinem
2812 5346 2904 5405 Dei
2919 5347 3094 5417 (ibid).
3109 5345 3522 5412 Contctnplatur

1941 5440 2101 5493 etiam
2136 5440 2414 5500 veritatem
2444 5450 2498 5494 et
2524 5439 2843 5509 sapientiam
2869 5440 2920 5493 in
2963 5438 3078 5507 ipso
3108 5452 3324 5491 sunnno
3350 5436 3515 5503 bono,

1944 5526 2109 5589 idest
2139 5538 2382 5586 creatore
2424 5526 2556 5593 Deo,
2587 5543 2617 5582 a
2656 5542 2766 5598 quo
2800 5525 3058 5598 spiritalis
3097 5534 3368 5589 creatura,
3415 5523 3519 5578 hoc

1944 5631 2027 5676 est
2076 5622 2239 5675 homo
2272 5620 2499 5684 interior
2522 5617 3108 5686 creatus,justiﬁeatus
3147 5624 3200 5670 et
3238 5613 3518 5669 beatiﬁca-

1946 5724 2033 5769 tus
2059 5721 2162 5769 est.
2197 5711 2440 5767 Lamina:
2481 5719 2661 5765 autem
2713 5723 2891 5763 aurea:
2912 5707 3108 5762 domus
3133 5705 3519 5775 eoatemplatie

1948 5804 2039 5874 Dei
2068 5813 2148 5860 est
2176 5803 2229 5859 in
2271 5803 2377 5858 vita
2409 5801 2668 5872 spiritali;
2698 5799 2835 5857 clavi
2867 5815 2996 5856 vero
3024 5799 3171 5858 aurei
3202 5794 3411 5875 quibus
3436 5797 3521 5863 la—
