3970 6438
513 388 655 457 I339

1639 398 1966 455 WERNEIU
2004 402 2299 459 ABBATlS
2337 404 2395 458 S.
2437 401 2656 456 BLASll

3614 408 3734 469 me

508 505 675 567 mina:
703 519 885 560 aureae
916 504 1087 561 allisa:
1117 504 1352 573 fuerant,
1407 510 1656 578 quaedam
1701 512 2088 570 delectationes
2117 526 2163 582 Α
2190 516 2390 571 ostiqu
2435 513 2723 570 fabricavit
2768 512 2918 585 (Cen.
2954 515 3028 583 vr)
3052 534 3065 572 :
3091 514 3223 586 quia
3263 529 3414 583 arca,
3465 517 3519 573 id
3543 530 3619 577 est
3643 524 3726 584 Ec.

511 606 660 661 sunt,
684 598 886 666 quibus
914 596 1147 668 quisque
1171 598 1489 667 delectatur,
1517 617 1643 657 cum
1682 603 1846 659 fuerit
1872 605 1926 659 in
1950 622 2086 661 con-

510 689 877 759 templatione.
907 689 1102 744 Allixio
1131 700 1311 746 autem
1340 694 1619 750 clavorum
1654 697 1831 766 major
1854 698 2090 754 delecta-

508 782 588 836 tio
621 790 705 837 est
733 783 1015 848 virtutum,
1062 799 1228 853 quam
1271 789 1506 855 quisque
1540 788 1801 857 spiritalis
1849 791 2085 857 habebit,

506 872 597 940 qui
629 872 798 926 vitam
830 874 1305 943 contemplativam
1330 876 1565 939 duxerit.

576 961 715 1016 Cum
744 963 909 1032 igitur
937 964 1053 1018 hare
1080 965 1277 1021 domus
1307 976 1419 1021 tres
1444 966 1499 1022 in
1542 966 1701 1024 nobis
1728 967 2085 1037 aediﬁcantur,

503 1063 680 1110 etuos
708 1055 806 1110 toti
836 1055 1102 1111 eﬂicimur
1145 1058 1343 1114 domus
1387 1057 1504 1114 Dei.
1551 1059 1764 1129 Corpus
1807 1062 1951 1125 enim
1983 1078 2085 1116 no-

503 1153 677 1211 strum
709 1146 907 1201 domus
951 1146 1046 1202 Dei
1069 1146 1301 1205 eﬂicitur
1325 1158 1547 1222 propter
1577 1152 1832 1221 primam,
1861 1153 2091 1223 spiritus

502 1245 691 1292 noster
714 1249 934 1308 propter
981 1241 1299 1307 secundam,
1332 1256 1486 1297 mens
1517 1252 1702 1298 nostra
1730 1253 1951 1314 propter
1976 1254 2087 1300 ter-

502 1330 655 1383 tiam.
688 1327 817 1385 Haec
837 1330 1034 1386 domus
1056 1330 1337 1401 spiritalis,
1363 1334 1415 1388 id
1438 1343 1522 1389 est
1549 1336 1807 1405 templum
1830 1335 2087 1394 Ecclesiae

501 1418 622 1487 Dei,
668 1437 747 1477 vu
792 1422 952 1478 annis
987 1438 1018 1477 a
1065 1423 1360 1481 Salomone
1393 1426 1772 1494 mdiflcabitur,
1824 1429 1953 1499 quia
1990 1445 2085 1498 per

442 1496 457 1509 “
501 1519 676 1567 totum
728 1521 944 1583 tempus
992 1514 1160 1584 hujus
1189 1518 1373 1571 saeculi
1402 1518 1550 1587 quod
1584 1535 1684 1574 vui
1711 1496 1903 1575 diebus
1932 1496 2084 1575 evol-

499 1603 666 1671 vitur,
721 1614 995 1672 structura
1025 1607 1174 1673 illius
1202 1622 1417 1679 semper
1436 1619 1842 1680 augmentatur.
1877 1609 2083 1667 Octavo

500 1703 682 1751 autem
729 1711 876 1750 anno
913 1696 1055 1751 idem
1110 1696 1369 1754 Salomon
1427 1702 1567 1757 hanc
1621 1702 1794 1771 ipsam
1856 1702 2082 1757 domum

499 1785 734 1853 Domino
761 1787 1050 1856 dedicavit,
1083 1798 1138 1844 et
1182 1791 1396 1846 cunctis
1441 1791 1568 1848 filiis
1600 1792 1762 1849 lsrael
1789 1795 2080 1850 celeberri-

498 1895 646 1935 mam
671 1895 737 1936 ac
765 1881 1065 1936 maximam
1098 1882 1499 1939 solemnitatem
1548 1885 1907 1942 dedicationis
1930 1888 2086 1941 exhi-
2116 1873 2159 1929 Β

497 1971 638 2039 buit.
693 1972 827 2040 Quae
875 1973 1121 2044 profecto
1169 1975 1444 2032 dedicatio
1500 1977 1751 2051 designat
1800 1989 2084 2043 venturam

498 2064 846 2122 festivitatem
874 2068 1202 2124 universalis
1230 2071 1671 2127 resurrectionis.
1704 2070 1843 2126 Nam
1870 2090 1997 2128 cum
2029 2074 2085 2129 iu

496 2155 605 2209 line
650 2156 842 2212 mundi
891 2159 1195 2229 completus
1233 2160 1395 2216 fuerit
1447 2178 1713 2219 numerus
1760 2164 2083 2233 electorum,

495 2260 625 2300 mox
657 2256 910 2303 secutura
936 2259 1022 2331 est
1045 2251 1367 2308 solemnitas
1392 2253 1485 2308 diu
1515 2254 1837 2311 desiderata:
1860 2257 2084 2312 immor-

494 2337 740 2397 talitatis.
772 2337 1108 2421 Peractaque
1133 2345 1414 2403 communi
1458 2350 1864 2404 resurrectione
1892 2366 2084 2406 omnes

493 2428 589 2496 qui
622 2431 688 2484 ad
713 2432 923 2499 paciﬁci
948 2435 1111 2503 regis,
1137 2436 1250 2491 veri
1267 2438 1473 2494 scilicet
1500 2438 1830 2509 Salomonis,
1854 2458 2084 2513 regnum

494 2522 791 2591 pertinent,
834 2532 1036 2580 aeterna
1086 2528 1283 2598 gaudia
1341 2530 1530 2599 patriae
1577 2532 1817 2589 cmlestis
1865 2550 1990 2589 cum
2019 2550 2083 2589 co

494 2613 795 2670 intrabunt.
827 2617 909 2672 Ad
937 2634 1102 2688 quam
1136 2621 1367 2690 patriam
1399 2638 1513 2679 sua:
1552 2636 1826 2696 perpetua:
1852 2628 2081 2684 visionis

495 2721 598 2763 nos
623 2722 815 2764 omnes
856 2710 1060 2778 pariter
1086 2709 1248 2767 Jesus
1286 2711 1539 2771 Christus
1581 2716 1849 2774 Dominus
1898 2713 2083 2775 noster

494 2800 825 2871 lntroducat,
853 2805 949 2873 qui
986 2805 1120 2861 vivit
1155 2818 1210 2862 et
1261 2819 1455 2881 regnat
1502 2811 1557 2865 in
1609 2814 1815 2868 unitate
1846 2812 2082 2884 Spiritus

493 2892 668 2959 sancti
696 2908 795 2965 per
821 2893 1006 2951 omnia
1032 2899 1229 2953 saecula
1260 2902 1605 2958 saeculorum.
1630 2904 1824 2959 Amen.

840 2982 1073 3043 SERMO
1124 2985 1214 3041 DE
1262 2987 1673 3047 DEDICATION
1680 2992 1740 3048 Ε.

566 3092 590 3128 s
619 3071 873 3132 Christus
909 3076 1100 3132 dilexit
1141 3077 1463 3148 Ecclesiam,
1496 3091 1550 3138 et
1594 3085 1832 3154 seipsum
1860 3087 2082 3142 tradidit

492 3179 593 3238 pro
646 3182 732 3238 ea,
789 3177 849 3225 ut
900 3169 1049 3233 illam
1096 3172 1483 3239 sanctiﬁcaret,
1541 3177 1812 3234 mundans
1860 3180 2145 3269 lavacroc

493 3273 650 3329 aqua:
669 3260 725 3315 in
751 3261 919 3325 verbo,
944 3262 1086 3331 vitae,
1116 3272 1177 3323 ut
1212 3266 1492 3329 exhiberet
1545 3268 1661 3337 ipse
1710 3270 1813 3326 sibi
1866 3271 2073 3340 glorio-

493 3368 611 3408 sam
632 3352 953 3422 Ecclesiam,
984 3371 1094 3413 non
1119 3356 1407 3414 habentem
1440 3361 1729 3425 maculam,
1770 3376 1944 3431 neque
1982 3378 2074 3415 ru-

493 3461 642 3516 gam,
672 3447 768 3502 sed
814 3457 876 3502 ut
904 3449 976 3504 sit
1005 3458 1196 3505 sancta
1224 3460 1277 3505 et
1307 3451 1655 3506 immaculata
1689 3451 1904 3523 (Ep/res.
1930 3452 2005 3521 v).
2048 3472 2068 3507 ι

493 3538 710 3605 Audite,
762 3538 961 3595 fratres
1016 3540 1359 3607 charissimi,
1448 3532 1756 3611 apostolum
1843 3541 2072 3605 Paulum

491 3630 748 3685 nuntium
821 3640 1025 3687 nostra:
1094 3632 1462 3698 exaltationis,
1513 3648 1818 3702 praeconem
1874 3644 2075 3692 nostrae

492 3719 790 3790 dignitatis.
817 3719 1015 3776 Audite
1036 3730 1243 3791 quanto
1273 3721 1357 3775 vel
1391 3722 1539 3792 quali
1586 3739 1773 3780 amore
1821 3726 2075 3782 Christus

492 3809 823 3879 conjunctus
872 3821 955 3866 est
981 3810 1266 3879 Ecclesiae;
1297 3824 1557 3883 quantam
1587 3817 1815 3884 gratiam
1839 3820 2077 3883 ostendit

492 3904 550 3956 in
576 3902 731 3958 vobis
778 3918 892 3959 suae
941 3904 1351 3961 miscricordim.
1400 3905 1490 3960 Ait
1540 3906 1722 3961 enim:
1760 3926 1779 3959 ι
1821 3889 2076 3965 Christus

491 3992 685 4047 dilexit
712 3991 1010 4050 Ecclesiam
1041 4013 1059 4046 ι
1080 4010 1148 4050 ex
1173 3996 1409 4067 gratuita
1436 3997 1697 4063 bonitate,
1724 4014 1833 4053 nou
1858 4015 1923 4053 ex
1964 4016 2077 4055 meo

492 4088 725 4143 riturum
770 4092 1144 4161 processione,
1193 4093 1321 4163 quia
1358 4093 1510 4163 prior
1558 4095 1748 4149 dilexit
1789 4112 1912 4151 nos.
1971 4095 2076 4150 Sed

492 4172 760 4252 quantum
819 4184 1069 4240 dilexerit
1093 4235 1103 4248 ,
1129 4185 1329 4240 audite.
1362 4203 1380 4235 ι
1432 4183 1683 4255 Seipsum
1723 4187 1944 4241 tradidit
1976 4202 2075 4257 pro

493 4284 580 4340 ea,
623 4292 641 4325 ι
668 4282 722 4329 et
754 4290 852 4344 pro
891 4276 1012 4346 ejus
1048 4276 1439 4346 redemptione.
1492 4275 1609 4331 Non
1646 4277 1796 4332 misit
1839 4279 2073 4348 prophe—

493 4375 606 4421 tam
628 4384 643 4433 ;
668 4381 778 4421 non
799 4368 1073 4437 angelum,
1102 4383 1210 4422 non
1242 4368 1627 4438 archangelum
1649 4410 1663 4434 ,
1684 4368 1778 4423 sed
1813 4378 1871 4422 ut
1899 4370 2075 4424 bonus

492 4467 681 4529 pastor
707 4459 887 4529 posuit
906 4460 1146 4513 animam
1179 4474 1334 4514 suam
1359 4474 1457 4528 pro
1493 4460 1686 4516 ovibus
1721 4460 1835 4515 suis
1891 4459 2072 4529 (Joan.

2191 604 2358 660 clcsia
2382 605 2582 659 ostium
2606 604 2729 660 lidei
2752 614 2805 659 et
2829 604 3022 660 salutis
3042 605 3108 660 de
3131 606 3300 661 latere
3326 605 3528 663 Christi
3550 612 3727 681 habuit.

2192 691 2347 750 Unde
2375 694 2640 750 Dominus
2675 695 2730 749 in
2764 695 3026 749 canticis:
3055 714 3074 746 ι
3116 695 3309 768 Surge,
3342 697 3515 752 amica
3548 717 3731 771 mea,“

2190 786 2331 851 veni,
2356 786 2607 841 columba
2639 801 2782 851 mea,
2820 785 2873 839 in
2921 784 3282 843 foraminibus
3315 797 3480 857 petra:
3532 790 3728 861 (Cantia.

2190 877 2275 947 ιι).
2310 895 2329 929 ι
2372 875 2544 948 Surge
2572 893 2603 932 a
2633 877 2984 946 corruptione
3006 878 3286 945 vitiorum,
3314 889 3368 932 et
3391 880 3514 935 veni
3533 896 3729 955 perspe-

2188 969 2454 1025 rationem
2476 969 2699 1032 bonam,
2726 968 3024 1024 considens
3052 968 3109 1023 in
3167 967 3530 1026 foraminibus
3575 985 3726 1043 petra.

2188 1060 2481 1116 Foramina
2510 1070 2676 1132 petra
2700 1062 2929 1117 vulnera
2952 1060 3157 1116 Christi
3189 1071 3340 1128 sunt,
3363 1062 3461 1132 qui
3485 1073 3563 1119 est
3585 1076 3728 1137 petra,

2188 1154 2242 1209 id
2286 1164 2371 1211 est
2408 1155 2637 1211 ﬁrmitas
2671 1153 2946 1211 Ecclesiae.
2991 1152 3144 1209 Unde
3188 1154 3522 1225 Apostolus:
3551 1176 3569 1209 ι
3599 1157 3728 1218 Petra

2187 1252 2368 1299 autem
2390 1253 2505 1299 erat
2531 1243 2784 1300 Christus
2808 1243 2863 1314 (Ι
2899 1242 3023 1300 Cor.
3054 1245 3132 1315 χ).
3163 1262 3184 1297 ι
3231 1243 3358 1300 Ideo
3416 1245 3572 1316 igitur
3616 1265 3729 1320 pm

2186 1336 2336 1391 misit
2382 1336 2674 1406 Apostolus
2716 1337 2863 1407 quod
2919 1335 3064 1392 Deus
3123 1336 3346 1393 tradidit
3381 1353 3443 1393 se
3485 1348 3536 1393 et
3575 1352 3726 1410 postea

2186 1427 2489 1497 subjunxit,
2522 1446 2542 1479 ι
2581 1436 2639 1487 ιιι
2682 1427 3048 1485 sanctificaret
3101 1425 3322 1482 lavacro
3352 1445 3371 1480 ι
3407 1428 3721 1500 baptismatis.

2188 1518 2485 1590 Sequitur:
2525 1540 2543 1572 ι
2587 1519 2646 1575 In
2686 1521 2851 1580 verbo
2904 1521 3049 1587 vitae,
3080 1521 3211 1591 quia
3262 1521 3423 1578 nobis
3481 1524 3724 1597 redemptis

2186 1612 2475 1683 baptizatis
2508 1612 2759 1677 verbum,
2794 1612 2846 1667 id
2876 1621 2962 1667 cst
2981 1621 3251 1683 praecepta
3273 1610 3485 1675 Domini
3507 1630 3723 1675 necessa-

2186 1703 2289 1769 ria,
2316 1720 2440 1774 quae
2490 1712 2619 1758 sunt
2674 1703 2818 1772 vitae,
2853 1704 2985 1775 quia
3013 1719 3123 1759 non
3179 1703 3237 1758 in
3294 1703 3416 1761 solo
3455 1720 3574 1774 pane
3607 1708 3720 1773 vivit

2186 1795 2371 1861 homo,
2403 1796 2496 1851 sed
2525 1796 2754 1850 inomni
2780 1795 3187 1869 verboﬁomini
3216 1793 3442 1865 (Matth.
3466 1797 3578 1866 lV).t
3616 1796 3720 1853 ideo

2187 1887 2254 1941 ad
2282 1886 2485 1942 ostium
2512 1886 2848 1942 tabernaculi
2891 1895 3010 1942 erat
3051 1886 3232 1957 posita
3282 1902 3479 1942 mensa
3517 1887 3726 1957 proposi-

2187 1977 2373 2044 tionis,
2401 1992 2565 2047 super
2606 1993 2772 2048 quam
2823 1987 2979 2033 erant
3024 1994 3105 2033 xu
3152 1994 3323 2050 panes
3374 1976 3560 2049 (Leuit.
3587 1980 3728 2049 xxiv),

2185 2070 2314 2141 quia
2344 2069 2771 2141 ingredientibus
2793 2069 3095 2127 Ecclesiam
3146 2070 3467 2127 necessaria
3517 2078 3593 2126 est
3625 2084 3729 2127 esca

2186 2162 2449 2218 doctrina:
2470 2172 2525 2219 et
2565 2180 2754 2220 mensa
2771 2165 3082 2221 divinarum
3100 2163 3536 2235 Scripturarum,
3561 2165 3610 2219 in
3631 2167 3729 2235 quia

2185 2253 2289 2315 bus
2311 2257 2593 2312 sententia:
2628 2274 2705 2312 xu
2740 2258 3114 2328 apostolorum
3137 2258 3514 2325 continentur,
3556 2258 3731 2329 quiper

2185 2361 2263 2400 xu
2304 2362 2473 2416 panes
2518 2348 2916 2417 significantur.
2969 2348 3039 2407 Et
3081 2348 3203 2404 ideo
3242 2349 3613 2416 sanctiﬁcavit,
3639 2367 3655 2401 ι
3682 2356 3731 2405 ut

2184 2439 2468 2494 exhiberet
2492 2439 2596 2494 sibi
2616 2440 2912 2509 gloriosam
2936 2440 3259 2507 Ecclesiam,
3290 2459 3311 2499 ι
3327 2456 3429 2511 per
3449 2440 3733 2496 immortali-

2185 2534 2375 2594 tatem,
2433 2548 2451 2580 ι
2500 2543 2609 2581 non
2652 2529 2942 2590 habentem
2967 2531 3240 2587 maculam
3277 2550 3298 2583 ι
3325 2530 3514 2601 magni
3537 2531 3732 2601 peccati,

2191 2637 2210 2671 ι
2245 2633 2421 2689 neque
2449 2635 2640 2690 rugam
2679 2639 2697 2672 ι
2727 2620 2963 2691 alicujus
2996 2620 3188 2677 livoris
3221 2639 3241 2672 ι
3278 2619 3375 2676 sed
3403 2628 3586 2676 sancta
3609 2638 3628 2672 ι
3649 2620 3735 2674 vir-

2184 2708 2393 2763 tutibus
2428 2727 2447 2761 ι
2480 2717 2534 2763 ει
2555 2709 2907 2769 immaculata
2939 2729 2957 2760 ι
2995 2726 3028 2766 a
3050 2711 3219 2767 vitiis.
3250 2710 3379 2775 Vult
3415 2711 3559 2766 enim
3579 2710 3735 2765 Domi»

2189 2816 2296 2855 nus
2326 2801 2382 2855 in
2418 2802 2621 2856 munda
2654 2802 2778 2856 auia
2810 2802 3057 2857 habitare
3091 2802 3329 2857 :decore
3371 2802 3620 2857 virtutum
3657 2816 3734 2857 or-

2183 2900 2330 2955 nata.
2382 2891 2534 2948 Unde
2582 2893 2913 2949 Psaltnista:
2958 2912 2976 2946 ι
3006 2892 3258 2961 Domine,
3299 2893 3469 2950 dilexi
3512 2894 3732 2955 decorem

2182 2990 2387 3044 domus
2413 2997 2519 3047 tua:
2542 2987 2715 3058 (Psal.
2750 2990 2899 3061 xxv).
2946 3009 2966 3044 ι
3011 2989 3079 3045 Et
3110 2990 3243 3046 alibi
3274 2991 3354 3046 ait
3380 2990 3546 3046 David
3568 2991 3735 3048 adEc-

2182 3081 2441 3136 clcsiam:
2478 3098 2495 3131 ι
2525 3079 2589 3141 Et
2617 3083 2966 3151 concupiscet
2997 3097 3091 3137 rex
3114 3082 3372 3138 decorem
3402 3091 3543 3137 tuum
3569 3081 3727 3155 (Psal.

2183 3174 2339 3243 nu).
2380 3193 2399 3225 ι
2442 3171 2577 3227 Huic
2599 3181 2783 3227 autem
2813 3171 3069 3229 Ecclesia
3095 3174 3170 3229 ita
3208 3174 3410 3229 dilectae
3440 3183 3495 3230 et
3521 3173 3735 3228 Domino

2175 3267 2519 3336 desponsata:
2547 3265 2847 3319 thalamum
2875 3273 2931 3320 et
2949 3265 3173 3319 domum
3199 3266 3483 3327 constituit
3501 3265 3654 3332 Deus,
3688 3266 3738 3321 in

2175 3371 2284 3426 qua
2313 3370 2439 3411 cum
2463 3353 2678 3426 Spousn
2700 3368 2805 3420 suo
2822 3354 3119 3409 delectetur
3135 3370 3232 3432 per
3253 3355 3641 3425 praedicationis
3659 3354 3739 3409 do-

2178 3448 2433 3513 ctrinam,
2462 3456 2516 3501 et
2558 3447 2712 3517 lapsa
2740 3446 3125 3502 reconcilietur
3156 3462 3255 3517 per
3283 3446 3672 3503 confessionem
3690 3455 3738 3504 et

2176 3539 2573 3609 paenitentiam.

2248 3631 2347 3687 llic
2376 3633 2551 3698 locus,
2592 3630 2790 3686 fratres
2818 3630 3152 3697 charissimi,
3201 3631 3297 3686 ubi
3339 3630 3508 3705 modo
3556 3644 3738 3688 conve-

2176 3724 2358 3792 nistis,
2385 3734 2615 3780 vocatur
2644 3723 2875 3780 ecclesia
2926 3724 3043 3778 sive
3069 3723 3319 3779 basilica.
3348 3722 3592 3779 Ecclesia
3630 3739 3739 3779 cos-

2178 3818 2379 3871 vocatio
2408 3817 2819 3886 interpretatur,
2845 3816 2978 3885 quia
3017 3815 3107 3869 hic
3142 3830 3338 3871 omnes
3382 3815 3608 3871 insimul
3629 3830 3745 3870 con-

2176 3916 2466 3975 vocantur,
2488 3917 2546 3962 ut
2574 3908 2862 3977 designent
2887 3906 3018 3976 quia
3047 3922 3239 3962 omnes
3269 3908 3326 3961 in
3357 3907 3551 3963 eadem
3578 3907 3673 3963 ﬁde
3697 3916 3744 3962 et

2177 3997 2469 4059 dilectione
2507 3995 2645 4050 uniti
2677 4012 2847 4050 unum
2891 4011 3091 4065 corpus
3127 3995 3305 4051 fiunt:
3339 3996 3595 4063 Basilica,
3633 3996 3745 4068 quia

2181 4090 2385 4160 regalis
2411 4088 2609 4153 domus
2633 4096 2735 4152 est,
2761 4087 3002 4142 basileus
3030 4088 3177 4141 enim
3202 4103 3299 4143 rex
3321 4089 3526 4144 dicitur
3558 4090 3742 4155 Graece,

2177 4183 2306 4251 quia
2331 4182 2418 4236 hic
2437 4191 2520 4236 est
2549 4181 2873 4236 inhabitatio
2901 4182 3011 4236 veri
3035 4182 3217 4254 Regis.
3271 4182 3395 4254 Ipsa
3444 4180 3747 4252 compositio

2178 4271 2375 4329 domus
2398 4286 2495 4325 vos
2545 4271 2613 4325 ad
2657 4271 2778 4325 vitae
2810 4279 3007 4327 vestrae
3029 4273 3434 4328 institutionem
3464 4277 3749 4328 commovet

2177 4363 2594 4419 rccordandam.
2629 4360 2768 4417 Sunt
2796 4363 2941 4417 enim
2972 4364 3026 4418 iu
3055 4364 3287 4419 aedilicio
3311 4365 3481 4435 hujus
3514 4361 3748 4418 materia-

2177 4455 2245 4512 lis
2275 4457 2517 4512 ecclesiae
2546 4457 2761 4512 diversa
2791 4458 3057 4525 membra,
3082 4473 3204 4528 qua:
3244 4459 3464 4528 aliquid
3506 4459 3563 4512 in
3609 4454 3746 4510 nobis

494 4551 574 4619 ιι),
609 4559 667 4605 ιιι
696 4567 755 4605 se
789 4550 1130 4604 humiliando
1161 4564 1262 4604 nos
1292 4549 1358 4604 ad
1387 4549 1747 4608 humilitatem
1781 4566 1937 4605 suam
1993 4551 2077 4604 in-
2108 4560 2152 4615 ι)
2182 4558 2371 4603 notare
2423 4549 2691 4607 videntur.
2746 4548 2842 4604 Est
2873 4550 3017 4606 enim
3063 4551 3117 4605 in
3151 4550 3529 4606 hac.ecclesia
3583 4554 3746 4617 caput,

492 4642 727 4705 vitaret;
758 4639 1067 4694 humiliavit
1087 4638 1233 4694 enim
1259 4654 1316 4694 se
1349 4656 1521 4711 usque
1565 4640 1631 4695 ad
1662 4649 1914 4707 mortem,
1967 4650 2072 4697 etc.

495 4729 758 4802 (Philipp.
792 4730 876 4802 ιι),
909 4727 1012 4785 1ιοε
1038 4740 1123 4785 est
1146 4729 1213 4784 ad
1239 4740 1471 4785 mortem
1501 4731 1751 4797 latronis,
1784 4731 1907 4786 ideo
1925 4733 2078 4801 prius

494 4837 555 4876 se
587 4821 829 4888 tradidit,
862 4828 923 4876 ut
956 4830 1141 4891 postea
1188 4821 1336 4876 illam
1385 4823 1770 4892 sanctiﬁcaret,
1806 4823 2079 4878 mundans

492 4911 713 4977 lavacro
743 4926 899 4982 aquae
919 4910 1279 4981 baptismatis.
1311 4910 1457 4966 Nihil
1485 4913 1631 4968 enim
1675 4914 1961 4984 potestatis
1983 4929 2078 4967 ac:

493 5005 699 5073 ciperet
723 5004 869 5066 unda
901 5004 1266 5077 baptismatis,
1300 5006 1404 5061 nisi
1440 5020 1505 5060 ex
1537 5006 1804 5062 effusione
1858 5005 2079 5077 sangui—

494 5097 582 5164 nis
605 5110 746 5165 aqua
770 5095 1203 5161 sanctificaretur
1234 5098 1290 5152 in
1321 5097 1558 5153 ollicium
1590 5099 1949 5170 purgationis.
1983 5098 2075 5151 Di-

494 5191 639 5249 citur
663 5188 828 5258 igitur
879 5196 1008 5245 nata
1050 5187 1294 5247 Ecclesia
1319 5189 1386 5245 de
1438 5190 1607 5246 latere
1641 5188 1864 5245 Christi.
1918 5189 2076 5256 Quod

493 5281 816 5353 mysterium
850 5281 919 5339 ab
954 5281 1109 5337 initio
1138 5282 1329 5338 mundi
1352 5282 1457 5338 fuit
1480 5283 1533 5338 in
1557 5284 1729 5339 Adam
1764 5283 2079 5354 praefigura-

498 5383 635 5437 tum.
664 5373 899 5435 Immisit
920 5374 1065 5429 enim
1092 5373 1358 5441 Dominus
1381 5390 1630 5445 soporem
1684 5377 1736 5429 in
1779 5377 1975 5443 Adam,
2024 5386 2078 5431 et

495 5465 621 5519 tulit
646 5481 812 5520 unam
835 5466 903 5521 de
928 5466 1097 5522 costis
1119 5466 1259 5536 ejus,
1276 5473 1330 5521 et
1354 5464 1481 5531 fecit
1509 5467 1792 5521 mulierem
1818 5467 1971 5537 (Gen.
1994 5469 2076 5538 ιι).

496 5558 765 5619 Dormitio
800 5559 928 5612 Adae
975 5567 1204 5613 mortem
1257 5556 1461 5613 Christi
1511 5558 1794 5629 significat.
1856 5559 1976 5625 Quo
2027 5560 2079 5611 in

496 5664 660 5704 cruce
719 5650 1005 5718 pendente,
1062 5650 1286 5719 sanguis
1338 5658 1391 5704 et
1447 5667 1587 5721 aqua
1638 5652 1704 5705 de
1745 5652 1915 5707 latere
1960 5653 2079 5721 ejus

498 5742 792 5808 (luxerunt.
824 5740 957 5805 Qua:
984 5740 1093 5793 duo
1116 5751 1456 5796 sacramenta
1481 5751 1772 5799 suntortus
1801 5743 2074 5798 Ecclesiae.

499 5829 614 5899 Pinc
672 5831 835 5885 etiam
896 5846 1077 5885 arcam
1152 5830 1356 5887 faciens
1412 5834 1464 5887 in
1519 5834 1745 5901 diluvio,
1810 5836 1863 5889 in
1914 5836 2079 5890 latere

2182 4643 2353 4704 turris
2392 4657 2516 4696 cum
2576 4642 2880 4710 campanis,
2932 4642 3202 4697 columna:
3254 4649 3648 4705 sustentantes,
3680 4637 3748 4691 fe-

2180 4741 2398 4798 nestrae,
2440 4732 2664 4796 ostium,
2690 4731 2802 4785 duo
2819 4732 3077 4800 parietes,
3104 4731 3314 4803 lapides
3360 4731 3566 4803 singuli
3615 4728 3748 4785 colli-

2179 4822 2288 4893 gati
2319 4838 2443 4876 cum
2471 4832 2754 4891 caunento,
2782 4837 2905 4892 quae
2940 4822 3122 4877 omnia
3178 4822 3409 4894 mystice
3458 4820 3664 4891 aliquid
3702 4819 3750 4872 in

2180 4914 2338 4968 nobis
2368 4913 2675 4983 designant.
2720 4912 2899 4984 Caput
2936 4914 3082 4968 enim
3134 4914 3417 4969 Christum
3469 4910 3749 4983 signiﬁcat,

2180 5006 2274 5076 qui
2307 5015 2392 5061 est
2420 5018 2581 5075 caput
2611 5005 2889 5072 Ecclesiae,
2916 5014 2975 5060 ut
3004 5006 3081 5060 ait
3103 5005 3432 5077 Apostolus:
3462 5005 3519 5058 in
3540 5018 3654 5073 quo
3679 5008 3753 5056 est

2181 5101 2475 5155 thesaurus
2498 5099 2808 5154 divinorum
2828 5107 3164 5153 secretorum
3185 5096 3499 5152 reconditus
3532 5092 3785 5167 ((30!qu

2182 5192 2264 5264 ιι).
2317 5191 2492 5262 Caput
2542 5192 2689 5245 enim
2738 5190 2861 5245 ideo
2912 5189 3177 5244 humilius
3227 5196 3312 5244 est
3368 5200 3599 5257 corpore
3634 5170 3857 5264 ἐ

2181 5283 2491 5341 humiliavit
2549 5298 2608 5338 se
2666 5282 2921 5337 Christus
2987 5297 3207 5336 carnem
3273 5281 3418 5336 servi
3483 5264 3831 5363 accipigr'l

2182 5378 2439 5451 (Philipp.
2475 5375 2591 5446 u)a
2642 5374 2774 5440 Deo,
2807 5373 2952 5449 quod
3002 5375 3183 5428 minor
3227 5373 3381 5428 ﬁeret
3426 5368 3763 5451 ειιιεῷἶὶὒαξ

2178 5450 2415 5528 eundum
2458 5468 2874 5523 humanitatem.
2902 5465 3153 5533 Quaudiu
3181 5466 3363 5519 minor
3397 5460 3633 5534 ιιιιεῴ.
3658 5450 3761 5539 β

2179 5562 2454 5632 passibilis
2480 5560 2703 5616 effectus
2726 5568 2829 5625 est,
2858 5559 2951 5615 sed
2980 5565 3101 5629 post
3143 5556 3607 5611 resurrectionem
3654 5546 3759 5605 ele-

2178 5664 2335 5710 vatus
2365 5663 2449 5710 est
2470 5669 2633 5723 super
2656 5652 2897 5719 angelos.
2926 5650 3056 5716 Quae
3092 5656 3323 5715 utraque
3375 5645 3633 5714 designat
3653 5641 3757 5695 Das

2178 5748 2267 5801 vid
2298 5747 2513 5802 dicens:
2545 5764 2563 5796 ι
2598 5742 2838 5798 Minuisti
2868 5757 2990 5796 eum
3018 5739 3179 5810 paulo
3204 5738 3389 5792 minus
3430 5737 3497 5790 ab
3550 5731 3758 5804 angelis

2183 5837 2353 5911 (Psal.
2379 5835 2517 5907 vui),
2551 5855 2567 5887 I
2597 5835 2723 5906 quia
2776 5843 2967 5889 natura
2995 5831 3231 5885 humana
3283 5825 3583 5897 passibilis,
3630 5837 3751 5881 cor-
