3970 6434
205 422 342 492 tati

1127 427 1700 485 DEFLORATlONE‘S
1737 426 1838 483 SS.
1880 425 2189 482 PATRUM.
2230 457 2299 468 —
2339 425 2466 480 UB.
2508 425 2570 480 li.

3340 423 3503 480 ﬁli"

207 550 505 623 ruptibilis,
554 550 802 605 mortalis
825 546 1068 620 angelica
1107 546 1288 600 minor
1332 552 1479 611 erat;
1526 544 1618 599 sed
1665 540 1799 614 post
1816 557 1864 610 Α
1891 551 2109 597 excitat.
2146 540 2301 597 Unde
2330 553 2383 596 et
2419 541 2612 610 qutun-it
2658 551 2850 608 mater,
2894 538 3082 596 dicens
3117 536 3171 592 in
3201 537 3476 595 Cantieis:

208 641 699 708 resurrectionem,
733 640 862 711 quia
903 637 1326 693 immortalitatis
1374 637 1579 691 honore
1632 651 1788 690 coro-

208 734 349 789 n'asti
377 748 502 787 eum
530 742 584 788 et
605 733 937 788 constituisti
960 747 1084 786 eum
1117 746 1281 801 super
1306 744 1471 799 opera
1526 741 1788 782 manuum

209 836 427 880 tuarum
453 825 656 895 (ibid),
690 825 741 879 id
770 834 852 879 est
873 838 1038 894 super
1065 824 1288 893 angelos
1313 831 1367 875 et
1391 820 1669 885 homines,
1695 819 1787 889 qui

207 915 425 985 proprie
441 930 606 984 opera
637 913 731 969 Dei
751 913 1004 967 videntur
1020 924 1237 982 propter
1259 910 1576 980 dignitatem
1609 925 1786 975 suam,

209 1004 338 1075 quia
367 1005 663 1060 rationales
692 1012 841 1072 sunt,
870 1004 1029 1074 quasi
1063 1002 1206 1057 Deus
1251 1001 1485 1071 propriis
1536 1001 1790 1055 manibus

207 1111 305 1158 eos
335 1105 592 1157 creasset.
620 1095 815 1151 Turris
844 1106 930 1151 est
957 1094 1233 1150 confessio
1265 1102 1319 1149 et
1352 1093 1691 1163 poenitentia,
1722 1094 1790 1148 ad

207 1204 373 1259 quam
396 1187 608 1257 captivi
628 1186 900 1257 refugium
927 1186 1148 1241 habent.
1180 1184 1439 1261 Cymbala
1457 1192 1586 1238 sunt
1612 1200 1793 1239 sacer-

207 1264 384 1343 dotes,
410 1279 505 1348 qui
527 1287 656 1333 sunt
686 1294 966 1349 praecones
997 1276 1252 1332 Ecclesiae
1287 1286 1340 1330 et
1383 1276 1449 1330 ad
1488 1276 1793 1331 confessio-

208 1388 332 1427 nem
366 1373 618 1427 homines
646 1372 899 1427 invitant.
942 1368 1097 1424 Unde
1126 1368 1383 1423 admonet
1419 1385 1515 1438 per
1555 1367 1789 1422 Isaiam:

215 1483 235 1519 ι
263 1464 474 1532 Clama,
500 1479 568 1519 ne
597 1478 799 1528 cesses,
833 1462 991 1532 quasi
1042 1462 1168 1515 tuba
1216 1460 1393 1515 exalta
1422 1475 1610 1516 vocem
1642 1468 1791 1513 tuam

210 1556 348 1627 (ha.
374 1560 551 1626 mn).
580 1575 598 1608 ι
633 1555 699 1610 Et
726 1556 921 1610 iterum
945 1573 958 1611 :
990 1572 1009 1606 ι
1042 1554 1246 1609 Audies
1272 1554 1338 1608 de
1360 1568 1455 1608 ore
1478 1568 1600 1606 meo
1631 1552 1794 1605 verba

209 1664 351 1713 mea,
384 1655 439 1702 et
463 1646 816 1712 annuntiabis
854 1646 934 1699 eis
983 1659 1044 1703 ex
1089 1659 1176 1705 me
1227 1642 1443 1713 (Ezech.
1498 1643 1729 1711 xxxvii).
1769 1659 1788 1693 ο

208 1745 496 1803 Columna:
517 1744 778 1805 Ecclesia:
806 1752 933 1799 sunt
958 1743 1365 1813 praedicatores,
1405 1742 1497 1812 qui
1535 1742 1796 1812 praedica-

205 1837 360 1893 tione
392 1852 492 1892 sua
540 1836 762 1891 domum
796 1833 893 1895 Dei
943 1834 1619 1904 sustentant:Argente:e,
1664 1834 1794 1903 quia

1895 654 1914 688 ι
1946 634 2069 688 Filii
2103 634 2294 688 matris
2331 649 2466 688 mea:
2498 642 2877 704 pugnaverunt
2932 640 3121 686 contra
3161 629 3473 699 me.(Cant.

1890 725 2022 790 1);:
2064 731 2117 777 et
2153 722 2316 776 alibi:
2355 741 2373 772 ι
2427 720 2595 775 Filios
2645 720 2881 775 euntrivi
2935 728 2991 774 et
3044 718 3297 784 exaltavi,
3346 726 3476 784 etc.,

1891 813 2026 883 (Isti.
2055 813 2118 881 ι).
2160 830 2178 864 ι
2205 810 2336 877 Qua:
2371 810 2869 880 major‘despeetio,
2909 822 3032 878 qua:
3075 807 3252 877 major
3304 807 3475 861 viola-

1889 901 1987 966 tio,
2020 916 2143 971 qua:
2185 901 2362 968 major
2410 898 2686 954 temeritas
2708 915 2873 969 quam
2917 899 2971 951 in
3017 898 3138 951 loco
3186 907 3395 963 saneto,
3422 899 3479 952 in

1891 994 2013 1047 aula
2043 993 2159 1059 Dei,
2188 993 2242 1045 in
2272 992 2473 1061 templo
2520 1000 2711 1045 saneto
2741 991 2947 1045 sanctis
2997 988 3265 1044 ministris
3294 989 3482 1046 Eccle-

1892 1085 1988 1139 sia:
2011 1084 2294 1138 insidiari?
2319 1082 2394 1137 De
2413 1083 2496 1137 his
2519 1083 2718 1136 clamat
2749 1082 3077 1153 Apostolus:
3113 1100 3132 1133 α
3170 1081 3273 1147 Qui
3305 1082 3480 1134 viola-

1890 1175 2033 1230 verit
2085 1175 2348 1244 templum
2400 1173 2518 1240 Dei,
2567 1174 2844 1243 disperdet
2878 1174 3029 1227 illum
3086 1172 3230 1228 Deus
3259 1171 3311 1243 (1
3352 1172 3478 1228 Cor.

1893 1264 2000 1333 ιιι).
2036 1283 2054 1318 ι

2247 1353 2480 1409 SERMO
2518 1354 2586 1407 ΙΝ
2635 1353 3112 1409 DEDICATIONE.

1965 1446 2369 1519 Iiodiernwdiei
2397 1446 2682 1512 festivitas,
2705 1446 2954 1501 videlicet
2975 1446 3149 1500 sancti
3178 1445 3362 1516 templi
3388 1446 3493 1500 ἀεί

1894 1538 2115 1607 dieatio,
2139 1539 2299 1608 longe
2322 1547 2615 1608 antequam
2641 1538 2814 1603 fieret,
2833 1538 2901 1591 ab
2912 1536 3195 1591 Ezechiele
3216 1537 3483 1607 propheta

1895 1646 1990 1703 per
2018 1629 2280 1701 Spiritum
2307 1637 2558 1685 sanctum
2590 1630 2819 1699 praevisa
2861 1637 2917 1683 et
2951 1628 3313 1698 praenuntiata
3339 1643 3503 1695 esse,-

1897 1720 2080 1775 verbis
2120 1720 2298 1790 ipsius
2335 1719 2665 1783 declaratur.
2718 1718 2809 1773 Ait
2860 1719 3007 1773 enim
3055 1719 3110 1773 in
3166 1718 3484 1774 ultima-sui

1896 1812 2020 1867 libri
2061 1813 2271 1867 visione
2305 1812 2434 1883 quia
2488 1818 2805 1891 assumptus
2845 1826 2877 1867 a
2914 1811 3110 1881 spiritu
3150 1811 3351 1866 ductus
3401 1821 3489 1872 est

207 1923 619 2005 przedicationis
650 1924 818 1979 verbo
845 1923 1100 1978 renitent.
1126 1902 1425 1993 Argentum
1480 1930 1563 1976 est
1602 1902 1788 1977 metal-

1897 1903 1951 1957 in
1977 1913 2217 1958 montem
2245 1903 2521 1959 excelsum
2552 1903 2730 1965 valde,
2755 1912 2810 1957 et
2840 1902 3228 1958 ostendebatur
3251 1902 3300 1956 ei
3327 1902 3488 1972 quasi

207 2014 324 2070 lum
381 2015 613 2070 nitidum
682 2024 736 2071 et
804 2030 1086 2070 sonorum.
1134 2013 1289 2069 Unde
1356 2029 1454 2083 per
1510 2022 1792 2084 argentum

205 2106 485 2177 eloquium
518 2106 751 2160 nitidum
778 2115 831 2160 et
876 2121 1134 2161 sonorum
1185 2104 1525 2174 intelligitur,
1581 2104 1794 2158 dicente

206 2194 410 2250 David:
443 2214 462 2247 ι
490 2193 717 2264 Eloquia
741 2192 978 2260 Domini,
1007 2193 1222 2263 eloquia
1249 2202 1419 2259 casta,
1450 2201 1580 2259 etc.,
1618 2191 1790 2262 (Paul.

207 2285 304 2356 ιι).
358 2304 378 2337 ι
412 2284 689 2340 Fenestra:
733 2285 931 2340 divina:
954 2283 1249 2354 Scriptura:
1278 2285 1639 2354 accipiuntur,
1699 2298 1795 2353 per

205 2390 344 2447 quas
377 2377 460 2432 sol
481 2377 730 2448 justitize,
767 2377 821 2432 id
855 2385 940 2432 est
986 2376 1241 2432 Christus
1283 2376 1442 2430 nobis
1486 2375 1665 2429 lucet:
1695 2390 1794 2429 nec

206 2474 387 2520 tamen
420 2466 476 2519 in
506 2466 760 2535 praesenti
786 2476 971 2536 aperte
995 2482 1121 2522 eum
1144 2466 1412 2521 videmus.
1461 2463 1615 2525 Unde
1642 2466 1793 2535 Apo—

206 2556 415 2612 stolus:
447 2575 466 2610 ι
498 2555 656 2612 Nunc
693 2558 943 2614 videmus
966 2575 1061 2628 per
1085 2559 1366 2629 speculum
1410 2556 1466 2611 in
1502 2558 1793 2628 amigmate

208 2646 263 2719 (Ι
289 2647 415 2703 Cor.
458 2650 602 2718 xm),
643 2667 661 2702 ι
711 2649 767 2703 in
824 2650 1177 2705 obscuritate.
1233 2647 1388 2711 Unde
1448 2649 1691 2706 Ecclesia
1736 2651 1791 2706 in

120 2770 129 2779 -
204 2739 437 2795 canticis
498 2757 519 2792 ι
538 2738 777 2795 Dilectus
812 2756 968 2796 meus
994 2740 1289 2810 respiciens
1307 2755 1394 2795 me
1419 2757 1514 2811 per
1526 2740 1792 2799 fenestras

209 2831 389 2901 (Cant.
414 2831 509 2901 lt):
544 2851 563 2884 ι
586 2832 640 2887 id
666 2842 751 2891 est
775 2849 874 2903 per
902 2842 1119 2903 apertas
1135 2834 1450 2889 sententias.
1485 2831 1694 2889 Ostium
1710 2843 1793 2890 est

206 2923 363 2988 fides,
402 2924 530 2994 quia
557 2939 655 2995 per
679 2940 800 2980 eam
828 2925 1207 2996 ingrediuntur
1237 2925 1490 2981 homines
1516 2926 1581 2980 ad
1614 2927 1792 2981 Eccle-

206 3015 368 3071 siam.
401 3015 520 3071 Duo
540 3017 794 3087 parietes,
846 3018 955 3081 duo
984 3017 1189 3087 populi,
1229 3017 1284 3072 id
1324 3026 1408 3072 est
1431 3016 1693 3081 Iudaicus
1736 3027 1791 3077 et

204 3108 457 3179 gentilis:
487 3110 553 3164 de
571 3111 771 3180 quibus
792 3110 1073 3165 conversis
1095 3111 1392 3164 constituta
1416 3118 1501 3164 est
1522 3109 1784 3164 Ecclesia.

205 3200 419 3291 Singuli
450 3202 658 3295 lapides
685 3211 815 3295 sunt
841 3202 1040 3295 singuli
1078 3202 1264 3295 ﬁdeles
1290 3221 1303 3258 :
1328 3203 1423 3295 qui
1456 3203 1790 3273 colliguntur
1818 3236 1859 3295 ο

205 3300 468 3347 έτειηειιῑο
495 3293 662 3362 pacis.
698 3291 853 3348 Unde
908 3294 1235 3363 Apostolus:
1275 3312 1294 3345 t
1333 3293 1553 3348 Servate
1614 3294 1793 3349 unita-
1829 3291 1833 3300 ἶ

206 3392 311 3437 trm
357 3383 583 3452 spiritus
610 3383 663 3438 in
690 3385 908 3438 vinculo
957 3386 1106 3455 pacis
1154 3384 1370 3457 (Ep/tes.
1417 3387 1512 3453 tv).
1550 3404 1569 3437 ι
1605 3384 1792 3456 Itaque

204 3488 313 3528 non
348 3474 525 3528 solum
556 3475 695 3531 valet
725 3475 877 3530 locus
903 3474 1004 3529 iste
1040 3475 1107 3529 ad
1135 3491 1288 3530 sacra
1320 3476 1647 3549 peragenda,
1696 3476 1790 3532 sed

203 3564 450 3634 perutilis
483 3574 566 3619 est
596 3566 649 3619 in
681 3564 1058 3621 aedificatione.

214 3667 222 3675 '
254 3639 540 3708 Praeterea
576 3663 755 3710 tamen
791 3663 874 3709 est
904 3655 1058 3708 valde
1106 3653 1427 3708 venerabilis
1480 3654 1631 3708 locus
1664 3654 1786 3721 iste,

203 3746 330 3816 quia
360 3760 559 3812 corpus
577 3754 631 3800 et
652 3747 874 3816 sanguis
904 3745 1116 3800 Domini
1140 3745 1213 3799 ibi
1247 3746 1313 3799 ad
1350 3756 1591 3808 nostram
1636 3747 1787 3800 salu-

202 3845 312 3892 tem
343 3831 776 3892 sanctificantur.
812 3838 884 3892 Ibi
932 3833 1087 3908 pueri
1132 3838 1497 3907 baptizantur,
1548 3839 1621 3892 ibi
1659 3854 1786 3908 pec-

203 3937 419 3983 calores
448 3929 898 3994 reconciliantur,
925 3930 995 3983 ibi
1026 3930 1221 3984 anima:
1275 3941 1593 4000 pascuntur.
1633 3929 1787 3985 Unde

203 4021 468 4089 scriptum
496 4030 609 4075 est:
644 4040 661 4071 ι
694 4019 896 4076 Domus
922 4035 1040 4073 mea
1074 4020 1270 4075 domus
1320 4019 1583 4074 orationis
1619 4035 1784 4073 voca-

202 4110 586 4181 bitur(Mattlt.
614 4113 783 4182 κιο.»
816 4111 954 4178 Quid
973 4114 1024 4165 in
1042 4127 1102 4166 ea
1120 4121 1266 4166 esset
1289 4111 1593 4166 faciendum
1622 4111 1785 4164 David

204 4202 494 4271 promisit:
528 4219 548 4253 t
585 4200 825 4256 lntroibo
865 4202 919 4255 in
962 4202 1184 4255 domum
1251 4209 1421 4266 tuam,
1474 4209 1579 4255 etc.
1610 4199 1780 4268 (Psal.

203 4292 354 4360 va).
390 4310 410 4345 ι
452 4292 603 4346 Adeo
682 4302 862 4347 autem
921 4301 1030 4345 tam
1081 4291 1406 4345 venerabilis
1467 4298 1581 4355 est,
1640 4290 1784 4360 quod

204 4381 471 4437 Dominus
493 4384 802 4454 ingrediens
843 4381 1182 4437 Hierusalem
1226 4397 1439 4451 semper
1487 4380 1786 4435 divertebat

204 4474 272 4528 ad
316 4474 599 4542 templum,
632 4474 768 4528 dans
812 4472 970 4527 nobis
996 4472 1333 4540 exemplum,
1389 4472 1517 4541 quia
1565 4469 1784 4539 quando

1895 1995 2184 2056 aedilicium
2208 1994 2449 2057 civitatis
2481 1995 2756 2063 vergentis
2786 1994 2852 2053 ad
2877 2001 3150 2049 austrum.
3180 1992 3247 2047 Et
3261 2001 3380 2047 erat
3410 1993 3489 2047 ibi

1894 2085 1978 2140 vir
2006 2095 2159 2163 stans
2192 2086 2245 2140 in
2281 2093 2436 2155 porta
2470 2084 2678 2141 habens
2721 2085 2957 2154 speciem
2987 2084 3147 2155 quasi
3177 2085 3324 2148 teris,
3353 2083 3487 2139 etin

1894 2192 2061 2232 manu
2096 2176 2217 2246 ejus
2243 2176 2400 2246 quasi
2434 2176 2679 2234 calamus
2713 2191 3007 2243 mensurae,
3047 2184 3104 2230 et
3151 2176 3368 2230 locutus
3403 2182 3489 2230 est

1893 2267 1943 2323 ei
1967 2268 2188 2323 dicens:
2235 2285 2253 2319 ι
2296 2265 2426 2323 Vide
2468 2275 2523 2321 et
2561 2267 2801 2337 intellige
2852 2266 3070 2338 (Ezech.
3119 2267 3232 2337 ιι).
3270 2286 3290 2319 ι
3343 2266 3487 2321 Alihi

1894 2374 2112 2430 quoque
2136 2359 2276 2413 idem
2308 2358 2560 2413 Ezechiel
2580 2360 2646 2413 de
2672 2359 3096 2437 consecratione
3142 2359 3488 2415 tabernaculi

1894 2451 1997 2506 sub
2021 2451 2201 2519 specie
2225 2450 2471 2504 mulieris
2499 2449 2700 2509 Judaea:
2746 2450 2991 2528 loquitur
3026 2450 3251 2504 dicens:
3291 2469 3311 2502 ι
3354 2449 3488 2505 Lavi

1894 2549 1947 2597 te
1979 2558 2142 2612 aqua,
2177 2542 2307 2595 unxi
2365 2550 2419 2597 te
2467 2542 2610 2605 oleo,
2661 2541 2853 2598 vestivi
2900 2549 2953 2597 te
2995 2541 3392 2609 discoloribus,
3433 2553 3489 2600 et

1892 2646 2020 2688 ecce
2050 2632 2191 2695 facta
2240 2649 2299 2688 es
2344 2634 2478 2687 mihi
2506 2633 2724 2704 (Ezech.
2775 2633 2912 2703 xvi).
2953 2652 2972 2685 ι
3006 2632 3192 2696 Scitis.
3239 2634 3487 2690 dilectis-

1894 2723 2040 2790 simi,
2065 2725 2209 2794 qnod
2246 2735 2460 2780 montes
2486 2726 2554 2780 de
2609 2734 2753 2779 terra
2778 2734 2909 2780 sunt
2934 2743 2947 2779 :
2975 2732 3155 2778 tamen
3193 2725 3485 2782 altitudine

1893 2829 1992 2869 sua
2014 2823 2211 2876 terram
2235 2816 2527 2881 excedunt,
2550 2823 2712 2894 etper
2735 2815 2836 2871 hos
2861 2814 3241 2885 significantur
3261 2815 3337 2868 illi
3366 2820 3485 2885 qui,

1892 2912 2151 2975 tanquam
2170 2907 2374 2977 lapides
2399 2907 2528 2973 vivi,
2558 2907 2611 2960 in
2637 2907 2869 2961 aedilicio
2890 2905 2984 2961 Dei
3004 2916 3133 2962 sunt
3156 2906 3483 2962 collocandi.

1897 2994 1960 3056 ιιι
1986 3013 2114 3053 vero
2151 2999 2305 3065 tales,
2334 2998 2586 3068 quamvis
2624 2999 2735 3052 sint
2788 2998 3081 3068 participes
3126 2999 3359 3053 aliorum
3389 3014 3487 3068 per

1891 3088 2264 3151 infirmitatem
2289 3089 2493 3155 carnis,
2526 3099 2709 3151 tamen
2743 3090 3011 3147 excedunt
3030 3089 3168 3145 alios
3189 3090 3481 3145 altitudine

1894 3181 2217 3236 sanctitatis.
2249 3180 2322 3236 De
2345 3181 2547 3252 quibus
2583 3180 2749 3241 David
2800 3181 3062 3251 propheta
3112 3180 3284 3235 dicit:
3322 3199 3341 3231 t
3380 3180 3486 3235 Le-

1894 3275 2012 3330 vavi
2036 3274 2223 3328 oculos
2247 3288 2399 3326 meos
2422 3271 2476 3325 in
2495 3270 2904 3340 montes(Psal.
2938 3273 3087 3342 cxx).
3128 3291 3148 3323 ι
3185 3270 3484 3341 Lapidibus

1892 3367 2053 3421 etiam
2082 3364 2217 3418 vivis
2250 3363 2387 3418 bene
2427 3370 2844 3431 comparantur,
2889 3361 3018 3431 quia
3072 3362 3216 3416 sicut
3270 3361 3481 3431 lapides

1892 3458 2103 3525 multis
2151 3458 2304 3526 prius
2368 3456 2720 3511 tunsionibus
2781 3455 3230 3524 conquadrantur
3282 3464 3338 3509 et
3380 3470 3481 3525 po-

1891 3548 2122 3612 liuntur,
2177 3557 2235 3603 ut
2284 3548 2365 3604 sic
2420 3547 2639 3602 tandem
2685 3547 2806 3601 sine
2883 3547 3113 3615 strepitu
3168 3555 3224 3600 et
3277 3561 3483 3602 sonore

1890 3641 1944 3705 in
2014 3640 2243 3701 aedilicio
2310 3627 2542 3711 possunt
2608 3638 2819 3708 aptari,
2878 3639 2958 3693 sic
3006 3637 3181 3692 sancti
3251 3638 3304 3691 in
3375 3638 3481 3694 hac

1890 3736 1997 3788 vita
2029 3734 2215 3789 multis
2245 3733 2690 3788 tribulationibus
2741 3732 3158 3801 opprimuntur,
3204 3740 3258 3785 et
3295 3731 3483 3786 diver-.

1889 3826 1967 3881 sis
2021 3825 2515 3894 persecutionibus,
2591 3823 2749 3893 quasi
2808 3824 3037 3889 malleis,
3116 3823 3481 3892 explanantur

1889 3927 1949 3971 ut
1977 3918 2029 3970 in
2061 3917 2291 3971 aedilicio
2319 3925 2535 3970 aeterna:
2560 3918 2757 3971 domus
2804 3918 2923 3971 sine
2976 3930 3131 3967 mora
3178 3923 3232 3969 et
3267 3916 3482 3970 btesita.

1888 4010 2035 4062 tione
2065 4008 2212 4078 digiti
2238 4008 2348 4062 sint
2375 4008 2652 4062 collocari.
2690 4006 2847 4072 Quod
2874 4016 3044 4059 totum
3073 4006 3478 4076 prmiiguratum

1886 4108 1969 4154 est
2016 4099 2070 4152 in
2116 4098 2474 4154 aedificatione
2512 4099 2697 4167 templi
2743 4097 3072 4163 Salomonis,
3124 4097 3176 4150 in
3210 4113 3320 4167 quo
3365 4112 3481 4163 non

1887 4188 1988 4243 fuit
2018 4189 2237 4243 auditus
2265 4190 2478 4244 sonitus
2503 4189 2683 4243 mallei
2706 4189 2789 4243 vel
2819 4188 3030 4244 securis
3061 4186 3186 4257 (1U
3213 4187 3338 4259 Reg.
3372 4190 3481 4259 Vl).-

1890 4280 2030 4346 Quia
2058 4294 2190 4334 vero
2219 4279 2482 4348 pr0pheta
2517 4279 2650 4333 dicit
2677 4294 2737 4333 se
2766 4287 3109 4348 assumptum
3141 4277 3195 4332 in
3232 4287 3474 4333 montem

1885 4370 2160 4425 excelsum
2186 4370 2361 4435 valde,
2395 4384 2504 4424 non
2536 4378 2759 4424 sanctos
2784 4383 2881 4438 per
2905 4369 3051 4422 hunc
3082 4377 3347 4434 montem,
3377 4369 3483 4434 sed

1886 4460 2237 4525 mediatorem
2262 4457 2357 4514 Dei
2376 4468 2430 4514 et
2452 4458 2738 4519 hominum
2766 4456 2951 4513 Jesum
2974 4456 3252 4512 Christum
3279 4457 3481 4513 debere

203 4565 545 4635 ingredimur
576 4565 823 4621 civitates
876 4565 1029 4634 prius
1099 4564 1328 4619 ecclesia
1401 4563 1629 4633 petenda
1675 4571 1777 4615 est.

1891 4552 2113 4621 intelligi
2142 4550 2552 4607 demonstravit.
2593 4549 2666 4603 De
2694 4564 2803 4619 quo
2832 4563 2928 4618 per
2950 4548 3117 4602 alium
3154 4547 3477 4617 prophetam

203 4654 361 4711 Unde
415 4656 612 4711 dicitur
638 4657 691 4710 in
720 4656 1051 4727 Evangelia:
1086 4674 1106 4709 ι
1143 4656 1279 4709 Cum
1334 4655 1591 4709 intrasset
1623 4651 1784 4708 Jesus

202 4745 568 4810 Hierusalem,
607 4746 830 4799 intravit
886 4746 937 4799 in
997 4747 1254 4813 templum
1307 4744 1525 4815 (Matth.
1560 4745 1695 4811 XXI),
1732 4749 1786 4799 et

200 4836 478 4892 dedicavit
502 4836 724 4889 domum
755 4851 910 4888 suam
939 4837 989 4889 in
1026 4835 1259 4889 cilicium
1316 4836 1615 4901 orationis;
1653 4849 1786 4887 ven-

200 4929 396 4981 dentes
417 4932 469 4979 et
487 4933 729 4978 ementes
757 4924 823 4977 de
854 4925 1054 4992 templo
1075 4924 1342 4993 ejiciendo
1372 4926 1590 4978 dicens:
1624 4943 1642 4975 ‹
1682 4923 1787 4983 Do-

200 5030 330 5069 mus
371 5029 513 5081 mea,
542 5022 646 5068 etc.
676 5013 874 5083 (ibid.).
913 5032 932 5065 ι
986 5012 1103 5078 Qua
1124 5015 1469 5067 accusatione
1510 5030 1539 5068 a
1584 5013 1784 5069 Iudaeis

198 5114 388 5163 tentus
422 5114 476 5161 et
498 5106 797 5160 cruciﬁxus
833 5115 934 5162 est.
972 5104 1110 5158 Cum
1157 5105 1301 5158 enim
1347 5103 1515 5158 Judzei
1545 5106 1786 5160 viderent

199 5212 331 5253 eum
383 5204 587 5250 tantam
638 5203 959 5265 potestatem
1024 5194 1298 5261 habuisse,
1338 5196 1483 5263 quod
1543 5195 1785 5249 funiculo

148 5280 167 5291 ⁸
198 5289 456 5359 ejecisset
481 5304 575 5343 eos
609 5288 676 5342 de
713 5289 930 5357 templo,
949 5288 1328 5357 aspiraverunt
1353 5288 1405 5341 in
1440 5304 1588 5349 eum,
1644 5289 1785 5342 unde

200 5397 303 5452 per
351 5380 516 5436 David
544 5381 711 5435 dixit:
744 5399 763 5432 ι
812 5380 972 5436 Zelus
1000 5381 1197 5436 domus
1251 5385 1357 5437 tua:
1411 5382 1646 5435 comedit
1699 5398 1784 5438 me

203 5469 381 5542 (Psal.
455 5471 669 5538 vant),
717 5488 736 5522 ι
789 5472 996 5526 scilicet
1069 5486 1226 5533 amor
1301 5470 1558 5531 Ecclesia:
1628 5487 1781 5539 meae,

80 5624 103 5637 ο
200 5574 370 5631 quam
404 5560 617 5616 defendi
642 5563 878 5617 comedit
908 5578 1014 5629 me,
1039 5571 1093 5617 et
1119 5561 1224 5625 fuit
1262 5577 1429 5619 causa
1464 5578 1598 5617 mene
1632 5577 1782 5617 mor-

199 5655 296 5708 tis.
337 5652 442 5708 Sed
473 5653 724 5710 diabolus
754 5670 849 5724 per
889 5655 1030 5710 filios
1053 5669 1204 5723 suos,
1264 5671 1361 5725 per
1389 5655 1632 5709 membra
1659 5671 1779 5720 sua,

199 5742 501 5797 Ecelesiam
525 5744 781 5799 omnibus
813 5746 989 5800 modis
1022 5744 1267 5812 infestat,
1302 5745 1442 5800 filios
1486 5744 1650 5799 etiam
1681 5744 1782 5801 Ec-

196 5832 381 5900 clesia
405 5848 543 5903 quos
572 5837 864 5906 generavit,
888 5852 1028 5908 quos
1054 5836 1278 5895 nutrivit
1299 5837 1351 5892 in
1379 5845 1609 5893 mortem
1626 5852 1779 5893 suam

1888 4645 2086 4700 dicitur
2111 4660 2123 4695 :
2150 4662 2167 4694 ι
2196 4642 2311 4696 Erit
2332 4643 2387 4705 in
2411 4641 2728 4696 novissimis
2751 4640 2945 4695 diebus
2965 4647 3299 4708 prmparatus
3316 4653 3477 4694 mons

1886 4737 2082 4791 domus
2094 4734 2307 4790 Domini
2326 4734 2378 4787 in
2396 4733 2597 4789 vertice
2616 4733 2908 4798 montium,
2926 4740 2981 4791 et
2996 4730 3297 4787 elevabitur
3315 4745 3478 4799 super

1887 4829 2050 4885 colles
2068 4826 2204 4897 (Isa.
2231 4826 2346 4897 11),:
2368 4826 2472 4880 hoc
2498 4835 2580 4881 est
2604 4826 2676 4888 ita
2708 4835 2767 4880 ut
2787 4826 2856 4881 sit
2880 4832 3043 4894 caput
3064 4831 3318 4881 etvertex
3343 4823 3479 4878 alio-

1888 4936 2009 4975 rum
2064 4919 2356 4974 montium.
2406 4915 2508 4983 Qui
2556 4916 2811 4986 quamvis
2860 4916 2931 4971 sit
2978 4913 3155 4979 faelus
3206 4914 3477 4983 particeps

1887 5023 2090 5067 nostra:
2138 5008 2516 5074 humanitatis,
2564 5017 2747 5062 tamen
2789 5021 2983 5061 omnes
3018 5014 3239 5062 sanctos
3265 5004 3478 5067 excedit

1885 5103 2180 5158 eminentia
2226 5100 2467 5155 deitatis.
2523 5097 2697 5169 Super
2729 5099 2892 5152 .hune
2937 5106 3178 5153 montem
3210 5098 3477 5166 propheta

1887 5195 2154 5251 adductus
2183 5201 2286 5257 est,
2318 5193 2422 5246 hoc
2455 5202 2539 5245 est
2581 5191 2634 5244 in
2659 5190 2763 5244 tide
2785 5189 2989 5245 Christi
3021 5190 3232 5259 positus
3263 5198 3318 5243 et
3345 5205 3476 5253 con-

1887 5287 2155 5341 ﬁrmatus.
2196 5283 2329 5351 Quae
2356 5282 2489 5338 fides
2541 5292 2946 5345 sacramentum
2984 5281 3241 5337 Ecclesiae
3269 5289 3373 5345 est,
3405 5280 3474 5334 de

1885 5392 1994 5446 quo
2014 5376 2305 5446 Apostolus
2320 5376 2395 5430 ait
2420 5394 2463 5429 ε(
2490 5373 2925 5428 Fundamentum
2949 5373 3095 5427 aliud
3119 5387 3279 5426 nemo
3296 5379 3474 5440 potest

1885 5485 2086 5540 ponere
2115 5478 2308 5540 prmter
2343 5469 2396 5522 id
2439 5466 2584 5537 quod
2612 5467 2850 5536 positum
2899 5472 3002 5530 est,
3030 5464 3176 5532 quod
3207 5471 3291 5518 est
3313 5461 3474 5517 Chri-

1885 5573 2003 5615 stus
2036 5558 2277 5629 Jesus(1
2308 5558 2431 5614 Cor.
2478 5558 2580 5628 ιιι).
2618 5576 2637 5607 ι
2679 5555 2846 5609 isaias
2876 5554 2942 5608 de
2966 5552 3156 5608 eodem
3203 5570 3218 5607 :
3270 5571 3289 5604 ι
3319 5550 3474 5605 Libe-

1885 5650 2026 5705 rahit
2071 5665 2174 5705 nos
2220 5658 2343 5718 post
2381 5650 2520 5704 duos
2571 5646 2688 5701 dies
2739 5642 2898 5714 (Iani.
2932 5642 3144 5709 xxxiv).
3183 5659 3202 5693 ι
3233 5640 3300 5695 Et
3338 5642 3469 5697 item

1885 5744 2000 5813 ipse
2026 5762 2038 5796 :
2070 5760 2089 5794 ι
2124 5743 2442 5813 Languores
2472 5749 2690 5795 nostros
2721 5737 2861 5800 tulit,
2895 5745 2950 5790 et
2975 5736 3193 5792 dolores
3234 5734 3473 5805 portavit

1887 5836 2042 5906 (Isrn‘.
2088 5836 2228 5905 Llll).
2266 5853 2284 5888 ι
2340 5832 2406 5889 Ει
2456 5832 2520 5889 de
2556 5832 2657 5887 hoc
2696 5827 3052 5886 fundamento
3096 5827 3231 5887 dicit
3265 5825 3426 5891 Petro
3446 5843 3466 5890 ,ε
