  <div class='ocr_page' id='page_1' title='image "/cluster/home/n/w/nwhite01/storage/ocr_20150623/157/hvd.32044010248185/627.png"; bbox 0 0 3970 6442; ppageno 0'>
   <div class='ocr_carea' id='block_1_1' title="bbox 489 400 630 456">
    <p class='ocr_par' dir='ltr' id='par_1_1' title="bbox 489 400 630 456">
     <span class='ocr_line' id='line_1_1' title="bbox 489 400 630 456; baseline -0.014 0"><span class='ocrx_word' id='word_1_1' title='bbox 489 400 630 456; x_wconf 63' lang='grc'><strong>1183</strong></span> 
     </span>
    </p>
   </div>
   <div class='ocr_carea' id='block_1_2' title="bbox 1625 396 2622 454">
    <p class='ocr_par' dir='ltr' id='par_1_2' title="bbox 1625 396 2622 454">
     <span class='ocr_line' id='line_1_2' title="bbox 1625 396 2622 454; baseline -0.003 0"><span class='ocrx_word' id='word_1_2' title='bbox 1625 398 1950 454; x_wconf 73' lang='lat' dir='ltr'><strong>WERNERI</strong></span> <span class='ocrx_word' id='word_1_3' title='bbox 1991 397 2280 453; x_wconf 72' lang='lat' dir='ltr'><strong>ABBATIS</strong></span> <span class='ocrx_word' id='word_1_4' title='bbox 2321 396 2377 452; x_wconf 84' lang='lat' dir='ltr'><strong>S.</strong></span> <span class='ocrx_word' id='word_1_5' title='bbox 2411 397 2622 452; x_wconf 80' lang='lat' dir='ltr'><strong>BLASII</strong></span> 
     </span>
    </p>
   </div>
   <div class='ocr_carea' id='block_1_3' title="bbox 3614 405 3730 462">
    <p class='ocr_par' dir='ltr' id='par_1_3' title="bbox 3614 405 3730 462">
     <span class='ocr_line' id='line_1_3' title="bbox 3614 405 3730 462; baseline 0.052 -6"><span class='ocrx_word' id='word_1_6' title='bbox 3614 405 3730 462; x_wconf 73' lang='grc' dir='ltr'><strong>ιω</strong></span> 
     </span>
    </p>
   </div>
   <div class='ocr_carea' id='block_1_4' title="bbox 490 507 3731 583">
    <p class='ocr_par' dir='ltr' id='par_1_4' title="bbox 490 507 3731 583">
     <span class='ocr_line' id='line_1_4' title="bbox 490 507 3731 583; baseline 0.001 -18"><span class='ocrx_word' id='word_1_7' title='bbox 490 533 513 565; x_wconf 67' lang='grc' dir='ltr'>ς</span> <span class='ocrx_word' id='word_1_8' title='bbox 543 513 622 568; x_wconf 83' lang='lat' dir='ltr'><strong>Tu</strong></span> <span class='ocrx_word' id='word_1_9' title='bbox 654 529 713 569; x_wconf 81' lang='lat' dir='ltr'><strong>es</strong></span> <span class='ocrx_word' id='word_1_10' title='bbox 739 511 931 568; x_wconf 85' lang='lat' dir='ltr'><strong>Petrus</strong></span> <span class='ocrx_word' id='word_1_11' title='bbox 960 520 1011 566; x_wconf 92' lang='lat' dir='ltr'><strong>et</strong></span> <span class='ocrx_word' id='word_1_12' title='bbox 1041 525 1203 580; x_wconf 84' lang='lat' dir='ltr'><strong>super</strong></span> <span class='ocrx_word' id='word_1_13' title='bbox 1230 511 1367 566; x_wconf 87' lang='lat' dir='ltr'><strong>hanc</strong></span> <span class='ocrx_word' id='word_1_14' title='bbox 1395 520 1603 580; x_wconf 82' lang='lat' dir='ltr'><strong>petram</strong></span> <span class='ocrx_word' id='word_1_15' title='bbox 1637 511 1916 566; x_wconf 80' lang='lat' dir='ltr'><strong>aedificabo</strong></span> <span class='ocrx_word' id='word_1_16' title='bbox 1960 509 2060 565; x_wconf 79' lang='lat' dir='ltr'><strong>Ec-</strong></span> <span class='ocrx_word' id='word_1_17' title='bbox 2090 517 2136 572; x_wconf 74' lang='grc' dir='ltr'>Α</span> <span class='ocrx_word' id='word_1_18' title='bbox 2235 507 2434 564; x_wconf 80' lang='lat' dir='ltr'><strong>Sextus</strong></span> <span class='ocrx_word' id='word_1_19' title='bbox 2476 518 2558 564; x_wconf 86' lang='lat' dir='ltr'><strong>est</strong></span> <span class='ocrx_word' id='word_1_20' title='bbox 2605 509 2819 564; x_wconf 76' lang='lat' dir='ltr'><strong>sat-dius</strong></span> <span class='ocrx_word' id='word_1_21' title='bbox 2871 511 3051 567; x_wconf 83' lang='lat' dir='ltr'><strong>colore</strong></span> <span class='ocrx_word' id='word_1_22' title='bbox 3101 512 3444 583; x_wconf 72' lang='lat' dir='ltr'><strong>sanguineus</strong></span> <span class='ocrx_word' id='word_1_23' title='bbox 3475 530 3490 566; x_wconf 71' lang='grc' dir='ltr'><strong>ι</strong></span> <span class='ocrx_word' id='word_1_24' title='bbox 3537 513 3620 568; x_wconf 86' lang='lat' dir='ltr'><strong>hic</strong></span> <span class='ocrx_word' id='word_1_25' title='bbox 3658 515 3731 582; x_wconf 76' lang='lat' dir='ltr'><strong>ju—</strong></span> 
     </span>
    </p>
   </div>
   <div class='ocr_carea' id='block_1_5' title="bbox 484 603 2073 673">
    <p class='ocr_par' dir='ltr' id='par_1_5' title="bbox 484 603 2073 673">
     <span class='ocr_line' id='line_1_5' title="bbox 484 603 2073 673; baseline -0.003 -13"><span class='ocrx_word' id='word_1_26' title='bbox 484 605 714 661; x_wconf 79' lang='lat' dir='ltr'><strong>clesiatn</strong></span> <span class='ocrx_word' id='word_1_27' title='bbox 763 619 938 658; x_wconf 79' lang='lat' dir='ltr'><strong>meam</strong></span> <span class='ocrx_word' id='word_1_28' title='bbox 996 603 1216 671; x_wconf 80' lang='lat' dir='ltr'><strong>(Matth.</strong></span> <span class='ocrx_word' id='word_1_29' title='bbox 1257 603 1389 668; x_wconf 77' lang='lat' dir='ltr'><strong>xvi),</strong></span> <span class='ocrx_word' id='word_1_30' title='bbox 1428 621 1446 654; x_wconf 82' lang='grc' dir='ltr'><strong>ι</strong></span> <span class='ocrx_word' id='word_1_31' title='bbox 1495 603 1545 656; x_wconf 83' lang='lat' dir='ltr'><strong>id</strong></span> <span class='ocrx_word' id='word_1_32' title='bbox 1599 611 1682 658; x_wconf 88' lang='lat' dir='ltr'><strong>est</strong></span> <span class='ocrx_word' id='word_1_33' title='bbox 1729 619 1893 673; x_wconf 84' lang='lat' dir='ltr'><strong>super</strong></span> <span class='ocrx_word' id='word_1_34' title='bbox 1933 603 2073 657; x_wconf 90' lang='lat' dir='ltr'><strong>hanc</strong></span> 
     </span>
    </p>
   </div>
   <div class='ocr_carea' id='block_1_6' title="bbox 490 691 2069 763">
    <p class='ocr_par' dir='ltr' id='par_1_6' title="bbox 490 691 2069 763">
     <span class='ocr_line' id='line_1_6' title="bbox 490 691 2069 763; baseline -0.001 -15"><span class='ocrx_word' id='word_1_35' title='bbox 490 695 649 749; x_wconf 74' lang='lat' dir='ltr'><strong>fidem</strong></span> <span class='ocrx_word' id='word_1_36' title='bbox 663 709 824 763; x_wconf 89' lang='lat' dir='ltr'><strong>quam</strong></span> <span class='ocrx_word' id='word_1_37' title='bbox 843 691 1130 747; x_wconf 86' lang='lat' dir='ltr'><strong>confessus</strong></span> <span class='ocrx_word' id='word_1_38' title='bbox 1151 709 1231 759; x_wconf 92' lang='lat' dir='ltr'><strong>cs,</strong></span> <span class='ocrx_word' id='word_1_39' title='bbox 1254 693 1532 748; x_wconf 75' lang='lat' dir='ltr'><strong>aedificabo</strong></span> <span class='ocrx_word' id='word_1_40' title='bbox 1552 691 1848 748; x_wconf 82' lang='lat' dir='ltr'><strong>Ecclesiam</strong></span> <span class='ocrx_word' id='word_1_41' title='bbox 1875 710 2069 748; x_wconf 92' lang='lat' dir='ltr'><strong>meam.</strong></span> 
     </span>
    </p>
   </div>
   <div class='ocr_carea' id='block_1_7' title="bbox 490 783 2073 840">
    <p class='ocr_par' dir='ltr' id='par_1_7' title="bbox 490 783 2073 840">
     <span class='ocr_line' id='line_1_7' title="bbox 490 783 2073 840; baseline 0.002 -3"><span class='ocrx_word' id='word_1_42' title='bbox 490 784 790 839; x_wconf 76' lang='lat' dir='ltr'><strong>Confessus</strong></span> <span class='ocrx_word' id='word_1_43' title='bbox 814 784 958 840; x_wconf 90' lang='lat' dir='ltr'><strong>enim</strong></span> <span class='ocrx_word' id='word_1_44' title='bbox 991 785 1166 838; x_wconf 87' lang='lat' dir='ltr'><strong>fuerat</strong></span> <span class='ocrx_word' id='word_1_45' title='bbox 1198 783 1365 839; x_wconf 90' lang='lat' dir='ltr'><strong>Deum</strong></span> <span class='ocrx_word' id='word_1_46' title='bbox 1391 795 1442 839; x_wconf 90' lang='lat' dir='ltr'><strong>et</strong></span> <span class='ocrx_word' id='word_1_47' title='bbox 1470 785 1769 839; x_wconf 82' lang='lat' dir='ltr'><strong>hominem.</strong></span> <span class='ocrx_word' id='word_1_48' title='bbox 1803 783 1933 838; x_wconf 91' lang='lat' dir='ltr'><strong>Sine</strong></span> <span class='ocrx_word' id='word_1_49' title='bbox 1968 785 2073 840; x_wconf 90' lang='lat' dir='ltr'><strong>hoc</strong></span> 
     </span>
    </p>
   </div>
   <div class='ocr_carea' id='block_1_8' title="bbox 489 874 2074 944">
    <p class='ocr_par' dir='ltr' id='par_1_8' title="bbox 489 874 2074 944">
     <span class='ocr_line' id='line_1_8' title="bbox 489 874 2074 944; baseline -0.001 -14"><span class='ocrx_word' id='word_1_50' title='bbox 489 875 846 932; x_wconf 87' lang='lat' dir='ltr'><strong>fundamento</strong></span> <span class='ocrx_word' id='word_1_51' title='bbox 891 890 1053 929; x_wconf 90' lang='lat' dir='ltr'><strong>nemo</strong></span> <span class='ocrx_word' id='word_1_52' title='bbox 1095 874 1162 929; x_wconf 88' lang='lat' dir='ltr'><strong>ad</strong></span> <span class='ocrx_word' id='word_1_53' title='bbox 1206 875 1522 944; x_wconf 77' lang='lat' dir='ltr'><strong>pra-dictum</strong></span> <span class='ocrx_word' id='word_1_54' title='bbox 1554 875 1839 930; x_wconf 66' lang='lat' dir='ltr'><strong>aedilicium</strong></span> <span class='ocrx_word' id='word_1_55' title='bbox 1886 890 2074 944; x_wconf 84' lang='lat' dir='ltr'><strong>pervc-</strong></span> 
     </span>
    </p>
   </div>
   <div class='ocr_carea' id='block_1_9' title="bbox 486 969 846 1038">
    <p class='ocr_par' dir='ltr' id='par_1_9' title="bbox 486 969 846 1038">
     <span class='ocr_line' id='line_1_9' title="bbox 486 969 846 1038; baseline 0 -16"><span class='ocrx_word' id='word_1_56' title='bbox 486 970 607 1023; x_wconf 59' lang='lat' dir='ltr'><strong>uirc</strong></span> <span class='ocrx_word' id='word_1_57' title='bbox 631 969 846 1038; x_wconf 85' lang='lat' dir='ltr'><strong>poterit.</strong></span> 
     </span>
    </p>
   </div>
   <div class='ocr_carea' id='block_1_10' title="bbox 560 1058 2071 1132">
    <p class='ocr_par' dir='ltr' id='par_1_10' title="bbox 560 1058 2071 1132">
     <span class='ocr_line' id='line_1_10' title="bbox 560 1058 2071 1132; baseline 0.003 -20"><span class='ocrx_word' id='word_1_58' title='bbox 560 1058 698 1114; x_wconf 71' lang='lat' dir='ltr'><strong>lfuic</strong></span> <span class='ocrx_word' id='word_1_59' title='bbox 743 1059 1096 1115; x_wconf 88' lang='lat' dir='ltr'><strong>fundamento</strong></span> <span class='ocrx_word' id='word_1_60' title='bbox 1149 1061 1407 1132; x_wconf 86' lang='lat' dir='ltr'><strong>propheta</strong></span> <span class='ocrx_word' id='word_1_61' title='bbox 1465 1060 1704 1127; x_wconf 89' lang='lat' dir='ltr'><strong>innixus,</strong></span> <span class='ocrx_word' id='word_1_62' title='bbox 1761 1070 1816 1117; x_wconf 88' lang='lat' dir='ltr'><strong>et</strong></span> <span class='ocrx_word' id='word_1_63' title='bbox 1865 1061 2071 1132; x_wconf 90' lang='lat' dir='ltr'><strong>Spiritu</strong></span> 
     </span>
    </p>
   </div>
   <div class='ocr_carea' id='block_1_11' title="bbox 489 1151 2075 1224">
    <p class='ocr_par' dir='ltr' id='par_1_11' title="bbox 489 1151 2075 1224">
     <span class='ocr_line' id='line_1_11' title="bbox 489 1151 2075 1224; baseline 0.002 -18"><span class='ocrx_word' id='word_1_64' title='bbox 489 1163 680 1207; x_wconf 81' lang='lat' dir='ltr'><strong>sancto</strong></span> <span class='ocrx_word' id='word_1_65' title='bbox 713 1151 970 1221; x_wconf 79' lang='lat' dir='ltr'><strong>repletus,</strong></span> <span class='ocrx_word' id='word_1_66' title='bbox 1021 1152 1157 1206; x_wconf 93' lang='lat' dir='ltr'><strong>vidit</strong></span> <span class='ocrx_word' id='word_1_67' title='bbox 1203 1152 1495 1206; x_wconf 81' lang='lat' dir='ltr'><strong>aedilicium</strong></span> <span class='ocrx_word' id='word_1_68' title='bbox 1532 1153 1765 1208; x_wconf 92' lang='lat' dir='ltr'><strong>civitatis</strong></span> <span class='ocrx_word' id='word_1_69' title='bbox 1801 1155 2075 1224; x_wconf 77' lang='lat' dir='ltr'><strong>vergentis</strong></span> 
     </span>
    </p>
   </div>
   <div class='ocr_carea' id='block_1_12' title="bbox 489 1243 2076 1316">
    <p class='ocr_par' dir='ltr' id='par_1_12' title="bbox 489 1243 2076 1316">
     <span class='ocr_line' id='line_1_12' title="bbox 489 1243 2076 1316; baseline 0.001 -17"><span class='ocrx_word' id='word_1_70' title='bbox 489 1244 556 1299; x_wconf 86' lang='lat' dir='ltr'><strong>ad</strong></span> <span class='ocrx_word' id='word_1_71' title='bbox 607 1255 880 1299; x_wconf 76' lang='lat' dir='ltr'><strong>austrum.</strong></span> <span class='ocrx_word' id='word_1_72' title='bbox 939 1243 1230 1299; x_wconf 79' lang='lat' dir='ltr'><strong>Sciendum</strong></span> <span class='ocrx_word' id='word_1_73' title='bbox 1263 1253 1346 1299; x_wconf 91' lang='lat' dir='ltr'><strong>est</strong></span> <span class='ocrx_word' id='word_1_74' title='bbox 1373 1245 1518 1315; x_wconf 91' lang='lat' dir='ltr'><strong>quod</strong></span> <span class='ocrx_word' id='word_1_75' title='bbox 1565 1255 1748 1299; x_wconf 90' lang='lat' dir='ltr'><strong>auster</strong></span> <span class='ocrx_word' id='word_1_76' title='bbox 1792 1255 1846 1300; x_wconf 91' lang='lat' dir='ltr'><strong>et</strong></span> <span class='ocrx_word' id='word_1_77' title='bbox 1890 1246 2076 1316; x_wconf 85' lang='lat' dir='ltr'><strong>aquilo</strong></span> 
     </span>
    </p>
   </div>
   <div class='ocr_carea' id='block_1_13' title="bbox 488 1337 2076 1408">
    <p class='ocr_par' dir='ltr' id='par_1_13' title="bbox 488 1337 2076 1408">
     <span class='ocr_line' id='line_1_13' title="bbox 488 1337 2076 1408; baseline 0.001 -18"><span class='ocrx_word' id='word_1_78' title='bbox 488 1345 618 1390; x_wconf 83' lang='lat' dir='ltr'><strong>sunt</strong></span> <span class='ocrx_word' id='word_1_79' title='bbox 658 1337 916 1392; x_wconf 82' lang='lat' dir='ltr'><strong>contrarii</strong></span> <span class='ocrx_word' id='word_1_80' title='bbox 964 1338 1108 1392; x_wconf 84' lang='lat' dir='ltr'><strong>venti</strong></span> <span class='ocrx_word' id='word_1_81' title='bbox 1159 1347 1212 1391; x_wconf 92' lang='lat' dir='ltr'><strong>et</strong></span> <span class='ocrx_word' id='word_1_82' title='bbox 1255 1337 1356 1392; x_wconf 93' lang='lat' dir='ltr'><strong>loci</strong></span> <span class='ocrx_word' id='word_1_83' title='bbox 1397 1337 1687 1406; x_wconf 78' lang='lat' dir='ltr'><strong>positione,</strong></span> <span class='ocrx_word' id='word_1_84' title='bbox 1719 1347 1771 1392; x_wconf 90' lang='lat' dir='ltr'><strong>et</strong></span> <span class='ocrx_word' id='word_1_85' title='bbox 1799 1340 2076 1408; x_wconf 87' lang='lat' dir='ltr'><strong>opposita-</strong></span> 
     </span>
    </p>
   </div>
   <div class='ocr_carea' id='block_1_14' title="bbox 482 1427 2075 1498">
    <p class='ocr_par' dir='ltr' id='par_1_14' title="bbox 482 1427 2075 1498">
     <span class='ocr_line' id='line_1_14' title="bbox 482 1427 2075 1498; baseline 0.003 -19"><span class='ocrx_word' id='word_1_86' title='bbox 482 1441 614 1480; x_wconf 74' lang='lat' dir='ltr'><strong>wm</strong></span> <span class='ocrx_word' id='word_1_87' title='bbox 649 1428 970 1496; x_wconf 73' lang='lat' dir='ltr'><strong>qualitatum</strong></span> <span class='ocrx_word' id='word_1_88' title='bbox 1015 1428 1337 1483; x_wconf 70' lang='lat' dir='ltr'><strong>differentia.</strong></span> <span class='ocrx_word' id='word_1_89' title='bbox 1386 1429 1584 1497; x_wconf 82' lang='lat' dir='ltr'><strong>Aquilo</strong></span> <span class='ocrx_word' id='word_1_90' title='bbox 1615 1427 1846 1498; x_wconf 90' lang='lat' dir='ltr'><strong>frigidus</strong></span> <span class='ocrx_word' id='word_1_91' title='bbox 1873 1438 1974 1494; x_wconf 90' lang='lat' dir='ltr'><strong>est,</strong></span> <span class='ocrx_word' id='word_1_92' title='bbox 2022 1438 2075 1484; x_wconf 85' lang='lat' dir='ltr'><strong>et</strong></span> 
     </span>
    </p>
   </div>
   <div class='ocr_carea' id='block_1_15' title="bbox 483 1519 2072 1590">
    <p class='ocr_par' dir='ltr' id='par_1_15' title="bbox 483 1519 2072 1590">
     <span class='ocr_line' id='line_1_15' title="bbox 483 1519 2072 1590; baseline 0.001 -18"><span class='ocrx_word' id='word_1_93' title='bbox 483 1519 762 1590; x_wconf 82' lang='lat' dir='ltr'><strong>significat</strong></span> <span class='ocrx_word' id='word_1_94' title='bbox 788 1520 1083 1586; x_wconf 89' lang='lat' dir='ltr'><strong>diabolum,</strong></span> <span class='ocrx_word' id='word_1_95' title='bbox 1108 1521 1200 1590; x_wconf 89' lang='lat' dir='ltr'><strong>qui</strong></span> <span class='ocrx_word' id='word_1_96' title='bbox 1245 1531 1452 1575; x_wconf 85' lang='lat' dir='ltr'><strong>mentes</strong></span> <span class='ocrx_word' id='word_1_97' title='bbox 1477 1536 1763 1589; x_wconf 89' lang='lat' dir='ltr'><strong>pravorum</strong></span> <span class='ocrx_word' id='word_1_98' title='bbox 1792 1521 2072 1574; x_wconf 86' lang='lat' dir='ltr'><strong>hominum</strong></span> 
     </span>
    </p>
   </div>
   <div class='ocr_carea' id='block_1_16' title="bbox 489 1609 2075 1680">
    <p class='ocr_par' dir='ltr' id='par_1_16' title="bbox 489 1609 2075 1680">
     <span class='ocr_line' id='line_1_16' title="bbox 489 1609 2075 1680; baseline 0.001 -19"><span class='ocrx_word' id='word_1_99' title='bbox 489 1609 692 1680; x_wconf 88' lang='lat' dir='ltr'><strong>frigore</strong></span> <span class='ocrx_word' id='word_1_100' title='bbox 727 1611 1034 1680; x_wconf 81' lang='lat' dir='ltr'><strong>congelatas</strong></span> <span class='ocrx_word' id='word_1_101' title='bbox 1064 1620 1276 1664; x_wconf 90' lang='lat' dir='ltr'><strong>tantum</strong></span> <span class='ocrx_word' id='word_1_102' title='bbox 1317 1610 1601 1664; x_wconf 77' lang='lat' dir='ltr'><strong>inhabitat.</strong></span> <span class='ocrx_word' id='word_1_103' title='bbox 1656 1609 1760 1676; x_wconf 88' lang='lat' dir='ltr'><strong>Qui</strong></span> <span class='ocrx_word' id='word_1_104' title='bbox 1791 1626 1887 1679; x_wconf 87' lang='lat' dir='ltr'><strong>per</strong></span> <span class='ocrx_word' id='word_1_105' title='bbox 1915 1611 2075 1678; x_wconf 90' lang='lat' dir='ltr'><strong>aqui-</strong></span> 
     </span>
    </p>
   </div>
   <div class='ocr_carea' id='block_1_17' title="bbox 481 1700 2070 1771">
    <p class='ocr_par' dir='ltr' id='par_1_17' title="bbox 481 1700 2070 1771">
     <span class='ocr_line' id='line_1_17' title="bbox 481 1700 2070 1771; baseline 0.002 -19"><span class='ocrx_word' id='word_1_106' title='bbox 481 1700 669 1756; x_wconf 74' lang='lat' dir='ltr'><strong>slonem</strong></span> <span class='ocrx_word' id='word_1_107' title='bbox 702 1701 838 1754; x_wconf 87' lang='lat' dir='ltr'><strong>bene</strong></span> <span class='ocrx_word' id='word_1_108' title='bbox 873 1700 1232 1771; x_wconf 82' lang='lat' dir='ltr'><strong>significatur,</strong></span> <span class='ocrx_word' id='word_1_109' title='bbox 1263 1702 1392 1771; x_wconf 83' lang='lat' dir='ltr'><strong>quia</strong></span> <span class='ocrx_word' id='word_1_110' title='bbox 1439 1702 1554 1770; x_wconf 90' lang='lat' dir='ltr'><strong>ipse</strong></span> <span class='ocrx_word' id='word_1_111' title='bbox 1589 1701 1724 1755; x_wconf 90' lang='lat' dir='ltr'><strong>dixit</strong></span> <span class='ocrx_word' id='word_1_112' title='bbox 1753 1719 1766 1754; x_wconf 90' lang='lat'><strong>:</strong></span> <span class='ocrx_word' id='word_1_113' title='bbox 1805 1720 1822 1752; x_wconf 86' lang='grc' dir='ltr'><strong>ι</strong></span> <span class='ocrx_word' id='word_1_114' title='bbox 1867 1700 2070 1755; x_wconf 87' lang='lat' dir='ltr'><strong>Ponam</strong></span> 
     </span>
    </p>
   </div>
   <div class='ocr_carea' id='block_1_18' title="bbox 480 1791 2072 1861">
    <p class='ocr_par' dir='ltr' id='par_1_18' title="bbox 480 1791 2072 1861">
     <span class='ocr_line' id='line_1_18' title="bbox 480 1791 2072 1861; baseline 0 -15"><span class='ocrx_word' id='word_1_115' title='bbox 480 1792 672 1846; x_wconf 69' lang='lat' dir='ltr'><strong>sedem</strong></span> <span class='ocrx_word' id='word_1_116' title='bbox 724 1807 900 1845; x_wconf 89' lang='lat' dir='ltr'><strong>meam</strong></span> <span class='ocrx_word' id='word_1_117' title='bbox 950 1791 1021 1853; x_wconf 82' lang='lat' dir='ltr'><strong>ad</strong></span> <span class='ocrx_word' id='word_1_118' title='bbox 1075 1793 1384 1860; x_wconf 88' lang='lat' dir='ltr'><strong>aquilonem</strong></span> <span class='ocrx_word' id='word_1_119' title='bbox 1445 1791 1582 1861; x_wconf 78' lang='lat' dir='ltr'><strong>(lsa.</strong></span> <span class='ocrx_word' id='word_1_120' title='bbox 1634 1795 1769 1846; x_wconf 74' lang='grc' dir='ltr'>χινὶ.</span> <span class='ocrx_word' id='word_1_121' title='bbox 1813 1811 1832 1844; x_wconf 75' lang='grc' dir='ltr'><strong>ι</strong></span> <span class='ocrx_word' id='word_1_122' title='bbox 1875 1793 2072 1847; x_wconf 86' lang='lat' dir='ltr'><strong>Auster</strong></span> 
     </span>
    </p>
   </div>
   <div class='ocr_carea' id='block_1_19' title="bbox 481 1861 2152 1953">
    <p class='ocr_par' dir='ltr' id='par_1_19' title="bbox 481 1861 2152 1953">
     <span class='ocr_line' id='line_1_19' title="bbox 481 1861 2152 1953; baseline 0.001 -17"><span class='ocrx_word' id='word_1_123' title='bbox 481 1892 671 1938; x_wconf 74' lang='lat' dir='ltr'><strong>autem</strong></span> <span class='ocrx_word' id='word_1_124' title='bbox 708 1884 920 1938; x_wconf 90' lang='lat' dir='ltr'><strong>calidus</strong></span> <span class='ocrx_word' id='word_1_125' title='bbox 948 1892 1052 1948; x_wconf 86' lang='lat' dir='ltr'><strong>est,</strong></span> <span class='ocrx_word' id='word_1_126' title='bbox 1094 1894 1148 1938; x_wconf 91' lang='lat' dir='ltr'><strong>et</strong></span> <span class='ocrx_word' id='word_1_127' title='bbox 1183 1884 1454 1953; x_wconf 85' lang='lat' dir='ltr'><strong>significat</strong></span> <span class='ocrx_word' id='word_1_128' title='bbox 1504 1883 1765 1953; x_wconf 89' lang='lat' dir='ltr'><strong>Spiritum</strong></span> <span class='ocrx_word' id='word_1_129' title='bbox 1801 1893 2072 1938; x_wconf 88' lang='lat' dir='ltr'><strong>sanctum.</strong></span> <span class='ocrx_word' id='word_1_130' title='bbox 2110 1861 2152 1914; x_wconf 78' lang='grc' dir='ltr'><strong>Β</strong></span> 
     </span>
    </p>
   </div>
   <div class='ocr_carea' id='block_1_20' title="bbox 488 1971 2074 2045">
    <p class='ocr_par' dir='ltr' id='par_1_20' title="bbox 488 1971 2074 2045">
     <span class='ocr_line' id='line_1_20' title="bbox 488 1971 2074 2045; baseline 0 -17"><span class='ocrx_word' id='word_1_131' title='bbox 488 1971 646 2029; x_wconf 79' lang='lat' dir='ltr'><strong>Unde</strong></span> <span class='ocrx_word' id='word_1_132' title='bbox 693 1975 932 2028; x_wconf 90' lang='lat' dir='ltr'><strong>dicitur:</strong></span> <span class='ocrx_word' id='word_1_133' title='bbox 975 1992 994 2025; x_wconf 82' lang='grc' dir='ltr'><strong>ι</strong></span> <span class='ocrx_word' id='word_1_134' title='bbox 1039 1973 1230 2045; x_wconf 90' lang='lat' dir='ltr'><strong>Surge,</strong></span> <span class='ocrx_word' id='word_1_135' title='bbox 1279 1975 1503 2044; x_wconf 81' lang='lat' dir='ltr'><strong>Aquilo,</strong></span> <span class='ocrx_word' id='word_1_136' title='bbox 1559 1986 1612 2029; x_wconf 90' lang='lat' dir='ltr'><strong>et</strong></span> <span class='ocrx_word' id='word_1_137' title='bbox 1670 1977 1814 2040; x_wconf 84' lang='lat' dir='ltr'><strong>veni,</strong></span> <span class='ocrx_word' id='word_1_138' title='bbox 1870 1984 2074 2041; x_wconf 88' lang='lat' dir='ltr'><strong>auster,</strong></span> 
     </span>
    </p>
   </div>
   <div class='ocr_carea' id='block_1_21' title="bbox 488 2063 2073 2135">
    <p class='ocr_par' dir='ltr' id='par_1_21' title="bbox 488 2063 2073 2135">
     <span class='ocr_line' id='line_1_21' title="bbox 488 2063 2073 2135; baseline 0.001 -17"><span class='ocrx_word' id='word_1_139' title='bbox 488 2063 653 2133; x_wconf 89' lang='lat' dir='ltr'><strong>pcrﬂa</strong></span> <span class='ocrx_word' id='word_1_140' title='bbox 685 2063 903 2116; x_wconf 83' lang='lat' dir='ltr'><strong>hortum</strong></span> <span class='ocrx_word' id='word_1_141' title='bbox 936 2078 1115 2118; x_wconf 89' lang='lat' dir='ltr'><strong>meum</strong></span> <span class='ocrx_word' id='word_1_142' title='bbox 1142 2072 1194 2117; x_wconf 90' lang='lat' dir='ltr'><strong>et</strong></span> <span class='ocrx_word' id='word_1_143' title='bbox 1225 2063 1390 2118; x_wconf 88' lang='lat' dir='ltr'><strong>ﬂuent</strong></span> <span class='ocrx_word' id='word_1_144' title='bbox 1423 2073 1662 2119; x_wconf 85' lang='lat' dir='ltr'><strong>aromata</strong></span> <span class='ocrx_word' id='word_1_145' title='bbox 1713 2064 1856 2118; x_wconf 90' lang='lat' dir='ltr'><strong>illius</strong></span> <span class='ocrx_word' id='word_1_146' title='bbox 1896 2066 2073 2135; x_wconf 82' lang='lat' dir='ltr'><strong>(Cant.</strong></span> 
     </span>
    </p>
   </div>
   <div class='ocr_carea' id='block_1_22' title="bbox 491 2139 2073 2225">
    <p class='ocr_par' dir='ltr' id='par_1_22' title="bbox 491 2139 2073 2225">
     <span class='ocr_line' id='line_1_22' title="bbox 491 2139 2073 2225; baseline 0.003 -17"><span class='ocrx_word' id='word_1_147' title='bbox 491 2161 588 2224; x_wconf 80' lang='lat' dir='ltr'><strong>tv).</strong></span> <span class='ocrx_word' id='word_1_148' title='bbox 623 2174 642 2206; x_wconf 68' lang='grc' dir='ltr'><strong>ι</strong></span> <span class='ocrx_word' id='word_1_149' title='bbox 672 2183 742 2194; x_wconf 88' lang='lat'><strong>--</strong></span> <span class='ocrx_word' id='word_1_150' title='bbox 778 2173 796 2204; x_wconf 84' lang='grc' dir='ltr'><strong>ι</strong></span> <span class='ocrx_word' id='word_1_151' title='bbox 833 2152 1028 2225; x_wconf 89' lang='lat' dir='ltr'><strong>Surge,</strong></span> <span class='ocrx_word' id='word_1_152' title='bbox 1063 2156 1270 2225; x_wconf 89' lang='lat' dir='ltr'><strong>aquilo,</strong></span> <span class='ocrx_word' id='word_1_153' title='bbox 1307 2174 1324 2206; x_wconf 85' lang='grc' dir='ltr'><strong>ι</strong></span> <span class='ocrx_word' id='word_1_154' title='bbox 1367 2155 1418 2209; x_wconf 93' lang='lat' dir='ltr'><strong>id</strong></span> <span class='ocrx_word' id='word_1_155' title='bbox 1460 2165 1544 2210; x_wconf 92' lang='lat' dir='ltr'><strong>est</strong></span> <span class='ocrx_word' id='word_1_156' title='bbox 1577 2156 1784 2220; x_wconf 87' lang='lat' dir='ltr'><strong>recede,</strong></span> <span class='ocrx_word' id='word_1_157' title='bbox 1825 2139 2073 2223; x_wconf 77' lang='lat' dir='ltr'><strong>diabolo;</strong></span> 
     </span>
    </p>
   </div>
   <div class='ocr_carea' id='block_1_23' title="bbox 495 2244 2079 2315">
    <p class='ocr_par' dir='ltr' id='par_1_23' title="bbox 495 2244 2079 2315">
     <span class='ocr_line' id='line_1_23' title="bbox 495 2244 2079 2315; baseline 0.005 -20"><span class='ocrx_word' id='word_1_158' title='bbox 495 2263 515 2295; x_wconf 71' lang='grc' dir='ltr'><strong>ι</strong></span> <span class='ocrx_word' id='word_1_159' title='bbox 550 2253 605 2299; x_wconf 92' lang='lat' dir='ltr'><strong>et</strong></span> <span class='ocrx_word' id='word_1_160' title='bbox 649 2244 793 2309; x_wconf 81' lang='lat' dir='ltr'><strong>veni,</strong></span> <span class='ocrx_word' id='word_1_161' title='bbox 839 2255 1043 2310; x_wconf 89' lang='lat' dir='ltr'><strong>auster,</strong></span> <span class='ocrx_word' id='word_1_162' title='bbox 1094 2245 1146 2299; x_wconf 90' lang='lat' dir='ltr'><strong>id</strong></span> <span class='ocrx_word' id='word_1_163' title='bbox 1194 2253 1278 2301; x_wconf 85' lang='lat' dir='ltr'><strong>est</strong></span> <span class='ocrx_word' id='word_1_164' title='bbox 1331 2256 1519 2301; x_wconf 89' lang='lat' dir='ltr'><strong>sancte</strong></span> <span class='ocrx_word' id='word_1_165' title='bbox 1571 2246 1825 2315; x_wconf 90' lang='lat' dir='ltr'><strong>Spiritus.</strong></span> <span class='ocrx_word' id='word_1_166' title='bbox 1876 2247 2079 2304; x_wconf 86' lang='lat' dir='ltr'><strong>llortus</strong></span> 
     </span>
    </p>
   </div>
   <div class='ocr_carea' id='block_1_24' title="bbox 481 2334 2077 2407">
    <p class='ocr_par' dir='ltr' id='par_1_24' title="bbox 481 2334 2077 2407">
     <span class='ocr_line' id='line_1_24' title="bbox 481 2334 2077 2407; baseline 0.003 -17"><span class='ocrx_word' id='word_1_167' title='bbox 481 2337 677 2406; x_wconf 64' lang='lat' dir='ltr'><strong>sponsi</strong></span> <span class='ocrx_word' id='word_1_168' title='bbox 737 2334 978 2390; x_wconf 80' lang='lat' dir='ltr'><strong>Ecclesia</strong></span> <span class='ocrx_word' id='word_1_169' title='bbox 1031 2345 1134 2401; x_wconf 86' lang='lat' dir='ltr'><strong>est,</strong></span> <span class='ocrx_word' id='word_1_170' title='bbox 1187 2351 1309 2406; x_wconf 66' lang='lat' dir='ltr'><strong>quae</strong></span> <span class='ocrx_word' id='word_1_171' title='bbox 1357 2337 1566 2400; x_wconf 76' lang='lat' dir='ltr'><strong>virtute</strong></span> <span class='ocrx_word' id='word_1_172' title='bbox 1611 2337 1846 2407; x_wconf 86' lang='lat' dir='ltr'><strong>Spiritus</strong></span> <span class='ocrx_word' id='word_1_173' title='bbox 1904 2341 2077 2394; x_wconf 91' lang='lat' dir='ltr'><strong>sancti</strong></span> 
     </span>
    </p>
   </div>
   <div class='ocr_carea' id='block_1_25' title="bbox 482 2425 2080 2497">
    <p class='ocr_par' dir='ltr' id='par_1_25' title="bbox 482 2425 2080 2497">
     <span class='ocr_line' id='line_1_25' title="bbox 482 2425 2080 2497; baseline 0.002 -17"><span class='ocrx_word' id='word_1_174' title='bbox 482 2427 736 2496; x_wconf 82' lang='lat' dir='ltr'><strong>procedit</strong></span> <span class='ocrx_word' id='word_1_175' title='bbox 779 2426 832 2479; x_wconf 92' lang='lat' dir='ltr'><strong>in</strong></span> <span class='ocrx_word' id='word_1_176' title='bbox 863 2436 1214 2496; x_wconf 85' lang='lat' dir='ltr'><strong>augmentum</strong></span> <span class='ocrx_word' id='word_1_177' title='bbox 1258 2428 1540 2481; x_wconf 89' lang='lat' dir='ltr'><strong>virtutum.</strong></span> <span class='ocrx_word' id='word_1_178' title='bbox 1579 2425 1742 2482; x_wconf 84' lang='lat' dir='ltr'><strong>Recte</strong></span> <span class='ocrx_word' id='word_1_179' title='bbox 1771 2443 1903 2497; x_wconf 89' lang='lat' dir='ltr'><strong>ergo</strong></span> <span class='ocrx_word' id='word_1_180' title='bbox 1946 2429 2080 2483; x_wconf 89' lang='lat' dir='ltr'><strong>civi-</strong></span> 
     </span>
    </p>
   </div>
   <div class='ocr_carea' id='block_1_26' title="bbox 481 2516 2078 2588">
    <p class='ocr_par' dir='ltr' id='par_1_26' title="bbox 481 2516 2078 2588">
     <span class='ocr_line' id='line_1_26' title="bbox 481 2516 2078 2588; baseline 0.001 -18"><span class='ocrx_word' id='word_1_181' title='bbox 481 2527 576 2572; x_wconf 62' lang='lat' dir='ltr'><strong>tas</strong></span> <span class='ocrx_word' id='word_1_182' title='bbox 610 2516 677 2570; x_wconf 91' lang='lat' dir='ltr'><strong>ad</strong></span> <span class='ocrx_word' id='word_1_183' title='bbox 708 2526 954 2572; x_wconf 86' lang='lat' dir='ltr'><strong>austrum</strong></span> <span class='ocrx_word' id='word_1_184' title='bbox 991 2516 1190 2571; x_wconf 86' lang='lat' dir='ltr'><strong>dicitur</strong></span> <span class='ocrx_word' id='word_1_185' title='bbox 1218 2533 1460 2586; x_wconf 84' lang='lat' dir='ltr'><strong>vergere,</strong></span> <span class='ocrx_word' id='word_1_186' title='bbox 1497 2517 1548 2572; x_wconf 91' lang='lat' dir='ltr'><strong>id</strong></span> <span class='ocrx_word' id='word_1_187' title='bbox 1581 2529 1665 2572; x_wconf 88' lang='lat' dir='ltr'><strong>est</strong></span> <span class='ocrx_word' id='word_1_188' title='bbox 1698 2518 1902 2588; x_wconf 84' lang='lat' dir='ltr'><strong>Spritui</strong></span> <span class='ocrx_word' id='word_1_189' title='bbox 1947 2535 2078 2574; x_wconf 84' lang='lat' dir='ltr'><strong>san-</strong></span> 
     </span>
    </p>
   </div>
   <div class='ocr_carea' id='block_1_27' title="bbox 481 2611 2076 2680">
    <p class='ocr_par' dir='ltr' id='par_1_27' title="bbox 481 2611 2076 2680">
     <span class='ocr_line' id='line_1_27' title="bbox 481 2611 2076 2680; baseline -0.001 -14"><span class='ocrx_word' id='word_1_190' title='bbox 481 2620 580 2666; x_wconf 76' lang='lat' dir='ltr'><strong>cto</strong></span> <span class='ocrx_word' id='word_1_191' title='bbox 609 2625 890 2680; x_wconf 88' lang='lat' dir='ltr'><strong>apparere,</strong></span> <span class='ocrx_word' id='word_1_192' title='bbox 943 2611 1072 2679; x_wconf 90' lang='lat' dir='ltr'><strong>quia</strong></span> <span class='ocrx_word' id='word_1_193' title='bbox 1121 2611 1240 2679; x_wconf 86' lang='lat' dir='ltr'><strong>ejus</strong></span> <span class='ocrx_word' id='word_1_194' title='bbox 1286 2611 1622 2679; x_wconf 87' lang='lat' dir='ltr'><strong>protectione</strong></span> <span class='ocrx_word' id='word_1_195' title='bbox 1657 2621 1710 2664; x_wconf 88' lang='lat' dir='ltr'><strong>et</strong></span> <span class='ocrx_word' id='word_1_196' title='bbox 1739 2611 1938 2666; x_wconf 74' lang='lat' dir='ltr'><strong>virtute</strong></span> <span class='ocrx_word' id='word_1_197' title='bbox 1968 2621 2076 2666; x_wconf 91' lang='lat' dir='ltr'><strong>tota</strong></span> 
     </span>
    </p>
   </div>
   <div class='ocr_carea' id='block_1_28' title="bbox 491 2703 2079 2774">
    <p class='ocr_par' dir='ltr' id='par_1_28' title="bbox 491 2703 2079 2774">
     <span class='ocr_line' id='line_1_28' title="bbox 491 2703 2079 2774; baseline 0.002 -18"><span class='ocrx_word' id='word_1_198' title='bbox 491 2703 744 2757; x_wconf 90' lang='lat' dir='ltr'><strong>machina</strong></span> <span class='ocrx_word' id='word_1_199' title='bbox 780 2703 1021 2757; x_wconf 66' lang='lat' dir='ltr'><strong>caelestis</strong></span> <span class='ocrx_word' id='word_1_200' title='bbox 1060 2703 1269 2757; x_wconf 62' lang='lat' dir='ltr'><strong>aedificii</strong></span> <span class='ocrx_word' id='word_1_201' title='bbox 1297 2704 1607 2758; x_wconf 89' lang='lat' dir='ltr'><strong>continetur</strong></span> <span class='ocrx_word' id='word_1_202' title='bbox 1631 2713 1687 2758; x_wconf 90' lang='lat' dir='ltr'><strong>et</strong></span> <span class='ocrx_word' id='word_1_203' title='bbox 1714 2705 1939 2774; x_wconf 82' lang='lat' dir='ltr'><strong>regitur.</strong></span> <span class='ocrx_word' id='word_1_204' title='bbox 2004 2704 2079 2760; x_wconf 81' lang='lat' dir='ltr'><strong>De</strong></span> 
     </span>
    </p>
   </div>
   <div class='ocr_carea' id='block_1_29' title="bbox 489 2794 2078 2865">
    <p class='ocr_par' dir='ltr' id='par_1_29' title="bbox 489 2794 2078 2865">
     <span class='ocr_line' id='line_1_29' title="bbox 489 2794 2078 2865; baseline 0.001 -16"><span class='ocrx_word' id='word_1_205' title='bbox 489 2794 684 2849; x_wconf 87' lang='lat' dir='ltr'><strong>ordine</strong></span> <span class='ocrx_word' id='word_1_206' title='bbox 727 2794 940 2848; x_wconf 75' lang='lat' dir='ltr'><strong>tedificii</strong></span> <span class='ocrx_word' id='word_1_207' title='bbox 991 2794 1274 2849; x_wconf 90' lang='lat' dir='ltr'><strong>sciendum</strong></span> <span class='ocrx_word' id='word_1_208' title='bbox 1315 2805 1395 2850; x_wconf 85' lang='lat' dir='ltr'><strong>cst</strong></span> <span class='ocrx_word' id='word_1_209' title='bbox 1435 2796 1576 2865; x_wconf 89' lang='lat' dir='ltr'><strong>quod</strong></span> <span class='ocrx_word' id='word_1_210' title='bbox 1617 2796 2078 2865; x_wconf 89' lang='lat' dir='ltr'><strong>quemadmodum</strong></span> 
     </span>
    </p>
   </div>
   <div class='ocr_carea' id='block_1_30' title="bbox 492 2885 2076 2960">
    <p class='ocr_par' dir='ltr' id='par_1_30' title="bbox 492 2885 2076 2960">
     <span class='ocr_line' id='line_1_30' title="bbox 492 2885 2076 2960; baseline 0.001 -20"><span class='ocrx_word' id='word_1_211' title='bbox 492 2885 550 2941; x_wconf 82' lang='lat' dir='ltr'><strong>in</strong></span> <span class='ocrx_word' id='word_1_212' title='bbox 580 2886 850 2956; x_wconf 88' lang='lat' dir='ltr'><strong>corporali</strong></span> <span class='ocrx_word' id='word_1_213' title='bbox 880 2887 1131 2941; x_wconf 87' lang='lat' dir='ltr'><strong>machina</strong></span> <span class='ocrx_word' id='word_1_214' title='bbox 1163 2895 1291 2941; x_wconf 89' lang='lat' dir='ltr'><strong>sunt</strong></span> <span class='ocrx_word' id='word_1_215' title='bbox 1316 2897 1422 2942; x_wconf 86' lang='lat' dir='ltr'><strong>tres</strong></span> <span class='ocrx_word' id='word_1_216' title='bbox 1446 2889 1790 2943; x_wconf 80' lang='lat' dir='ltr'><strong>diversitates</strong></span> <span class='ocrx_word' id='word_1_217' title='bbox 1817 2889 2076 2960; x_wconf 85' lang='lat' dir='ltr'><strong>lapidum,</strong></span> 
     </span>
    </p>
   </div>
   <div class='ocr_carea' id='block_1_31' title="bbox 491 2979 2081 3051">
    <p class='ocr_par' dir='ltr' id='par_1_31' title="bbox 491 2979 2081 3051">
     <span class='ocr_line' id='line_1_31' title="bbox 491 2979 2081 3051; baseline 0.003 -19"><span class='ocrx_word' id='word_1_218' title='bbox 491 2979 568 3033; x_wconf 85' lang='lat' dir='ltr'><strong>ita</strong></span> <span class='ocrx_word' id='word_1_219' title='bbox 597 2989 649 3033; x_wconf 92' lang='lat' dir='ltr'><strong>et</strong></span> <span class='ocrx_word' id='word_1_220' title='bbox 678 2980 730 3033; x_wconf 92' lang='lat' dir='ltr'><strong>in</strong></span> <span class='ocrx_word' id='word_1_221' title='bbox 760 2980 990 3050; x_wconf 78' lang='lat' dir='ltr'><strong>spiritali</strong></span> <span class='ocrx_word' id='word_1_222' title='bbox 1037 2980 1284 3035; x_wconf 60' lang='lat' dir='ltr'><strong>aedificio.</strong></span> <span class='ocrx_word' id='word_1_223' title='bbox 1323 2981 1553 3047; x_wconf 83' lang='lat' dir='ltr'><strong>Quidam</strong></span> <span class='ocrx_word' id='word_1_224' title='bbox 1591 2983 1736 3036; x_wconf 89' lang='lat' dir='ltr'><strong>enim</strong></span> <span class='ocrx_word' id='word_1_225' title='bbox 1769 2983 1840 3036; x_wconf 90' lang='lat' dir='ltr'><strong>ibi</strong></span> <span class='ocrx_word' id='word_1_226' title='bbox 1874 2983 2081 3051; x_wconf 88' lang='lat' dir='ltr'><strong>lapides</strong></span> 
     </span>
    </p>
   </div>
   <div class='ocr_carea' id='block_1_32' title="bbox 493 3072 2081 3142">
    <p class='ocr_par' dir='ltr' id='par_1_32' title="bbox 493 3072 2081 3142">
     <span class='ocr_line' id='line_1_32' title="bbox 493 3072 2081 3142; baseline 0.001 -18"><span class='ocrx_word' id='word_1_227' title='bbox 493 3081 623 3125; x_wconf 74' lang='lat' dir='ltr'><strong>sunt</strong></span> <span class='ocrx_word' id='word_1_228' title='bbox 665 3072 757 3140; x_wconf 91' lang='lat' dir='ltr'><strong>qui</strong></span> <span class='ocrx_word' id='word_1_229' title='bbox 791 3081 1000 3125; x_wconf 88' lang='lat' dir='ltr'><strong>tantum</strong></span> <span class='ocrx_word' id='word_1_230' title='bbox 1034 3081 1272 3141; x_wconf 90' lang='lat' dir='ltr'><strong>portant,</strong></span> <span class='ocrx_word' id='word_1_231' title='bbox 1315 3073 1535 3142; x_wconf 88' lang='lat' dir='ltr'><strong>quidam</strong></span> <span class='ocrx_word' id='word_1_232' title='bbox 1573 3074 1663 3142; x_wconf 90' lang='lat' dir='ltr'><strong>qui</strong></span> <span class='ocrx_word' id='word_1_233' title='bbox 1699 3083 1907 3128; x_wconf 89' lang='lat' dir='ltr'><strong>tantum</strong></span> <span class='ocrx_word' id='word_1_234' title='bbox 1957 3089 2081 3141; x_wconf 82' lang='lat' dir='ltr'><strong>por-</strong></span> 
     </span>
    </p>
   </div>
   <div class='ocr_carea' id='block_1_33' title="bbox 2177 599 3732 672">
    <p class='ocr_par' dir='ltr' id='par_1_33' title="bbox 2177 599 3732 672">
     <span class='ocr_line' id='line_1_33' title="bbox 2177 599 3732 672; baseline 0.004 -16"><span class='ocrx_word' id='word_1_235' title='bbox 2177 599 2320 656; x_wconf 89' lang='lat' dir='ltr'><strong>dicat</strong></span> <span class='ocrx_word' id='word_1_236' title='bbox 2349 609 2634 672; x_wconf 81' lang='lat' dir='ltr'><strong>martyres,</strong></span> <span class='ocrx_word' id='word_1_237' title='bbox 2661 601 2754 671; x_wconf 90' lang='lat' dir='ltr'><strong>qui</strong></span> <span class='ocrx_word' id='word_1_238' title='bbox 2784 601 2836 656; x_wconf 91' lang='lat' dir='ltr'><strong>in</strong></span> <span class='ocrx_word' id='word_1_239' title='bbox 2870 603 2971 657; x_wconf 89' lang='lat' dir='ltr'><strong>hoc</strong></span> <span class='ocrx_word' id='word_1_240' title='bbox 2997 603 3225 659; x_wconf 66' lang='lat' dir='ltr'><strong>aedificio</strong></span> <span class='ocrx_word' id='word_1_241' title='bbox 3249 614 3416 659; x_wconf 84' lang='lat' dir='ltr'><strong>erunt</strong></span> <span class='ocrx_word' id='word_1_242' title='bbox 3457 613 3516 658; x_wconf 88' lang='lat' dir='ltr'><strong>ut</strong></span> <span class='ocrx_word' id='word_1_243' title='bbox 3545 606 3732 663; x_wconf 77' lang='lat' dir='ltr'><strong>sardius</strong></span> 
     </span>
    </p>
   </div>
   <div class='ocr_carea' id='block_1_34' title="bbox 2176 692 3732 765">
    <p class='ocr_par' dir='ltr' id='par_1_34' title="bbox 2176 692 3732 765">
     <span class='ocr_line' id='line_1_34' title="bbox 2176 692 3732 765; baseline 0.003 -19"><span class='ocrx_word' id='word_1_244' title='bbox 2176 693 2470 748; x_wconf 88' lang='lat' dir='ltr'><strong>radiantes.</strong></span> <span class='ocrx_word' id='word_1_245' title='bbox 2525 692 2801 762; x_wconf 88' lang='lat' dir='ltr'><strong>Septimus</strong></span> <span class='ocrx_word' id='word_1_246' title='bbox 2829 703 2911 748; x_wconf 90' lang='lat' dir='ltr'><strong>est</strong></span> <span class='ocrx_word' id='word_1_247' title='bbox 2940 695 3332 765; x_wconf 72' lang='lat' dir='ltr'><strong>ehrysolithus,</strong></span> <span class='ocrx_word' id='word_1_248' title='bbox 3366 694 3461 765; x_wconf 90' lang='lat' dir='ltr'><strong>qui</strong></span> <span class='ocrx_word' id='word_1_249' title='bbox 3490 706 3572 750; x_wconf 87' lang='lat' dir='ltr'><strong>est</strong></span> <span class='ocrx_word' id='word_1_250' title='bbox 3609 699 3732 752; x_wconf 87' lang='lat' dir='ltr'><strong>auri-</strong></span> 
     </span>
    </p>
   </div>
   <div class='ocr_carea' id='block_1_35' title="bbox 2175 784 3731 852">
    <p class='ocr_par' dir='ltr' id='par_1_35' title="bbox 2175 784 3731 852">
     <span class='ocr_line' id='line_1_35' title="bbox 2175 784 3731 852; baseline 0.004 -14"><span class='ocrx_word' id='word_1_251' title='bbox 2175 784 2345 850; x_wconf 91' lang='lat' dir='ltr'><strong>color,</strong></span> <span class='ocrx_word' id='word_1_252' title='bbox 2393 793 2447 839; x_wconf 89' lang='lat' dir='ltr'><strong>et</strong></span> <span class='ocrx_word' id='word_1_253' title='bbox 2503 785 2762 839; x_wconf 89' lang='lat' dir='ltr'><strong>scintillat</strong></span> <span class='ocrx_word' id='word_1_254' title='bbox 2815 786 2957 839; x_wconf 88' lang='lat' dir='ltr'><strong>velut</strong></span> <span class='ocrx_word' id='word_1_255' title='bbox 3007 787 3273 852; x_wconf 85' lang='lat' dir='ltr'><strong>clibanus,</strong></span> <span class='ocrx_word' id='word_1_256' title='bbox 3328 788 3613 842; x_wconf 80' lang='lat' dir='ltr'><strong>insinuans</strong></span> <span class='ocrx_word' id='word_1_257' title='bbox 3655 805 3731 844; x_wconf 72' lang='lat' dir='ltr'><strong>eos</strong></span> 
     </span>
    </p>
   </div>
   <div class='ocr_carea' id='block_1_36' title="bbox 2176 876 3732 945">
    <p class='ocr_par' dir='ltr' id='par_1_36' title="bbox 2176 876 3732 945">
     <span class='ocr_line' id='line_1_36' title="bbox 2176 876 3732 945; baseline 0.004 -17"><span class='ocrx_word' id='word_1_258' title='bbox 2176 877 2270 944; x_wconf 90' lang='lat' dir='ltr'><strong>qui</strong></span> <span class='ocrx_word' id='word_1_259' title='bbox 2327 883 2456 929; x_wconf 90' lang='lat' dir='ltr'><strong>sunt</strong></span> <span class='ocrx_word' id='word_1_260' title='bbox 2511 877 2776 945; x_wconf 88' lang='lat' dir='ltr'><strong>sapientia</strong></span> <span class='ocrx_word' id='word_1_261' title='bbox 2835 876 3198 942; x_wconf 88' lang='lat' dir='ltr'><strong>ﬂammantes,</strong></span> <span class='ocrx_word' id='word_1_262' title='bbox 3253 878 3424 933; x_wconf 88' lang='lat' dir='ltr'><strong>variis</strong></span> <span class='ocrx_word' id='word_1_263' title='bbox 3481 880 3732 936; x_wconf 71' lang='lat' dir='ltr'><strong>sententiis</strong></span> 
     </span>
    </p>
   </div>
   <div class='ocr_carea' id='block_1_37' title="bbox 2175 969 3728 1042">
    <p class='ocr_par' dir='ltr' id='par_1_37' title="bbox 2175 969 3728 1042">
     <span class='ocr_line' id='line_1_37' title="bbox 2175 969 3728 1042; baseline 0.006 -22"><span class='ocrx_word' id='word_1_264' title='bbox 2175 969 2556 1034; x_wconf 86' lang='lat' dir='ltr'><strong>scintillantes,</strong></span> <span class='ocrx_word' id='word_1_265' title='bbox 2589 970 2681 1038; x_wconf 89' lang='lat' dir='ltr'><strong>qui</strong></span> <span class='ocrx_word' id='word_1_266' title='bbox 2713 979 2875 1023; x_wconf 85' lang='lat' dir='ltr'><strong>erunt</strong></span> <span class='ocrx_word' id='word_1_267' title='bbox 2917 971 2972 1023; x_wconf 91' lang='lat' dir='ltr'><strong>in</strong></span> <span class='ocrx_word' id='word_1_268' title='bbox 3010 971 3113 1025; x_wconf 88' lang='lat' dir='ltr'><strong>hoc</strong></span> <span class='ocrx_word' id='word_1_269' title='bbox 3137 971 3370 1026; x_wconf 71' lang='lat' dir='ltr'><strong>azdifieio</strong></span> <span class='ocrx_word' id='word_1_270' title='bbox 3404 981 3462 1024; x_wconf 91' lang='lat' dir='ltr'><strong>ut</strong></span> <span class='ocrx_word' id='word_1_271' title='bbox 3495 972 3728 1042; x_wconf 69' lang='lat' dir='ltr'><strong>chrysollo</strong></span> 
     </span>
    </p>
   </div>
   <div class='ocr_carea' id='block_1_38' title="bbox 2177 1059 3725 1135">
    <p class='ocr_par' dir='ltr' id='par_1_38' title="bbox 2177 1059 3725 1135">
     <span class='ocr_line' id='line_1_38' title="bbox 2177 1059 3725 1135; baseline 0.005 -23"><span class='ocrx_word' id='word_1_272' title='bbox 2177 1060 2304 1114; x_wconf 74' lang='lat' dir='ltr'><strong>thus</strong></span> <span class='ocrx_word' id='word_1_273' title='bbox 2335 1060 2642 1115; x_wconf 87' lang='lat' dir='ltr'><strong>rutilantes.</strong></span> <span class='ocrx_word' id='word_1_274' title='bbox 2700 1059 2940 1116; x_wconf 83' lang='lat' dir='ltr'><strong>Octavus</strong></span> <span class='ocrx_word' id='word_1_275' title='bbox 2971 1061 3376 1131; x_wconf 65' lang='lat' dir='ltr'><strong>super-additur,</strong></span> <span class='ocrx_word' id='word_1_276' title='bbox 3410 1063 3632 1133; x_wconf 73' lang='lat' dir='ltr'><strong>bctyllus</strong></span> <span class='ocrx_word' id='word_1_277' title='bbox 3653 1068 3725 1135; x_wconf 86' lang='lat' dir='ltr'><strong>qui</strong></span> 
     </span>
    </p>
   </div>
   <div class='ocr_carea' id='block_1_39' title="bbox 2173 1151 3725 1224">
    <p class='ocr_par' dir='ltr' id='par_1_39' title="bbox 2173 1151 3725 1224">
     <span class='ocr_line' id='line_1_39' title="bbox 2173 1151 3725 1224; baseline 0.004 -20"><span class='ocrx_word' id='word_1_278' title='bbox 2173 1159 2256 1204; x_wconf 88' lang='lat' dir='ltr'><strong>est</strong></span> <span class='ocrx_word' id='word_1_279' title='bbox 2288 1159 2347 1204; x_wconf 88' lang='lat' dir='ltr'><strong>ut</strong></span> <span class='ocrx_word' id='word_1_280' title='bbox 2387 1151 2468 1204; x_wconf 89' lang='lat' dir='ltr'><strong>sol</strong></span> <span class='ocrx_word' id='word_1_281' title='bbox 2501 1152 2554 1204; x_wconf 93' lang='lat' dir='ltr'><strong>in</strong></span> <span class='ocrx_word' id='word_1_282' title='bbox 2587 1168 2727 1221; x_wconf 89' lang='lat' dir='ltr'><strong>aqua</strong></span> <span class='ocrx_word' id='word_1_283' title='bbox 2771 1153 3030 1222; x_wconf 90' lang='lat' dir='ltr'><strong>limpidis,</strong></span> <span class='ocrx_word' id='word_1_284' title='bbox 3068 1153 3365 1222; x_wconf 85' lang='lat' dir='ltr'><strong>praeferens</strong></span> <span class='ocrx_word' id='word_1_285' title='bbox 3393 1169 3488 1208; x_wconf 90' lang='lat' dir='ltr'><strong>eos</strong></span> <span class='ocrx_word' id='word_1_286' title='bbox 3514 1156 3600 1224; x_wconf 91' lang='lat' dir='ltr'><strong>qui</strong></span> <span class='ocrx_word' id='word_1_287' title='bbox 3625 1168 3725 1211; x_wconf 86' lang='lat' dir='ltr'><strong>sunt</strong></span> 
     </span>
    </p>
   </div>
   <div class='ocr_carea' id='block_1_40' title="bbox 2176 1243 3725 1315">
    <p class='ocr_par' dir='ltr' id='par_1_40' title="bbox 2176 1243 3725 1315">
     <span class='ocr_line' id='line_1_40' title="bbox 2176 1243 3725 1315; baseline 0.006 -21"><span class='ocrx_word' id='word_1_288' title='bbox 2176 1257 2310 1310; x_wconf 88' lang='lat' dir='ltr'><strong>pura</strong></span> <span class='ocrx_word' id='word_1_289' title='bbox 2360 1252 2538 1296; x_wconf 87' lang='lat' dir='ltr'><strong>mente</strong></span> <span class='ocrx_word' id='word_1_290' title='bbox 2586 1243 2924 1313; x_wconf 85' lang='lat' dir='ltr'><strong>spiritalibus</strong></span> <span class='ocrx_word' id='word_1_291' title='bbox 2968 1244 3311 1308; x_wconf 86' lang='lat' dir='ltr'><strong>intendentes</strong></span> <span class='ocrx_word' id='word_1_292' title='bbox 3339 1263 3352 1298; x_wconf 93' lang='lat'><strong>:</strong></span> <span class='ocrx_word' id='word_1_293' title='bbox 3383 1247 3651 1315; x_wconf 90' lang='lat' dir='ltr'><strong>quierunt</strong></span> <span class='ocrx_word' id='word_1_294' title='bbox 3681 1249 3725 1303; x_wconf 87' lang='lat' dir='ltr'><strong>in</strong></span> 
     </span>
    </p>
   </div>
   <div class='ocr_carea' id='block_1_41' title="bbox 2176 1331 3728 1405">
    <p class='ocr_par' dir='ltr' id='par_1_41' title="bbox 2176 1331 3728 1405">
     <span class='ocr_line' id='line_1_41' title="bbox 2176 1331 3728 1405; baseline 0.007 -21"><span class='ocrx_word' id='word_1_295' title='bbox 2176 1331 2280 1386; x_wconf 90' lang='lat' dir='ltr'><strong>hoc</strong></span> <span class='ocrx_word' id='word_1_296' title='bbox 2309 1333 2538 1388; x_wconf 61' lang='lat' dir='ltr'><strong>mitificio</strong></span> <span class='ocrx_word' id='word_1_297' title='bbox 2590 1343 2648 1388; x_wconf 89' lang='lat' dir='ltr'><strong>ut</strong></span> <span class='ocrx_word' id='word_1_298' title='bbox 2692 1334 2930 1405; x_wconf 80' lang='lat' dir='ltr'><strong>beryllus</strong></span> <span class='ocrx_word' id='word_1_299' title='bbox 2974 1335 3228 1390; x_wconf 88' lang='lat' dir='ltr'><strong>nitentes.</strong></span> <span class='ocrx_word' id='word_1_300' title='bbox 3279 1334 3470 1392; x_wconf 81' lang='lat' dir='ltr'><strong>Nonus</strong></span> <span class='ocrx_word' id='word_1_301' title='bbox 3509 1340 3728 1395; x_wconf 83' lang='lat' dir='ltr'><strong>scribitur</strong></span> 
     </span>
    </p>
   </div>
   <div class='ocr_carea' id='block_1_42' title="bbox 2177 1423 3727 1491">
    <p class='ocr_par' dir='ltr' id='par_1_42' title="bbox 2177 1423 3727 1491">
     <span class='ocr_line' id='line_1_42' title="bbox 2177 1423 3727 1491; baseline 0.007 -16"><span class='ocrx_word' id='word_1_302' title='bbox 2177 1423 2442 1491; x_wconf 91' lang='lat' dir='ltr'><strong>topazius,</strong></span> <span class='ocrx_word' id='word_1_303' title='bbox 2495 1425 2660 1479; x_wconf 87' lang='lat' dir='ltr'><strong>variis</strong></span> <span class='ocrx_word' id='word_1_304' title='bbox 2712 1425 3007 1490; x_wconf 90' lang='lat' dir='ltr'><strong>coloribus,</strong></span> <span class='ocrx_word' id='word_1_305' title='bbox 3065 1426 3158 1480; x_wconf 90' lang='lat' dir='ltr'><strong>sed</strong></span> <span class='ocrx_word' id='word_1_306' title='bbox 3214 1427 3455 1482; x_wconf 77' lang='lat' dir='ltr'><strong>maxime</strong></span> <span class='ocrx_word' id='word_1_307' title='bbox 3493 1445 3645 1484; x_wconf 88' lang='lat' dir='ltr'><strong>aureo</strong></span> <span class='ocrx_word' id='word_1_308' title='bbox 3683 1441 3727 1487; x_wconf 85' lang='lat' dir='ltr'><strong>et</strong></span> 
     </span>
    </p>
   </div>
   <div class='ocr_carea' id='block_1_43' title="bbox 2177 1516 3725 1591">
    <p class='ocr_par' dir='ltr' id='par_1_43' title="bbox 2177 1516 3725 1591">
     <span class='ocr_line' id='line_1_43' title="bbox 2177 1516 3725 1591; baseline 0.007 -25"><span class='ocrx_word' id='word_1_309' title='bbox 2177 1529 2336 1570; x_wconf 90' lang='lat' dir='ltr'><strong>aereo</strong></span> <span class='ocrx_word' id='word_1_310' title='bbox 2369 1516 2685 1585; x_wconf 66' lang='lat' dir='ltr'><strong>prteclarus,</strong></span> <span class='ocrx_word' id='word_1_311' title='bbox 2714 1518 3031 1587; x_wconf 87' lang='lat' dir='ltr'><strong>significans</strong></span> <span class='ocrx_word' id='word_1_312' title='bbox 3071 1534 3166 1572; x_wconf 90' lang='lat' dir='ltr'><strong>eos</strong></span> <span class='ocrx_word' id='word_1_313' title='bbox 3193 1519 3289 1588; x_wconf 90' lang='lat' dir='ltr'><strong>qui</strong></span> <span class='ocrx_word' id='word_1_314' title='bbox 3335 1519 3391 1572; x_wconf 90' lang='lat' dir='ltr'><strong>in</strong></span> <span class='ocrx_word' id='word_1_315' title='bbox 3432 1523 3725 1591; x_wconf 54' lang='lat' dir='ltr'><strong>contempla.</strong></span> 
     </span>
    </p>
   </div>
   <div class='ocr_carea' id='block_1_44' title="bbox 2177 1605 3723 1678">
    <p class='ocr_par' dir='ltr' id='par_1_44' title="bbox 2177 1605 3723 1678">
     <span class='ocr_line' id='line_1_44' title="bbox 2177 1605 3723 1678; baseline 0.006 -20"><span class='ocrx_word' id='word_1_316' title='bbox 2177 1605 2284 1660; x_wconf 87' lang='lat' dir='ltr'><strong>tiva</strong></span> <span class='ocrx_word' id='word_1_317' title='bbox 2343 1608 2451 1662; x_wconf 87' lang='lat' dir='ltr'><strong>vita</strong></span> <span class='ocrx_word' id='word_1_318' title='bbox 2509 1618 2637 1662; x_wconf 90' lang='lat' dir='ltr'><strong>sunt</strong></span> <span class='ocrx_word' id='word_1_319' title='bbox 2690 1608 2957 1678; x_wconf 82' lang='lat' dir='ltr'><strong>sapientia</strong></span> <span class='ocrx_word' id='word_1_320' title='bbox 3009 1608 3298 1672; x_wconf 89' lang='lat' dir='ltr'><strong>micantes,</strong></span> <span class='ocrx_word' id='word_1_321' title='bbox 3353 1610 3572 1666; x_wconf 74' lang='lat' dir='ltr'><strong>ctelestia</strong></span> <span class='ocrx_word' id='word_1_322' title='bbox 3625 1623 3723 1668; x_wconf 89' lang='lat' dir='ltr'><strong>toto</strong></span> 
     </span>
    </p>
   </div>
   <div class='ocr_carea' id='block_1_45' title="bbox 2176 1696 3716 1768">
    <p class='ocr_par' dir='ltr' id='par_1_45' title="bbox 2176 1696 3716 1768">
     <span class='ocr_line' id='line_1_45' title="bbox 2176 1696 3716 1768; baseline 0.005 -18"><span class='ocrx_word' id='word_1_323' title='bbox 2176 1696 2341 1750; x_wconf 90' lang='lat' dir='ltr'><strong>corde</strong></span> <span class='ocrx_word' id='word_1_324' title='bbox 2388 1696 2785 1763; x_wconf 82' lang='lat' dir='ltr'><strong>desiderantes,</strong></span> <span class='ocrx_word' id='word_1_325' title='bbox 2822 1706 2876 1750; x_wconf 91' lang='lat' dir='ltr'><strong>et</strong></span> <span class='ocrx_word' id='word_1_326' title='bbox 2924 1697 3082 1752; x_wconf 90' lang='lat' dir='ltr'><strong>bonis</strong></span> <span class='ocrx_word' id='word_1_327' title='bbox 3130 1699 3392 1768; x_wconf 87' lang='lat' dir='ltr'><strong>operibus</strong></span> <span class='ocrx_word' id='word_1_328' title='bbox 3432 1713 3716 1758; x_wconf 85' lang='lat' dir='ltr'><strong>vernantes:</strong></span> 
     </span>
    </p>
   </div>
   <div class='ocr_carea' id='block_1_46' title="bbox 2177 1788 3719 1864">
    <p class='ocr_par' dir='ltr' id='par_1_46' title="bbox 2177 1788 3719 1864">
     <span class='ocr_line' id='line_1_46' title="bbox 2177 1788 3719 1864; baseline 0.005 -24"><span class='ocrx_word' id='word_1_329' title='bbox 2177 1788 2461 1857; x_wconf 91' lang='lat' dir='ltr'><strong>quierunt</strong></span> <span class='ocrx_word' id='word_1_330' title='bbox 2509 1789 2563 1842; x_wconf 93' lang='lat' dir='ltr'><strong>in</strong></span> <span class='ocrx_word' id='word_1_331' title='bbox 2601 1790 2840 1844; x_wconf 70' lang='lat' dir='ltr'><strong>aetherco</strong></span> <span class='ocrx_word' id='word_1_332' title='bbox 2867 1790 3122 1855; x_wconf 68' lang='lat' dir='ltr'><strong>aedilicio,</strong></span> <span class='ocrx_word' id='word_1_333' title='bbox 3181 1799 3241 1846; x_wconf 90' lang='lat' dir='ltr'><strong>ut</strong></span> <span class='ocrx_word' id='word_1_334' title='bbox 3287 1793 3528 1861; x_wconf 89' lang='lat' dir='ltr'><strong>topazius</strong></span> <span class='ocrx_word' id='word_1_335' title='bbox 3568 1794 3719 1864; x_wconf 76' lang='lat' dir='ltr'><strong>fulgu-</strong></span> 
     </span>
    </p>
   </div>
   <div class='ocr_carea' id='block_1_47' title="bbox 2180 1879 3728 1954">
    <p class='ocr_par' dir='ltr' id='par_1_47' title="bbox 2180 1879 3728 1954">
     <span class='ocr_line' id='line_1_47' title="bbox 2180 1879 3728 1954; baseline 0.006 -21"><span class='ocrx_word' id='word_1_336' title='bbox 2180 1889 2382 1934; x_wconf 91' lang='lat' dir='ltr'><strong>rantes.</strong></span> <span class='ocrx_word' id='word_1_337' title='bbox 2434 1879 2688 1936; x_wconf 89' lang='lat' dir='ltr'><strong>Decimus</strong></span> <span class='ocrx_word' id='word_1_338' title='bbox 2729 1891 2814 1936; x_wconf 91' lang='lat' dir='ltr'><strong>cst</strong></span> <span class='ocrx_word' id='word_1_339' title='bbox 2853 1883 3252 1954; x_wconf 79' lang='lat' dir='ltr'><strong>chrysoprasus</strong></span> <span class='ocrx_word' id='word_1_340' title='bbox 3284 1884 3476 1940; x_wconf 89' lang='lat' dir='ltr'><strong>viridis</strong></span> <span class='ocrx_word' id='word_1_341' title='bbox 3517 1895 3565 1940; x_wconf 92' lang='lat' dir='ltr'><strong>et</strong></span> <span class='ocrx_word' id='word_1_342' title='bbox 3602 1891 3728 1943; x_wconf 82' lang='lat' dir='ltr'><strong>aurei</strong></span> 
     </span>
    </p>
   </div>
   <div class='ocr_carea' id='block_1_48' title="bbox 2179 1972 3729 2048">
    <p class='ocr_par' dir='ltr' id='par_1_48' title="bbox 2179 1972 3729 2048">
     <span class='ocr_line' id='line_1_48' title="bbox 2179 1972 3729 2048; baseline 0.005 -22"><span class='ocrx_word' id='word_1_343' title='bbox 2179 1972 2399 2037; x_wconf 89' lang='lat' dir='ltr'><strong>coloris,</strong></span> <span class='ocrx_word' id='word_1_344' title='bbox 2452 1972 2701 2028; x_wconf 90' lang='lat' dir='ltr'><strong>ﬂammas</strong></span> <span class='ocrx_word' id='word_1_345' title='bbox 2745 1975 3000 2031; x_wconf 88' lang='lat' dir='ltr'><strong>crnittens</strong></span> <span class='ocrx_word' id='word_1_346' title='bbox 3049 1991 3246 2031; x_wconf 85' lang='lat' dir='ltr'><strong>aureas</strong></span> <span class='ocrx_word' id='word_1_347' title='bbox 3277 1977 3596 2046; x_wconf 88' lang='lat' dir='ltr'><strong>notulasque</strong></span> <span class='ocrx_word' id='word_1_348' title='bbox 3621 1994 3729 2048; x_wconf 80' lang='lat' dir='ltr'><strong>pur-</strong></span> 
     </span>
    </p>
   </div>
   <div class='ocr_carea' id='block_1_49' title="bbox 2180 2063 3731 2130">
    <p class='ocr_par' dir='ltr' id='par_1_49' title="bbox 2180 2063 3731 2130">
     <span class='ocr_line' id='line_1_49' title="bbox 2180 2063 3731 2130; baseline 0.006 -16"><span class='ocrx_word' id='word_1_349' title='bbox 2180 2077 2399 2130; x_wconf 89' lang='lat' dir='ltr'><strong>pureas,</strong></span> <span class='ocrx_word' id='word_1_350' title='bbox 2450 2063 2711 2118; x_wconf 91' lang='lat' dir='ltr'><strong>intimans</strong></span> <span class='ocrx_word' id='word_1_351' title='bbox 2759 2064 2861 2120; x_wconf 91' lang='lat' dir='ltr'><strong>fide</strong></span> <span class='ocrx_word' id='word_1_352' title='bbox 2908 2066 3146 2121; x_wconf 90' lang='lat' dir='ltr'><strong>virentes</strong></span> <span class='ocrx_word' id='word_1_353' title='bbox 3181 2067 3452 2122; x_wconf 81' lang='lat' dir='ltr'><strong>charitate</strong></span> <span class='ocrx_word' id='word_1_354' title='bbox 3501 2068 3731 2125; x_wconf 73' lang='lat' dir='ltr'><strong>ferventes</strong></span> 
     </span>
    </p>
   </div>
   <div class='ocr_carea' id='block_1_50' title="bbox 2179 2153 3730 2228">
    <p class='ocr_par' dir='ltr' id='par_1_50' title="bbox 2179 2153 3730 2228">
     <span class='ocr_line' id='line_1_50' title="bbox 2179 2153 3730 2228; baseline 0.006 -21"><span class='ocrx_word' id='word_1_355' title='bbox 2179 2153 2427 2208; x_wconf 90' lang='lat' dir='ltr'><strong>ﬂammas</strong></span> <span class='ocrx_word' id='word_1_356' title='bbox 2472 2157 2864 2210; x_wconf 86' lang='lat' dir='ltr'><strong>sententiarum</strong></span> <span class='ocrx_word' id='word_1_357' title='bbox 2895 2158 3174 2228; x_wconf 67' lang='lat' dir='ltr'><strong>sapientia:</strong></span> <span class='ocrx_word' id='word_1_358' title='bbox 3220 2175 3285 2214; x_wconf 88' lang='lat' dir='ltr'><strong>ac</strong></span> <span class='ocrx_word' id='word_1_359' title='bbox 3334 2160 3550 2217; x_wconf 88' lang='lat' dir='ltr'><strong>notulas</strong></span> <span class='ocrx_word' id='word_1_360' title='bbox 3587 2160 3730 2216; x_wconf 80' lang='lat' dir='ltr'><strong>bono-</strong></span> 
     </span>
    </p>
   </div>
   <div class='ocr_carea' id='block_1_51' title="bbox 2180 2247 3733 2324">
    <p class='ocr_par' dir='ltr' id='par_1_51' title="bbox 2180 2247 3733 2324">
     <span class='ocr_line' id='line_1_51' title="bbox 2180 2247 3733 2324; baseline 0.008 -27"><span class='ocrx_word' id='word_1_361' title='bbox 2180 2260 2302 2298; x_wconf 87' lang='lat' dir='ltr'><strong>rum</strong></span> <span class='ocrx_word' id='word_1_362' title='bbox 2348 2247 2723 2315; x_wconf 87' lang='lat' dir='ltr'><strong>exemplorum</strong></span> <span class='ocrx_word' id='word_1_363' title='bbox 2783 2249 3134 2304; x_wconf 84' lang='lat' dir='ltr'><strong>emittentes:</strong></span> <span class='ocrx_word' id='word_1_364' title='bbox 3192 2253 3290 2321; x_wconf 91' lang='lat' dir='ltr'><strong>qui</strong></span> <span class='ocrx_word' id='word_1_365' title='bbox 3343 2253 3604 2324; x_wconf 78' lang='lat' dir='ltr'><strong>eruntin</strong></span> <span class='ocrx_word' id='word_1_366' title='bbox 3648 2254 3733 2310; x_wconf 78' lang='lat' dir='ltr'><strong>hoc</strong></span> 
     </span>
    </p>
   </div>
   <div class='ocr_carea' id='block_1_52' title="bbox 2179 2335 3733 2412">
    <p class='ocr_par' dir='ltr' id='par_1_52' title="bbox 2179 2335 3733 2412">
     <span class='ocr_line' id='line_1_52' title="bbox 2179 2335 3733 2412; baseline 0.008 -22"><span class='ocrx_word' id='word_1_367' title='bbox 2179 2335 2430 2401; x_wconf 67' lang='lat' dir='ltr'><strong>aedificio,</strong></span> <span class='ocrx_word' id='word_1_368' title='bbox 2460 2347 2518 2391; x_wconf 90' lang='lat' dir='ltr'><strong>ut</strong></span> <span class='ocrx_word' id='word_1_369' title='bbox 2548 2338 2946 2409; x_wconf 82' lang='lat' dir='ltr'><strong>cbrysoprasus</strong></span> <span class='ocrx_word' id='word_1_370' title='bbox 2992 2341 3279 2412; x_wconf 81' lang='lat' dir='ltr'><strong>fulgentes.</strong></span> <span class='ocrx_word' id='word_1_371' title='bbox 3310 2341 3634 2401; x_wconf 87' lang='lat' dir='ltr'><strong>Undecimus</strong></span> <span class='ocrx_word' id='word_1_372' title='bbox 3666 2358 3733 2402; x_wconf 75' lang='lat' dir='ltr'><strong>est</strong></span> 
     </span>
    </p>
   </div>
   <div class='ocr_carea' id='block_1_53' title="bbox 2181 2426 3736 2504">
    <p class='ocr_par' dir='ltr' id='par_1_53' title="bbox 2181 2426 3736 2504">
     <span class='ocr_line' id='line_1_53' title="bbox 2181 2426 3736 2504; baseline 0.008 -25"><span class='ocrx_word' id='word_1_373' title='bbox 2181 2426 2510 2496; x_wconf 84' lang='lat' dir='ltr'><strong>hyacinthus</strong></span> <span class='ocrx_word' id='word_1_374' title='bbox 2557 2429 2741 2484; x_wconf 88' lang='lat' dir='ltr'><strong>colore</strong></span> <span class='ocrx_word' id='word_1_375' title='bbox 2790 2433 3044 2498; x_wconf 69' lang='lat' dir='ltr'><strong>caeruleo,</strong></span> <span class='ocrx_word' id='word_1_376' title='bbox 3092 2433 3186 2504; x_wconf 90' lang='lat' dir='ltr'><strong>qui</strong></span> <span class='ocrx_word' id='word_1_377' title='bbox 3238 2434 3292 2488; x_wconf 94' lang='lat' dir='ltr'><strong>in</strong></span> <span class='ocrx_word' id='word_1_378' title='bbox 3341 2437 3623 2491; x_wconf 87' lang='lat' dir='ltr'><strong>serenitate</strong></span> <span class='ocrx_word' id='word_1_379' title='bbox 3666 2448 3736 2494; x_wconf 86' lang='lat' dir='ltr'><strong>est</strong></span> 
     </span>
    </p>
   </div>
   <div class='ocr_carea' id='block_1_54' title="bbox 2180 2517 3738 2597">
    <p class='ocr_par' dir='ltr' id='par_1_54' title="bbox 2180 2517 3738 2597">
     <span class='ocr_line' id='line_1_54' title="bbox 2180 2517 3738 2597; baseline 0.008 -26"><span class='ocrx_word' id='word_1_380' title='bbox 2180 2517 2434 2584; x_wconf 90' lang='lat' dir='ltr'><strong>decorus,</strong></span> <span class='ocrx_word' id='word_1_381' title='bbox 2465 2520 2518 2572; x_wconf 91' lang='lat' dir='ltr'><strong>in</strong></span> <span class='ocrx_word' id='word_1_382' title='bbox 2570 2529 2887 2590; x_wconf 90' lang='lat' dir='ltr'><strong>tempestate</strong></span> <span class='ocrx_word' id='word_1_383' title='bbox 2928 2533 3014 2578; x_wconf 82' lang='lat' dir='ltr'><strong>est</strong></span> <span class='ocrx_word' id='word_1_384' title='bbox 3061 2525 3358 2590; x_wconf 90' lang='lat' dir='ltr'><strong>obscurus,</strong></span> <span class='ocrx_word' id='word_1_385' title='bbox 3409 2527 3642 2597; x_wconf 79' lang='lat' dir='ltr'><strong>designat</strong></span> <span class='ocrx_word' id='word_1_386' title='bbox 3674 2529 3738 2584; x_wconf 76' lang='lat' dir='ltr'><strong>di-</strong></span> 
     </span>
    </p>
   </div>
   <div class='ocr_carea' id='block_1_55' title="bbox 2181 2611 3734 2688">
    <p class='ocr_par' dir='ltr' id='par_1_55' title="bbox 2181 2611 3734 2688">
     <span class='ocr_line' id='line_1_55' title="bbox 2181 2611 3734 2688; baseline 0.008 -26"><span class='ocrx_word' id='word_1_387' title='bbox 2181 2611 2451 2664; x_wconf 91' lang='lat' dir='ltr'><strong>scretione</strong></span> <span class='ocrx_word' id='word_1_388' title='bbox 2485 2612 2740 2680; x_wconf 66' lang='lat' dir='ltr'><strong>praeditos</strong></span> <span class='ocrx_word' id='word_1_389' title='bbox 2791 2616 3092 2669; x_wconf 84' lang='lat' dir='ltr'><strong>secundum</strong></span> <span class='ocrx_word' id='word_1_390' title='bbox 3137 2617 3404 2686; x_wconf 89' lang='lat' dir='ltr'><strong>temporis</strong></span> <span class='ocrx_word' id='word_1_391' title='bbox 3433 2619 3734 2688; x_wconf 84' lang='lat' dir='ltr'><strong>qualitatem,</strong></span> 
     </span>
    </p>
   </div>
   <div class='ocr_carea' id='block_1_56' title="bbox 2181 2704 3737 2778">
    <p class='ocr_par' dir='ltr' id='par_1_56' title="bbox 2181 2704 3737 2778">
     <span class='ocr_line' id='line_1_56' title="bbox 2181 2704 3737 2778; baseline 0.006 -23"><span class='ocrx_word' id='word_1_392' title='bbox 2181 2717 2363 2756; x_wconf 85' lang='lat' dir='ltr'><strong>mores</strong></span> <span class='ocrx_word' id='word_1_393' title='bbox 2393 2718 2524 2758; x_wconf 90' lang='lat' dir='ltr'><strong>suos</strong></span> <span class='ocrx_word' id='word_1_394' title='bbox 2551 2705 2668 2758; x_wconf 91' lang='lat' dir='ltr'><strong>sine</strong></span> <span class='ocrx_word' id='word_1_395' title='bbox 2693 2704 2852 2774; x_wconf 88' lang='lat' dir='ltr'><strong>culpa</strong></span> <span class='ocrx_word' id='word_1_396' title='bbox 2885 2715 3195 2763; x_wconf 89' lang='lat' dir='ltr'><strong>mutantes:</strong></span> <span class='ocrx_word' id='word_1_397' title='bbox 3229 2709 3323 2778; x_wconf 88' lang='lat' dir='ltr'><strong>qui</strong></span> <span class='ocrx_word' id='word_1_398' title='bbox 3361 2720 3521 2764; x_wconf 90' lang='lat' dir='ltr'><strong>erunt</strong></span> <span class='ocrx_word' id='word_1_399' title='bbox 3564 2711 3614 2764; x_wconf 90' lang='lat' dir='ltr'><strong>in</strong></span> <span class='ocrx_word' id='word_1_400' title='bbox 3651 2711 3737 2767; x_wconf 85' lang='lat' dir='ltr'><strong>hoc</strong></span> 
     </span>
    </p>
   </div>
   <div class='ocr_carea' id='block_1_57' title="bbox 2181 2792 3739 2873">
    <p class='ocr_par' dir='ltr' id='par_1_57' title="bbox 2181 2792 3739 2873">
     <span class='ocr_line' id='line_1_57' title="bbox 2181 2792 3739 2873; baseline 0.008 -28"><span class='ocrx_word' id='word_1_401' title='bbox 2181 2792 2410 2847; x_wconf 79' lang='lat' dir='ltr'><strong>:cditicio</strong></span> <span class='ocrx_word' id='word_1_402' title='bbox 2446 2803 2504 2849; x_wconf 93' lang='lat' dir='ltr'><strong>nt</strong></span> <span class='ocrx_word' id='word_1_403' title='bbox 2527 2795 2814 2865; x_wconf 84' lang='lat' dir='ltr'><strong>hyacintus</strong></span> <span class='ocrx_word' id='word_1_404' title='bbox 2838 2797 3122 2852; x_wconf 89' lang='lat' dir='ltr'><strong>micantes.</strong></span> <span class='ocrx_word' id='word_1_405' title='bbox 3154 2797 3522 2856; x_wconf 85' lang='lat' dir='ltr'><strong>Duodecimus</strong></span> <span class='ocrx_word' id='word_1_406' title='bbox 3547 2802 3739 2873; x_wconf 87' lang='lat' dir='ltr'><strong>ponitur</strong></span> 
     </span>
    </p>
   </div>
   <div class='ocr_carea' id='block_1_58' title="bbox 2181 2885 3737 2964">
    <p class='ocr_par' dir='ltr' id='par_1_58' title="bbox 2181 2885 3737 2964">
     <span class='ocr_line' id='line_1_58' title="bbox 2181 2885 3737 2964; baseline 0.006 -26"><span class='ocrx_word' id='word_1_407' title='bbox 2181 2885 2521 2956; x_wconf 70' lang='lat' dir='ltr'><strong>amethystus</strong></span> <span class='ocrx_word' id='word_1_408' title='bbox 2558 2902 2867 2956; x_wconf 89' lang='lat' dir='ltr'><strong>purpureus</strong></span> <span class='ocrx_word' id='word_1_409' title='bbox 2890 2890 3073 2944; x_wconf 91' lang='lat' dir='ltr'><strong>colore</strong></span> <span class='ocrx_word' id='word_1_410' title='bbox 3101 2890 3400 2958; x_wconf 87' lang='lat' dir='ltr'><strong>violaceus,</strong></span> <span class='ocrx_word' id='word_1_411' title='bbox 3431 2895 3630 2964; x_wconf 89' lang='lat' dir='ltr'><strong>punctis</strong></span> <span class='ocrx_word' id='word_1_412' title='bbox 3655 2911 3737 2948; x_wconf 78' lang='lat' dir='ltr'><strong>au~</strong></span> 
     </span>
    </p>
   </div>
   <div class='ocr_carea' id='block_1_59' title="bbox 2180 2977 3737 3060">
    <p class='ocr_par' dir='ltr' id='par_1_59' title="bbox 2180 2977 3737 3060">
     <span class='ocr_line' id='line_1_59' title="bbox 2180 2977 3737 3060; baseline 0.006 -30"><span class='ocrx_word' id='word_1_413' title='bbox 2180 2977 2289 3032; x_wconf 87' lang='lat' dir='ltr'><strong>reis</strong></span> <span class='ocrx_word' id='word_1_414' title='bbox 2318 2978 2612 3044; x_wconf 90' lang='lat' dir='ltr'><strong>interlitus,</strong></span> <span class='ocrx_word' id='word_1_415' title='bbox 2638 2979 2930 3048; x_wconf 75' lang='lat' dir='ltr'><strong>praeferens</strong></span> <span class='ocrx_word' id='word_1_416' title='bbox 2956 2983 3144 3036; x_wconf 88' lang='lat' dir='ltr'><strong>mundi</strong></span> <span class='ocrx_word' id='word_1_417' title='bbox 3179 2993 3576 3060; x_wconf 84' lang='lat' dir='ltr'><strong>contemptores</strong></span> <span class='ocrx_word' id='word_1_418' title='bbox 3594 2985 3737 3040; x_wconf 81' lang='lat' dir='ltr'><strong>Chri-</strong></span> 
     </span>
    </p>
   </div>
   <div class='ocr_carea' id='block_1_60' title="bbox 2184 3072 3732 3148">
    <p class='ocr_par' dir='ltr' id='par_1_60' title="bbox 2184 3072 3732 3148">
     <span class='ocr_line' id='line_1_60' title="bbox 2184 3072 3732 3148; baseline 0.005 -24"><span class='ocrx_word' id='word_1_419' title='bbox 2184 3080 2268 3124; x_wconf 89' lang='lat' dir='ltr'><strong>sto</strong></span> <span class='ocrx_word' id='word_1_420' title='bbox 2329 3072 2776 3138; x_wconf 74' lang='lat' dir='ltr'><strong>commorieutes,</strong></span> <span class='ocrx_word' id='word_1_421' title='bbox 2835 3073 2994 3129; x_wconf 90' lang='lat' dir='ltr'><strong>bonis</strong></span> <span class='ocrx_word' id='word_1_422' title='bbox 3052 3076 3267 3131; x_wconf 72' lang='lat' dir='ltr'><strong>actibus</strong></span> <span class='ocrx_word' id='word_1_423' title='bbox 3320 3076 3600 3133; x_wconf 87' lang='lat' dir='ltr'><strong>ﬂorentes:</strong></span> <span class='ocrx_word' id='word_1_424' title='bbox 3647 3079 3732 3148; x_wconf 86' lang='lat' dir='ltr'><strong>qui</strong></span> 
     </span>
    </p>
   </div>
   <div class='ocr_carea' id='block_1_61' title="bbox 491 3162 3741 3258">
    <p class='ocr_par' dir='ltr' id='par_1_61' title="bbox 491 3162 3741 3258">
     <span class='ocr_line' id='line_1_61' title="bbox 491 3162 3741 3258; baseline 0.003 -42"><span class='ocrx_word' id='word_1_425' title='bbox 491 3172 700 3225; x_wconf 87' lang='lat' dir='ltr'><strong>tantur,</strong></span> <span class='ocrx_word' id='word_1_426' title='bbox 730 3163 948 3232; x_wconf 89' lang='lat' dir='ltr'><strong>quidam</strong></span> <span class='ocrx_word' id='word_1_427' title='bbox 981 3166 1072 3234; x_wconf 86' lang='lat' dir='ltr'><strong>qui</strong></span> <span class='ocrx_word' id='word_1_428' title='bbox 1105 3174 1319 3234; x_wconf 90' lang='lat' dir='ltr'><strong>portant</strong></span> <span class='ocrx_word' id='word_1_429' title='bbox 1366 3174 1420 3219; x_wconf 85' lang='lat' dir='ltr'><strong>et</strong></span> <span class='ocrx_word' id='word_1_430' title='bbox 1463 3174 1768 3234; x_wconf 82' lang='lat' dir='ltr'><strong>portantur.</strong></span> <span class='ocrx_word' id='word_1_431' title='bbox 1825 3165 1928 3231; x_wconf 85' lang='lat' dir='ltr'><strong>Qui</strong></span> <span class='ocrx_word' id='word_1_432' title='bbox 1961 3176 2080 3219; x_wconf 85' lang='lat' dir='ltr'><strong>tan-</strong></span> <span class='ocrx_word' id='word_1_433' title='bbox 2107 3201 2149 3258; x_wconf 63' lang='grc' dir='ltr'>Ο</span> <span class='ocrx_word' id='word_1_434' title='bbox 2183 3171 2343 3216; x_wconf 91' lang='lat' dir='ltr'><strong>erunt</strong></span> <span class='ocrx_word' id='word_1_435' title='bbox 2374 3162 2426 3216; x_wconf 93' lang='lat' dir='ltr'><strong>in</strong></span> <span class='ocrx_word' id='word_1_436' title='bbox 2464 3164 2671 3218; x_wconf 68' lang='lat' dir='ltr'><strong>caalesti</strong></span> <span class='ocrx_word' id='word_1_437' title='bbox 2699 3164 2929 3219; x_wconf 78' lang='lat' dir='ltr'><strong>:ediﬂcio</strong></span> <span class='ocrx_word' id='word_1_438' title='bbox 2959 3175 3016 3220; x_wconf 92' lang='lat' dir='ltr'><strong>ut</strong></span> <span class='ocrx_word' id='word_1_439' title='bbox 3045 3167 3382 3246; x_wconf 69' lang='lat' dir='ltr'><strong>amethystus</strong></span> <span class='ocrx_word' id='word_1_440' title='bbox 3409 3169 3741 3239; x_wconf 75' lang='lat' dir='ltr'><strong>resplenden-</strong></span> 
     </span>
    </p>
   </div>
   <div class='ocr_carea' id='block_1_62' title="bbox 493 3255 2080 3326">
    <p class='ocr_par' dir='ltr' id='par_1_62' title="bbox 493 3255 2080 3326">
     <span class='ocr_line' id='line_1_62' title="bbox 493 3255 2080 3326; baseline 0.004 -20"><span class='ocrx_word' id='word_1_441' title='bbox 493 3263 610 3307; x_wconf 88' lang='lat' dir='ltr'><strong>tum</strong></span> <span class='ocrx_word' id='word_1_442' title='bbox 643 3264 860 3323; x_wconf 89' lang='lat' dir='ltr'><strong>portant</strong></span> <span class='ocrx_word' id='word_1_443' title='bbox 900 3263 1027 3309; x_wconf 87' lang='lat' dir='ltr'><strong>sunt</strong></span> <span class='ocrx_word' id='word_1_444' title='bbox 1059 3255 1319 3324; x_wconf 90' lang='lat' dir='ltr'><strong>primitivi</strong></span> <span class='ocrx_word' id='word_1_445' title='bbox 1366 3256 1417 3309; x_wconf 94' lang='lat' dir='ltr'><strong>in</strong></span> <span class='ocrx_word' id='word_1_446' title='bbox 1462 3255 1721 3321; x_wconf 81' lang='lat' dir='ltr'><strong>Ecclesia,</strong></span> <span class='ocrx_word' id='word_1_447' title='bbox 1750 3266 1806 3310; x_wconf 91' lang='grc' dir='ltr'><strong>ιιι</strong></span> <span class='ocrx_word' id='word_1_448' title='bbox 1848 3257 2080 3326; x_wconf 88' lang='lat' dir='ltr'><strong>apostoli</strong></span> 
     </span>
    </p>
   </div>
   <div class='ocr_carea' id='block_1_63' title="bbox 494 3347 2080 3417">
    <p class='ocr_par' dir='ltr' id='par_1_63' title="bbox 494 3347 2080 3417">
     <span class='ocr_line' id='line_1_63' title="bbox 494 3347 2080 3417; baseline 0.002 -17"><span class='ocrx_word' id='word_1_449' title='bbox 494 3354 550 3401; x_wconf 89' lang='lat' dir='ltr'><strong>ct</strong></span> <span class='ocrx_word' id='word_1_450' title='bbox 577 3347 848 3416; x_wconf 78' lang='lat' dir='ltr'><strong>propheta:</strong></span> <span class='ocrx_word' id='word_1_451' title='bbox 877 3365 889 3399; x_wconf 91' lang='lat'><strong>:</strong></span> <span class='ocrx_word' id='word_1_452' title='bbox 923 3347 1013 3415; x_wconf 89' lang='lat' dir='ltr'><strong>qui</strong></span> <span class='ocrx_word' id='word_1_453' title='bbox 1045 3347 1114 3401; x_wconf 87' lang='lat' dir='ltr'><strong>ab</strong></span> <span class='ocrx_word' id='word_1_454' title='bbox 1145 3347 1266 3402; x_wconf 88' lang='lat' dir='ltr'><strong>a!iis</strong></span> <span class='ocrx_word' id='word_1_455' title='bbox 1297 3361 1404 3401; x_wconf 89' lang='lat' dir='ltr'><strong>non</strong></span> <span class='ocrx_word' id='word_1_456' title='bbox 1428 3357 1555 3402; x_wconf 90' lang='lat' dir='ltr'><strong>sunt</strong></span> <span class='ocrx_word' id='word_1_457' title='bbox 1583 3349 1798 3417; x_wconf 89' lang='lat' dir='ltr'><strong>portati.</strong></span> <span class='ocrx_word' id='word_1_458' title='bbox 1825 3347 1928 3414; x_wconf 91' lang='lat' dir='ltr'><strong>Qui</strong></span> <span class='ocrx_word' id='word_1_459' title='bbox 1956 3358 2080 3402; x_wconf 88' lang='lat' dir='ltr'><strong>tan-</strong></span> 
     </span>
    </p>
   </div>
   <div class='ocr_carea' id='block_1_64' title="bbox 494 3438 2083 3508">
    <p class='ocr_par' dir='ltr' id='par_1_64' title="bbox 494 3438 2083 3508">
     <span class='ocr_line' id='line_1_64' title="bbox 494 3438 2083 3508; baseline 0.002 -17"><span class='ocrx_word' id='word_1_460' title='bbox 494 3448 610 3492; x_wconf 86' lang='lat' dir='ltr'><strong>tum</strong></span> <span class='ocrx_word' id='word_1_461' title='bbox 640 3448 945 3508; x_wconf 89' lang='lat' dir='ltr'><strong>portantur,</strong></span> <span class='ocrx_word' id='word_1_462' title='bbox 984 3439 1126 3494; x_wconf 91' lang='lat' dir='ltr'><strong>sicut</strong></span> <span class='ocrx_word' id='word_1_463' title='bbox 1150 3439 1347 3504; x_wconf 90' lang='lat' dir='ltr'><strong>ultimi,</strong></span> <span class='ocrx_word' id='word_1_464' title='bbox 1388 3439 1573 3494; x_wconf 87' lang='lat' dir='ltr'><strong>felices</strong></span> <span class='ocrx_word' id='word_1_465' title='bbox 1603 3449 1780 3494; x_wconf 90' lang='lat' dir='ltr'><strong>erunt.</strong></span> <span class='ocrx_word' id='word_1_466' title='bbox 1821 3438 1924 3505; x_wconf 89' lang='lat' dir='ltr'><strong>Qui</strong></span> <span class='ocrx_word' id='word_1_467' title='bbox 1954 3455 2083 3494; x_wconf 84' lang='lat' dir='ltr'><strong>vero</strong></span> 
     </span>
    </p>
   </div>
   <div class='ocr_carea' id='block_1_65' title="bbox 495 3532 2086 3601">
    <p class='ocr_par' dir='ltr' id='par_1_65' title="bbox 495 3532 2086 3601">
     <span class='ocr_line' id='line_1_65' title="bbox 495 3532 2086 3601; baseline 0.003 -19"><span class='ocrx_word' id='word_1_468' title='bbox 495 3537 715 3598; x_wconf 87' lang='lat' dir='ltr'><strong>portant</strong></span> <span class='ocrx_word' id='word_1_469' title='bbox 759 3537 812 3583; x_wconf 88' lang='lat' dir='ltr'><strong>ct</strong></span> <span class='ocrx_word' id='word_1_470' title='bbox 863 3539 1150 3597; x_wconf 86' lang='lat' dir='ltr'><strong>portantur</strong></span> <span class='ocrx_word' id='word_1_471' title='bbox 1185 3541 1313 3585; x_wconf 89' lang='lat' dir='ltr'><strong>sunt</strong></span> <span class='ocrx_word' id='word_1_472' title='bbox 1356 3533 1635 3600; x_wconf 66' lang='lat' dir='ltr'><strong>praesentis</strong></span> <span class='ocrx_word' id='word_1_473' title='bbox 1680 3532 1940 3601; x_wconf 84' lang='lat' dir='ltr'><strong>temporis</strong></span> <span class='ocrx_word' id='word_1_474' title='bbox 1987 3532 2086 3586; x_wconf 85' lang='lat' dir='ltr'><strong>do-</strong></span> 
     </span>
    </p>
   </div>
   <div class='ocr_carea' id='block_1_66' title="bbox 496 3620 2081 3693">
    <p class='ocr_par' dir='ltr' id='par_1_66' title="bbox 496 3620 2081 3693">
     <span class='ocr_line' id='line_1_66' title="bbox 496 3620 2081 3693; baseline 0.003 -21"><span class='ocrx_word' id='word_1_475' title='bbox 496 3628 675 3672; x_wconf 87' lang='lat' dir='ltr'><strong>ctores</strong></span> <span class='ocrx_word' id='word_1_476' title='bbox 728 3629 781 3672; x_wconf 91' lang='lat' dir='ltr'><strong>et</strong></span> <span class='ocrx_word' id='word_1_477' title='bbox 835 3621 1237 3688; x_wconf 59' lang='lat' dir='ltr'><strong>praedicatores.</strong></span> <span class='ocrx_word' id='word_1_478' title='bbox 1297 3620 1608 3675; x_wconf 80' lang='lat' dir='ltr'><strong>Notandum</strong></span> <span class='ocrx_word' id='word_1_479' title='bbox 1666 3639 1884 3692; x_wconf 82' lang='lat' dir='ltr'><strong>quoque</strong></span> <span class='ocrx_word' id='word_1_480' title='bbox 1937 3622 2081 3693; x_wconf 91' lang='lat' dir='ltr'><strong>quod</strong></span> 
     </span>
    </p>
   </div>
   <div class='ocr_carea' id='block_1_67' title="bbox 498 3709 2083 3777">
    <p class='ocr_par' dir='ltr' id='par_1_67' title="bbox 498 3709 2083 3777">
     <span class='ocr_line' id='line_1_67' title="bbox 498 3709 2083 3777; baseline 0.005 -16"><span class='ocrx_word' id='word_1_481' title='bbox 498 3709 694 3763; x_wconf 88' lang='lat' dir='ltr'><strong>horum</strong></span> <span class='ocrx_word' id='word_1_482' title='bbox 743 3711 907 3763; x_wconf 90' lang='lat' dir='ltr'><strong>trium</strong></span> <span class='ocrx_word' id='word_1_483' title='bbox 959 3712 1233 3777; x_wconf 86' lang='lat' dir='ltr'><strong>ordinum,</strong></span> <span class='ocrx_word' id='word_1_484' title='bbox 1286 3713 1493 3768; x_wconf 90' lang='lat' dir='ltr'><strong>scilicet</strong></span> <span class='ocrx_word' id='word_1_485' title='bbox 1542 3713 1838 3768; x_wconf 89' lang='lat' dir='ltr'><strong>electorum</strong></span> <span class='ocrx_word' id='word_1_486' title='bbox 1891 3715 2083 3769; x_wconf 90' lang='lat' dir='ltr'><strong>merita</strong></span> 
     </span>
    </p>
   </div>
   <div class='ocr_carea' id='block_1_68' title="bbox 496 3801 2086 3878">
    <p class='ocr_par' dir='ltr' id='par_1_68' title="bbox 496 3801 2086 3878">
     <span class='ocr_line' id='line_1_68' title="bbox 496 3801 2086 3878; baseline 0.004 -24"><span class='ocrx_word' id='word_1_487' title='bbox 496 3801 911 3874; x_wconf 80' lang='lat' dir='ltr'><strong>distinguuntur</strong></span> <span class='ocrx_word' id='word_1_488' title='bbox 955 3820 1050 3873; x_wconf 89' lang='lat' dir='ltr'><strong>per</strong></span> <span class='ocrx_word' id='word_1_489' title='bbox 1100 3822 1176 3860; x_wconf 80' lang='lat' dir='ltr'><strong>xu</strong></span> <span class='ocrx_word' id='word_1_490' title='bbox 1233 3821 1497 3878; x_wconf 84' lang='lat' dir='ltr'><strong>gemmas,</strong></span> <span class='ocrx_word' id='word_1_491' title='bbox 1545 3807 1598 3861; x_wconf 90' lang='lat' dir='ltr'><strong>in</strong></span> <span class='ocrx_word' id='word_1_492' title='bbox 1642 3823 1717 3862; x_wconf 88' lang='lat' dir='ltr'><strong>xu</strong></span> <span class='ocrx_word' id='word_1_493' title='bbox 1762 3806 2086 3862; x_wconf 86' lang='lat' dir='ltr'><strong>fundamen-</strong></span> 
     </span>
    </p>
   </div>
   <div class='ocr_carea' id='block_1_69' title="bbox 497 3895 2082 3970">
    <p class='ocr_par' dir='ltr' id='par_1_69' title="bbox 497 3895 2082 3970">
     <span class='ocr_line' id='line_1_69' title="bbox 497 3895 2082 3970; baseline 0.005 -23"><span class='ocrx_word' id='word_1_494' title='bbox 497 3895 570 3948; x_wconf 90' lang='lat' dir='ltr'><strong>tis</strong></span> <span class='ocrx_word' id='word_1_495' title='bbox 621 3896 858 3952; x_wconf 72' lang='lat' dir='ltr'><strong>cmlestis</strong></span> <span class='ocrx_word' id='word_1_496' title='bbox 901 3898 1137 3952; x_wconf 76' lang='lat' dir='ltr'><strong>civitatis</strong></span> <span class='ocrx_word' id='word_1_497' title='bbox 1191 3899 1493 3969; x_wconf 88' lang='lat' dir='ltr'><strong>descriptas</strong></span> <span class='ocrx_word' id='word_1_498' title='bbox 1552 3901 1712 3970; x_wconf 77' lang='lat' dir='ltr'><strong>(Apoc</strong></span> <span class='ocrx_word' id='word_1_499' title='bbox 1780 3903 1914 3964; x_wconf 73' lang='lat' dir='ltr'><strong>ut).</strong></span> <span class='ocrx_word' id='word_1_500' title='bbox 1961 3900 2082 3955; x_wconf 85' lang='lat' dir='ltr'><strong>Pri-</strong></span> 
     </span>
    </p>
   </div>
   <div class='ocr_carea' id='block_1_70' title="bbox 499 3987 2084 4062">
    <p class='ocr_par' dir='ltr' id='par_1_70' title="bbox 499 3987 2084 4062">
     <span class='ocr_line' id='line_1_70' title="bbox 499 3987 2084 4062; baseline 0.005 -22"><span class='ocrx_word' id='word_1_501' title='bbox 499 4001 624 4040; x_wconf 86' lang='lat' dir='ltr'><strong>mus</strong></span> <span class='ocrx_word' id='word_1_502' title='bbox 660 3987 841 4057; x_wconf 81' lang='lat' dir='ltr'><strong>itaque</strong></span> <span class='ocrx_word' id='word_1_503' title='bbox 893 3988 1030 4058; x_wconf 88' lang='lat' dir='ltr'><strong>lapis</strong></span> <span class='ocrx_word' id='word_1_504' title='bbox 1076 3990 1298 4059; x_wconf 88' lang='lat' dir='ltr'><strong>ponitur</strong></span> <span class='ocrx_word' id='word_1_505' title='bbox 1340 3992 1514 4060; x_wconf 89' lang='lat' dir='ltr'><strong>jaspis</strong></span> <span class='ocrx_word' id='word_1_506' title='bbox 1561 3993 1744 4046; x_wconf 90' lang='lat' dir='ltr'><strong>colore</strong></span> <span class='ocrx_word' id='word_1_507' title='bbox 1782 3993 1962 4055; x_wconf 86' lang='lat' dir='ltr'><strong>viridi,</strong></span> <span class='ocrx_word' id='word_1_508' title='bbox 1991 3996 2084 4062; x_wconf 86' lang='lat' dir='ltr'><strong>qui</strong></span> 
     </span>
    </p>
   </div>
   <div class='ocr_carea' id='block_1_71' title="bbox 496 4075 2087 4146">
    <p class='ocr_par' dir='ltr' id='par_1_71' title="bbox 496 4075 2087 4146">
     <span class='ocr_line' id='line_1_71' title="bbox 496 4075 2087 4146; baseline 0.006 -17"><span class='ocrx_word' id='word_1_509' title='bbox 496 4075 716 4146; x_wconf 64' lang='lat' dir='ltr'><strong>praefert</strong></span> <span class='ocrx_word' id='word_1_510' title='bbox 763 4079 996 4134; x_wconf 89' lang='lat' dir='ltr'><strong>virorem</strong></span> <span class='ocrx_word' id='word_1_511' title='bbox 1045 4081 1188 4136; x_wconf 90' lang='lat' dir='ltr'><strong>fidei.</strong></span> <span class='ocrx_word' id='word_1_512' title='bbox 1246 4080 1351 4146; x_wconf 88' lang='lat' dir='ltr'><strong>Qui</strong></span> <span class='ocrx_word' id='word_1_513' title='bbox 1409 4090 1566 4135; x_wconf 88' lang='lat' dir='ltr'><strong>scuto</strong></span> <span class='ocrx_word' id='word_1_514' title='bbox 1609 4082 1730 4137; x_wconf 89' lang='lat' dir='ltr'><strong>fidei</strong></span> <span class='ocrx_word' id='word_1_515' title='bbox 1791 4077 1918 4137; x_wconf 86' lang='lat' dir='ltr'><strong>sunt</strong></span> <span class='ocrx_word' id='word_1_516' title='bbox 1957 4085 2087 4138; x_wconf 88' lang='lat' dir='ltr'><strong>vitia</strong></span> 
     </span>
    </p>
   </div>
   <div class='ocr_carea' id='block_1_72' title="bbox 495 4167 2088 4242">
    <p class='ocr_par' dir='ltr' id='par_1_72' title="bbox 495 4167 2088 4242">
     <span class='ocr_line' id='line_1_72' title="bbox 495 4167 2088 4242; baseline 0.006 -21"><span class='ocrx_word' id='word_1_517' title='bbox 495 4175 552 4221; x_wconf 90' lang='lat' dir='ltr'><strong>et</strong></span> <span class='ocrx_word' id='word_1_518' title='bbox 577 4167 847 4234; x_wconf 66' lang='lat' dir='ltr'><strong>dzmnonia</strong></span> <span class='ocrx_word' id='word_1_519' title='bbox 879 4183 1292 4242; x_wconf 87' lang='lat' dir='ltr'><strong>expugnantcs:</strong></span> <span class='ocrx_word' id='word_1_520' title='bbox 1327 4182 1488 4226; x_wconf 87' lang='lat' dir='ltr'><strong>erunt</strong></span> <span class='ocrx_word' id='word_1_521' title='bbox 1528 4173 1580 4226; x_wconf 93' lang='lat' dir='ltr'><strong>iu</strong></span> <span class='ocrx_word' id='word_1_522' title='bbox 1625 4174 1730 4228; x_wconf 89' lang='lat' dir='ltr'><strong>hoc</strong></span> <span class='ocrx_word' id='word_1_523' title='bbox 1754 4175 1983 4232; x_wconf 68' lang='lat' dir='ltr'><strong>aedificio</strong></span> <span class='ocrx_word' id='word_1_524' title='bbox 2031 4185 2088 4231; x_wconf 91' lang='lat' dir='ltr'><strong>ut</strong></span> 
     </span>
    </p>
   </div>
   <div class='ocr_carea' id='block_1_73' title="bbox 491 4264 2088 4336">
    <p class='ocr_par' dir='ltr' id='par_1_73' title="bbox 491 4264 2088 4336">
     <span class='ocr_line' id='line_1_73' title="bbox 491 4264 2088 4336; baseline 0.004 -17"><span class='ocrx_word' id='word_1_525' title='bbox 491 4265 668 4336; x_wconf 87' lang='lat' dir='ltr'><strong>jaspis</strong></span> <span class='ocrx_word' id='word_1_526' title='bbox 711 4277 1019 4321; x_wconf 89' lang='lat' dir='ltr'><strong>vernantes.</strong></span> <span class='ocrx_word' id='word_1_527' title='bbox 1079 4264 1364 4319; x_wconf 88' lang='lat' dir='ltr'><strong>Secundus</strong></span> <span class='ocrx_word' id='word_1_528' title='bbox 1409 4267 1698 4336; x_wconf 90' lang='lat' dir='ltr'><strong>sapphirus</strong></span> <span class='ocrx_word' id='word_1_529' title='bbox 1729 4269 1857 4323; x_wconf 73' lang='lat' dir='ltr'><strong>aerii</strong></span> <span class='ocrx_word' id='word_1_530' title='bbox 1887 4270 2088 4326; x_wconf 86' lang='lat' dir='ltr'><strong>coloris</strong></span> 
     </span>
    </p>
   </div>
   <div class='ocr_carea' id='block_1_74' title="bbox 497 4357 2086 4428">
    <p class='ocr_par' dir='ltr' id='par_1_74' title="bbox 497 4357 2086 4428">
     <span class='ocr_line' id='line_1_74' title="bbox 497 4357 2086 4428; baseline 0.003 -16"><span class='ocrx_word' id='word_1_531' title='bbox 497 4359 729 4424; x_wconf 89' lang='lat' dir='ltr'><strong>locatur,</strong></span> <span class='ocrx_word' id='word_1_532' title='bbox 765 4374 861 4428; x_wconf 88' lang='lat' dir='ltr'><strong>per</strong></span> <span class='ocrx_word' id='word_1_533' title='bbox 903 4373 1066 4428; x_wconf 88' lang='lat' dir='ltr'><strong>quem</strong></span> <span class='ocrx_word' id='word_1_534' title='bbox 1121 4373 1244 4428; x_wconf 87' lang='lat' dir='ltr'><strong>spes</strong></span> <span class='ocrx_word' id='word_1_535' title='bbox 1275 4357 1580 4414; x_wconf 73' lang='lat' dir='ltr'><strong>cmlestiun:</strong></span> <span class='ocrx_word' id='word_1_536' title='bbox 1613 4359 1919 4416; x_wconf 90' lang='lat' dir='ltr'><strong>denotatur.</strong></span> <span class='ocrx_word' id='word_1_537' title='bbox 1983 4362 2086 4428; x_wconf 89' lang='lat' dir='ltr'><strong>Qui</strong></span> 
     </span>
    </p>
   </div>
   <div class='ocr_carea' id='block_1_75' title="bbox 498 4450 2089 4520">
    <p class='ocr_par' dir='ltr' id='par_1_75' title="bbox 498 4450 2089 4520">
     <span class='ocr_line' id='line_1_75' title="bbox 498 4450 2089 4520; baseline 0.004 -18"><span class='ocrx_word' id='word_1_538' title='bbox 498 4450 665 4520; x_wconf 86' lang='lat' dir='ltr'><strong>igitur</strong></span> <span class='ocrx_word' id='word_1_539' title='bbox 714 4459 845 4505; x_wconf 90' lang='lat' dir='ltr'><strong>sunt</strong></span> <span class='ocrx_word' id='word_1_540' title='bbox 892 4465 986 4519; x_wconf 87' lang='lat' dir='ltr'><strong>spe</strong></span> <span class='ocrx_word' id='word_1_541' title='bbox 1037 4450 1356 4519; x_wconf 82' lang='lat' dir='ltr'><strong>gaudentes,</strong></span> <span class='ocrx_word' id='word_1_542' title='bbox 1403 4460 1566 4505; x_wconf 90' lang='lat' dir='ltr'><strong>erunt</strong></span> <span class='ocrx_word' id='word_1_543' title='bbox 1605 4453 1658 4506; x_wconf 93' lang='lat' dir='ltr'><strong>in</strong></span> <span class='ocrx_word' id='word_1_544' title='bbox 1707 4453 1811 4508; x_wconf 92' lang='lat' dir='ltr'><strong>hoe</strong></span> <span class='ocrx_word' id='word_1_545' title='bbox 1858 4455 2089 4509; x_wconf 63' lang='lat' dir='ltr'><strong>aedificio</strong></span> 
     </span>
    </p>
   </div>
   <div class='ocr_carea' id='block_1_76' title="bbox 2186 3251 3743 3332">
    <p class='ocr_par' dir='ltr' id='par_1_76' title="bbox 2186 3251 3743 3332">
     <span class='ocr_line' id='line_1_76' title="bbox 2186 3251 3743 3332; baseline 0.007 -25"><span class='ocrx_word' id='word_1_546' title='bbox 2186 3266 2286 3308; x_wconf 87' lang='lat' dir='ltr'><strong>tes.</strong></span> <span class='ocrx_word' id='word_1_547' title='bbox 2336 3251 2430 3307; x_wconf 71' lang='lat' dir='ltr'><strong>lla:</strong></span> <span class='ocrx_word' id='word_1_548' title='bbox 2468 3263 2598 3308; x_wconf 90' lang='lat' dir='ltr'><strong>sunt</strong></span> <span class='ocrx_word' id='word_1_549' title='bbox 2633 3255 2918 3310; x_wconf 90' lang='lat' dir='ltr'><strong>duodecim</strong></span> <span class='ocrx_word' id='word_1_550' title='bbox 2947 3273 3198 3326; x_wconf 69' lang='lat' dir='ltr'><strong>genuum,</strong></span> <span class='ocrx_word' id='word_1_551' title='bbox 3235 3259 3518 3329; x_wconf 88' lang='lat' dir='ltr'><strong>inquibus,</strong></span> <span class='ocrx_word' id='word_1_552' title='bbox 3543 3270 3600 3315; x_wconf 87' lang='lat' dir='ltr'><strong>ut</strong></span> <span class='ocrx_word' id='word_1_553' title='bbox 3620 3276 3743 3332; x_wconf 71' lang='lat' dir='ltr'><strong>pm-</strong></span> 
     </span>
    </p>
   </div>
   <div class='ocr_carea' id='block_1_77' title="bbox 2183 3343 3483 3418">
    <p class='ocr_par' dir='ltr' id='par_1_77' title="bbox 2183 3343 3483 3418">
     <span class='ocr_line' id='line_1_77' title="bbox 2183 3343 3483 3418; baseline 0.005 -18"><span class='ocrx_word' id='word_1_554' title='bbox 2183 3343 2354 3400; x_wconf 88' lang='lat' dir='ltr'><strong>fatum</strong></span> <span class='ocrx_word' id='word_1_555' title='bbox 2385 3355 2486 3413; x_wconf 91' lang='lat' dir='ltr'><strong>cst,</strong></span> <span class='ocrx_word' id='word_1_556' title='bbox 2517 3346 2926 3418; x_wconf 85' lang='lat' dir='ltr'><strong>distinguuntur</strong></span> <span class='ocrx_word' id='word_1_557' title='bbox 2951 3350 3143 3404; x_wconf 88' lang='lat' dir='ltr'><strong>merita</strong></span> <span class='ocrx_word' id='word_1_558' title='bbox 3166 3351 3483 3407; x_wconf 87' lang='lat' dir='ltr'><strong>electorum.</strong></span> 
     </span>
    </p>
   </div>
   <div class='ocr_carea' id='block_1_78' title="bbox 2863 3457 3082 3497">
    <p class='ocr_par' dir='ltr' id='par_1_78' title="bbox 2863 3457 3082 3497">
     <span class='ocr_line' id='line_1_78' title="bbox 2863 3457 3082 3497; baseline 0.005 -1"><span class='ocrx_word' id='word_1_559' title='bbox 2863 3457 3082 3497; x_wconf 70' lang='lat' dir='ltr'><strong>DIVISIO.</strong></span> 
     </span>
    </p>
   </div>
   <div class='ocr_carea' id='block_1_79' title="bbox 2256 3526 3742 3600">
    <p class='ocr_par' dir='ltr' id='par_1_79' title="bbox 2256 3526 3742 3600">
     <span class='ocr_line' id='line_1_79' title="bbox 2256 3526 3742 3600; baseline 0.007 -18"><span class='ocrx_word' id='word_1_560' title='bbox 2256 3526 2353 3584; x_wconf 75' lang='lat' dir='ltr'><strong>Vir</strong></span> <span class='ocrx_word' id='word_1_561' title='bbox 2393 3545 2555 3600; x_wconf 88' lang='lat' dir='ltr'><strong>quem</strong></span> <span class='ocrx_word' id='word_1_562' title='bbox 2601 3529 2850 3588; x_wconf 87' lang='lat' dir='ltr'><strong>Ezechiel</strong></span> <span class='ocrx_word' id='word_1_563' title='bbox 2889 3535 3113 3599; x_wconf 88' lang='lat' dir='ltr'><strong>viderat,</strong></span> <span class='ocrx_word' id='word_1_564' title='bbox 3164 3551 3291 3590; x_wconf 88' lang='lat' dir='ltr'><strong>cum</strong></span> <span class='ocrx_word' id='word_1_565' title='bbox 3325 3535 3430 3593; x_wconf 83' lang='lat' dir='ltr'><strong>sibi</strong></span> <span class='ocrx_word' id='word_1_566' title='bbox 3461 3539 3742 3592; x_wconf 78' lang='lat' dir='ltr'><strong>ostendere-</strong></span> 
     </span>
    </p>
   </div>
   <div class='ocr_carea' id='block_1_80' title="bbox 2186 3622 3746 3697">
    <p class='ocr_par' dir='ltr' id='par_1_80' title="bbox 2186 3622 3746 3697">
     <span class='ocr_line' id='line_1_80' title="bbox 2186 3622 3746 3697; baseline 0.006 -22"><span class='ocrx_word' id='word_1_567' title='bbox 2186 3630 2276 3675; x_wconf 88' lang='lat' dir='ltr'><strong>tur</strong></span> <span class='ocrx_word' id='word_1_568' title='bbox 2303 3622 2590 3676; x_wconf 74' lang='lat' dir='ltr'><strong>:edificium</strong></span> <span class='ocrx_word' id='word_1_569' title='bbox 2623 3623 2880 3687; x_wconf 75' lang='lat' dir='ltr'><strong>civitatis,</strong></span> <span class='ocrx_word' id='word_1_570' title='bbox 2911 3635 2965 3680; x_wconf 91' lang='lat' dir='ltr'><strong>ct</strong></span> <span class='ocrx_word' id='word_1_571' title='bbox 3009 3627 3187 3681; x_wconf 89' lang='lat' dir='ltr'><strong>stabat</strong></span> <span class='ocrx_word' id='word_1_572' title='bbox 3218 3628 3272 3681; x_wconf 91' lang='lat' dir='ltr'><strong>in</strong></span> <span class='ocrx_word' id='word_1_573' title='bbox 3303 3639 3482 3697; x_wconf 89' lang='lat' dir='ltr'><strong>porta,</strong></span> <span class='ocrx_word' id='word_1_574' title='bbox 3508 3644 3568 3684; x_wconf 87' lang='lat' dir='ltr'><strong>ac</strong></span> <span class='ocrx_word' id='word_1_575' title='bbox 3602 3628 3746 3684; x_wconf 82' lang='lat' dir='ltr'><strong>habe-</strong></span> 
     </span>
    </p>
   </div>
   <div class='ocr_carea' id='block_1_81' title="bbox 2186 3711 3748 3791">
    <p class='ocr_par' dir='ltr' id='par_1_81' title="bbox 2186 3711 3748 3791">
     <span class='ocr_line' id='line_1_81' title="bbox 2186 3711 3748 3791; baseline 0.005 -25"><span class='ocrx_word' id='word_1_576' title='bbox 2186 3711 2279 3766; x_wconf 88' lang='lat' dir='ltr'><strong>bat</strong></span> <span class='ocrx_word' id='word_1_577' title='bbox 2308 3713 2542 3782; x_wconf 89' lang='lat' dir='ltr'><strong>specicm</strong></span> <span class='ocrx_word' id='word_1_578' title='bbox 2572 3713 2730 3782; x_wconf 88' lang='lat' dir='ltr'><strong>quasi</strong></span> <span class='ocrx_word' id='word_1_579' title='bbox 2760 3717 2882 3770; x_wconf 71' lang='lat' dir='ltr'><strong>azris</strong></span> <span class='ocrx_word' id='word_1_580' title='bbox 2911 3715 3126 3787; x_wconf 73' lang='lat' dir='ltr'><strong>(Ezcclt.</strong></span> <span class='ocrx_word' id='word_1_581' title='bbox 3158 3721 3270 3788; x_wconf 74' lang='lat' dir='ltr'><strong>XL),</strong></span> <span class='ocrx_word' id='word_1_582' title='bbox 3303 3719 3577 3776; x_wconf 91' lang='lat' dir='ltr'><strong>Christum</strong></span> <span class='ocrx_word' id='word_1_583' title='bbox 3599 3721 3748 3791; x_wconf 77' lang='lat' dir='ltr'><strong>signi-</strong></span> 
     </span>
    </p>
   </div>
   <div class='ocr_carea' id='block_1_82' title="bbox 2188 3803 3744 3879">
    <p class='ocr_par' dir='ltr' id='par_1_82' title="bbox 2188 3803 3744 3879">
     <span class='ocr_line' id='line_1_82' title="bbox 2188 3803 3744 3879; baseline 0.006 -22"><span class='ocrx_word' id='word_1_584' title='bbox 2188 3804 2336 3868; x_wconf 79' lang='lat' dir='ltr'><strong>ficat,</strong></span> <span class='ocrx_word' id='word_1_585' title='bbox 2385 3806 2477 3873; x_wconf 89' lang='lat' dir='ltr'><strong>qui</strong></span> <span class='ocrx_word' id='word_1_586' title='bbox 2524 3803 2626 3859; x_wconf 90' lang='lat' dir='ltr'><strong>fuit</strong></span> <span class='ocrx_word' id='word_1_587' title='bbox 2658 3816 2845 3862; x_wconf 89' lang='lat' dir='ltr'><strong>contra</strong></span> <span class='ocrx_word' id='word_1_588' title='bbox 2887 3824 3148 3879; x_wconf 88' lang='lat' dir='ltr'><strong>prospera</strong></span> <span class='ocrx_word' id='word_1_589' title='bbox 3193 3821 3248 3866; x_wconf 92' lang='lat' dir='ltr'><strong>et</strong></span> <span class='ocrx_word' id='word_1_590' title='bbox 3293 3812 3519 3867; x_wconf 88' lang='lat' dir='ltr'><strong>adversa</strong></span> <span class='ocrx_word' id='word_1_591' title='bbox 3557 3813 3744 3867; x_wconf 76' lang='lat' dir='ltr'><strong>firmus.</strong></span> 
     </span>
    </p>
   </div>
   <div class='ocr_carea' id='block_1_83' title="bbox 2186 3893 3748 3965">
    <p class='ocr_par' dir='ltr' id='par_1_83' title="bbox 2186 3893 3748 3965">
     <span class='ocr_line' id='line_1_83' title="bbox 2186 3893 3748 3965; baseline 0.006 -17"><span class='ocrx_word' id='word_1_592' title='bbox 2186 3893 2286 3950; x_wconf 81' lang='lat' dir='ltr'><strong>llic</strong></span> <span class='ocrx_word' id='word_1_593' title='bbox 2337 3896 2390 3949; x_wconf 91' lang='lat' dir='ltr'><strong>in</strong></span> <span class='ocrx_word' id='word_1_594' title='bbox 2440 3906 2592 3965; x_wconf 88' lang='lat' dir='ltr'><strong>porta</strong></span> <span class='ocrx_word' id='word_1_595' title='bbox 2626 3906 2771 3951; x_wconf 89' lang='lat' dir='ltr'><strong>stare</strong></span> <span class='ocrx_word' id='word_1_596' title='bbox 2801 3898 3020 3954; x_wconf 76' lang='lat' dir='ltr'><strong>dicitur.</strong></span> <span class='ocrx_word' id='word_1_597' title='bbox 3063 3899 3217 3956; x_wconf 88' lang='lat' dir='ltr'><strong>Unde</strong></span> <span class='ocrx_word' id='word_1_598' title='bbox 3249 3903 3301 3956; x_wconf 93' lang='lat' dir='ltr'><strong>in</strong></span> <span class='ocrx_word' id='word_1_599' title='bbox 3333 3903 3568 3958; x_wconf 87' lang='lat' dir='ltr'><strong>Canticis</strong></span> <span class='ocrx_word' id='word_1_600' title='bbox 3589 3921 3600 3956; x_wconf 93' lang='lat'><strong>:</strong></span> <span class='ocrx_word' id='word_1_601' title='bbox 3625 3922 3644 3954; x_wconf 78' lang='grc' dir='ltr'><strong>ι</strong></span> <span class='ocrx_word' id='word_1_602' title='bbox 3677 3899 3748 3958; x_wconf 80' lang='lat' dir='ltr'><strong>En</strong></span> 
     </span>
    </p>
   </div>
   <div class='ocr_carea' id='block_1_84' title="bbox 2188 3986 3750 4065">
    <p class='ocr_par' dir='ltr' id='par_1_84' title="bbox 2188 3986 3750 4065">
     <span class='ocr_line' id='line_1_84' title="bbox 2188 3986 3750 4065; baseline 0.006 -27"><span class='ocrx_word' id='word_1_603' title='bbox 2188 3986 2304 4055; x_wconf 90' lang='lat' dir='ltr'><strong>ipse</strong></span> <span class='ocrx_word' id='word_1_604' title='bbox 2351 3995 2459 4040; x_wconf 89' lang='lat' dir='ltr'><strong>stat</strong></span> <span class='ocrx_word' id='word_1_605' title='bbox 2499 3997 2621 4057; x_wconf 89' lang='lat' dir='ltr'><strong>post</strong></span> <span class='ocrx_word' id='word_1_606' title='bbox 2662 3989 2922 4058; x_wconf 87' lang='lat' dir='ltr'><strong>parietem</strong></span> <span class='ocrx_word' id='word_1_607' title='bbox 2956 4002 3204 4047; x_wconf 76' lang='lat' dir='ltr'><strong>nostrum</strong></span> <span class='ocrx_word' id='word_1_608' title='bbox 3243 3995 3540 4064; x_wconf 85' lang='lat' dir='ltr'><strong>respiciens</strong></span> <span class='ocrx_word' id='word_1_609' title='bbox 3565 4009 3654 4065; x_wconf 88' lang='lat' dir='ltr'><strong>per</strong></span> <span class='ocrx_word' id='word_1_610' title='bbox 3675 3993 3750 4048; x_wconf 86' lang='lat' dir='ltr'><strong>fe-</strong></span> 
     </span>
    </p>
   </div>
   <div class='ocr_carea' id='block_1_85' title="bbox 2189 4080 3750 4156">
    <p class='ocr_par' dir='ltr' id='par_1_85' title="bbox 2189 4080 3750 4156">
     <span class='ocr_line' id='line_1_85' title="bbox 2189 4080 3750 4156; baseline 0.006 -25"><span class='ocrx_word' id='word_1_611' title='bbox 2189 4088 2423 4144; x_wconf 86' lang='lat' dir='ltr'><strong>nestras,</strong></span> <span class='ocrx_word' id='word_1_612' title='bbox 2462 4080 2803 4150; x_wconf 86' lang='lat' dir='ltr'><strong>prospiciens</strong></span> <span class='ocrx_word' id='word_1_613' title='bbox 2853 4097 2947 4152; x_wconf 89' lang='lat' dir='ltr'><strong>per</strong></span> <span class='ocrx_word' id='word_1_614' title='bbox 2992 4085 3265 4140; x_wconf 87' lang='lat' dir='ltr'><strong>cancellos</strong></span> <span class='ocrx_word' id='word_1_615' title='bbox 3311 4085 3491 4155; x_wconf 81' lang='lat' dir='ltr'><strong>(Cant.</strong></span> <span class='ocrx_word' id='word_1_616' title='bbox 3531 4087 3604 4156; x_wconf 93' lang='grc' dir='ltr'>ιι).</span> <span class='ocrx_word' id='word_1_617' title='bbox 3645 4106 3662 4140; x_wconf 79' lang='grc' dir='ltr'><strong>ι</strong></span> <span class='ocrx_word' id='word_1_618' title='bbox 3700 4084 3750 4140; x_wconf 82' lang='grc' dir='ltr'>Ιιι</span> 
     </span>
    </p>
   </div>
   <div class='ocr_carea' id='block_1_86' title="bbox 2187 4169 3752 4248">
    <p class='ocr_par' dir='ltr' id='par_1_86' title="bbox 2187 4169 3752 4248">
     <span class='ocr_line' id='line_1_86' title="bbox 2187 4169 3752 4248; baseline 0.006 -26"><span class='ocrx_word' id='word_1_619' title='bbox 2187 4169 2408 4225; x_wconf 84' lang='lat' dir='ltr'><strong>Christo</strong></span> <span class='ocrx_word' id='word_1_620' title='bbox 2436 4172 2580 4225; x_wconf 92' lang='lat' dir='ltr'><strong>enim</strong></span> <span class='ocrx_word' id='word_1_621' title='bbox 2605 4173 2726 4228; x_wconf 80' lang='lat' dir='ltr'><strong>dua:</strong></span> <span class='ocrx_word' id='word_1_622' title='bbox 2756 4183 2962 4229; x_wconf 58' lang='lat' dir='ltr'><strong>natura:</strong></span> <span class='ocrx_word' id='word_1_623' title='bbox 2983 4175 3452 4244; x_wconf 87' lang='lat' dir='ltr'><strong>demonstrantur,</strong></span> <span class='ocrx_word' id='word_1_624' title='bbox 3480 4179 3599 4248; x_wconf 88' lang='lat' dir='ltr'><strong>quia</strong></span> <span class='ocrx_word' id='word_1_625' title='bbox 3623 4178 3752 4232; x_wconf 60' lang='lat' dir='ltr'><strong>sErut</strong></span> 
     </span>
    </p>
   </div>
   <div class='ocr_carea' id='block_1_87' title="bbox 2188 4267 3755 4344">
    <p class='ocr_par' dir='ltr' id='par_1_87' title="bbox 2188 4267 3755 4344">
     <span class='ocr_line' id='line_1_87' title="bbox 2188 4267 3755 4344; baseline 0.005 -23"><span class='ocrx_word' id='word_1_626' title='bbox 2188 4267 2278 4323; x_wconf 90' lang='lat' dir='ltr'><strong>ille</strong></span> <span class='ocrx_word' id='word_1_627' title='bbox 2303 4269 2395 4339; x_wconf 91' lang='lat' dir='ltr'><strong>qui</strong></span> <span class='ocrx_word' id='word_1_628' title='bbox 2428 4279 2537 4325; x_wconf 90' lang='lat' dir='ltr'><strong>stat</strong></span> <span class='ocrx_word' id='word_1_629' title='bbox 2579 4271 2631 4324; x_wconf 90' lang='lat' dir='ltr'><strong>in</strong></span> <span class='ocrx_word' id='word_1_630' title='bbox 2665 4281 2820 4340; x_wconf 89' lang='lat' dir='ltr'><strong>porta</strong></span> <span class='ocrx_word' id='word_1_631' title='bbox 2851 4288 2915 4326; x_wconf 88' lang='lat' dir='ltr'><strong>ex</strong></span> <span class='ocrx_word' id='word_1_632' title='bbox 2948 4282 3101 4342; x_wconf 90' lang='lat' dir='ltr'><strong>parte</strong></span> <span class='ocrx_word' id='word_1_633' title='bbox 3145 4274 3381 4340; x_wconf 89' lang='lat' dir='ltr'><strong>videtur,</strong></span> <span class='ocrx_word' id='word_1_634' title='bbox 3415 4283 3470 4329; x_wconf 88' lang='lat' dir='ltr'><strong>et</strong></span> <span class='ocrx_word' id='word_1_635' title='bbox 3512 4290 3574 4330; x_wconf 82' lang='lat' dir='ltr'><strong>ex</strong></span> <span class='ocrx_word' id='word_1_636' title='bbox 3614 4281 3755 4344; x_wconf 73' lang='lat' dir='ltr'><strong>parte</strong></span> 
     </span>
    </p>
   </div>
   <div class='ocr_carea' id='block_1_88' title="bbox 2189 4361 3751 4420">
    <p class='ocr_par' dir='ltr' id='par_1_88' title="bbox 2189 4361 3751 4420">
     <span class='ocr_line' id='line_1_88' title="bbox 2189 4361 3751 4420; baseline 0.003 -6"><span class='ocrx_word' id='word_1_637' title='bbox 2189 4361 2528 4416; x_wconf 88' lang='lat' dir='ltr'><strong>occultatur:</strong></span> <span class='ocrx_word' id='word_1_638' title='bbox 2564 4361 2644 4416; x_wconf 90' lang='lat' dir='ltr'><strong>sic</strong></span> <span class='ocrx_word' id='word_1_639' title='bbox 2665 4361 2920 4417; x_wconf 87' lang='lat' dir='ltr'><strong>Christus</strong></span> <span class='ocrx_word' id='word_1_640' title='bbox 2948 4363 3248 4418; x_wconf 83' lang='lat' dir='ltr'><strong>secundum</strong></span> <span class='ocrx_word' id='word_1_641' title='bbox 3273 4364 3500 4420; x_wconf 88' lang='lat' dir='ltr'><strong>alteram</strong></span> <span class='ocrx_word' id='word_1_642' title='bbox 3526 4373 3751 4420; x_wconf 81' lang='lat' dir='ltr'><strong>naturam</strong></span> 
     </span>
    </p>
   </div>
   <div class='ocr_carea' id='block_1_89' title="bbox 2191 4453 3756 4524">
    <p class='ocr_par' dir='ltr' id='par_1_89' title="bbox 2191 4453 3756 4524">
     <span class='ocr_line' id='line_1_89' title="bbox 2191 4453 3756 4524; baseline 0.003 -19"><span class='ocrx_word' id='word_1_643' title='bbox 2191 4453 2424 4507; x_wconf 86' lang='lat' dir='ltr'><strong>visibilis</strong></span> <span class='ocrx_word' id='word_1_644' title='bbox 2455 4454 2659 4508; x_wconf 87' lang='lat' dir='ltr'><strong>mundo</strong></span> <span class='ocrx_word' id='word_1_645' title='bbox 2683 4455 2951 4524; x_wconf 85' lang='lat' dir='ltr'><strong>apparuit,</strong></span> <span class='ocrx_word' id='word_1_646' title='bbox 2995 4463 3050 4510; x_wconf 92' lang='lat' dir='ltr'><strong>ct</strong></span> <span class='ocrx_word' id='word_1_647' title='bbox 3090 4457 3394 4511; x_wconf 89' lang='lat' dir='ltr'><strong>secundum</strong></span> <span class='ocrx_word' id='word_1_648' title='bbox 3435 4457 3646 4512; x_wconf 88' lang='lat' dir='ltr'><strong>alteram</strong></span> <span class='ocrx_word' id='word_1_649' title='bbox 3682 4456 3756 4510; x_wconf 56' lang='lat' dir='ltr'><strong>ine</strong></span> 
     </span>
    </p>
   </div>
   <div class='ocr_carea' id='block_1_90' title="bbox 499 4539 3755 4617">
    <p class='ocr_par' dir='ltr' id='par_1_90' title="bbox 499 4539 3755 4617">
     <span class='ocr_line' id='line_1_90' title="bbox 499 4539 3755 4617; baseline 0.002 -23"><span class='ocrx_word' id='word_1_650' title='bbox 499 4548 562 4596; x_wconf 85' lang='lat' dir='ltr'><strong>ut</strong></span> <span class='ocrx_word' id='word_1_651' title='bbox 591 4542 881 4610; x_wconf 85' lang='lat' dir='ltr'><strong>sapphirus</strong></span> <span class='ocrx_word' id='word_1_652' title='bbox 930 4541 1194 4595; x_wconf 85' lang='lat' dir='ltr'><strong>lucentes.</strong></span> <span class='ocrx_word' id='word_1_653' title='bbox 1247 4539 1462 4598; x_wconf 86' lang='lat' dir='ltr'><strong>Tertius</strong></span> <span class='ocrx_word' id='word_1_654' title='bbox 1493 4552 1578 4598; x_wconf 90' lang='lat' dir='ltr'><strong>est</strong></span> <span class='ocrx_word' id='word_1_655' title='bbox 1606 4545 1954 4602; x_wconf 89' lang='lat' dir='ltr'><strong>calcedonius</strong></span> <span class='ocrx_word' id='word_1_656' title='bbox 1987 4547 2086 4601; x_wconf 90' lang='lat' dir='ltr'><strong>ha-</strong></span> <span class='ocrx_word' id='word_1_657' title='bbox 2119 4549 2163 4604; x_wconf 88' lang='grc' dir='ltr'><strong>Ι)</strong></span> <span class='ocrx_word' id='word_1_658' title='bbox 2193 4545 2422 4600; x_wconf 89' lang='lat' dir='ltr'><strong>visibilis</strong></span> <span class='ocrx_word' id='word_1_659' title='bbox 2468 4546 2522 4599; x_wconf 91' lang='lat' dir='ltr'><strong>in</strong></span> <span class='ocrx_word' id='word_1_660' title='bbox 2578 4561 2674 4600; x_wconf 92' lang='lat' dir='ltr'><strong>sua</strong></span> <span class='ocrx_word' id='word_1_661' title='bbox 2725 4547 3010 4617; x_wconf 84' lang='lat' dir='ltr'><strong>majestate</strong></span> <span class='ocrx_word' id='word_1_662' title='bbox 3065 4549 3385 4617; x_wconf 89' lang='lat' dir='ltr'><strong>permansit.</strong></span> <span class='ocrx_word' id='word_1_663' title='bbox 3436 4547 3502 4604; x_wconf 86' lang='lat' dir='ltr'><strong>Et</strong></span> <span class='ocrx_word' id='word_1_664' title='bbox 3548 4546 3755 4602; x_wconf 78' lang='lat' dir='ltr'><strong>habebat</strong></span> 
     </span>
    </p>
   </div>
   <div class='ocr_carea' id='block_1_91' title="bbox 498 4630 2084 4703">
    <p class='ocr_par' dir='ltr' id='par_1_91' title="bbox 498 4630 2084 4703">
     <span class='ocr_line' id='line_1_91' title="bbox 498 4630 2084 4703; baseline 0.003 -16"><span class='ocrx_word' id='word_1_665' title='bbox 498 4630 637 4687; x_wconf 84' lang='lat' dir='ltr'><strong>bens</strong></span> <span class='ocrx_word' id='word_1_666' title='bbox 669 4631 808 4701; x_wconf 87' lang='lat' dir='ltr'><strong>ignis</strong></span> <span class='ocrx_word' id='word_1_667' title='bbox 831 4630 1058 4700; x_wconf 70' lang='lat' dir='ltr'><strong>effigiem</strong></span> <span class='ocrx_word' id='word_1_668' title='bbox 1093 4632 1146 4686; x_wconf 91' lang='lat' dir='ltr'><strong>in</strong></span> <span class='ocrx_word' id='word_1_669' title='bbox 1181 4634 1397 4702; x_wconf 90' lang='lat' dir='ltr'><strong>publico</strong></span> <span class='ocrx_word' id='word_1_670' title='bbox 1427 4635 1763 4690; x_wconf 88' lang='lat' dir='ltr'><strong>subrutilans</strong></span> <span class='ocrx_word' id='word_1_671' title='bbox 1794 4638 1847 4691; x_wconf 91' lang='lat' dir='ltr'><strong>in</strong></span> <span class='ocrx_word' id='word_1_672' title='bbox 1878 4639 2084 4703; x_wconf 91' lang='lat' dir='ltr'><strong>nubilo,</strong></span> 
     </span>
    </p>
   </div>
   <div class='ocr_carea' id='block_1_92' title="bbox 499 4715 2087 4798">
    <p class='ocr_par' dir='ltr' id='par_1_92' title="bbox 499 4715 2087 4798">
     <span class='ocr_line' id='line_1_92' title="bbox 499 4715 2087 4798; baseline 0.005 -21"><span class='ocrx_word' id='word_1_673' title='bbox 499 4725 638 4778; x_wconf 88' lang='lat' dir='ltr'><strong>dans</strong></span> <span class='ocrx_word' id='word_1_674' title='bbox 669 4721 931 4794; x_wconf 87' lang='lat' dir='ltr'><strong>fulgorem</strong></span> <span class='ocrx_word' id='word_1_675' title='bbox 961 4715 1249 4796; x_wconf 53' lang='lat' dir='ltr'><strong>{designat</strong></span> <span class='ocrx_word' id='word_1_676' title='bbox 1288 4727 1429 4781; x_wconf 86' lang='lat' dir='ltr'><strong>bona</strong></span> <span class='ocrx_word' id='word_1_677' title='bbox 1475 4743 1638 4798; x_wconf 89' lang='lat' dir='ltr'><strong>opera</strong></span> <span class='ocrx_word' id='word_1_678' title='bbox 1687 4739 1904 4798; x_wconf 88' lang='lat' dir='ltr'><strong>propter</strong></span> <span class='ocrx_word' id='word_1_679' title='bbox 1934 4729 2087 4785; x_wconf 50' lang='lat' dir='ltr'><strong>favo-</strong></span> 
     </span>
    </p>
   </div>
   <div class='ocr_carea' id='block_1_93' title="bbox 501 4818 2088 4887">
    <p class='ocr_par' dir='ltr' id='par_1_93' title="bbox 501 4818 2088 4887">
     <span class='ocr_line' id='line_1_93' title="bbox 501 4818 2088 4887; baseline 0.006 -17"><span class='ocrx_word' id='word_1_680' title='bbox 501 4831 616 4871; x_wconf 85' lang='lat' dir='ltr'><strong>rem</strong></span> <span class='ocrx_word' id='word_1_681' title='bbox 648 4818 830 4887; x_wconf 88' lang='lat' dir='ltr'><strong>populi</strong></span> <span class='ocrx_word' id='word_1_682' title='bbox 863 4819 1233 4886; x_wconf 90' lang='lat' dir='ltr'><strong>occultantes;</strong></span> <span class='ocrx_word' id='word_1_683' title='bbox 1287 4821 1340 4874; x_wconf 93' lang='lat' dir='ltr'><strong>in</strong></span> <span class='ocrx_word' id='word_1_684' title='bbox 1384 4831 1592 4876; x_wconf 89' lang='lat' dir='ltr'><strong>secreto</strong></span> <span class='ocrx_word' id='word_1_685' title='bbox 1617 4831 1796 4876; x_wconf 88' lang='lat' dir='ltr'><strong>autem</strong></span> <span class='ocrx_word' id='word_1_686' title='bbox 1849 4822 2088 4879; x_wconf 87' lang='lat' dir='ltr'><strong>fraterno</strong></span> 
     </span>
    </p>
   </div>
   <div class='ocr_carea' id='block_1_94' title="bbox 503 4911 2089 4974">
    <p class='ocr_par' dir='ltr' id='par_1_94' title="bbox 503 4911 2089 4974">
     <span class='ocr_line' id='line_1_94' title="bbox 503 4911 2089 4974; baseline 0.006 -12"><span class='ocrx_word' id='word_1_687' title='bbox 503 4923 690 4964; x_wconf 89' lang='lat' dir='ltr'><strong>amore</strong></span> <span class='ocrx_word' id='word_1_688' title='bbox 720 4911 990 4974; x_wconf 89' lang='lat' dir='ltr'><strong>ardentes,</strong></span> <span class='ocrx_word' id='word_1_689' title='bbox 1046 4912 1100 4965; x_wconf 92' lang='lat' dir='ltr'><strong>hi</strong></span> <span class='ocrx_word' id='word_1_690' title='bbox 1132 4922 1294 4966; x_wconf 86' lang='lat' dir='ltr'><strong>erunt</strong></span> <span class='ocrx_word' id='word_1_691' title='bbox 1331 4913 1385 4966; x_wconf 91' lang='lat' dir='ltr'><strong>in</strong></span> <span class='ocrx_word' id='word_1_692' title='bbox 1436 4915 1537 4968; x_wconf 86' lang='lat' dir='ltr'><strong>hoc</strong></span> <span class='ocrx_word' id='word_1_693' title='bbox 1573 4914 1798 4968; x_wconf 82' lang='lat' dir='ltr'><strong>:edificia</strong></span> <span class='ocrx_word' id='word_1_694' title='bbox 1825 4923 1884 4968; x_wconf 93' lang='lat' dir='ltr'><strong>ut</strong></span> <span class='ocrx_word' id='word_1_695' title='bbox 1911 4917 2089 4971; x_wconf 83' lang='lat' dir='ltr'><strong>calce-</strong></span> 
     </span>
    </p>
   </div>
   <div class='ocr_carea' id='block_1_95' title="bbox 503 4999 2090 5077">
    <p class='ocr_par' dir='ltr' id='par_1_95' title="bbox 503 4999 2090 5077">
     <span class='ocr_line' id='line_1_95' title="bbox 503 4999 2090 5077; baseline 0.004 -23"><span class='ocrx_word' id='word_1_696' title='bbox 503 4999 703 5054; x_wconf 87' lang='lat' dir='ltr'><strong>donius</strong></span> <span class='ocrx_word' id='word_1_697' title='bbox 749 5000 1114 5070; x_wconf 85' lang='lat' dir='ltr'><strong>splendentes.</strong></span> <span class='ocrx_word' id='word_1_698' title='bbox 1167 5003 1409 5069; x_wconf 89' lang='lat' dir='ltr'><strong>Quartus</strong></span> <span class='ocrx_word' id='word_1_699' title='bbox 1455 5005 1778 5076; x_wconf 85' lang='lat' dir='ltr'><strong>smaragdus</strong></span> <span class='ocrx_word' id='word_1_700' title='bbox 1825 5022 2090 5077; x_wconf 90' lang='lat' dir='ltr'><strong>superpo-</strong></span> 
     </span>
    </p>
   </div>
   <div class='ocr_carea' id='block_1_96' title="bbox 505 5093 2092 5170">
    <p class='ocr_par' dir='ltr' id='par_1_96' title="bbox 505 5093 2092 5170">
     <span class='ocr_line' id='line_1_96' title="bbox 505 5093 2092 5170; baseline 0.006 -24"><span class='ocrx_word' id='word_1_701' title='bbox 505 5093 654 5147; x_wconf 90' lang='lat' dir='ltr'><strong>nitur</strong></span> <span class='ocrx_word' id='word_1_702' title='bbox 685 5111 696 5146; x_wconf 94' lang='lat'><strong>:</strong></span> <span class='ocrx_word' id='word_1_703' title='bbox 722 5094 880 5163; x_wconf 89' lang='lat' dir='ltr'><strong>cujus</strong></span> <span class='ocrx_word' id='word_1_704' title='bbox 923 5095 1170 5151; x_wconf 83' lang='lat' dir='ltr'><strong>viriditas</strong></span> <span class='ocrx_word' id='word_1_705' title='bbox 1221 5097 1420 5151; x_wconf 91' lang='lat' dir='ltr'><strong>herbas</strong></span> <span class='ocrx_word' id='word_1_706' title='bbox 1466 5107 1518 5150; x_wconf 90' lang='lat' dir='ltr'><strong>et</strong></span> <span class='ocrx_word' id='word_1_707' title='bbox 1567 5096 1787 5152; x_wconf 88' lang='lat' dir='ltr'><strong>frondes</strong></span> <span class='ocrx_word' id='word_1_708' title='bbox 1817 5107 2092 5170; x_wconf 88' lang='lat' dir='ltr'><strong>transgre-</strong></span> 
     </span>
    </p>
   </div>
   <div class='ocr_carea' id='block_1_97' title="bbox 504 5183 2090 5259">
    <p class='ocr_par' dir='ltr' id='par_1_97' title="bbox 504 5183 2090 5259">
     <span class='ocr_line' id='line_1_97' title="bbox 504 5183 2090 5259; baseline 0.006 -22"><span class='ocrx_word' id='word_1_709' title='bbox 504 5183 673 5250; x_wconf 86' lang='lat' dir='ltr'><strong>ditur,</strong></span> <span class='ocrx_word' id='word_1_710' title='bbox 725 5185 1108 5242; x_wconf 89' lang='lat' dir='ltr'><strong>dcmonstrans</strong></span> <span class='ocrx_word' id='word_1_711' title='bbox 1155 5203 1251 5244; x_wconf 91' lang='lat' dir='ltr'><strong>eos</strong></span> <span class='ocrx_word' id='word_1_712' title='bbox 1305 5190 1397 5259; x_wconf 90' lang='lat' dir='ltr'><strong>qui</strong></span> <span class='ocrx_word' id='word_1_713' title='bbox 1457 5205 1551 5259; x_wconf 88' lang='lat' dir='ltr'><strong>per</strong></span> <span class='ocrx_word' id='word_1_714' title='bbox 1609 5205 1878 5244; x_wconf 90' lang='lat' dir='ltr'><strong>summam</strong></span> <span class='ocrx_word' id='word_1_715' title='bbox 1931 5191 2090 5246; x_wconf 90' lang='lat' dir='ltr'><strong>tidem</strong></span> 
     </span>
    </p>
   </div>
   <div class='ocr_carea' id='block_1_98' title="bbox 507 5277 2094 5350">
    <p class='ocr_par' dir='ltr' id='par_1_98' title="bbox 507 5277 2094 5350">
     <span class='ocr_line' id='line_1_98' title="bbox 507 5277 2094 5350; baseline 0.004 -19"><span class='ocrx_word' id='word_1_716' title='bbox 507 5277 660 5347; x_wconf 85' lang='lat' dir='ltr'><strong>signa</strong></span> <span class='ocrx_word' id='word_1_717' title='bbox 689 5287 741 5331; x_wconf 89' lang='lat' dir='ltr'><strong>et</strong></span> <span class='ocrx_word' id='word_1_718' title='bbox 778 5278 1044 5332; x_wconf 90' lang='lat' dir='ltr'><strong>mirabilia</strong></span> <span class='ocrx_word' id='word_1_719' title='bbox 1089 5290 1215 5334; x_wconf 89' lang='lat' dir='ltr'><strong>sunt</strong></span> <span class='ocrx_word' id='word_1_720' title='bbox 1245 5293 1563 5350; x_wconf 79' lang='lat' dir='ltr'><strong>cperantcs;</strong></span> <span class='ocrx_word' id='word_1_721' title='bbox 1607 5282 1658 5335; x_wconf 91' lang='lat' dir='ltr'><strong>hi</strong></span> <span class='ocrx_word' id='word_1_722' title='bbox 1685 5291 1845 5335; x_wconf 87' lang='lat' dir='ltr'><strong>erunt</strong></span> <span class='ocrx_word' id='word_1_723' title='bbox 1888 5282 1942 5336; x_wconf 89' lang='lat' dir='ltr'><strong>in</strong></span> <span class='ocrx_word' id='word_1_724' title='bbox 1987 5283 2094 5338; x_wconf 94' lang='lat' dir='ltr'><strong>hoc</strong></span> 
     </span>
    </p>
   </div>
   <div class='ocr_carea' id='block_1_99' title="bbox 504 5368 2094 5445">
    <p class='ocr_par' dir='ltr' id='par_1_99' title="bbox 504 5368 2094 5445">
     <span class='ocr_line' id='line_1_99' title="bbox 504 5368 2094 5445; baseline 0.004 -22"><span class='ocrx_word' id='word_1_725' title='bbox 504 5368 734 5423; x_wconf 66' lang='lat' dir='ltr'><strong>aedificio</strong></span> <span class='ocrx_word' id='word_1_726' title='bbox 763 5379 821 5422; x_wconf 89' lang='lat' dir='ltr'><strong>ut</strong></span> <span class='ocrx_word' id='word_1_727' title='bbox 845 5373 1168 5440; x_wconf 84' lang='lat' dir='ltr'><strong>smaragdus</strong></span> <span class='ocrx_word' id='word_1_728' title='bbox 1216 5383 1592 5427; x_wconf 89' lang='lat' dir='ltr'><strong>coruscantes.</strong></span> <span class='ocrx_word' id='word_1_729' title='bbox 1647 5372 1883 5439; x_wconf 90' lang='lat' dir='ltr'><strong>Quintus</strong></span> <span class='ocrx_word' id='word_1_730' title='bbox 1911 5375 2094 5445; x_wconf 89' lang='lat' dir='ltr'><strong>sequi-</strong></span> 
     </span>
    </p>
   </div>
   <div class='ocr_carea' id='block_1_100' title="bbox 506 5459 2094 5532">
    <p class='ocr_par' dir='ltr' id='par_1_100' title="bbox 506 5459 2094 5532">
     <span class='ocr_line' id='line_1_100' title="bbox 506 5459 2094 5532; baseline 0.004 -21"><span class='ocrx_word' id='word_1_731' title='bbox 506 5465 595 5512; x_wconf 86' lang='lat' dir='ltr'><strong>tur</strong></span> <span class='ocrx_word' id='word_1_732' title='bbox 644 5459 953 5526; x_wconf 87' lang='lat' dir='ltr'><strong>sardonius,</strong></span> <span class='ocrx_word' id='word_1_733' title='bbox 1001 5462 1096 5530; x_wconf 91' lang='lat' dir='ltr'><strong>qui</strong></span> <span class='ocrx_word' id='word_1_734' title='bbox 1148 5462 1442 5532; x_wconf 89' lang='lat' dir='ltr'><strong>insignitur</strong></span> <span class='ocrx_word' id='word_1_735' title='bbox 1492 5463 1665 5518; x_wconf 90' lang='lat' dir='ltr'><strong>tribus</strong></span> <span class='ocrx_word' id='word_1_736' title='bbox 1692 5463 1967 5519; x_wconf 90' lang='lat' dir='ltr'><strong>coloribus</strong></span> <span class='ocrx_word' id='word_1_737' title='bbox 2012 5466 2094 5518; x_wconf 90' lang='lat' dir='ltr'><strong>ui-</strong></span> 
     </span>
    </p>
   </div>
   <div class='ocr_carea' id='block_1_101' title="bbox 504 5552 2094 5624">
    <p class='ocr_par' dir='ltr' id='par_1_101' title="bbox 504 5552 2094 5624">
     <span class='ocr_line' id='line_1_101' title="bbox 504 5552 2094 5624; baseline 0.003 -20"><span class='ocrx_word' id='word_1_738' title='bbox 504 5565 626 5620; x_wconf 78' lang='lat' dir='ltr'><strong>gro,</strong></span> <span class='ocrx_word' id='word_1_739' title='bbox 684 5552 826 5616; x_wconf 84' lang='lat' dir='ltr'><strong>albo,</strong></span> <span class='ocrx_word' id='word_1_740' title='bbox 859 5561 912 5607; x_wconf 90' lang='lat' dir='ltr'><strong>et</strong></span> <span class='ocrx_word' id='word_1_741' title='bbox 951 5553 1143 5619; x_wconf 88' lang='lat' dir='ltr'><strong>rubeo,</strong></span> <span class='ocrx_word' id='word_1_742' title='bbox 1172 5555 1466 5623; x_wconf 86' lang='lat' dir='ltr'><strong>designans</strong></span> <span class='ocrx_word' id='word_1_743' title='bbox 1509 5569 1622 5618; x_wconf 75' lang='lat' dir='ltr'><strong>eos,</strong></span> <span class='ocrx_word' id='word_1_744' title='bbox 1656 5556 1749 5624; x_wconf 92' lang='lat' dir='ltr'><strong>qui</strong></span> <span class='ocrx_word' id='word_1_745' title='bbox 1792 5556 2094 5610; x_wconf 85' lang='lat' dir='ltr'><strong>humilitate</strong></span> 
     </span>
    </p>
   </div>
   <div class='ocr_carea' id='block_1_102' title="bbox 507 5642 2094 5717">
    <p class='ocr_par' dir='ltr' id='par_1_102' title="bbox 507 5642 2094 5717">
     <span class='ocr_line' id='line_1_102' title="bbox 507 5642 2094 5717; baseline 0.001 -20"><span class='ocrx_word' id='word_1_746' title='bbox 507 5642 846 5712; x_wconf 86' lang='lat' dir='ltr'><strong>nigrescunt,</strong></span> <span class='ocrx_word' id='word_1_747' title='bbox 874 5645 1124 5699; x_wconf 88' lang='lat' dir='ltr'><strong>castitate</strong></span> <span class='ocrx_word' id='word_1_748' title='bbox 1166 5645 1470 5709; x_wconf 88' lang='lat' dir='ltr'><strong>albescunt,</strong></span> <span class='ocrx_word' id='word_1_749' title='bbox 1503 5646 1883 5703; x_wconf 85' lang='lat' dir='ltr'><strong>adversitatcm</strong></span> <span class='ocrx_word' id='word_1_750' title='bbox 1913 5663 1942 5701; x_wconf 89' lang='lat' dir='ltr'><strong>a</strong></span> <span class='ocrx_word' id='word_1_751' title='bbox 1971 5662 2094 5717; x_wconf 83' lang='lat' dir='ltr'><strong>pro-</strong></span> 
     </span>
    </p>
   </div>
   <div class='ocr_carea' id='block_1_103' title="bbox 507 5733 2092 5808">
    <p class='ocr_par' dir='ltr' id='par_1_103' title="bbox 507 5733 2092 5808">
     <span class='ocr_line' id='line_1_103' title="bbox 507 5733 2092 5808; baseline 0.004 -23"><span class='ocrx_word' id='word_1_752' title='bbox 507 5735 670 5786; x_wconf 75' lang='lat' dir='ltr'><strong>ximis</strong></span> <span class='ocrx_word' id='word_1_753' title='bbox 695 5733 959 5802; x_wconf 84' lang='lat' dir='ltr'><strong>patienter</strong></span> <span class='ocrx_word' id='word_1_754' title='bbox 985 5734 1206 5789; x_wconf 86' lang='lat' dir='ltr'><strong>ferendo</strong></span> <span class='ocrx_word' id='word_1_755' title='bbox 1230 5735 1492 5790; x_wconf 87' lang='lat' dir='ltr'><strong>charitate</strong></span> <span class='ocrx_word' id='word_1_756' title='bbox 1519 5739 1835 5802; x_wconf 85' lang='lat' dir='ltr'><strong>rubescunt,</strong></span> <span class='ocrx_word' id='word_1_757' title='bbox 1866 5753 1928 5792; x_wconf 87' lang='lat' dir='ltr'><strong>eo</strong></span> <span class='ocrx_word' id='word_1_758' title='bbox 1951 5737 2092 5808; x_wconf 86' lang='lat' dir='ltr'><strong>quod</strong></span> 
     </span>
    </p>
   </div>
   <div class='ocr_carea' id='block_1_104' title="bbox 506 5824 1912 5902">
    <p class='ocr_par' dir='ltr' id='par_1_104' title="bbox 506 5824 1912 5902">
     <span class='ocr_line' id='line_1_104' title="bbox 506 5824 1912 5902; baseline 0.002 -23"><span class='ocrx_word' id='word_1_759' title='bbox 506 5825 563 5889; x_wconf 66' lang='lat' dir='ltr'><strong>hi</strong></span> <span class='ocrx_word' id='word_1_760' title='bbox 595 5826 648 5878; x_wconf 86' lang='lat' dir='ltr'><strong>in</strong></span> <span class='ocrx_word' id='word_1_761' title='bbox 683 5824 888 5879; x_wconf 65' lang='lat' dir='ltr'><strong>caelesti</strong></span> <span class='ocrx_word' id='word_1_762' title='bbox 921 5826 1148 5881; x_wconf 68' lang='lat' dir='ltr'><strong>aedificio</strong></span> <span class='ocrx_word' id='word_1_763' title='bbox 1175 5837 1230 5882; x_wconf 88' lang='grc' dir='ltr'><strong>ιιι</strong></span> <span class='ocrx_word' id='word_1_764' title='bbox 1267 5827 1554 5884; x_wconf 71' lang='lat' dir='ltr'><strong>sardonius</strong></span> <span class='ocrx_word' id='word_1_765' title='bbox 1586 5828 1912 5902; x_wconf 68' lang='lat' dir='ltr'><strong>fulgescunt.</strong></span> 
     </span>
    </p>
   </div>
   <div class='ocr_carea' id='block_1_105' title="bbox 2191 4635 3757 4705">
    <p class='ocr_par' dir='ltr' id='par_1_105' title="bbox 2191 4635 3757 4705">
     <span class='ocr_line' id='line_1_105' title="bbox 2191 4635 3757 4705; baseline -0.001 -15"><span class='ocrx_word' id='word_1_766' title='bbox 2191 4636 2423 4705; x_wconf 87' lang='lat' dir='ltr'><strong>speciem</strong></span> <span class='ocrx_word' id='word_1_767' title='bbox 2452 4636 2608 4704; x_wconf 88' lang='lat' dir='ltr'><strong>quasi</strong></span> <span class='ocrx_word' id='word_1_768' title='bbox 2637 4636 2783 4690; x_wconf 72' lang='lat' dir='ltr'><strong>teris.</strong></span> <span class='ocrx_word' id='word_1_769' title='bbox 2833 4635 2932 4692; x_wconf 65' lang='lat' dir='ltr'><strong>Ais</strong></span> <span class='ocrx_word' id='word_1_770' title='bbox 2962 4639 3116 4692; x_wconf 87' lang='lat' dir='ltr'><strong>valde</strong></span> <span class='ocrx_word' id='word_1_771' title='bbox 3156 4653 3422 4692; x_wconf 88' lang='lat' dir='ltr'><strong>sonorum</strong></span> <span class='ocrx_word' id='word_1_772' title='bbox 3466 4648 3564 4703; x_wconf 89' lang='lat' dir='ltr'><strong>est,</strong></span> <span class='ocrx_word' id='word_1_773' title='bbox 3598 4647 3648 4691; x_wconf 90' lang='lat' dir='ltr'><strong>et</strong></span> <span class='ocrx_word' id='word_1_774' title='bbox 3671 4651 3757 4688; x_wconf 84' lang='lat' dir='ltr'><strong>ua-</strong></span> 
     </span>
    </p>
   </div>
   <div class='ocr_carea' id='block_1_106' title="bbox 2191 4728 3754 4800">
    <p class='ocr_par' dir='ltr' id='par_1_106' title="bbox 2191 4728 3754 4800">
     <span class='ocr_line' id='line_1_106' title="bbox 2191 4728 3754 4800; baseline -0.001 -18"><span class='ocrx_word' id='word_1_775' title='bbox 2191 4737 2310 4782; x_wconf 91' lang='lat' dir='ltr'><strong>tura</strong></span> <span class='ocrx_word' id='word_1_776' title='bbox 2343 4729 2621 4782; x_wconf 91' lang='lat' dir='ltr'><strong>durabile:</strong></span> <span class='ocrx_word' id='word_1_777' title='bbox 2649 4729 2730 4784; x_wconf 92' lang='lat' dir='ltr'><strong>sic</strong></span> <span class='ocrx_word' id='word_1_778' title='bbox 2750 4728 2953 4784; x_wconf 85' lang='lat' dir='ltr'><strong>Christi</strong></span> <span class='ocrx_word' id='word_1_779' title='bbox 2981 4730 3290 4800; x_wconf 65' lang='lat' dir='ltr'><strong>praedicatio</strong></span> <span class='ocrx_word' id='word_1_780' title='bbox 3327 4739 3492 4800; x_wconf 91' lang='lat' dir='ltr'><strong>atque</strong></span> <span class='ocrx_word' id='word_1_781' title='bbox 3533 4729 3754 4784; x_wconf 82' lang='lat' dir='ltr'><strong>doctrina</strong></span> 
     </span>
    </p>
   </div>
   <div class='ocr_carea' id='block_1_107' title="bbox 2192 4818 3757 4891">
    <p class='ocr_par' dir='ltr' id='par_1_107' title="bbox 2192 4818 3757 4891">
     <span class='ocr_line' id='line_1_107' title="bbox 2192 4818 3757 4891; baseline -0.001 -17"><span class='ocrx_word' id='word_1_782' title='bbox 2192 4834 2389 4874; x_wconf 90' lang='lat' dir='ltr'><strong>sonora</strong></span> <span class='ocrx_word' id='word_1_783' title='bbox 2415 4819 2536 4884; x_wconf 90' lang='lat' dir='ltr'><strong>fuit,</strong></span> <span class='ocrx_word' id='word_1_784' title='bbox 2566 4820 2694 4874; x_wconf 91' lang='lat' dir='ltr'><strong>dum</strong></span> <span class='ocrx_word' id='word_1_785' title='bbox 2727 4818 2943 4874; x_wconf 77' lang='lat' dir='ltr'><strong>Judacos</strong></span> <span class='ocrx_word' id='word_1_786' title='bbox 2965 4833 3018 4874; x_wconf 89' lang='lat' dir='ltr'><strong>et</strong></span> <span class='ocrx_word' id='word_1_787' title='bbox 3047 4830 3230 4891; x_wconf 81' lang='lat' dir='ltr'><strong>gentes</strong></span> <span class='ocrx_word' id='word_1_788' title='bbox 3258 4821 3312 4873; x_wconf 89' lang='lat' dir='ltr'><strong>in</strong></span> <span class='ocrx_word' id='word_1_789' title='bbox 3348 4837 3518 4875; x_wconf 90' lang='lat' dir='ltr'><strong>unum</strong></span> <span class='ocrx_word' id='word_1_790' title='bbox 3547 4834 3757 4888; x_wconf 56' lang='lat' dir='ltr'><strong>congrec</strong></span> 
     </span>
    </p>
   </div>
   <div class='ocr_carea' id='block_1_108' title="bbox 2193 4908 3758 4980">
    <p class='ocr_par' dir='ltr' id='par_1_108' title="bbox 2193 4908 3758 4980">
     <span class='ocr_line' id='line_1_108' title="bbox 2193 4908 3758 4980; baseline 0.001 -18"><span class='ocrx_word' id='word_1_791' title='bbox 2193 4909 2356 4978; x_wconf 81' lang='lat' dir='ltr'><strong>gavit.</strong></span> <span class='ocrx_word' id='word_1_792' title='bbox 2407 4908 2679 4966; x_wconf 88' lang='lat' dir='ltr'><strong>Durabilis</strong></span> <span class='ocrx_word' id='word_1_793' title='bbox 2721 4919 2804 4965; x_wconf 87' lang='lat' dir='ltr'><strong>est</strong></span> <span class='ocrx_word' id='word_1_794' title='bbox 2852 4921 3130 4980; x_wconf 89' lang='lat' dir='ltr'><strong>perpetua,</strong></span> <span class='ocrx_word' id='word_1_795' title='bbox 3161 4922 3303 4966; x_wconf 81' lang='lat' dir='ltr'><strong>SlCltl.</strong></span> <span class='ocrx_word' id='word_1_796' title='bbox 3346 4915 3463 4980; x_wconf 85' lang='lat' dir='ltr'><strong>ipse</strong></span> <span class='ocrx_word' id='word_1_797' title='bbox 3508 4921 3758 4966; x_wconf 86' lang='lat' dir='ltr'><strong>testatur:</strong></span> 
     </span>
    </p>
   </div>
   <div class='ocr_carea' id='block_1_109' title="bbox 2203 5001 3760 5070">
    <p class='ocr_par' dir='ltr' id='par_1_109' title="bbox 2203 5001 3760 5070">
     <span class='ocr_line' id='line_1_109' title="bbox 2203 5001 3760 5070; baseline 0.002 -19"><span class='ocrx_word' id='word_1_798' title='bbox 2203 5020 2220 5051; x_wconf 84' lang='grc' dir='ltr'><strong>ι</strong></span> <span class='ocrx_word' id='word_1_799' title='bbox 2258 5001 2469 5055; x_wconf 73' lang='grc' dir='ltr'>(Σωιιιιιι</span> <span class='ocrx_word' id='word_1_800' title='bbox 2501 5011 2551 5055; x_wconf 92' lang='lat' dir='ltr'><strong>et</strong></span> <span class='ocrx_word' id='word_1_801' title='bbox 2578 5011 2716 5055; x_wconf 89' lang='lat' dir='ltr'><strong>terra</strong></span> <span class='ocrx_word' id='word_1_802' title='bbox 2754 5003 3083 5070; x_wconf 86' lang='lat' dir='ltr'><strong>transibunt,</strong></span> <span class='ocrx_word' id='word_1_803' title='bbox 3107 5004 3271 5058; x_wconf 90' lang='lat' dir='ltr'><strong>verba</strong></span> <span class='ocrx_word' id='word_1_804' title='bbox 3299 5012 3483 5058; x_wconf 88' lang='lat' dir='ltr'><strong>autem</strong></span> <span class='ocrx_word' id='word_1_805' title='bbox 3512 5017 3621 5057; x_wconf 85' lang='lat' dir='ltr'><strong>mea</strong></span> <span class='ocrx_word' id='word_1_806' title='bbox 3660 5015 3760 5055; x_wconf 86' lang='lat' dir='ltr'><strong>non</strong></span> 
     </span>
    </p>
   </div>
   <div class='ocr_carea' id='block_1_110' title="bbox 2193 5091 3010 5162">
    <p class='ocr_par' dir='ltr' id='par_1_110' title="bbox 2193 5091 3010 5162">
     <span class='ocr_line' id='line_1_110' title="bbox 2193 5091 3010 5162; baseline -0.004 -15"><span class='ocrx_word' id='word_1_807' title='bbox 2193 5092 2507 5147; x_wconf 85' lang='lat' dir='ltr'><strong>transibunt</strong></span> <span class='ocrx_word' id='word_1_808' title='bbox 2533 5091 2750 5162; x_wconf 83' lang='lat' dir='ltr'><strong>(Matth.</strong></span> <span class='ocrx_word' id='word_1_809' title='bbox 2778 5093 2949 5160; x_wconf 76' lang='lat' dir='ltr'><strong>xxxv).</strong></span> <span class='ocrx_word' id='word_1_810' title='bbox 2993 5112 3010 5144; x_wconf 79' lang='grc' dir='ltr'><strong>ι</strong></span> 
     </span>
    </p>
   </div>
   <div class='ocr_carea' id='block_1_111' title="bbox 2269 5177 3760 5254">
    <p class='ocr_par' dir='ltr' id='par_1_111' title="bbox 2269 5177 3760 5254">
     <span class='ocr_line' id='line_1_111' title="bbox 2269 5177 3760 5254; baseline 0.005 -23"><span class='ocrx_word' id='word_1_811' title='bbox 2269 5202 2290 5231; x_wconf 72' lang='grc' dir='ltr'><em>α</em></span> <span class='ocrx_word' id='word_1_812' title='bbox 2329 5181 2392 5236; x_wconf 83' lang='lat' dir='ltr'><strong>Et</strong></span> <span class='ocrx_word' id='word_1_813' title='bbox 2425 5183 2476 5236; x_wconf 94' lang='lat' dir='ltr'><strong>in</strong></span> <span class='ocrx_word' id='word_1_814' title='bbox 2496 5198 2658 5238; x_wconf 87' lang='lat' dir='ltr'><strong>manu</strong></span> <span class='ocrx_word' id='word_1_815' title='bbox 2682 5183 2800 5252; x_wconf 89' lang='lat' dir='ltr'><strong>ejus</strong></span> <span class='ocrx_word' id='word_1_816' title='bbox 2823 5184 3069 5238; x_wconf 88' lang='lat' dir='ltr'><strong>calamus</strong></span> <span class='ocrx_word' id='word_1_817' title='bbox 3095 5183 3596 5254; x_wconf 70' lang='lat' dir='ltr'><strong>mensurtc(Eze¢-h.</strong></span> <span class='ocrx_word' id='word_1_818' title='bbox 3617 5177 3760 5252; x_wconf 55' lang='grc' dir='ltr'><strong>μή.»</strong></span> 
     </span>
    </p>
   </div>
   <div class='ocr_carea' id='block_1_112' title="bbox 2193 5269 3772 5345">
    <p class='ocr_par' dir='ltr' id='par_1_112' title="bbox 2193 5269 3772 5345">
     <span class='ocr_line' id='line_1_112' title="bbox 2193 5269 3772 5345; baseline -0.003 -15"><span class='ocrx_word' id='word_1_819' title='bbox 2193 5275 2298 5330; x_wconf 82' lang='lat' dir='ltr'><strong>Per</strong></span> <span class='ocrx_word' id='word_1_820' title='bbox 2359 5275 2630 5330; x_wconf 88' lang='lat' dir='ltr'><strong>calamum</strong></span> <span class='ocrx_word' id='word_1_821' title='bbox 2698 5273 2977 5344; x_wconf 88' lang='lat' dir='ltr'><strong>Scriptura</strong></span> <span class='ocrx_word' id='word_1_822' title='bbox 3038 5275 3402 5345; x_wconf 79' lang='lat' dir='ltr'><strong>significatur,</strong></span> <span class='ocrx_word' id='word_1_823' title='bbox 3462 5276 3583 5344; x_wconf 89' lang='lat' dir='ltr'><strong>quia</strong></span> <span class='ocrx_word' id='word_1_824' title='bbox 3632 5269 3772 5326; x_wconf 69' lang='lat' dir='ltr'><strong>antl-</strong></span> 
     </span>
    </p>
   </div>
   <div class='ocr_carea' id='block_1_113' title="bbox 2195 5361 3774 5439">
    <p class='ocr_par' dir='ltr' id='par_1_113' title="bbox 2195 5361 3774 5439">
     <span class='ocr_line' id='line_1_113' title="bbox 2195 5361 3774 5439; baseline -0.002 -19"><span class='ocrx_word' id='word_1_825' title='bbox 2195 5370 2383 5439; x_wconf 88' lang='lat' dir='ltr'><strong>quitus</strong></span> <span class='ocrx_word' id='word_1_826' title='bbox 2433 5369 2642 5422; x_wconf 85' lang='lat' dir='ltr'><strong>calamo</strong></span> <span class='ocrx_word' id='word_1_827' title='bbox 2699 5367 3057 5422; x_wconf 88' lang='lat' dir='ltr'><strong>scribebatur.</strong></span> <span class='ocrx_word' id='word_1_828' title='bbox 3119 5366 3242 5420; x_wconf 62' lang='lat' dir='ltr'><strong>[late</strong></span> <span class='ocrx_word' id='word_1_829' title='bbox 3303 5365 3586 5434; x_wconf 76' lang='lat' dir='ltr'><strong>Scriptura</strong></span> <span class='ocrx_word' id='word_1_830' title='bbox 3637 5361 3774 5418; x_wconf 70' lang='lat' dir='ltr'><strong>hem</strong></span> 
     </span>
    </p>
   </div>
   <div class='ocr_carea' id='block_1_114' title="bbox 2197 5449 3772 5528">
    <p class='ocr_par' dir='ltr' id='par_1_114' title="bbox 2197 5449 3772 5528">
     <span class='ocr_line' id='line_1_114' title="bbox 2197 5449 3772 5528; baseline -0.006 -13"><span class='ocrx_word' id='word_1_831' title='bbox 2197 5476 2450 5515; x_wconf 86' lang='lat' dir='ltr'><strong>mensura</strong></span> <span class='ocrx_word' id='word_1_832' title='bbox 2501 5459 2717 5524; x_wconf 89' lang='lat' dir='ltr'><strong>dicitur,</strong></span> <span class='ocrx_word' id='word_1_833' title='bbox 2762 5459 2888 5528; x_wconf 90' lang='lat' dir='ltr'><strong>quia</strong></span> <span class='ocrx_word' id='word_1_834' title='bbox 2936 5467 3199 5527; x_wconf 89' lang='lat' dir='ltr'><strong>quantum</strong></span> <span class='ocrx_word' id='word_1_835' title='bbox 3249 5457 3488 5526; x_wconf 86' lang='lat' dir='ltr'><strong>quisque</strong></span> <span class='ocrx_word' id='word_1_836' title='bbox 3531 5449 3772 5526; x_wconf 72' lang='lat' dir='ltr'><strong>proﬁciat</strong></span> 
     </span>
    </p>
   </div>
   <div class='ocr_carea' id='block_1_115' title="bbox 2196 5546 3773 5620">
    <p class='ocr_par' dir='ltr' id='par_1_115' title="bbox 2196 5546 3773 5620">
     <span class='ocr_line' id='line_1_115' title="bbox 2196 5546 3773 5620; baseline -0.006 -14"><span class='ocrx_word' id='word_1_837' title='bbox 2196 5553 2281 5605; x_wconf 91' lang='lat' dir='ltr'><strong>vel</strong></span> <span class='ocrx_word' id='word_1_838' title='bbox 2310 5551 2524 5606; x_wconf 86' lang='lat' dir='ltr'><strong>deficiat</strong></span> <span class='ocrx_word' id='word_1_839' title='bbox 2545 5593 2558 5615; x_wconf 90' lang='lat'><strong>,</strong></span> <span class='ocrx_word' id='word_1_840' title='bbox 2588 5551 2707 5618; x_wconf 86' lang='lat' dir='ltr'><strong>ejus</strong></span> <span class='ocrx_word' id='word_1_841' title='bbox 2737 5549 3018 5620; x_wconf 66' lang='lat' dir='ltr'><strong>praeceptis</strong></span> <span class='ocrx_word' id='word_1_842' title='bbox 3043 5549 3409 5618; x_wconf 86' lang='lat' dir='ltr'><strong>cognoscitur.</strong></span> <span class='ocrx_word' id='word_1_843' title='bbox 3438 5546 3501 5600; x_wconf 83' lang='lat' dir='ltr'><strong>Et</strong></span> <span class='ocrx_word' id='word_1_844' title='bbox 3525 5554 3773 5598; x_wconf 72' lang='lat' dir='ltr'><strong>mensura</strong></span> 
     </span>
    </p>
   </div>
   <div class='ocr_carea' id='block_1_116' title="bbox 2199 5638 3775 5707">
    <p class='ocr_par' dir='ltr' id='par_1_116' title="bbox 2199 5638 3775 5707">
     <span class='ocr_line' id='line_1_116' title="bbox 2199 5638 3775 5707; baseline -0.006 -10"><span class='ocrx_word' id='word_1_845' title='bbox 2199 5644 2313 5698; x_wconf 83' lang='lat' dir='ltr'><strong>haec</strong></span> <span class='ocrx_word' id='word_1_846' title='bbox 2345 5644 2395 5696; x_wconf 84' lang='lat' dir='ltr'><strong>in</strong></span> <span class='ocrx_word' id='word_1_847' title='bbox 2433 5659 2596 5696; x_wconf 88' lang='lat' dir='ltr'><strong>manu</strong></span> <span class='ocrx_word' id='word_1_848' title='bbox 2627 5642 2853 5704; x_wconf 87' lang='lat' dir='ltr'><strong>Christi,</strong></span> <span class='ocrx_word' id='word_1_849' title='bbox 2880 5641 2929 5694; x_wconf 94' lang='lat' dir='ltr'><strong>id</strong></span> <span class='ocrx_word' id='word_1_850' title='bbox 2961 5648 3044 5694; x_wconf 90' lang='lat' dir='ltr'><strong>est</strong></span> <span class='ocrx_word' id='word_1_851' title='bbox 3074 5639 3125 5692; x_wconf 90' lang='lat' dir='ltr'><strong>in</strong></span> <span class='ocrx_word' id='word_1_852' title='bbox 3163 5639 3282 5706; x_wconf 80' lang='lat' dir='ltr'><strong>ejus</strong></span> <span class='ocrx_word' id='word_1_853' title='bbox 3314 5638 3627 5707; x_wconf 77' lang='lat' dir='ltr'><strong>Operatione</strong></span> <span class='ocrx_word' id='word_1_854' title='bbox 3659 5646 3775 5688; x_wconf 68' lang='lat' dir='ltr'><strong>csso</strong></span> 
     </span>
    </p>
   </div>
   <div class='ocr_carea' id='block_1_117' title="bbox 2198 5731 3773 5805">
    <p class='ocr_par' dir='ltr' id='par_1_117' title="bbox 2198 5731 3773 5805">
     <span class='ocr_line' id='line_1_117' title="bbox 2198 5731 3773 5805; baseline -0.006 -17"><span class='ocrx_word' id='word_1_855' title='bbox 2198 5737 2414 5798; x_wconf 79' lang='lat' dir='ltr'><strong>dicitur,</strong></span> <span class='ocrx_word' id='word_1_856' title='bbox 2463 5736 2587 5805; x_wconf 88' lang='lat' dir='ltr'><strong>quia</strong></span> <span class='ocrx_word' id='word_1_857' title='bbox 2622 5749 2800 5789; x_wconf 89' lang='lat' dir='ltr'><strong>sermo</strong></span> <span class='ocrx_word' id='word_1_858' title='bbox 2848 5733 3085 5787; x_wconf 88' lang='lat' dir='ltr'><strong>doctoris</strong></span> <span class='ocrx_word' id='word_1_859' title='bbox 3138 5731 3338 5785; x_wconf 85' lang='lat' dir='ltr'><strong>frustra</strong></span> <span class='ocrx_word' id='word_1_860' title='bbox 3388 5731 3596 5785; x_wconf 85' lang='lat' dir='ltr'><strong>laborat</strong></span> <span class='ocrx_word' id='word_1_861' title='bbox 3625 5735 3773 5781; x_wconf 71' lang='lat' dir='ltr'><strong>exto-</strong></span> 
     </span>
    </p>
   </div>
   <div class='ocr_carea' id='block_1_118' title="bbox 2199 5819 3774 5896">
    <p class='ocr_par' dir='ltr' id='par_1_118' title="bbox 2199 5819 3774 5896">
     <span class='ocr_line' id='line_1_118' title="bbox 2199 5819 3774 5896; baseline -0.006 -14"><span class='ocrx_word' id='word_1_862' title='bbox 2199 5829 2312 5882; x_wconf 74' lang='lat' dir='ltr'><strong>rius</strong></span> <span class='ocrx_word' id='word_1_863' title='bbox 2366 5829 2464 5881; x_wconf 84' lang='lat' dir='ltr'><strong>nisi</strong></span> <span class='ocrx_word' id='word_1_864' title='bbox 2511 5828 2678 5896; x_wconf 75' lang='lat' dir='ltr'><strong>gratia</strong></span> <span class='ocrx_word' id='word_1_865' title='bbox 2728 5826 2960 5895; x_wconf 76' lang='lat' dir='ltr'><strong>Spiritus</strong></span> <span class='ocrx_word' id='word_1_866' title='bbox 3025 5825 3193 5878; x_wconf 78' lang='lat' dir='ltr'><strong>sancti</strong></span> <span class='ocrx_word' id='word_1_867' title='bbox 3255 5833 3495 5878; x_wconf 73' lang='lat' dir='ltr'><strong>tuentem</strong></span> <span class='ocrx_word' id='word_1_868' title='bbox 3545 5819 3774 5876; x_wconf 61' lang='lat' dir='ltr'><strong>illum!!!</strong></span> 
     </span>
    </p>
   </div>
  </div>
