3970 6432
209 421 350 476 19.ιό

1170 415 1737 486 DEFLORATIONES
1779 416 1878 473 SS.
1920 416 2227 474 PATRUM.
2267 448 2337 459 —-
2374 418 2502 474 LIB.
2545 417 2603 475 ll.

3335 420 3476 477 ιω

206 532 458 588 interius.
504 530 581 588 De
621 531 726 588 hoc
759 531 971 589 calamo
1000 532 1243 603 loquitur
1276 534 1443 590 lsaias
1471 534 1701 604 loquens
1723 532 1791 587 de
1821 543 1866 597 Α
1893 534 1985 603 qui
2009 536 2267 591 ecclesias
2290 535 2370 588 vel
2393 534 2634 596 ordines,
2659 542 2752 588 aut
2774 531 2976 603 aliquid
3006 531 3245 602 spiritale
3268 531 3474 587 donum

207 623 453 680 Ecclesia
484 641 497 677 :
535 642 554 677 ι
589 623 811 679 Orietur
837 624 891 678 in
921 641 983 681 ca
1007 626 1153 681 viror
1180 626 1372 682 calami
1401 635 1456 680 et
1476 625 1627 703 junci
1654 622 1788 693 (Isa.

204 718 396 786 xxxv).
436 735 454 767 ι
490 706 877 771 Ρθι·’νὶι·οι·ειιι
914 716 1109 771 calami
1141 716 1321 771 lumen
1348 714 1791 785 Scripturarum;

205 821 303 875 per
341 809 581 862 virorem
631 807 808 877 junci,
852 808 945 879 qui
999 809 1052 862 in
1099 809 1258 878 aquis
1307 808 1569 874 nascitur,
1622 805 1793 874 gratia

209 896 447 967 Spiritus
507 898 682 953 sancti
742 899 1105 970 signiﬁcatur,
1162 900 1362 969 quiin
1414 899 1570 969 aquis
1634 898 1794 952 datur

205 986 512 1057 baptizatis.
566 987 632 1042 Et
685 988 901 1044 locutus
955 998 1038 1045 est
1095 989 1145 1044 ei
1199 990 1436 1044 dicens:
1490 1007 1508 1040 ι
1565 987 1693 1043 Vide
1740 997 1794 1042 et

206 1078 448 1151 intelligo
501 1078 717 1148 (Ezech.
753 1080 865 1148 χι).
923 1098 943 1132 ι
986 1078 1090 1133 Per
1143 1080 1246 1134 hoc
1299 1079 1661 1150 signiﬁcatum
1710 1088 1794 1135 est

205 1169 350 1238 quod
399 1168 464 1224 ad
511 1168 877 1241 cognitionem
912 1168 1077 1237 hujus
1101 1170 1233 1223 tedis
1261 1170 1528 1238 perveniri
1559 1185 1664 1223 non
1696 1185 1794 1239 po-

208 1268 332 1327 test,
363 1261 469 1317 nisi
498 1262 617 1317 visu
645 1260 889 1315 interiori
916 1271 970 1315 et
999 1261 1273 1322 intellectu
1309 1261 1599 1332 spirituali.
1640 1261 1794 1316 Sicut

207 1354 460 1422 superius
508 1354 769 1420 diximus,
820 1353 961 1407 idem
1006 1351 1257 1407 Ezechiel
1285 1353 1352 1407 de
1381 1354 1793 1409 consecratione

210 1442 550 1497 tabernaculi
599 1443 684 1497 vel
728 1442 974 1498 ecclesia:
1028 1442 1207 1496 taliter
1257 1441 1502 1513 loquitur
1550 1443 1737 1497 dicens
1775 1460 1788 1494 :

213 1550 232 1584 ι
268 1531 401 1588 Lavi
435 1542 486 1589 te
516 1549 678 1604 aqua,
706 1534 839 1588 unxi
865 1541 917 1587 te
939 1532 1080 1596 oleo,
1109 1532 1299 1587 vcstivi
1332 1541 1384 1587 te
1405 1532 1789 1600 discoloribus,

207 1634 260 1679 et
287 1640 414 1680 ecce
445 1623 584 1679 facta
634 1640 694 1679 es
742 1624 876 1679 mihi
905 1622 1119 1695 (Ezeclt.
1153 1624 1252 1693 Ix).
1295 1644 1313 1676 ι
1349 1622 1481 1690 Quae
1508 1623 1691 1678 omnia
1722 1623 1793 1679 ab

202 1713 474 1784 episcopis
516 1715 630 1768 licri
677 1714 731 1767 in
755 1714 841 1768 his
872 1714 1087 1783 templis
1114 1714 1442 1770 manufactis
1481 1715 1659 1786 palam
1684 1723 1785 1771 est.

200 1800 361 1869 Quod
409 1812 590 1857 tamen
635 1809 805 1856 totum
838 1803 920 1874 fit
966 1813 1184 1873 propter
1232 1820 1358 1871 nos,
1390 1807 1483 1875 qui
1531 1806 1786 1875 templum

1893 635 2084 680 emunt
2132 626 2215 681 vel
2266 624 2525 688 vendunt,
2574 624 2641 679 de
2687 624 2790 679 huc
2844 623 3043 693 templo
3085 638 3210 678 cum
3254 621 3477 678 Simone

1892 716 2048 787 Mago
2074 718 2368 787 ejiciuntur
2393 725 2446 770 et
2491 716 2543 769 in
2577 716 2753 785 ignem
2785 725 3047 770 :eternum
3085 717 3398 770 mittuntur.

1918 863 1922 866 ἠ
1966 809 2092 865 Haec
2122 810 2325 873 omnia,
2356 808 2688 873 charissimi,
2724 824 2827 874 nos
2850 809 3166 879 respiciunt.
3192 806 3317 864 Haec
3348 807 3476 863 uni-

1900 918 2055 957 versa
2107 901 2175 956 ad
2216 901 2524 969 exemplum
2563 900 2720 955 nobis
2764 899 2903 955 facta
2950 909 3096 956 sunt.
3125 898 3235 955 Nos
3280 914 3474 956 sumus

1896 990 1993 1048 Dei
2031 991 2290 1061 templum
2328 991 2393 1044 ad
2431 990 2800 1045 habitaculum
2836 990 2929 1046 Dei
2970 991 3298 1056 dedicatum,
3332 990 3475 1046 sicut

1893 1082 2156 1152 scriptum
2189 1091 2273 1136 est
2323 1098 2336 1133 :
2380 1100 2399 1131 ‹
2436 1080 2546 1136 Vos
2591 1081 2725 1136 estis
2778 1082 3040 1151 templum
3088 1080 3182 1135 Dei
3210 1078 3300 1152 (II
3343 1078 3468 1135 Cur.

1892 1175 1989 1243 vr).
2037 1194 2055 1226 ι
2106 1173 2174 1227 Et
2209 1174 2405 1253 iterum
2439 1189 2451 1224 :
2493 1192 2511 1223 ‹
2549 1171 2864 1228 lnhabitabo
2892 1173 2947 1227 in
2991 1174 3092 1238 eis,
3128 1173 3263 1229 dicit
3288 1171 3474 1228 Domi-

1893 1281 2019 1330 nos,
2051 1274 2104 1319 et
2129 1265 2230 1333 ipsi
2258 1272 2419 1319 erunt
2444 1265 2578 1317 mihi
2607 1265 2659 1317 in
2693 1265 2974 1334 populum,
3004 1273 3060 1319 ct
3093 1279 3193 1334 ego
3222 1280 3321 1319 cro
3363 1264 3473 1319 illis

1895 1355 1948 1408 in
1981 1354 2170 1409 Deum.
2204 1353 2312 1407 Ero
2347 1354 2427 1407 eis
2452 1369 2670 1422 quoque
2699 1354 2753 1407 in
2782 1362 2988 1423 patrem
3008 1395 3023 1420 ,
3048 1362 3102 1407 et
3130 1354 3233 1422 ipsi
3257 1353 3390 1407 mihi
3415 1352 3474 1406 in

1894 1443 2037 1498 ﬁlios
2063 1451 2116 1497 et
2148 1442 2288 1497 tilias
2320 1441 2518 1511 (Exod.
2551 1444 2701 1513 xxv).
2743 1462 2760 1495 ι
2791 1443 2836 1497 0
2857 1459 3023 1513 quam
3050 1443 3261 1508 beatus,
3286 1444 3340 1496 in
3363 1458 3476 1512 quo

1894 1534 2102 1589 habitat
2128 1533 2293 1589 Deus.
2328 1532 2483 1588 Sicut
2507 1548 2742 1603 namque
2767 1534 2885 1589 haec
2920 1534 3117 1589 domus
3146 1549 3212 1589 ex
3238 1543 3477 1604 quatuor

1893 1626 2191 1696 parietibus
2269 1625 2650 1688 construitur,
2732 1626 2806 1680 ita
2880 1626 3141 1696 templum
3228 1627 3476 1697 corporis

1892 1716 2069 1772 nostri
2109 1724 2346 1785 quatuor
2391 1714 2675 1769 elementis
2712 1715 3019 1769 coniicitur.
3068 1713 3134 1768 Et
3169 1715 3311 1771 sicut
3368 1715 3474 1770 ista

1892 1808 2093 1862 domus
2123 1807 2175 1859 in
2204 1805 2544 1861 dedicatione
2574 1806 2728 1875 prius
2779 1820 2921 1876 aqua
2971 1805 3253 1861 benedicta
3282 1821 3473 1876 asper-

201 1891 299 1946 Dei
337 1909 550 1949 sumus.
583 1891 736 1948 Unde
760 1894 998 1949 dicitur:
1039 1914 1057 1946 ι
1095 1895 1377 1964 Templum
1415 1896 1509 1951 Dei
1538 1908 1785 1952 sanctum
1818 1896 1860 1950 Β
1888 1899 2052 1969 gitur,
2084 1897 2281 1952 deinde
2314 1897 2610 1953 chrismate
2638 1905 3023 1966 fconsecratur
3080 1916 3094 1952 :
3145 1898 3220 1951 ita
3272 1912 3474 1967 corpus

197 1994 308 2050 est,
337 1985 484 2053 quod
514 1984 644 2040 estis
685 2000 783 2039 vos
810 1984 863 2055 (1
895 1985 1016 2041 Cor.
1045 1987 1150 2057 ιιι).
1188 2006 1207 2038 ι
1238 1986 1510 2057 Quidquid
1539 1988 1684 2042 enim
1728 1989 1787 2042 lit

198 2075 258 2133 in
308 2076 528 2144 templis
558 2076 885 2132 manufactis
915 2078 983 2131 ab
1015 2078 1286 2148 episc0pis
1316 2080 1782 2146 consecrantihus,

195 2163 308 2227 hoc
359 2176 532 2222 totum
583 2166 636 2221 in
687 2167 900 2236 templis
953 2169 1261 2222 animarum
1307 2170 1785 2224 nostrarum't’leri

194 2256 357 2313 debet
402 2274 433 2313 a
477 2258 653 2326 nobis,
677 2268 892 2316 nosmet
920 2259 1180 2330 templum
1215 2260 1325 2314 Deo
1348 2261 1780 2331 preparantibus.

265 2348 437 2419 Igitur
466 2366 634 2417 nunc,
662 2351 1028 2419 dilectissimi,
1060 2352 1455 2407 consideranda
1496 2360 1582 2406 est
1627 2352 1784 2407 nobis

194 2441 536 2497 constructio
567 2442 751 2512 templi
779 2441 895 2505 Dei,
930 2444 1035 2499 hoc
1064 2452 1146 2499 est
1171 2443 1334 2514 hujus
1361 2444 1557 2499 domus
1581 2443 1787 2498 oratio-

193 2533 305 2599 nis,
329 2534 488 2604 cujus
519 2535 679 2590 hodie
702 2536 967 2591 solemnia
992 2536 1225 2591 colimus
1256 2534 1460 2590 festivae
1489 2534 1785 2589 dedicatio-

201 2624 312 2679 nis.
346 2623 553 2695 Domus
579 2626 693 2681 haec
717 2627 1016 2682 secundum
1050 2626 1305 2683 Ecclesia:
1335 2635 1535 2682 statum
1580 2625 1783 2680 forma-

194 2724 334 2770 tur:
383 2715 528 2771 unde
575 2725 630 2771 et
666 2717 894 2772 ecclesia
934 2718 1077 2787 quod
1123 2720 1423 2773 convocatio
1452 2718 1653 2772 dicitur
1681 2732 1780 2786 ap-

193 2805 452 2876 pellatur,
504 2806 630 2876 quia
681 2807 735 2861 in
786 2824 850 2863 ea
905 2808 1140 2879 populus
1181 2808 1248 2863 ad
1297 2809 1583 2864 colendum
1631 2816 1686 2862 et
1713 2806 1781 2862 ad

192 2898 465 2953 orandum
501 2914 671 2953 unum
716 2908 770 2954 et
816 2915 1007 2955 verum
1055 2901 1224 2956 Deum
1255 2909 1604 2959 convocatur.
1636 2898 1782 2966 Qua-

191 2998 328 3044 tuor
372 2989 669 3059 parietibus
719 2993 1153 3063 compaginatur,
1182 3003 1235 3048 et
1264 2992 1502 3048 Ecclesia
1544 3008 1610 3047 ex
1640 3008 1779 3062 qua-

195 3090 328 3135 tuor
358 3079 664 3152 Erangeliis
688 3084 1082 3138 consolidatur.
1116 3084 1500 3142 Sanctuarium
1530 3084 1689 3140 habet
1722 3083 1778 3136 in

189 3185 307 3241 quo
349 3171 549 3262 clerus,
594 3181 648 3227 et
695 3174 1023 3229 anteriorem
1073 3174 1293 3230 domum
1323 3176 1376 3228 in
1404 3189 1514 3253 quo
1548 3174 1780 3251 populus

188 3263 467 3318 consistit.
517 3262 649 3319 Item
698 3273 751 3319 et
796 3264 1037 3321 Ecclesia
1089 3266 1252 3322 habet
1302 3267 1777 3336 contemplativam

188 3354 362 3409 vitam
412 3355 468 3409 in
513 3370 622 3426 qua
666 3356 938 3434 spiritales
984 3358 1164 3424 habet,
1192 3370 1247 3413 et
1292 3358 1521 3412 activam
1568 3358 1622 3412 in
1672 3374 1779 3429 qua

187 3444 477 3499 constituti
520 3455 649 3504 sunt
706 3448 1017 3504 szeculares.
1076 3448 1505 3519 Contemplativa
1548 3450 1655 3507 vita
1697 3458 1781 3505 est

185 3547 391 3593 cuncta
420 3547 635 3593 terrena
681 3555 782 3610 pro
813 3539 906 3594 Dei
936 3555 1123 3595 amore
1156 3541 1478 3612 relinquere,
1517 3541 1631 3596 sola
1678 3556 1782 3599 cm-

183 3628 351 3683 lcstia
393 3645 652 3699 quaarere,
702 3631 923 3686 assidue
965 3646 1143 3696 orare,
1191 3648 1334 3702 saepe
1382 3634 1644 3699 lectitare,
1677 3633 1780 3699 hy—

184 3718 338 3773 mnis
360 3727 419 3772 et
446 3720 677 3774 canticis
701 3720 904 3790 jugiter
938 3720 1107 3775 Deum
1151 3722 1391 3777 laudare.
1433 3722 1619 3776 Activa
1649 3737 1778 3776 vero

182 3810 301 3863 vita
326 3818 431 3876 est,
457 3819 663 3866 castam
695 3814 859 3874 vitam
888 3829 1012 3868 cum
1049 3814 1279 3884 conjuge
1308 3813 1526 3879 ducere,
1558 3812 1696 3867 illius
1723 3813 1777 3867 in

184 3900 288 3955 Dei
315 3901 511 3957 timore
544 3903 773 3969 nutrire,
816 3919 1081 3979 pauperes
1108 3905 1231 3960 cibo
1261 3914 1315 3959 et
1351 3915 1480 3974 potu
1510 3917 1775 3967 recreare,

183 3990 444 4047 inﬁrmos
473 4002 527 4048 et
551 3992 743 4050 viduas
771 3996 1015 4061 visitare,
1043 4006 1098 4051 et
1117 3996 1371 4051 munibus
1398 3995 1775 4050 necessitatem

181 4082 529 4153 patientibus
553 4093 775 4154 propter
803 4084 1147 4143 dilectionem
1179 4086 1414 4157 proximi
1446 4100 1542 4154 pro
1569 4085 1778 4141 viribus

183 4191 355 4246 opem
401 4174 561 4231 ferre.
608 4175 666 4231 In
713 4180 1028 4233 sanctuariu
1056 4187 1141 4234 est
1170 4180 1360 4244 altare,
1393 4179 1446 4231 in
1493 4193 1604 4248 quo
1650 4184 1780 4232 sunt

182 4278 511 4325 sanctorum
542 4271 826 4340 reliquiae:
860 4271 967 4327 hoc
1003 4281 1087 4326 est
1132 4271 1184 4325 in
1216 4270 1457 4326 Ecclesia
1499 4270 1773 4333 Christus,

182 4361 244 4416 in
282 4361 446 4430 cujus
479 4362 938 4433 contemplatione
967 4361 1318 4431 requiescunt
1348 4368 1556 4415 mentes
1586 4359 1777 4413 beato-

178 4448 340 4516 rum,
373 4461 427 4505 et
454 4451 508 4504 in
550 4450 710 4521 cujus
744 4460 1037 4521 conspectu
1081 4449 1215 4519 justi
1251 4451 1522 4504 exsultent
1562 4458 1616 4504 et
1643 4463 1778 4518 cpu-

182 4544 395 4608 lcntur,
419 4552 473 4596 ct
502 4543 554 4597 in
586 4543 767 4599 laetitia
804 4543 1137 4598 delectentur
1162 4542 1335 4613 (Psal.
1374 4541 1561 4611 van).
1602 4540 1772 4596 Fene-
1806 4558 1850 4611 ι)

180 4641 322 4688 strae
348 4624 550 4700 quibus
581 4633 696 4687 haec
723 4633 921 4689 domus
971 4634 1290 4697 illustratur,
1341 4642 1471 4691 sunt
1507 4631 1777 4698 doctores,

180 4738 290 4793 per
315 4737 457 4783 quos
504 4723 724 4778 caeleste
776 4724 960 4779 lumen
1009 4724 1064 4778 in
1109 4723 1405 4779 Ecclesiam
1456 4722 1775 4796 ingreditur.

177 4817 446 4895 Laquear
470 4814 697 4883 pictura:
731 4829 838 4882 quo
866 4816 982 4869 haec
1024 4814 1263 4870 Ecclesia
1297 4815 1652 4871 Dominicalts
1680 4815 1778 4869 de-

176 4920 435 4973 coratur,
465 4913 593 4961 sunt
631 4905 756 4959 vita:
783 4913 838 4959 et
865 4906 1109 4975 exempla
1152 4916 1486 4974 sanctorum,
1515 4924 1637 4975 qua:
1664 4906 1780 4977 qui-

176 5017 299 5074 que
345 4999 418 5071 pii
469 4998 524 5052 in
566 4996 806 5053 Ecclesia
857 4998 1158 5053 imitantur.
1213 4998 1546 5053 Continuum
1595 5000 1777 5053 lumen

177 5085 305 5167 quo
352 5088 734 5152 illuminatur,
783 5094 866 5141 est
909 5085 1141 5155 Spiritus
1188 5088 1359 5141 sancti
1410 5087 1625 5157 gratia,
1668 5101 1776 5155 qua

180 5182 437 5238 Ecclesia
484 5180 686 5251 jugiter
747 5180 1059 5236 irradiatur.
1108 5177 1252 5233 Crux
1297 5177 1501 5233 Christi
1529 5179 1616 5233 hic
1671 5178 1774 5234 lixa

183 5274 489 5338 aduratur,
541 5279 594 5325 et
638 5270 841 5326 Christi
879 5270 1063 5340 passio
1109 5285 1140 5324 a
1185 5270 1397 5325 cunctis
1447 5269 1776 5325 Christianis

182 5371 501 5423 veneratur,
550 5361 670 5437 Quo
697 5368 1100 5432 cruX'portatur
1130 5361 1433 5431 sequimur,
1463 5361 1589 5430 quia
1617 5359 1776 5414 Chri-

186 5455 266 5523 sti
330 5455 553 5525 vestigia
610 5454 786 5525 sequi;
811 5454 1110 5520 debemus,
1155 5453 1201 5509 si
1266 5452 1333 5507 ad
1374 5453 1594 5508 caeleste
1633 5462 1772 5507 tem-

188 5549 345 5617 plum
393 5547 577 5606 venire
622 5548 894 5603 volumus.
924 5546 1128 5603 Turres
1168 5553 1298 5602 sunt
1339 5544 1595 5600 Ecclesia:
1646 5560 1777 5615 pne»

188 5639 313 5707 lati,
366 5625 647 5710 campanae
687 5655 876 5696 eorum
925 5639 1390 5708 praedicationes.~
1414 5639 1489 5693 De
1533 5638 1635 5695 hac
1675 5640 1773 5694 do~

188 5748 289 5799 mo
323 5733 484 5802 ejecit
526 5733 824 5790 vendentes
872 5742 927 5790 et
966 5746 1208 5791 ementes
1242 5734 1526 5790 columbas
1551 5732 1769 5804 (Matth.

190 5824 333 5891 ιιι).
377 5823 653 5892 Columbae
703 5834 829 5880 sunt
875 5824 1139 5897 spiritalia
1189 5827 1352 5884 dona.
1397 5824 1599 5881 Omnes
1642 5838 1771 5896 ergo

1886 1997 2134 2044 nostrum
2179 2005 2320 2059 aqua
2364 1990 2709 2059 baptismatis
2764 1990 2917 2059 prius
2976 1988 3236 2055 abluitur,
3278 1988 3483 2044 deinde

1886 2090 2077 2136 sancto
2107 2081 2402 2136 chrismate
2446 2067 2784 2151 perungitur.
2818 2081 3076 2147 Quaedam
3119 2081 3359 2136 basilica:
3410 2081 3471 2136 in

1886 2173 2108 2227 modum
2161 2172 2342 2229 crucis
2395 2172 2748 2236 fabricantur,
2797 2182 2851 2228 et
2880 2188 3079 2242 corpus
3114 2182 3366 2226 nostrum
3411 2171 3470 2227 in

1886 2262 2107 2316 modum
2155 2263 2337 2317 crucis
2391 2261 2709 2316 fabricatur.
2747 2260 3128 2317 Sanctuarium
3153 2261 3318 2331 hujus
3337 2269 3476 2316 tem.

1885 2354 1957 2425 pli
1984 2364 2069 2409 est
2090 2370 2249 2409 tuens
2281 2365 2490 2421 nostra,
2524 2370 2645 2424 quae
2682 2355 2944 2424 spiritalia
2973 2362 3189 2410 tractat.
3216 2353 3473 2410 Anterior

1883 2444 2081 2499 domus
2102 2453 2187 2499 est
2214 2444 2416 2508 anima,
2451 2459 2573 2514 qum
2595 2460 2692 2513 per
2728 2431 2922 2500 sensus
2950 2445 3198 2514 corporis
3224 2445 3348 2498 vita:
3374 2458 3471 2500 ne-

1883 2533 2121 2588 cessaria
2152 2532 2453 2602 dispensat.
2485 2533 2669 2588 Altare
2712 2548 2874 2602 super
2908 2534 3052 2603 quod
3092 2533 3356 2588 sacrillcia
3380 2531 3469 2585 of-

1882 2622 2133 2678 feruntur
2165 2633 2248 2678 est
2276 2639 2370 2679 cor
2408 2633 2678 2690 nostrum,
2710 2624 2762 2677 in
2787 2639 2897 2694 quo
2935 2625 3152 2679 mundae
3182 2624 3470 2694 cogitatio-

1882 2729 1981 2769 nes
2012 2722 2065 2768 et
2092 2729 2245 2785 purae.
2278 2716 2555 2770 orationes
2585 2715 2696 2770 Deo
2726 2715 3112 2770 incenduntur.
3148 2714 3340 2769 Turris
3383 2722 3491 2768 est'

1881 2814 2046 2877 caput
2093 2816 2367 2874 nostrum,
2395 2822 2659 2878 campana
2690 2817 2773 2862 est
2822 2807 3027 2878 lingua,
3055 2806 3469 2876 qua'proximos

1880 2898 2141 2953 debemus
2172 2914 2363 2954 vocare
2390 2899 2457 2953 ad
2486 2899 2748 2954 caelestia.
2793 2896 2850 2952 in
2888 2899 2990 2952 hac
3015 2898 3180 2953 domo
3207 2896 3464 2952 fenestrte

1880 2996 2011 3043 sunt
2043 2988 2188 3043 oculi
2236 2989 2429 3056 nostri,
2475 2990 2686 3058 pictura
2714 3004 2844 3044 vero
2873 2990 3013 3043 bona
3041 3004 3225 3059 opera.
3253 2988 3463 3043 Lumen

1881 3077 2117 3133 lucerna:
2144 3072 2435 3133 cstlumen
2464 3080 2724 3135 scientiw.
2769 3079 2922 3135 Sicut
2950 3096 3080 3151 ergo
3117 3079 3468 3149 sacrilegium

1882 3177 2172 3238 perpetrat,
2204 3170 2310 3244 qui
2332 3171 2437 3225 hoc
2487 3172 2745 3241 templum
2780 3172 2968 3233 violat,
3004 3171 3080 3225 ita
3124 3180 3178 3224 et
3205 3184 3469 3240 quatenu-

1884 3274 1990 3328 que
2017 3246 2274 3330 templum
2308 3260 2402 3315 Dei
2430 3263 2611 3332 aliqua
2649 3262 2991 3316 imrnunditia
3024 3260 3106 3315 vel
3145 3261 3329 3330 aliquo
3350 3260 3465 3315 cri-

1883 3350 2071 3405 minali
2124 3360 2349 3423 peccato
2395 3354 2698 3419 violaverit,
2753 3354 2899 3409 hunc
2953 3353 3096 3408 Deus
3139 3351 3467 3422 disperdens

1882 3443 2181 3499 damnabit.
2228 3444 2435 3501 Domus
2479 3446 2594 3502 haec
2645 3462 2767 3502 cum
2813 3447 3044 3503 interius
3086 3447 3463 3512 benedicitur,

1880 3534 2081 3600 cinere,
2110 3536 2241 3603 sale,
2270 3537 2417 3601 vino,
2444 3553 2606 3606 aqua,
2638 3539 2894 3609 hyssopo,
2920 3539 3107 3595 savina
3130 3538 3458 3608 aspergitur.

1880 3623 1984 3680 Per
2008 3626 2246 3682 cinerem
2283 3628 2624 3697 pmnitcntia,
2668 3644 2764 3697 per
2793 3629 2874 3682 sal
2917 3628 3205 3699 sapientia,
3251 3644 3350 3698 per
3379 3628 3465 3681 vi-

1880 3732 2011 3771 num
2051 3718 2413 3787 spiritualium
2440 3719 2814 3791 intelligentia,
2842 3736 2938 3790 per
2958 3736 3154 3791 aquam
3181 3720 3461 3791 proximo-

1880 3824 2001 3861 rum
2025 3824 2155 3862 cura
2179 3809 2516 3881 intelligitur.
2546 3810 2743 3867 Cinere
2765 3812 2988 3866 domum
3011 3822 3252 3868 nostram
3282 3826 3465 3882 asper-

1879 3902 2079 3972 gimus,
2112 3901 2160 3956 si
2185 3911 2454 3957 transacta
2487 3904 2627 3957 mala
2655 3920 2751 3973 per
2780 3906 3153 3973 paenitentiam
3178 3905 3461 3963 diluimus.

1882 3991 2006 4046 Sale
2052 3991 2417 4062 aspergimus,
2469 3992 2514 4045 si
2555 3992 2670 4046 sola
2728 3992 2971 4047 caelestia
3021 3993 3286 4061 sapimus.
3322 3991 3467 4055 Vino

1879 4084 2241 4156 aspergllnus,
2272 4084 2316 4137 si
2351 4078 2452 4138 nos
2480 4083 2818 4152 spiritalibus
2844 4082 3202 4136 inebriamus.
3246 4083 3465 4151 Aquam

1879 4178 2266 4240 admiscemus,
2298 4177 2342 4231 si
2369 4177 2740 4247 proximorum
2765 4192 2953 4231 curam
2981 4191 3088 4230 non
3112 4176 3459 4247 negligimus.

1880 4267 2127 4347 llyssopo
2155 4278 2209 4323 et
2234 4269 2446 4334 savina,
2474 4284 2811 4339 quaeamara:
2838 4268 3020 4322 herbae
3051 4276 3199 4333 sunt,
3218 4268 3461 4338 aspergi-

1878 4377 2022 4427 mus,
2055 4361 2098 4415 si
2126 4360 2351 4430 jejuniis
2379 4371 2432 4416 et
2460 4361 2680 4430 vigiliis,
2712 4376 2834 4431 quae
2865 4376 3051 4415 amara
3075 4368 3223 4426 sunt,
3248 4359 3378 4415 vitia
3402 4360 3459 4415 in

1878 4451 2039 4507 nobis
2063 4450 2477 4507 mortiﬁcamus.

2302 4540 2374 4595 De
2401 4541 2568 4595 tribus
2595 4540 3033 4595 dedicatiouibus.

1953 4633 2227 4699 Dedicatio
2254 4635 2437 4704 templi
2467 4634 2520 4689 in
2552 4649 2750 4704 magno
2781 4634 2991 4688 honore
3021 4630 3323 4686 habebatur
3359 4645 3459 4685 au-

1882 4740 1932 4784 tc
1965 4728 2255 4782 adventum
2282 4725 2504 4780 Christi.
2542 4723 2692 4780 Unde
2720 4734 2774 4779 et
2798 4733 2907 4778 tres
2933 4722 3306 4778 dedicationes
3326 4731 3460 4779 tem-

1878 4820 1954 4890 pli
1984 4828 2109 4874 ante
2141 4818 2476 4873 Dominicam
2512 4816 2940 4870 incarnationem
2974 4813 3286 4869 referuntur
3309 4811 3455 4867 cele-

1879 4910 2067 4971 bratte,
2099 4923 2223 4968 eum
2255 4908 2492 4963 maxima
2521 4905 2809 4961 devotione
2849 4904 3022 4974 plebis
3048 4902 3305 4959 Iudaicae.
3329 4900 3456 4957 Pri-

1879 5017 1965 5056 ma
1988 4999 2256 5069 siquidem
2288 4996 2557 5051 dedicatio
2585 5012 2615 5051 a
2643 4995 2937 5050 Salomone
2960 5005 3201 5065 tempore
3232 5004 3457 5050 autum-

1879 5093 1959 5159 ni,
2016 5091 2193 5146 media
2231 5107 2261 5144 a
2308 5087 2609 5143 Zorohahel
2640 5096 2695 5141 et
2736 5085 2866 5142 Jesu
2899 5087 3181 5143 sacerdote
3210 5094 3458 5157 tempore

1876 5168 2271 5249 verisfultima
2312 5196 2342 5234 a
2390 5178 2527 5233 Juda
2577 5178 2884 5234 Machabteo
2927 5178 3068 5234 facta
3117 5176 3456 5250 dignoscitur

1878 5284 2118 5343 tempore
2161 5271 2374 5327 hiemis.
2406 5269 2465 5325 In
2509 5270 2630 5337 hac,
2666 5271 2912 5340 inquam,
2944 5270 3284 5325 dedicatione
3324 5282 3454 5338 spc-

1875 5366 2084 5423 cialiter
2113 5365 2310 5435 legitur
2335 5363 2694 5419 constitutum
2725 5380 2867 5431 esse,
2894 5374 2954 5419 ut
2995 5365 3182 5420 eadem
3228 5362 3451 5418 dedica-

1876 5459 1951 5515 tio
1988 5472 2083 5528 per
2110 5472 2300 5513 omnes
2325 5472 2500 5513 annos
2525 5466 2893 5521 revocaretur,
2920 5456 2973 5510 in
3002 5454 3320 5510 memoriam
3354 5468 3451 5509 so-

1874 5549 2146 5604 lemnibus
2178 5546 2391 5603 ciliciis.
2432 5545 2595 5601 Juxta
2622 5547 2768 5618 quod
2804 5560 2981 5617 usque
3011 5545 3077 5599 ad
3111 5553 3326 5613 tempus
3364 5542 3449 5597 in.

1873 5641 2209 5699 carnationis
2250 5639 2546 5695 Dominicre
2592 5640 2733 5694 hanc
2760 5636 3155 5694 solemnitatem
3191 5637 3445 5690 observa-

1873 5743 1981 5793 tam
2006 5732 2175 5788 l'm'sse
2214 5730 2598 5802 comprobatur
2627 5744 2692 5785 ex
2723 5728 3031 5799 evangelica
3061 5728 3313 5784 lectione.
3359 5725 3447 5779 Ait

1871 5824 2014 5881 enim
2061 5821 2297 5877 Joannes
2327 5820 2652 5889 evangelista
2707 5837 2718 5874 :
2767 5838 2785 5872 ι
2832 5817 2994 5875 Facta
3040 5817 3445 5895 sunt¢ncania
