3970 6436
503 357 642 414 ﬂ"

1625 347 1950 405 WERNERI
1985 348 2276 404 ABBATIS
2316 349 2372 404 S.
2413 349 2640 406 BLASII

3614 359 3728 418 IIIS

501 471 913 544 Hierosolymis,
961 480 1016 524 ct
1061 469 1234 523 hiems
1267 474 1416 530 erat,
1457 464 1877 534 ambulabatque
1919 463 2078 520 Jesus
2108 471 2154 526 Α
2187 482 2205 514 ι
2245 461 2507 518 Exaudivi
2538 465 2842 520 orationem
2864 476 3031 535 tuam,
3060 483 3222 541 quam
3244 467 3562 536 deprecatus
3587 485 3726 527 esco-

500 562 560 617 in
601 562 814 633 porticu
848 557 1156 614 Salomonis
1206 555 1390 626 (loan.
1437 555 1514 624 χ).
1550 573 1568 606 ι
1602 552 1723 609 Ihrc
1766 564 1944 608 autem
1979 552 2078 608 fuit

499 669 670 711 causa
696 651 948 708 secundae
980 659 1035 704 et
1060 648 1232 705 tertiae
1253 647 1632 712 dedicationis,
1662 646 1788 716 quia
1817 644 2078 701 Salomon

501 741 684 812 templi
705 740 921 810 quidem
946 754 1106 809 opus,
1139 739 1284 808 quod
1316 737 1544 791 Domino
1585 737 1846 803 condidit,
1873 746 2079 806 septem

499 833 661 890 annis
681 832 928 903 perfecit;
952 840 1148 886 octavo
1161 841 1342 886 autem
1367 846 1512 887 anno
1536 830 1744 888 decima
1765 831 1852 885 die
1875 831 2081 886 mensis

499 925 738 994 septimi,
762 939 884 995 qua:
909 939 940 978 a
971 923 1128 978 nobis
1150 923 1372 978 october
1392 921 1694 992 appellatur
1718 939 1732 976 :
1759 921 1941 978 hocin
1965 939 2082 976 ma-

496 1031 604 1087 gna
647 1015 818 1087 gloria
848 1015 1120 1070 dedicavit
1161 1011 1285 1085 (ΙΙΙ
1319 1014 1446 1084 Reg.
1483 1014 1626 1082 vui).
1657 1012 1790 1078 Quae
1831 1013 2082 1068 videlicet

497 1107 618 1166 dies
640 1115 692 1162 et
715 1115 874 1161 antea
903 1122 1000 1176 per
1025 1107 1197 1177 legem
1227 1114 1345 1161 erat
1365 1114 1566 1160 statuta
1599 1106 1883 1172 solemnis,
1923 1107 1996 1159 ita
2022 1113 2082 1159 ut

499 1198 556 1252 In
595 1213 659 1254 ea
687 1198 1099 1252 tabernaculum
1124 1214 1285 1252 omne
1310 1214 1401 1267 per
1429 1197 1673 1269 singulos
1696 1213 1871 1253 annos
1907 1197 2082 1267 majo-

497 1289 656 1345 ribus
681 1290 876 1345 hostiis
898 1291 1105 1360 expiari
1133 1291 1374 1346 deberet.
1405 1289 1519 1346 Iloc
1556 1291 1791 1361 denique
1817 1292 2078 1361 templum

498 1389 622 1451 post
647 1396 822 1437 annos
864 1397 1124 1448 ccccxxx,
1169 1381 1528 1436 incenderunt
1569 1381 1807 1437 Chaldaei
1835 1399 1848 1434 :
1877 1391 1931 1436 et
1953 1380 2080 1436 llic-

499 1474 902 1544 rosolymorum
929 1474 1063 1528 urbe
1089 1474 1390 1540 destructa,
1422 1473 1778 1530 Israeliticum
1819 1475 2080 1544 populum

501 1565 558 1620 In
580 1563 948 1646 Babyloniam.
965 1565 1240 1621 abduxere
1264 1566 1562 1636 captivum.
1587 1565 1708 1632 Quo
1743 1577 1867 1636 post
1907 1582 2083 1622 annos

2182 572 2298 610 ram
2331 573 2418 612 me
2454 556 2577 624 (ΙΙΙ
2603 557 2728 628 Reg.
2763 558 2862 629 ιι).
2906 579 2926 610 ι

2251 647 2536 718 Templum
2591 649 2804 704 Donﬁni
2872 651 3172 720 antiquitus
3211 649 3418 705 factum
3472 657 3727 721 typnscrat

2181 739 2676 793 ecclesiasticorum
2709 741 3062 811 templorum,
3092 753 3145 797 et
3167 741 3438 796 dedicatio
3466 743 3601 798 illius
3625 759 3725 799 nos-

2184 839 2279 885 tra:
2304 830 2661 885 dedicationis
2676 833 3007 902 exemplum.
3039 832 3094 885 Si
3117 838 3314 886 domus
3341 831 3551 886 Domini
3574 845 3723 890 vocata

2179 931 2265 976 est
2317 921 2408 976 ubi
2478 922 2671 976 hostiae
2729 933 2782 978 et
2841 924 3106 978 sacrificia
3157 923 3544 990 offerebantur,
3595 929 3724 983 inulto

2182 1013 2358 1084 magis
2387 1023 2589 1069 nostra:
2639 1014 2908 1069 orationis
2937 1014 3155 1079 domus,
3191 1015 3282 1069 ubi
3337 1017 3520 1070 carnis
3548 1027 3594 1070 et
3632 1034 3727 1073 san-

2182 1105 2362 1175 guinis
2401 1105 2520 1174 ejus
2572 1115 2920 1160 sacramenta
2969 1107 3338 1174 celebrantur,
3384 1110 3614 1163 vocanda
3647 1121 3723 1164 est.

2187 1195 2251 1250 Iit
2281 1195 2325 1250 si
2354 1193 2615 1251 Dominus
2644 1196 2696 1250 in
2724 1197 2813 1250 illa
2839 1197 3140 1252 orationem
3164 1199 3348 1268 populi
3373 1197 3456 1252 sui
3483 1215 3539 1254 se
3563 1203 3726 1269 promi-

2165 1290 2259 1354 .sit
2288 1288 2500 1354 audire,
2549 1300 2754 1359 quanto
2783 1291 2956 1362 magis
2985 1307 3175 1362 preces
3212 1301 3416 1348 nostra:
3448 1295 3724 1366 recipientur

2185 1381 2241 1436 in
2279 1381 2402 1447 ista,
2437 1383 2526 1435 ubi
2554 1391 2680 1436 sunt
2716 1385 2826 1437 veri
2858 1395 3106 1439 oratores
3142 1394 3198 1439 et
3233 1396 3609 1442 memoraturos
3631 1406 3722 1458 pas-

2185 1473 2361 1528 sionis
2395 1473 2706 1528 Dominiete.
2739 1473 2804 1528 Et
2829 1474 2874 1528 si
2902 1483 3047 1528 tanta
3081 1474 3350 1530 festivitas
3370 1475 3596 1546 ejusdem
3625 1491 3724 1534 telu-

2185 1563 2255 1633 pli
2285 1563 2429 1632 quod
2483 1572 2602 1618 erat
2646 1564 2932 1619 umbratile
2980 1575 3035 1619 et
3065 1567 3310 1636 typicum
3359 1567 3413 1620 in
3438 1568 3722 1626 dedicatione

499 1656 844 1727 septuaginta
886 1656 1121 1726 patriam
1166 1657 1420 1721 remisso,
1481 1656 1834 1726 regnantibus
1873 1654 2078 1714 Persis.
2105 1655 2146 1704 ρ
2185 1654 2459 1710 celebrata
2506 1663 2611 1720 est,
2647 1665 2912 1724 quantum
2957 1655 3218 1726 gaudium
3247 1658 3448 1727 putatis
3477 1661 3522 1714 in
3553 1677 3718 1717 conse-

498 1762 722 1803 rursum
756 1746 1082 1802 aediﬁcatum
1107 1759 1191 1806 est
1230 1749 1492 1822 templum
1515 1764 1611 1818 per
1631 1763 1808 1804 annos
1858 1763 2004 1814 xui,
2029 1753 2084 1799 et

501 1839 660 1895 tertia
683 1838 774 1893 die
813 1838 1022 1894 mensis
1049 1855 1146 1906 xu,
1171 1855 1334 1911 quem
1361 1855 1462 1898 nos
1501 1839 1759 1900 Martium
1801 1855 2084 1906 vocamus,

498 1943 640 1998 opus
680 1928 749 1983 ad
805 1928 968 1983 tinem
1009 1929 1358 2000 perductum,
1398 1939 1454 1988 et
1478 1929 1623 1987 veris
1666 1940 1908 2000 tempore
1931 1931 2086 1986 dedi-

499 2027 707 2075 catum.
743 2016 845 2073 Cui
873 2019 1122 2076 videlicet
1169 2021 1321 2090 operi
1365 2030 1496 2079 tunc
1542 2021 1878 2092 praefuerunt
1920 2021 2088 2076 duces

499 2107 674 2178 plebis
695 2108 1088 2178 strenuissimi,
1133 2120 1193 2166 ut
1214 2111 1474 2176 diximus,
1499 2109 1800 2167 Zorobabel
1823 2113 1891 2166 de
1934 2112 2085 2182 regio

501 2215 700 2272 genere
731 2211 788 2257 et
827 2200 988 2259 Iesus
1009 2203 1266 2260 sacerdos
1295 2219 1528 2274 magnus
1555 2221 1567 2256 :
1615 2204 1708 2258 sed
1739 2213 1792 2258 et
1813 2204 2090 2274 prophetae

499 2295 734 2364 Aggams
753 2305 808 2348 et
831 2293 1126 2351 Zacharias
1150 2296 1473 2366 adjuvantes
1493 2310 1608 2362 eos,
1635 2305 1799 2366 atque
1825 2297 2089 2352 adversus

501 2387 732 2444 insidias
755 2389 994 2444 hostium
1023 2390 1438 2459 impedientium
1483 2405 1622 2460 opus
1643 2404 1738 2443 cor
1758 2389 1944 2459 populi
1967 2405 2090 2443 cor-

502 2479 828 2538 roborantes
855 2481 905 2554 (Ι
945 2481 1107 2536 Eutr.
1137 2498 1217 2549 ιιι,
1241 2483 1318 2553 5).
1353 2481 1506 2536 Unde
1537 2489 1660 2551 post
1696 2497 1872 2536 annos
1895 2481 2086 2548 ferme,

501 2585 711 2640 CCCLVI,
770 2587 868 2628 rex
929 2571 1361 2629 nefandissimus
1412 2571 1728 2629 Graecorum
1778 2569 2086 2628 Antiochus

505 2660 700 2717 fraude
753 2670 912 2732 capta
952 2661 1290 2718 Hierusalem
1338 2663 1596 2733 templum
1640 2662 1782 2716 idem
1831 2661 2088 2716 sordibus

505 2753 775 2818 idolorum
798 2753 1128 2824 profanavit,
1153 2753 1408 2810 auferens
1431 2755 1556 2810 inde
1579 2763 1633 2808 et
1647 2753 1778 2808 conf
1779 2745 1997 2825 rlngens
2015 2753 2089 2814 al-

505 2853 621 2900 tare
663 2843 877 2899 Domini
921 2860 1172 2912 aureum,
1202 2859 1448 2900 mensam
1493 2843 1905 2914 propositionis,
1951 2860 2084 2898 can-

502 2935 783 2990 delabrum
815 2937 1060 3004 luminis,
1083 2946 1139 2992 et
1159 2947 1352 2992 cetera
1373 2952 1504 2991 vasa
1530 2937 1713 3005 templi
1757 2951 1923 2990 aurea
1965 2951 2087 3006 quae

503 3029 749 3084 invenire
771 3029 975 3100 potuit;
1003 3029 1097 3084 sed
1144 3029 1276 3084 etin
1316 3028 1518 3098 templo
1543 3026 1695 3081 Jovis
1729 3027 2083 3084 simulacrum

2192 1743 2440 1798 cratione
2482 1752 2686 1799 nostrze
2711 1745 2904 1799 matris
2935 1745 3204 1815 agendum
3255 1757 3361 1802 est.
3393 1747 3532 1814 Quod
3572 1764 3717 1809 autem

2195 1843 2400 1904 septem
2432 1835 2591 1890 annis
2621 1835 2940 1903 aediﬁcasse,
2971 1847 3024 1891 et
3061 1837 3116 1890 in
3155 1847 3350 1894 octavo
3383 1839 3724 1904 dedicationem
3797 1843 3803 1850 ’

2189 1924 2310 1994 ejus
2338 1924 2540 1980 dicitur
2567 1925 2893 1994 celebrasse,
2925 1943 3026 1998 pro
3057 1943 3259 2000 magno
3285 1933 3536 2002 mysterio
3562 1933 3607 1987 id
3625 1950 3726 1990 coa-

2188 2023 2297 2070 stat
2321 2015 2604 2073 accidisse.
2633 2015 2749 2072 Iloc
2777 2017 2960 2088 itaque
2991 2021 3253 2089 templum
3288 2020 3585 2079 Salomonis
3613 2027 3726 2096 quod

2191 2101 2424 2157 Domino
2451 2116 2656 2174 septem
2691 2121 2851 2160 annis
2895 2120 2959 2160 ex
2991 2106 3155 2162 sectis
3177 2118 3231 2162 et
3263 2109 3540 2178 quadratis
3570 2111 3726 2182 lapidi-

2190 2195 2294 2250 bus
2324 2193 2718 2267 Ilierosolymis
2750 2195 2880 2252 fecit
2907 2197 3143 2252 formam
3179 2197 3419 2270 Mosayci
3445 2202 3728 2259 tabernaculi

2188 2286 2398 2341 habuit.
2442 2285 2654 2359 Moyses
2683 2289 2882 2343 etenim
2941 2289 3353 2346 tabernaculum
3396 2292 3450 2344 in
3479 2293 3730 2350 cremefe-

2187 2387 2357 2447 cerat,
2387 2387 2552 2450 atque
2581 2380 2711 2435 illud
2732 2382 2786 2434 in
2815 2381 2925 2436 duo
2959 2392 3330 2452 separaverat.
3366 2381 3422 2435 In
3448 2383 3604 2452 priori
3635 2387 3734 2454 qui-

2187 2470 2311 2524 dem
2342 2471 2696 2528 tabernaculo
2717 2481 2835 2527 erat
2857 2473 3525 2542 aureumcandelabrum,
3547 2485 3595 2529 et
3615 2491 3736 2530 men-

2189 2577 2270 2628 sa,
2299 2572 2352 2616 et
2378 2578 2581 2633 panum
2611 2563 2934 2634 propositio,
2969 2571 3022 2618 et
3052 2564 3169 2618 haec
3201 2564 3524 2618 dicebantur
3562 2575 3733 2618 saneta.

2188 2653 2253 2708 Et
2287 2653 2360 2708 ibi
2415 2655 2682 2724 pendebat
2724 2655 2927 2721 velum,
2965 2665 3091 2726 post
3132 2653 3281 2725 quod
3323 2665 3444 2710 erat
3479 2657 3734 2712 secundum

2186 2745 2620 2820 taberpaculum,
2651 2747 2797 2817 quod
2819 2747 3103 2802 dicebatur
3124 2757 3312 2802 sancta
3341 2746 3662 2801 Sanctorum.
3688 2745 3733 2800 In

2186 2836 2292 2892 hoc
2326 2846 2444 2892 erat
2472 2838 3102 2902 aureum'vtburibulum,
3138 2848 3192 2892 et
3220 2854 3350 2892 arca
3381 2854 3445 2892 ex
3475 2838 3610 2910 ligno
3639 2853 3736 2908 pre-

2189 2927 2334 2982 tioso
2357 2937 2411 2982 et
2433 2944 2570 2982 auro
2607 2929 2924 2998 purissimo,
2955 2929 3009 2982 in
3042 2944 3150 2999 qua
3174 2937 3296 2983 erat
3323 2944 3458 2982 urna
3483 2944 3632 2983 aurea
3654 2929 3733 2982 ha-

2185 3019 2319 3075 bens
2351 3036 2571 3087 manna,
2603 3029 2659 3075 et
2701 3021 2850 3090 virga
2881 3019 3062 3074 Aaron
3091 3036 3214 3090 quae
3247 3019 3568 3085 fronduerat,
3594 3029 3640 3074 et
3669 3029 3736 3074 ta-

503 3129 772 3188 statuens,
798 3121 1057 3192 populum
1081 3119 1366 3176 tormentis
1391 3119 1456 3174 ad
1482 3118 1898 3174 sacrificandum
1925 3116 2084 3172 idolis
2112 3151 2154 3209 Ε
2193 3111 2334 3168 Ιιυιω
2363 3112 2698 3179 testamenti,
2723 3123 2776 3168 et
2799 3129 2964 3209 super
2991 3113 3105 3167 [nec
3131 3113 3567 3182 propitiatorium,
3591 3127 3734 3209 super

503 3227 724 3282 cogens.

577 3301 684 3357 Sed
730 3301 902 3358 Iudas
951 3299 1336 3369 Machabzeus,
1381 3316 1506 3356 cum
1568 3310 1713 3356 esset
1754 3303 1820 3356 de
1885 3315 2082 3370 genere

504 3393 860 3460 sacerdotali,
907 3395 1136 3449 collecto
1173 3392 1414 3448 exercitu
1457 3391 1756 3460 justorum,
1819 3391 2081 3445 adversus

505 3483 759 3538 Antiochi
783 3483 952 3538 duces
991 3499 1143 3538 arma
1194 3481 1519 3550 corripiens,
1561 3496 1764 3550 eosque
1787 3481 1854 3534 de
1894 3478 2080 3535 Judtea

505 3571 802 3640 expellens,
828 3571 1194 3640 persecutioni
1230 3571 1546 3626 smvissimze
1589 3570 1748 3624 finem
1801 3569 2078 3640 imposuit;

507 3678 573 3718 ac
596 3663 855 3732 templum
879 3663 949 3716 ab
973 3663 1242 3718 idolorum
1269 3662 1598 3733 imaginibus
1621 3663 1948 3730 emundans,
1983 3678 2085 3718 no-

507 3770 574 3808 va
597 3769 792 3808 rursus
831 3753 1021 3808 altaria
1071 3763 1126 3809 et
1153 3762 1346 3808 caetera
1368 3769 1498 3812 vasa
1535 3755 1619 3809 vel
1662 3766 1979 3810 ornamenta
2005 3754 2084 3816 fa—

507 3843 682 3909 ciens,
707 3851 870 3913 atque
896 3844 953 3900 in
975 3843 1176 3914 templo
1201 3859 1488 3912 reponens,
1519 3845 1788 3900 dedicavit
1829 3862 1890 3901 ea
1921 3847 2084 3902 simul

509 3949 635 3988 cum
668 3937 889 4005 templo,
935 3936 1080 4006 quod
1125 3939 1460 4008 purgavit'et
1508 3941 1786 3993 renovavit
1827 3939 2084 3994 vicesima

507 4025 698 4093 quinta
721 4025 808 4080 die
839 4027 1042 4082 mensis
1074 4027 1224 4092 noni,
1261 4027 1312 4084 id
1343 4037 1426 4083 est
1453 4029 1784 4094 Decembris,
1807 4031 1954 4085 etad
1979 4031 2087 4085 hie-

507 4128 650 4167 mem
695 4115 964 4184 pertinere
987 4115 1118 4170 nulli
1145 4117 1370 4173 dubium
1396 4129 1628 4174 constat.
1666 4120 1973 4189 Statuitqne
1995 4119 2086 4174 de-

506 4211 740 4276 erctum,
773 4213 832 4260 ut
856 4205 1226 4273 praediximus,
1255 4207 1510 4264 omnibus
1543 4210 1701 4264 annis
1734 4210 1876 4264 diem
1907 4226 2086 4265 onere-

507 4316 750 4359 morum.
787 4296 839 4356 id
891 4308 981 4358 est
1015 4299 1382 4354 innovationis
1412 4315 1477 4354 ac
1505 4300 1865 4358 dedicationis
1903 4300 2086 4370 templi

507 4391 646 4447 festa
677 4393 964 4449 devotione
989 4391 1254 4452 celebrari
1282 4389 1335 4461 (Ι
1361 4390 1568 4446 Maedi.
1601 4391 1696 4461 iv).

2188 3205 2334 3274 thod
2376 3205 2486 3259 duo
2539 3205 2714 3274 angeli
2758 3205 2850 3275 qui
2897 3203 3194 3258 Cherubim
3229 3204 3548 3259 dicebantur.
3587 3201 3650 3256 Et
3689 3202 3740 3256 iu

2189 3296 2362 3366 priori
2381 3296 2601 3366 quidem
2622 3297 2975 3351 tabernaculo
2995 3297 3242 3368 quotidie
3258 3297 3552 3352 sacerdotes
3568 3295 3743 3350 sacriﬁ-

2191 3385 2410 3452 cabant;
2446 3386 2500 3439 in
2533 3386 2777 3440 secundo
2819 3398 3001 3439 autem
3047 3386 3218 3440 semel
3252 3387 3304 3440 in
3336 3402 3477 3440 anno
3524 3399 3741 3440 summus

2203 3476 2446 3548 pontifex
2479 3479 2700 3531 vitulam
2731 3475 2908 3532 rufam
2941 3492 3040 3547 pro
3061 3477 3212 3532 omni
3237 3478 3438 3548 popqu
3463 3475 3744 3530 immolabat

2213 3569 2354 3626 Ileb.
2387 3569 2484 3638 II).
2511 3567 2626 3625 Hoc
2651 3566 3060 3624 tabernaculum
3097 3569 3312 3648 Moyses
3347 3571 3576 3624 maximo
3615 3569 3742 3623 cultu

2191 3663 2478 3729 dedicavit,
2507 3672 2561 3716 et
2595 3679 2834 3718 annuam
2867 3662 3216 3718 festivitatem
3270 3663 3469 3733 populo
3513 3661 3745 3716 celebiari

2185 3755 2486 3810 constituit.
2521 3753 2586 3809 Et
2613 3755 2930 3808 Altissimus
2961 3771 3118 3809 suum
3145 3753 3544 3808 tabernaculum
3567 3753 3748 3808 sancti-

2187 3845 2392 3912 ficavit,
2441 3845 2661 3916 quando
2710 3846 2972 3916 Spiritum
3021 3855 3277 3900 sanctum
3321 3846 3554 3908 mittens,
3582 3843 3736 3898 Eccle-

2187 3939 2326 3994 siam
2370 3954 2400 3993 a
2441 3941 2680 4008 peccatis
2719 3939 2988 4009 purgavit,
3023 3946 3078 3992 et
3112 3939 3282 3992 multa
3338 3938 3657 3992 charismata
3693 3951 3746 3989 ac

2189 4031 2474 4086 scientiam
2506 4031 2756 4086 omnium
2785 4031 3093 4102 linguarum
3120 4031 3170 4086 ei
3193 4031 3434 4084 donavit.
3461 4028 3744 4083 Secundum

2190 4106 2335 4175 hanc
2371 4119 2603 4175 formam
2647 4121 2983 4177 tabernaculi
3020 4119 3304 4186 Salomon,
3337 4131 3396 4175 ut
3427 4121 3624 4176 dictum
3657 4129 3746 4182 est,

2194 4209 2454 4279 templum
2481 4209 2788 4266 mdilicavit.

2871 4317 3090 4357 DIVISIO.

2258 4388 2569 4459 Templum,
2599 4392 2745 4463 quod
2770 4408 2799 4448 a
2825 4391 3125 4448 Salomone
3155 4403 3361 4466 septem
3391 4393 3550 4448 annis
3586 4391 3753 4446 llic-rm

578 4483 794 4552 Omnia,
852 4486 1050 4542 fratres
1111 4482 1446 4549 cliarissimi,
1499 4482 1640 4539 facta
1669 4482 1804 4554 legis
1852 4483 2090 4553 antiquae
2118 4493 2162 4548 1)
2193 4482 2418 4554 Solymis
2447 4484 2770 4551 aedificatur,
2795 4494 2880 4540 est
2903 4484 3171 4553 Ecclesia,
3197 4501 3320 4556 quae
3347 4501 3376 4540 a
3402 4501 3528 4540 vero
3551 4483 3756 4555 paciﬁca

508 4589 636 4634 sunt
668 4581 840 4650 figura
869 4580 1002 4650 legis
1033 4596 1208 4647 nova},
1231 4589 1285 4636 et
1314 4588 1536 4650 propter
1571 4591 1671 4633 vos
1710 4577 2086 4638 commendata

508 4671 804 4725 memoriae.
860 4671 1118 4726 Salomon
1167 4672 1350 4742 itaque
1379 4671 1471 4741 qui
1515 4671 1738 4727 domum
1786 4665 2001 4724 Domini
2033 4668 2088 4726 in

509 4759 848 4824 Hierusalem
889 4772 1092 4832 septem
1143 4763 1303 4818 annis
1353 4763 1668 4827 aedificavit,
1711 4771 1904 4818 octavo
1942 4773 2086 4816 anno

511 4852 629 4922 ipse
681 4862 734 4908 et
806 4855 898 4908 filii
971 4852 1136 4910 Israel
1209 4869 1328 4910 eam
1404 4853 1636 4910 Domino
1677 4853 2082 4909 dedicaverunt.

511 4942 661 5000 Fecit
740 4960 870 5016 ergo
951 4944 1209 5000 Salomon
1285 4946 1338 5000 in
1409 4947 1496 5004 die
1573 4946 1666 5004 illo
1739 4945 2084 5000 festivitatem

511 5035 801 5099 celebrem,
871 5046 925 5090 et
1002 5037 1181 5093 omnis
1231 5037 1395 5093 Israel
1471 5054 1594 5093 cum
1655 5051 1721 5092 eo
1797 5037 2086 5092 multitudo

511 5141 730 5197 magna.
748 5126 815 5181 Et
835 5129 1010 5183 oravit
1032 5145 1124 5184 rex
1151 5130 1216 5185 ad
1236 5129 1522 5186 Dominum
1545 5129 1732 5185 dicens
1758 5145 1770 5180 :
1800 5147 1817 5180 ι
1857 5127 2086 5196 Exaudi,
2125 5161 2132 5166 -

512 5219 764 5284 Domine,
825 5221 1126 5276 orationem
1187 5238 1350 5292 quam
1419 5231 1541 5278 erat
1586 5237 1776 5276 servus
1849 5229 1974 5279 tuus
2031 5221 2086 5275 in

510 5311 635 5369 loco
662 5311 768 5366 isto
800 5320 861 5366 ut
907 5313 1167 5371 exaudias
1195 5313 1494 5386 orationem
1543 5311 1727 5381 populi
1770 5311 1849 5364 tui
1899 5309 2086 5376 Israel,

511 5402 876 5474 quodcunque
905 5404 1142 5460 oraverit
1171 5405 1224 5458 in
1273 5405 1395 5458 loco
1420 5404 1547 5468 isto,
1579 5412 1632 5457 et
1658 5419 1781 5458 cum
1825 5401 2085 5466 audieris,

511 5494 784 5570 propitius
815 5496 944 5551 eris.
970 5495 1125 5562 Quod
1143 5496 1188 5552 si
1217 5495 1520 5566 peccaverit
1546 5495 1642 5548 tibi
1682 5497 1810 5566 (non
1834 5503 1917 5550 est
1939 5495 2086 5548 enim

515 5585 680 5640 homo
726 5585 820 5655 qui
857 5601 966 5640 non
1021 5590 1247 5656 peccet),
1281 5586 1558 5658 egeritquc
1607 5585 2001 5655 paenitentiam,
2036 5594 2090 5640 et

515 5676 753 5735 oraverit
783 5685 854 5743 te,
887 5679 1268 5748 propitiaberis
1295 5679 1496 5748 populo
1527 5688 1641 5745 tuo,
1683 5677 1809 5748 quia
1846 5678 2090 5746 peccavit

519 5768 614 5834 tibi
643 5767 762 5842 (ΙΙΙ
790 5767 914 5849 Reg.
948 5769 1088 5836 vtu).
1127 5790 1144 5822 ι
1205 5769 1454 5840 Dixitque
1495 5770 1761 5830 Dominus
1813 5770 1884 5825 ad
1912 5783 2034 5823 eum
2073 5783 2086 5821 :

2193 4576 2414 4632 Christo
2435 4592 2532 4647 per
2575 4587 2780 4648 septem
2829 4579 2972 4634 dona
3013 4579 3252 4648 Spiritus
3293 4579 3467 4634 sancti
3521 4579 3580 4632 in
3623 4575 3756 4631 caelis

2192 4667 2511 4724 collocatur.
2576 4667 2733 4734 Quod
2783 4683 2851 4724 ex
2899 4667 3194 4739 lapidibus,
3249 4677 3304 4723 et
3348 4669 3526 4724 cedris
3552 4677 3607 4723 et
3642 4680 3762 4726 auro

2190 4759 2527 4813 construitur
2551 4758 2673 4828 (ΙΙΙ
2704 4759 2830 4830 Reg.
2860 4757 3003 4832 vui),
3027 4759 3156 4831 quia
3179 4775 3244 4816 ex
3273 4761 3449 4816 tribus
3471 4760 3760 4822 ordinibus,

2190 4849 2402 4906 scilicet
2429 4866 2496 4908 ex
2543 4852 2872 4925 coniugatis,
2915 4869 2984 4908 ex
3013 4855 3426 4910 continentibus
3457 4867 3510 4909 et
3543 4871 3612 4909 ex
3651 4867 3766 4908 eon-

2190 4943 2524 5012 templativis
2588 4945 2810 5000 caeleste
2867 4945 3156 5000 :edificium
3224 4944 3474 5016 eligitur.
3549 4943 3768 5013 Lapides

2191 5035 2322 5090 secti
2344 5045 2473 5091 sunt
2494 5051 2590 5106 per
2610 5033 2986 5107 paenitentiam
3005 5038 3072 5092 ad
3087 5039 3226 5092 hanc
3243 5047 3583 5092 structuram
3603 5034 3768 5092 electi.

2189 5125 2362 5183 Porro
2405 5128 2658 5199 quadrati
2687 5138 2816 5185 sunt
2860 5140 3096 5200 quatuor
3125 5130 3444 5196 virtutibus,
3486 5125 3774 5199 prudentia

2190 5219 2458 5286 videlicet,
2481 5219 2822 5284 fortitudine,
2846 5212 3058 5291 justitia
3086 5231 3139 5276 et
3170 5223 3554 5291 temperantia,
3587 5217 3655 5273 ad
3679 5217 3776 5270 hoc

2189 5309 2478 5365 aedilicium
2505 5313 2814 5381 praeparati.
2842 5311 2898 5366 In
2921 5324 3114 5366 octavo
3143 5322 3322 5366 autem
3356 5328 3506 5365 anno
3546 5309 3780 5364 :edilier

2193 5400 2356 5456 tionis
2382 5402 2567 5472 templi
2605 5401 2748 5457 facta
2791 5412 2875 5457 est
2919 5403 3276 5458 dedicationis
3308 5401 3614 5464 festivitas,
3655 5397 3781 5468 quia

2191 5500 2314 5562 post
2335 5501 2548 5563 tempus
2592 5493 2758 5563 hujus
2779 5495 2924 5561 vitae,
2949 5493 3094 5564 quod
3140 5504 3343 5564 septem
3377 5492 3588 5548 diebus
3611 5489 3782 5559 agitur

2191 5592 2246 5638 et
2295 5599 2389 5653 per
2417 5594 2622 5655 Septem
2669 5602 2844 5641 annos
2893 5586 3226 5656 designatur,
3268 5586 3533 5648 sequitur
3568 5594 3786 5638 summa

2192 5676 2459 5737 festivitas
2495 5697 2744 5753 superna:
2777 5679 3134 5743 Hierusalem,
3161 5697 3282 5751 quae
3307 5679 3703 5736 celebrabitur
3736 5673 3786 5728 in

2194 5777 2386 5828 Octavo
2409 5789 2571 5843 anno,
2605 5773 2658 5829 id
2687 5785 2766 5832 est
2793 5775 2844 5828 in
2877 5773 3054 5830 futura
3083 5774 3520 5840 resurrectione.
3551 5771 3624 5826 Et
3657 5769 3790 5826 sicut
