3970 6436
260 383 401 441 1249

1207 374 1775 433 DEFLORATIONES
1815 375 1916 431 SS.
1958 372 2266 430 PATRUM.
2307 404 2378 412 —
2416 374 2540 429 LIB.
2582 372 2642 429 ll.

3399 371 3548 432 1250

263 498 499 574 antiqua
530 499 798 558 festivitas
842 494 1205 569 praesignabat
1228 493 1425 549 festum
1466 500 1668 548 nostrae
1708 492 1862 547 dedi—
1892 500 1938 556 Α
1962 489 2101 545 cinis
2130 488 2406 543 memoria:
2431 486 2761 543 conditionis
2785 496 2840 542 ct
2871 496 3248 557 peccatorum;
3285 503 3393 542 non
3420 489 3548 545 dee-

266 593 534 659 eationis,
579 594 652 647 ita
684 592 799 646 hzec
826 599 1012 644 nostra
1040 587 1311 642 dedicatio
1347 594 1505 657 typus
1547 594 1601 638 et
1630 600 1859 639 summa

262 696 322 742 et
342 695 562 743 aeterna:
603 682 914 739 festivitatis
946 699 959 734 :
1004 679 1096 734 ubi
1127 680 1312 732 animo
1336 687 1622 732 teneamus
1643 691 1852 731 memo-

158 836 169 845 ,
265 781 407 834 riam
452 777 652 831 futurae
707 771 1146 828 resurrectionis.
1175 764 1300 825 Haec
1327 776 1456 824 sunt
1498 776 1608 823 tres
1640 768 1859 822 dedica-

269 873 449 927 tiones
485 867 708 924 :Prima
756 864 1028 935 siquidem
1071 861 1416 927 Salomonis;
1457 861 1730 925 secunda,
1757 875 1858 913 no-

269 974 395 1021 stra:
418 960 756 1027 festivitatis;
785 957 969 1023 tertia,
1014 955 1212 1010 futura:
1234 953 1673 1010 resurrectionis.
1701 952 1858 1019 Quod

270 1055 533 1125 templum
563 1052 632 1107 ab
654 1049 907 1106 hostibus
927 1047 1233 1112 incensum,
1259 1046 1352 1100 sed
1374 1061 1594 1100 rursum
1625 1044 1858 1100 Domino

272 1156 570 1210 miserante
601 1149 960 1214 construitur,
988 1154 1043 1202 et
1066 1145 1427 1215 quadraginta
1461 1154 1555 1195 sex
1584 1137 1743 1192 annis
1774 1150 1859 1190 re-

270 1244 571 1300 aedificatur
593 1238 646 1311 (I
673 1239 835 1294 Esdr.
871 1237 978 1305 ιιι),
1005 1234 1312 1307 specialiter
1337 1229 1560 1299 respicit
1599 1227 1664 1282 ad
1692 1224 1860 1295 signi—

273 1335 587 1389 ﬁcationem
614 1321 886 1385 Dominici
927 1326 1197 1397 corporis,
1223 1321 1369 1394 quod
1409 1321 1475 1375 de
1508 1318 1724 1388 Virgine
1767 1330 1858 1369 as-

232 1494 235 1495 ,
271 1424 528 1496 sumpsit.
576 1421 712 1477 Nam
765 1421 913 1475 sicut
960 1415 1319 1488 quadraginta
1361 1423 1415 1466 et
1447 1426 1542 1465 se:
1589 1410 1748 1463 annis
1777 1414 1862 1460 est

276 1516 542 1586 templum
572 1513 922 1578 aediﬁcatum,
965 1510 1039 1563 ita
1085 1520 1286 1576 corpus
1330 1501 1670 1557 Dominicum
1703 1497 1863 1552 tertia

272 1612 384 1679 die,
413 1627 444 1665 a
471 1624 584 1680 quo
613 1607 873 1680 praefatus
905 1618 1169 1660 numerus
1192 1597 1449 1671 assurgit,
1474 1596 1541 1651 ad
1583 1595 1747 1648 vitam
1779 1598 1865 1646 est

271 1679 783 1755 resuscitatum.——
816 1679 1009 1750 Fertur
1053 1693 1197 1747 enim
1226 1689 1374 1760 quod
1404 1689 1707 1742 humanum
1742 1698 1865 1737 cor-

273 1806 381 1861 pus
421 1788 844 1861 quadragesimo
885 1794 1038 1841 sexto
1069 1784 1157 1838 die
1179 1790 1303 1852 post
1345 1776 1719 1849 conceptionis
1758 1773 1866 1828 ini-

1886 832 1933 870 ο

1964 581 2037 634 rit
2062 580 2223 633 etiam
2256 580 2440 633 vinum
2496 578 2797 647 spirituale,
2828 593 2938 648 quo
2984 579 3402 633 inebriahuntur
3448 579 3548 635 ﬁlii

1963 670 2246 723 hominum
2287 669 2357 723 ab
2397 669 2642 723 ubertate
2674 669 2870 723 domus
2914 667 3009 722 Dei
3055 667 3229 735 (Paul.
3265 669 3455 740 xxxv),
3483 678 3550 725 ut

1962 759 2096 814 nihil
2126 768 2321 829 praeter
2345 775 2470 814 eum
2501 760 2810 815 desiderent
2831 768 2884 814 et
2905 761 3087 815 dicant
3115 779 3129 816 :
3188 782 3206 813 ι
3239 761 3379 829 Quid
3410 762 3548 817 mihi

1962 860 2047 907 est
2074 853 2128 906 in
2156 853 2320 918 cmlo,
2353 861 2408 906 et
2432 869 2462 906 a
2492 860 2543 906 te
2574 853 2700 921 quid
2732 852 2874 905 volui
2906 868 3069 923 super
3096 863 3297 909 terram
3321 856 3344 908 ?
3369 854 3544 925 (Paul.

1963 942 2160 1011 Lxxu.)
2193 962 2211 994 ι
2252 941 2500 1014 Ilyssopo
2532 943 2856 998 humilitatis
2886 946 3218 1013 aspergenda
3267 955 3397 1001 sunt
3424 961 3551 1000 om-

1965 1035 2200 1105 niaiisla.
2225 1033 2328 1100 Qui
2351 1035 2496 1088 enim
2519 1035 2749 1089 virtutes
2771 1036 2887 1090 sine
2913 1037 3214 1090 humilitate
3234 1047 3548 1109 congregat,

1963 1127 2420 1196 quasi;pulverem
2448 1127 2502 1179 in
2526 1136 2741 1180 ventum
2766 1135 2963 1196 portat.
2988 1127 3069 1180 Ad
3097 1129 3236 1182 hanc
3261 1144 3552 1185 consecra—

1965 1219 2166 1273 tionem
2216 1217 2493 1276 Ecclesire.
2527 1217 2577 1270 id
2609 1227 2693 1271 est
2744 1218 2934 1271 matris
2988 1228 3185 1273 nostra:
3227 1234 3419 1275 omnes
3451 1220 3551 1274 ﬁlii

1964 1310 2105 1380 ejus,
2163 1309 2217 1362 td
2267 1317 2349 1364 est
2402 1309 2584 1362 ﬁdeles
2614 1308 2812 1363 debent
2854 1311 3146 1364 convenire
3178 1320 3230 1365 ct
3269 1311 3462 1377 laetari,
3497 1320 3554 1366 et

1966 1400 2381 1456 sanctiﬁcationi
2416 1400 2608 1452 matris
2634 1414 2746 1453 sum
2790 1401 3141 1469 aggratulari.
3193 1400 3299 1455 Sed
3327 1402 3455 1471 quia
3485 1402 3553 1456 de

1964 1491 2152 1545 multis
2175 1490 2421 1558 partibus
2459 1491 2684 1542 veniunt
2713 1489 2828 1554 ﬁlii,
2864 1499 2918 1544 et
2946 1492 3115 1545 multo
3142 1492 3553 1561 laborejoccur-

1965 1589 2096 1634 runt
2119 1580 2302 1645 matri,
2327 1581 2394 1633 de
2423 1589 2570 1634 tanta
2605 1579 2894 1635 festivitate
2920 1597 3025 1635 non
3054 1582 3254 1636 debent
3277 1584 3554 1639 discedere

1964 1670 2371 1724 irremunerati.
2406 1668 2686 1723 Statutum
2717 1677 2803 1723 est
2827 1669 2971 1722 enim
3004 1685 3033 1724 a
3066 1672 3272 1725 sanctis
3302 1671 3555 1727 Patribus

1964 1761 2109 1829 quod
2136 1760 2189 1814 in
2213 1760 2553 1815 dedicatione
2578 1768 2781 1815 sanctae
2802 1762 3049 1816 ecclesiae
3073 1764 3167 1817 tiat
3184 1765 3342 1819 venia
3363 1780 3557 1834 pecca-

278 1883 416 1936 tium
449 1881 716 1935 formetur
742 1879 794 1932 in
819 1875 1224 1932 distinctionem
1256 1871 1647 1933 membrorum,
1690 1867 1761 1920 ita
1795 1880 1860 1919 eo
1893 1863 1937 1921 Β
1962 1860 2143 1906 torum
2172 1859 2250 1915 ιιῑν
2284 1867 2409 1908 cum
2438 1852 2559 1907 aliis
2591 1853 2925 1923 temporibus
2946 1855 3018 1909 εει
3050 1854 3103 1909 in
3130 1870 3194 1910 ea
3218 1855 3423 1911 θῦιυιίο
3447 1859 3558 1912 cri-

220 2042 223 2047 η
276 1988 510 2027 numero
540 1986 806 2025 annorum
831 1967 1092 2039 templum
1119 1979 1340 2035 quoque
1361 1970 1444 2017 est
1475 1958 1860 2015 reaediﬁcatum

272 2080 374 2135 per
399 2063 586 2119 Jesum
610 2063 968 2126 sacerdotem,
997 2058 1093 2130 qui
1126 2057 1385 2128 populum
1417 2055 1567 2110 ducit
1589 2070 1619 2109 a
1645 2051 1867 2122 captivi-

279 2164 393 2211 tate
417 2155 763 2227 Babylonica.
795 2152 891 2208 Hic
931 2151 1094 2207 Jesus
1123 2159 1206 2205 est
1238 2163 1397 2204 verus
1419 2146 1580 2202 Jesus
1609 2144 1867 2200 sacerdos

275 2264 535 2319 magnus,
560 2247 654 2317 qui
680 2245 1056 2301 Christianum
1083 2240 1344 2312 populum
1371 2239 1585 2293 reducit
1622 2253 1651 2291 a
1691 2234 1866 2305 capti-

272 2340 442 2392 vitate
463 2338 754 2391 diabolica.
801 2334 906 2401 Qui
940 2333 1203 2403 templum
1255 2327 1565 2392 remdiﬁcat,
1592 2325 1719 2395 quia
1756 2323 1871 2379 rui-

282 2445 412 2484 nam
436 2429 490 2483 in
516 2428 670 2483 cadis
698 2443 794 2497 per
827 2425 1080 2480 homines
1102 2428 1396 2478 restaurat.
1422 2418 1789 2487 Quadraginta
1817 2424 1871 2470 et

273 2536 369 2577 sex
387 2520 546 2575 annis
566 2519 717 2590 operi
740 2517 906 2588 hujus
928 2515 1113 2587 templi
1137 2513 1353 2579 institit,
1397 2510 1526 2582 quia
1568 2524 1759 2565 omnes
1775 2507 1869 2579 qui

277 2611 468 2667 decem
492 2618 761 2682 prmcepta
782 2610 916 2680 legis
951 2622 1049 2679 per
1075 2614 1314 2676 quatuor
1336 2602 1655 2674 Evangelia,
1681 2609 1734 2655 et
1774 2614 1872 2670 per

276 2719 374 2758 sex
400 2719 565 2775 opera
605 2701 994 2758 misericordiae
1038 2697 1383 2770 implebunt,
1418 2696 1471 2751 in
1517 2696 1620 2750 hoc
1653 2694 1874 2750 caeleste

279 2794 569 2851 aedilicium
594 2794 846 2850 tendunt.

349 2886 508 2954 Quod
534 2895 713 2941 autem
747 2884 887 2940 idem
925 2881 1186 2952 templum
1218 2880 1288 2937 ab
1312 2876 1614 2936 idololatris
1626 2876 1877 2947 coinqui-

281 2988 491 3045 natum,
504 2978 595 3034 sed
618 2993 712 3048 per
723 2975 918 3032 Judam
934 2973 1302 3030 Machabaaum
1318 2980 1607 3043 purgatum
1625 3012 1640 3037 ,
1660 2968 1878 3025 dedica-

276 3080 477 3137 tum,et
491 3072 669 3126 aureis
685 3069 903 3126 coronis
917 3064 1224 3138 ornatum(1
1233 3064 1424 3119 Matth.
1440 3061 1517 3136 IV)
1528 3061 1706 3118 varios
1717 3075 1878 3117 casus

271 3154 536 3220 Ecclesiae
559 3162 820 3229 insinuat,
844 3174 969 3232 qua:
990 3174 1135 3214 nunc
1157 3154 1631 3229 persecutionibus
1673 3151 1878 3224 premi-

1964 1941 2175 1995 minum
2209 1956 2305 2010 per
2347 1941 2702 2012 baptismum,
2743 1943 2805 2022 in.
2830 1942 3126 2000 festivitate
3166 1945 3288 2014 ejus
3317 1948 3557 2003 sentiant

1965 2033 2149 2101 potius
2179 2033 2369 2089 matris
2408 2049 2504 2103 per
2526 2034 2804 2090 orationes
2826 2037 3113 2091 auxilium.

2040 2123 2147 2180 Sed
2177 2140 2301 2181 cum
2351 2126 2526 2193 vobis,
2576 2127 2775 2181 fratres
2803 2127 3132 2196 charissimi,
3165 2130 3324 2184 venia
3362 2145 3429 2185 ex
3476 2131 3559 2185 ιιι·⁴

1967 2218 2105 2275 bore
2126 2227 2179 2275 et
2208 2221 2679 2290 congratulatione
2706 2221 2871 2291 hujus
2891 2223 3253 2278 solemnitatis
3274 2224 3556 2291 debeatur,

1969 2319 2151 2367 tamen
2183 2312 2325 2367 scire
2353 2313 2560 2369 debetis
2606 2314 2736 2384 quia
2766 2330 2876 2369 non
2906 2315 3161 2386 quaelibet
3212 2326 3433 2387 peccata
3459 2333 3560 2374 vo-

1970 2400 2054 2456 bis
2088 2401 2178 2458 hic
2212 2403 2548 2470 relaxantur,
2582 2404 2677 2459 sed
2720 2404 2811 2458 illa
2857 2412 3070 2480 tantum
3105 2405 3172 2460 de
3201 2407 3399 2476 quibus
3424 2423 3559 2464 con-

1972 2493 2104 2550 fessi
2128 2495 2261 2551 estis
2286 2503 2341 2550 et
2366 2496 2587 2567 dignam
2613 2497 2992 2565 paenitentiam
3021 2498 3228 2568 egistis,
3264 2499 3333 2554 de
3361 2499 3559 2556 talibus

1972 2583 2363 2656 indulgentiam
2391 2587 2826 2657 consequamini.
2861 2586 2919 2641 Si
2947 2588 3091 2643 enim
3116 2589 3241 2660 quis
3268 2591 3385 2645 vult
3428 2607 3560 2661 pec-

1973 2687 2222 2734 catorum
2253 2680 2359 2735 sibi
2380 2680 2569 2749 culpas
2594 2681 2847 2746 relaxari,
2872 2680 2919 2734 si
2942 2681 3057 2735 vult
3084 2681 3185 2736 sibi
3217 2683 3438 2737 vulnera
3469 2699 3563 2739 sa-

1975 2786 2128 2837 nare,
2155 2786 2265 2825 non
2288 2771 2447 2826 debet
2476 2787 2541 2826 ea
2574 2771 2842 2827 medicum
2873 2774 3069 2829 celare.
3102 2773 3264 2830 Prius
3289 2774 3435 2829 enim
3464 2774 3564 2830 deo

1975 2861 2068 2916 bet
2095 2872 2441 2931 peccatorum
2471 2864 2686 2934 culpam
2710 2879 3124 2935 recognoscere,
3151 2875 3338 2935 postea
3370 2875 3558 2923 osten-

1976 2955 2125 3020 dere,
2156 2954 2352 3009 deinde
2382 2953 2485 3009 sibi
2524 2953 2850 3010 medicinam
2888 2969 3136 3026 erogare.
3175 2955 3336 3011 Prius
3366 2957 3511 3012 dicat
3541 2973 3557 3012 :

1986 3063 2006 3097 ι
2035 3044 2305 3112 Quoniam
2325 3046 2669 3116 iniquitatem
2693 3062 2869 3102 meam
2883 3062 2983 3116 ego
2999 3062 3270 3118 agnosco,
3302 3065 3322 3100 ι
3363 3048 3560 3104 deinde

1981 3135 2313 3208 subjungat:
2348 3155 2367 3188 ι
2397 3136 2663 3191 Delictum
2702 3152 2883 3192 meum
2925 3138 3202 3208 cognitum
3245 3138 3343 3193 tibi
3369 3138 3494 3207 feci,
3532 3156 3552 3191 ι

277 3253 392 3321 tur,
415 3268 560 3308 nunc
578 3267 607 3307 a
626 3219 1095 3322 persecutionibus
1114 3219 1380 3303 liberatur
1401 3263 1414 3300 :
1432 3243 1552 3301 etin
1576 3219 1875 3297 illalibera-
1901 3219 1943 3278 (ἶ
1977 3227 2047 3322 afl
2081 3228 2334 3322 υὶξῑηξυιη
2392 3227 2556 3283 addat
2583 3245 2614 3322 =_
2628 3245 2657 3322 ξ
2687 3226 2947 3322 Miserere
2976 3227 3104 3293 mei,
3130 3227 3380 3296 Domine,
3419 3244 3563 3299 quo-

279 3341 429 3399 lione
444 3344 599 3415 quasi
618 3342 671 3397 in
689 3341 1031 3398 dedicatione
1047 3338 1343 3410 tranquilla
1364 3336 1625 3393 servitute
1641 3333 1872 3389 Domino

278 3434 597 3490 famulatur.
624 3433 763 3490 Ecce
787 3432 1025 3489 secunda
1053 3431 1345 3486 dedicatio.
1371 3424 1661 3484 Festivitas
1688 3436 1872 3482 autem

280 3526 454 3582 tertia:
478 3524 838 3581 dedicationis
868 3532 997 3579 tunc
1019 3522 1143 3590 erit,
1196 3520 1418 3592 quando
1461 3520 1517 3573 in
1552 3519 1659 3574 ﬁne
1683 3515 1873 3572 mundi

279 3633 544 3673 numerus
566 3618 865 3673 electorum
897 3614 1061 3670 fuerit
1083 3614 1353 3684 expletus,
1390 3619 1447 3666 et
1480 3618 1601 3680 post
1632 3624 1865 3681 genera-

281 3707 386 3762 lem
412 3708 872 3764 resurrectionem
904 3705 1151 3761 omnium
1201 3703 1450 3774 sequitur
1480 3700 1745 3756 festivitas
1766 3700 1873 3755 im-

280 3800 632 3856 mortalitatis
654 3809 891 3855 zeterme.
919 3798 1041 3852 Mox
1064 3810 1255 3852 omnes
1280 3793 1373 3865 qui
1394 3793 1460 3847 ad
1486 3791 1692 3862 paciﬁci
1722 3792 1866 3861 regis

280 3892 421 3958 veri,
464 3891 672 3948 scilicet
700 3890 1012 3945 Salomonis
1038 3889 1309 3959 pertinent
1352 3899 1602 3955 regnum,
1652 3899 1777 3939 cum
1809 3898 1876 3938 eo

282 3984 482 4055 gaudia
511 3983 700 4053 patriae
723 3980 964 4037 caelestis
994 3978 1296 4034 intrabunt.
1338 3972 1479 4028 Ecce
1518 3973 1680 4027 tertia
1721 3973 1876 4028 dedi-

284 4077 453 4131 catio.

357 4165 559 4221 Verum
606 4165 734 4237 quia
785 4166 853 4220 de
887 4161 1144 4235 mysterio
1172 4161 1417 4232 quaedam
1462 4155 1881 4230 perstrinximus

283 4259 665 4325 dedicationis,
694 4272 840 4313 nunc
874 4253 1219 4311 attendamus
1253 4260 1308 4307 et
1359 4252 1585 4307 modum
1632 4248 1877 4319 ejusdem

283 4353 617 4411 festivitatis.
657 4350 763 4407 Sed
801 4350 929 4421 quia
957 4347 1173 4417 singula
1203 4359 1326 4415 quae
1381 4344 1434 4399 in
1468 4340 1879 4398 consecratione

284 4448 426 4502 ﬁunt
446 4446 669 4515 longum
699 4451 783 4498 est
810 4454 1155 4506 enumerare,
1210 4452 1380 4492 unum
1409 4436 1475 4489 de
1507 4434 1614 4488 illis
1643 4432 1879 4486 breviter

283 4551 648 4606 exponamus,
707 4541 765 4587 ut
800 4532 854 4585 in
898 4530 1022 4584 aliis
1063 4526 1315 4584 similiter
1339 4522 1639 4593 ;interioris
1689 4520 1873 4590 templi

284 4628 461 4685 nostri
495 4626 774 4682 mumlatio
796 4617 1146 4693 intelligatur.
1207 4616 1571 4689 Aspergendis
1624 4613 1874 4685 postibus

283 4720 532 4777 ecclesiae
560 4718 817 4772 miscetur
851 4715 930 4770 sal
960 4723 1013 4768 et
1043 4713 1202 4778 cinis,
1235 4725 1376 4781 aqua
1402 4716 1458 4762 et
1484 4707 1709 4772 vinum;
1744 4706 1875 4776 bys-

285 4827 424 4881 sopo
446 4818 624 4863 autem
655 4814 1036 4877 asperguntur.
1068 4804 1192 4859 Ηεεε
1238 4819 1346 4858 non
1370 4809 1553 4858 essent
1600 4809 1747 4854 tanta
1779 4797 1878 4852 ob.

284 4908 502 4959 servata
525 4897 827 4968 diligentia,
864 4896 965 4949 nisi
1017 4895 1222 4964 aliquid
1262 4894 1512 4948 utilitatis
1541 4890 1872 4948 conferrent.

289 4995 377 5048 Sit
400 5008 531 5063 ergo
585 4992 666 5047 sal
689 4990 744 5045 in
788 4988 967 5053 nobis,
1024 4987 1078 5040 id
1099 4995 1185 5041 est
1231 4985 1479 5040 acritudo
1522 4981 1875 5053 pmnitentiaa,

281 5103 414 5158 quae
451 5084 790 5155 putredinem
853 5089 1199 5151 peccatorum
1255 5085 1561 5141 consumat,
1599 5073 1878 5144 integrita-

287 5189 400 5233 tem
427 5177 688 5230 virtutum
720 5174 1091 5241 incorruptam
1123 5176 1429 5224 conservet.
1457 5164 1572 5221 lloc
1596 5174 1773 5219 tamen
1795 5162 1877 5217 sal

289 5284 402 5325 non
434 5267 630 5322 sutﬁcit
674 5266 778 5319 nisi
816 5262 1049 5318 addatur
1084 5261 1245 5327 cinis,
1273 5259 1325 5313 id
1361 5267 1444 5313 est
1473 5258 1735 5312 memoria
1765 5264 1877 5309 ter-

216 5387 223 5393 ~
288 5372 440 5413 reme
458 5354 789 5412 conditionis
809 5353 891 5409 vel
915 5351 1308 5408 recordationis
1330 5357 1695 5419 peccatorum.
1723 5344 1877 5401 Unde

288 5444 425 5504 dicit
458 5445 747 5501 Psalmista
783 5462 795 5498 :
833 5460 852 5494 ι
888 5441 1177 5497 Peccatum
1233 5455 1415 5495 meum
1445 5444 1634 5493 contra
1664 5450 1751 5490 me
1794 5443 1880 5489 est

289 5556 510 5611 semper
541 5538 711 5610 (Psal.
752 5537 826 5608 ι).
865 5556 884 5589 ι
920 5534 987 5590 Ει
1014 5535 1212 5590 iterum
1260 5551 1274 5588 :
1325 5550 1344 5583 ι
1378 5528 1644 5600 Reliquiae
1671 5527 1879 5598 cogita-

204 5642 221 5651 '
284 5633 482 5699 tionis,
514 5651 532 5683 ι
569 5632 621 5686 id
645 5640 728 5687 est
756 5639 1104 5701 peccatorum
1142 5645 1162 5680 ‹
1199 5626 1342 5681 diem
1371 5623 1569 5679 festum
1596 5629 1757 5692 agent
1782 5620 1877 5674 tibi

205 5738 236 5750 “
290 5724 471 5797 (Paul.
502 5723 686 5793 Lxxv).
719 5742 737 5774 ι
769 5721 871 5777 Iste
892 5721 1030 5775 cinis
1054 5728 1234 5775 movet
1257 5731 1456 5788 aquam
1486 5716 1875 5786 lacrymarum.

208 5831 217 5839 '
260 5815 417 5872 -'l'ibi
456 5814 637 5871 autem
680 5815 794 5870 haec
817 5814 919 5867 tria
952 5821 1101 5880 sunt,
1127 5810 1376 5867 videlicet
1410 5806 1491 5864 sal
1522 5806 1876 5878 pmnitentim,

1973 3318 2123 3373 niam
2148 3318 2399 3374 inﬁrmus
2427 3334 2551 3374 sum
2596 3318 2772 3389 (Paul.
2806 3334 2859 3372 vt
2881 3336 2896 3386 ;
2921 3318 3032 3389 ι).ι
3064 3317 3179 3374 Tali
3201 3334 3398 3390 nempe
3427 3336 3564 3376 eon-

1974 3408 2215 3466 fessione
2239 3412 2325 3466 vel
2346 3411 2687 3482 pmnitentia,
2717 3419 3061 3481 promeretur
3089 3422 3437 3482 peccatorum
3473 3413 3562 3468 im

1974 3502 2272 3573 dulgentia.

2045 3593 2204 3651 Nunc
2234 3593 2418 3664 igitur,
2455 3592 2672 3661 fratres,
2711 3594 3010 3664 recogitate
3037 3604 3091 3650 et
3131 3594 3323 3650 discite
3352 3596 3407 3649 in
3453 3594 3562 3653 hoc

1977 3695 2324 3743 sacramento
2350 3687 2709 3742 dedicationis
2731 3694 2936 3757 quanta
2968 3688 3270 3741 reverentia
3299 3686 3569 3743 debeatur

1977 3777 2290 3832 sanctuario
2312 3786 2506 3831 vestrae
2534 3776 2745 3831 matris.
2793 3774 2893 3830 Hic
2922 3776 3067 3831 enim
3113 3791 3212 3846 per
3235 3778 3435 3832 undam
3466 3777 3565 3833 ha-

1977 3866 2182 3936 ptismi,
2214 3865 2508 3919 abluuntur
2537 3874 2785 3933 peccata;
2824 3864 2914 3918 hic
2957 3874 3350 3920 consecrantur
3373 3865 3529 3921 Domi
3543 3888 3571 3906 ον

1978 3959 2083 4013 nici
2112 3955 2359 4027 corporis
2373 3966 2427 4010 et
2443 3957 2726 4027 sanguinis
2755 3966 3095 4011 sacramenta
3120 3958 3243 4023 ;hic
3258 3957 3565 4013 funduntur

1979 4050 2048 4106 ad
2084 4050 2375 4103 Dominum
2406 4048 2715 4111 orationes;
2763 4047 2852 4100 hic
2880 4047 3138 4101 dicuntur
3162 4046 3561 4116 confessiones;

1979 4141 2068 4197 hic
2098 4140 2235 4194 ﬁunt
2262 4137 2752 4219 reconciliationcs.
2786 4135 2912 4191 Haec
2940 4144 3024 4191 est
3052 4136 3251 4190 domus
3279 4136 3410 4203 Dei;
3445 4137 3572 4194 haec-

1979 4245 2062 4290 est
2103 4240 2260 4303 porta
2292 4231 2438 4295 cmli,
2472 4245 2569 4300 per
2612 4230 2755 4284 hanc
2794 4229 3111 4283 ascenditur
3158 4228 3225 4283 ad
3268 4244 3563 4298 supernam

1979 4324 2305 4390 Jerusalem,
2336 4339 2458 4393 quae
2482 4331 2566 4378 est
2593 4324 2761 4378 libera
2808 4330 2983 4377 mater
3012 4331 3219 4377 nostra.
3249 4321 3484 4394 Purgato
3505 4324 3571 4377 in

1981 4433 2046 4474 ea
2073 4417 2316 4472 maculas
2343 4425 2574 4481 vestras,
2603 4423 2663 4469 ut
2688 4413 2902 4485 purgati
2931 4414 3212 4484 pervenire
3243 4415 3467 4483 possitis
3493 4415 3563 4469 ad

1983 4509 2193 4579 regales
2221 4510 2460 4577 nuptias,
2486 4514 2777 4577 praestante
2811 4514 2866 4560 et
2886 4505 3177 4571 adjuvante
3200 4503 3434 4558 Domino
3458 4511 3564 4558 n'o-

1979 4610 2096 4658 stro
2117 4599 2243 4655 Jesu
2276 4598 2517 4663 Christo,
2545 4597 2640 4667 qui
2669 4613 2793 4651 cum
2823 4595 2985 4649 Patre
3024 4603 3078 4648 et
3121 4592 3327 4665 Spiritu
3372 4601 3569 4648 sancto

1977 4695 2111 4748 vivit
2134 4702 2188 4748 et
2219 4701 2409 4763 regnat
2446 4690 2612 4757 Deus,
2642 4705 2740 4759 per
2768 4688 2953 4743 omnia
2983 4687 3181 4747 secula
3211 4686 3561 4740 swculorum.

1977 4783 2171 4839 Amen.

2649 4869 2882 4926 SERMO
3462 4923 3467 4929 .

2122 4983 2174 5021 IN
2209 4980 2563 5021 DEDICA‘I'XO-XE
2602 4979 2831 5019 ALTARIS
2866 4977 3090 5018 PROPRIE
3127 4976 3409 5017 DICENDUS.
3488 5008 3489 5011 η

2049 5059 2303 5127 Antiqua:
2326 5056 2605 5126 religionis
2636 5062 2988 5110 sacrosancta
3020 5062 3077 5108 et
3110 5052 3437 5108 venerabilis
3459 5052 3564 5108 hoc

1981 5149 2170 5204 habuit
2191 5146 2430 5210 traditio,
2455 5154 2511 5199 ut
2545 5145 2735 5199 altaria
2764 5144 3162 5198 :edilicarentur
3190 5150 3245 5198 et
3270 5157 3561 5198 consecra-

1978 5251 2167 5297 rentur
2191 5241 2440 5295 Domino.
2468 5238 2579 5293 Hoc
2599 5238 2744 5292 enim
2774 5246 2830 5292 et
2865 5236 3161 5300 Abraham,
3198 5245 3252 5290 et
3288 5233 3563 5304 ipse-legis

1980 5335 2216 5406 Moyses,
2242 5345 2297 5389 et
2324 5333 2414 5386 alii
2450 5332 2624 5386 sancti
2649 5331 2748 5384 viri
2775 5330 3025 5398 exemplo
3046 5337 3101 5382 et
3119 5327 3443 5381 auctoritate
3462 5340 3560 5385 sua

1981 5430 2087 5485 hoc
2129 5429 2183 5483 in
2208 5426 2438 5483 cunctis
2462 5423 2901 5494 generationibus
2932 5419 3133 5474 nostris
3161 5417 3561 5473 observandum

1981 5524 2339 5592 reliquerunt.
2373 5518 2496 5573 llrec
2517 5516 2784 5587 siquidem
2811 5514 2998 5567 altaris
3021 5510 3292 5566 dedicatio
3311 5511 3563 5580 praeﬁgu-

1980 5624 2098 5671 rata
2144 5613 2247 5668 fuit
2270 5621 2322 5666 et
2345 5610 2515 5666 Jacoh
2553 5605 2890 5676 temporibus
2936 5604 3032 5656 lilii
3063 5599 3399 5656 Isaac..Nam
3435 5615 3560 5655 cum

1983 5706 2169 5760 relicto
2191 5710 2413 5772 parente
2440 5698 2655 5770 fugiens
2700 5694 2921 5748 fratrem
2965 5706 3126 5746 suum
3154 5689 3321 5754 Esau,
3355 5688 3564 5756 iretque

1983 5799 2048 5854 ad
2081 5796 2262 5851 Laban
2294 5795 2563 5865 petiturus
2587 5800 2837 5851 uxorem,
2866 5783 2918 5837 in
2958 5783 3149 5839 itinere
3190 5782 3313 5837 tulit
3337 5781 3403 5835 de
3427 5777 3563 5847 lapi-
