3970 6440
514 348 647 409 1281

1655 334 1983 394 WERNERI
2033 330 2322 390 ADBATIS
2356 332 2415 387 S.
2456 327 2677 387 BLASII

3637 329 3757 387 ιῑτι

511 464 694 527 dibus,
737 462 830 534 qui
868 470 1021 517 terrae
1058 458 1331 530 iacebant,
1359 464 1412 511 et
1444 455 1732 524 supposuit
1760 453 1924 524 capiti
1971 467 2093 515 suo,
2127 457 2172 513 Α
2199 445 2524 502 diviserunt.
2547 444 2630 499 Ab
2654 443 2755 498 hoc
2782 455 2940 496 muro
2960 438 3131 496 Judaei
3152 440 3487 534 aedificantes
3505 440 3755 534 Christum

512 556 878 625 dormivitque
900 554 952 607 in
977 552 1165 606 eodem
1192 551 1333 615 loco,
1357 560 1411 604 et
1432 548 1565 603 vidit
1587 547 1640 602 in
1660 548 1869 602 somnis
1894 545 2097 600 scalam

516 665 691 719 usque
719 649 783 701 ad
815 647 1012 701 ccelum
1053 653 1310 705 erectam,
1347 651 1400 696 et
1423 641 1645 710 angelos
1670 634 2026 694 ascendentes
2047 646 2101 692 et

514 738 923 794 descendentes.
960 734 1310 804 Surgensque
1337 732 1458 787 tulit
1498 730 1730 800 lapidem
1759 736 1813 783 et
1843 728 2018 782 erexit
2044 727 2098 781 in

512 830 753 887 titulum.
799 827 1034 881 fundens
1073 827 1253 879 oleum
1300 826 1532 894 desuper
1581 842 1593 877 :
1648 821 1884 891 fecitque
1928 821 2099 874 altare

513 919 746 973 Domino
770 918 959 972 dicens
989 936 1003 970 :
1039 936 1056 967 ι
1094 916 1211 970 Non
1240 926 1326 970 est
1357 917 1444 970 hic
1471 916 1615 969 aliu'l
1647 914 1750 968 nisi
1779 913 1974 967 domus
2004 910 2097 965 Dei

511 1020 564 1062 et
593 1019 744 1078 portu
770 1008 892 1060 creli
923 1006 1073 1070 (Gen.
1109 1010 1320 1069 xxviii).
1362 1026 1379 1055 ι
1413 1004 1549 1059 Ecce
1573 1006 1671 1059 iste
1692 1005 1952 1073 antiquus
1980 1004 2098 1058 sine

512 1101 646 1168 lege,
686 1100 804 1153 sine
846 1100 1135 1167 scripturis
1161 1099 1518 1153 sanetiticavit
1547 1097 1655 1150 Deo
1678 1097 1882 1161 uitare;
1912 1104 1967 1149 et
1994 1096 2096 1151 do-

511 1206 660 1245 mum
707 1174 920 1243 Domitii
967 1190 1200 1253 vocavit,
1246 1190 1372 1259 quia
1405 1205 1497 1259 per
1543 1188 1803 1258 Spiritum
1846 1196 2095 1241 sanctum

512 1281 926 1335 tabernaculum
962 1280 1050 1333 Dei
1082 1282 1154 1334 ibi
1187 1281 1426 1334 futurum
1461 1280 1794 1349 praesciebat.
1832 1277 1956 1334 llaec
1979 1294 2098 1332 ont-

511 1378 599 1432 nia
643 1378 812 1448 figura
839 1379 1146 1431 futurorum
1179 1388 1335 1431 erant
1362 1394 1375 1429 :
1407 1376 1576 1431 Jacoh
1601 1390 1856 1445 namque,
1888 1375 1980 1443 qui
2008 1389 2095 1428 re-

510 1469 639 1523 licto
667 1479 891 1539 parente
923 1470 1058 1523 ierat
1092 1470 1158 1523 ad
1201 1468 1381 1523 Laban
1420 1470 1690 1538 petiturus
1721 1483 1967 1532 uxorem,
2002 1465 2096 1520 Je-

510 1577 632 1617 sum
663 1562 941 1616 Christum
971 1562 1237 1631 designat,
1266 1562 1356 1631 qui
1401 1562 1558 1631 quasi
1597 1562 1783 1616 relicto
1806 1560 1964 1616 Patre
1985 1576 2097 1617 cm-

510 1651 623 1705 lum
647 1653 904 1715 deseruit,
926 1667 1257 1721 carnemque
1282 1662 1481 1706 nostra:
1502 1651 1866 1721 corruptionis
1881 1667 2097 1707 assum-

509 1743 637 1813 psit.
674 1741 876 1796 Deiude
902 1744 1105 1798 relictis
1149 1743 1257 1796 illis
1283 1743 1621 1811 parentibus,
1645 1743 1713 1796 de
1747 1743 1948 1812 quibus
1975 1757 2095 1797 car-

511 1848 635 1888 nem
688 1844 1081 1904 assumpserat,
1127 1834 1333 1889 scilicet
1374 1833 1598 1899 .ludmis,
1649 1834 1835 1889 relicta
1881 1850 2100 1905 quoque

509 1925 683 1994 patria
720 1926 786 1979 de
812 1924 997 1981 Judzea
1025 1927 1262 1995 perrexit
1295 1926 1362 1980 ad
1401 1935 1610 1995 gentes,
1635 1926 1902 1981 ducturus
1935 1942 2099 1995 spon~

509 2031 649 2075 sam.
686 2015 737 2069 id
765 2026 849 2071 est
880 2016 1202 2072 Ecclesiattt.
1238 2015 1353 2071 lloc
1399 2016 1454 2070 in
1484 2015 1680 2071 itinere
1708 2015 1878 2072 Jacob
1901 2017 2101 2071 obdor-

509 2107 685 2171 mivit,
717 2108 846 2177 quia
881 2108 1134 2162 Christus
1166 2110 1218 2162 in
1267 2108 1460 2163 itinere
1488 2110 1770 2178 praesentis
1796 2109 1920 2163 vitae
1947 2124 2096 2163 mor-

510 2207 618 2253 tem
648 2199 701 2253 in
728 2216 823 2254 ara
855 2201 1036 2255 crucis
1062 2202 1303 2270 pertulit.
1338 2200 1522 2272 Lapis,
1554 2216 1715 2271 quem
1738 2199 1910 2255 Jacob
1931 2200 1982 2254 in
2013 2200 2102 2254 iti-

514 2305 645 2344 nere
668 2290 832 2359 capiti
859 2292 1170 2360 supposuit,
1198 2292 1590 2346 humanitatem
1614 2290 1816 2346 Christi
1847 2291 2101 2361 designa—

505 2382 603 2447 vit,
621 2398 742 2451 qua:
763 2383 1004 2451 subjecta
1023 2382 1295 2437 d;vinitati
1318 2383 1463 2438 Deus
1478 2399 1605 2438 vere
1623 2384 1862 2438 creditur
1877 2399 1999 2438 esse
2013 2399 2102 2438 ca-

508 2473 842 2544 putCht'isti.
875 2456 1042 2529 Scala
1057 2484 1236 2530 erecta
1279 2476 1345 2529 ad
1359 2476 1555 2531 caelum
1574 2487 1655 2531 est
1683 2476 1769 2530 via
1785 2476 2102 2532 etascensio

505 2566 773 2635 graduum
797 2574 850 2619 et
873 2566 1154 2619 virtutum.
1175 2565 1504 2622 Ascenditur
1525 2568 1695 2634 enim,
1721 2568 1773 2623 id
1794 2577 1878 2623 est
1901 2568 1967 2623 ad
1986 2583 2100 2624 cm-

509 2654 697 2710 lestem
722 2657 885 2711 vitam
904 2658 1133 2714 diversis
1148 2660 1425 2730 gradibus.
1450 2658 1748 2714 Suntenim
1773 2661 1941 2731 aliqui
1961 2661 2111 2732 lega-*

510 2746 546 2801 li
573 2748 831 2818 coningio
862 2763 1094 2817 superna
1124 2750 1448 2805 scandentes
1472 2769 1485 2804 :
1510 2751 1601 2804 alii
1625 2752 1678 2804 in
1703 2752 1980 2819 viduitate,
2006 2753 2098 2807 alii

507 2853 566 2895 tu
590 2839 915 2911 virginitate,
947 2840 1038 2893 alii
1062 2841 1115 2894 in
1141 2842 1373 2896 tumultu
1402 2842 1589 2897 mundi
1611 2853 1802 2898 contra
1834 2845 2095 2899 tuundutn

507 2942 563 2987 et
576 2942 764 2987 contra
792 2932 1070 2987 diabolum
1093 2934 1401 3002 pugnando.
1423 2934 1528 2987 Alii
1549 2950 1787 3005 quoque,
1810 2936 2096 3004 strepitum
2167 2986 2187 3006 ,

506 3025 694 3081 mundi
722 3025 1000 3095 rugientes
1037 3035 1089 3079 et
1121 3025 1423 3095 spiritalem
1473 3026 1685 3081 hostem
1742 3026 2094 3094 debellantes,

504 3115 562 3169 in
590 3114 788 3169 actuali
814 3116 922 3169 tha
956 3122 1035 3168 tot
1060 3114 1318 3183 gradibus
1345 3115 1709 3169 ascenderunt
1733 3115 1800 3169 ad
1823 3116 2089 3171 cmlestia.
2121 3140 2163 3196 ρ

507 3205 648 3262 Sunt
692 3216 746 3261 et
788 3208 988 3278 gradus
1026 3207 1081 3260 in
1119 3207 1601 3276 contemplatione,
1651 3224 1791 3277 quos
1839 3211 2094 3265 monachi

501 3300 571 3355 ad
625 3313 861 3369 superna
923 3297 1314 3352 transcendunt
1361 3298 1445 3352 vel
1491 3296 1771 3354 eremi'tze:
1813 3299 1870 3354 hi
1934 3316 2095 3355 mun-

503 3391 635 3446 dutn
663 3398 962 3457 exuerunt;
1012 3390 1068 3443 hi
1105 3388 1304 3443 vilibus
1344 3389 1679 3444 indumentis
1720 3406 1840 3445 sese
1875 3406 2095 3461 spreve-

504 3491 663 3548 runt;
696 3483 749 3536 hi
774 3482 1137 3537 obedientiam
1171 3490 1443 3537 sectantes
1464 3480 1810 3537 dilectionem
1838 3483 2092 3538 ostende-

502 3582 653 3628 runt.
683 3573 818 3628 Tres
842 3576 1024 3644 itaque
1049 3574 1277 3627 virtutes
1299 3573 1352 3626 in
1384 3571 1464 3626 eis
1511 3572 1817 3641 specialiter
1843 3583 2091 3644 regnant,

504 3664 681 3719 tribus
702 3666 962 3733 gradibus
992 3666 1277 3731 virtutum,
1310 3665 1577 3720 charitatc
1615 3665 1840 3733 scilicet,
1873 3666 2096 3720 humili-

505 3763 617 3808 tate
642 3765 696 3809 ct
730 3754 1058 3819 obedientia,
1110 3755 1351 3811 cmlcstia
1383 3757 1793 3812 transcendunt.
1843 3756 2095 3813 Charitas

504 3847 862 3902 fraternitatis
895 3847 948 3901 in
975 3847 1377 3903 cohabitatione
1427 3850 1756 3914 ostenditur,
1810 3849 2093 3904 humilitas

504 3938 563 3992 in
587 3938 792 3992 vilitate
842 3938 1151 3993 vestimenti
1192 3951 1665 4010 praunonstratur,
1696 3941 2009 3996 obedientia
2036 3944 2090 3995 in

504 4027 695 4085 libenti
721 4028 1011 4097 servitute,
1039 4029 1171 4085 dum
1198 4042 1389 4102 parent
1422 4035 1688 4089 voluntati
1737 4034 1967 4090 fratrum
1999 4035 2093 4090 de-

505 4118 762 4174 claratur.
811 4118 903 4175 llis
930 4121 1162 4176 diversis
1196 4123 1457 4193 gradibus
1480 4124 1741 4179 virtutum
1795 4125 1850 4179 in
1895 4126 2095 4181 actuali

504 4220 562 4270 et
590 4211 645 4265 in
680 4213 1098 4282 contemplativa
1127 4223 1442 4283 penetratur
1470 4217 1691 4271 coelum.
1737 4214 1925 4287 Angeli
1956 4234 2096 4288 quo-

505 4317 634 4376 que,
659 4318 798 4374 quos
848 4303 1017 4359 Jacob
1067 4305 1279 4361 viderat
1321 4308 1617 4362 ascendere
1645 4316 1700 4362 et
1743 4309 2093 4377 descendere,

505 4404 633 4451 sunt
674 4396 1054 4465 praedicatores
1092 4399 1285 4466 sancti,
1322 4401 1637 4456 nuntiantes
1661 4401 1817 4457 nobis
1870 4404 2094 4459 verbum

2204 539 2503 610 pretiosum
2533 536 2765 606 lapidem
2801 533 3247 604 reprobaverunt,
3290 532 3421 602 quia
3453 533 3625 589 nullas
3664 538 3759 590 ori-

2201 632 2397 702 ginalis
2437 628 2641 700 peccati
2696 625 2886 683 sordes
2935 640 3060 679 cum
3109 635 3378 680 caemento
3446 625 3606 694 hujus
3635 630 3757 685 tnuri

2200 724 2563 777 involverunt.
2593 718 2742 774 Unde
2787 717 3005 772 «.factus
3032 724 3117 770 est
3147 716 3228 771 eis
3282 715 3425 785 lapis
3473 717 3758 776 offensionis

2198 824 2252 868 et
2278 824 2428 884 petra
2455 810 2697 867 scandali
2722 808 2774 879 (I
2806 806 2952 861 Petr.
2980 808 3064 875 tt).
3106 826 3124 859 ι
3159 805 3336 876 Super
3363 806 3593 876 lapidem
3616 808 3757 865 istum
3798 836 3803 841 ο

2200 907 2335 961 bene
2364 905 2588 960 fundata
2625 912 2680 958 et
2708 905 2921 956 firmata
2950 908 3165 954 constat
3225 897 3492 953 Ecclesia.
3534 899 3755 959 Christus

2198 1008 2280 1053 est
2309 1008 2363 1052 ct
2387 998 2575 1060 altare,
2600 995 2729 1066 quia
2756 994 2809 1047 in
2836 1009 2902 1047 eo
2922 1002 2976 1045 et
3010 1006 3105 1059 per
3132 1006 3258 1045 eum
3287 991 3560 1060 spiritales
3585 1002 3634 1047 et
3655 1010 3757 1050 cor-

2199 1088 2413 1158 porales
2438 1084 2738 1139 oblationes
2761 1081 2872 1136 Deo
2894 1080 3041 1134 Patri
3064 1080 3387 1135 offeruntur.
3424 1079 3502 1133 Eo
3522 1083 3756 1140 mediante

2199 1187 2252 1234 et
2277 1179 2509 1249 pr0pitio
2532 1178 2913 1240 intercessore,
2944 1173 3089 1228 Deus
3115 1171 3278 1227 Pater
3314 1174 3592 1242 przescntia
3620 1176 3752 1233 nobis

2198 1279 2251 1325 et
2275 1269 2455 1341 futura
2479 1270 2725 1341 largitur.
2752 1267 2866 1322 Hoc
2894 1267 3088 1331 altare,
3142 1266 3197 1323 id
3224 1273 3310 1321 est
3348 1265 3591 1322 Christus
3627 1268 3752 1339 lega-

2198 1363 2341 1418 libus
2396 1339 2688 1432 unguenz-Is
2738 1360 2941 1430 quibus
2994 1358 3300 1429 antiquitus
3360 1358 3548 1413 altaria
3610 1376 3751 1432 unge-

2196 1454 2417 1519 baniur,
2467 1469 2678 1508 necnon
2733 1461 2787 1506 ct
2848 1451 3142 1523 unguentis
3208 1450 3412 1520 quibus
3460 1453 3750 1508 ecclesiasti-

2198 1561 2261 1601 ca
2306 1545 2499 1600 altaria
2559 1552 2938 1615 peruagantur
2998 1542 3314 1612 spiritaliter
3362 1551 3445 1597 cst
3487 1543 3745 1603 delibutus.

2199 1636 2277 1692 Ex
2331 1637 2575 1707 quinque
2630 1651 2823 1706 nempe
2873 1635 3159 1705 speciebus
3188 1643 3501 1700 aromatum,
3526 1635 3747 1691 videlicet

2200 1744 2443 1800 smyrna,
2468 1742 2859 1808 cynnamomo,
2874 1726 3107 1792 calamo,
3138 1726 3313 1791 casia,
3343 1726 3510 1781 oleum
3534 1727 3742 1785 declivis

2135 1802 2176 1860 Β
2207 1830 2325 1875 erat
2362 1831 2721 1891 unguentum,
2767 1802 2879 1889 quo
2923 1819 3095 1873 altare
3127 1819 3434 1888 antiquitus
3469 1826 3546 1873 est
3578 1834 3747 1875 conse-

2203 1921 2413 1968 cratum
2445 1921 2499 1966 et
2527 1910 2857 1966 confectum.
2910 1907 3069 1965 Nunc
3096 1910 3382 1964 videamus
3412 1920 3619 1965 naturas
3649 1912 3749 1966 sin-

2205 2005 2457 2075 gularunt
2487 2003 2811 2073 specierum.
2842 2000 3131 2073 Smyrnam
3164 2002 3256 2055 alii
3281 2002 3496 2067 calami,
3522 2003 3605 2057 alii
3626 2020 3750 2075 myr-

2202 2096 2317 2150 rha:
2343 2094 2533 2149 dicunt
2570 2109 2692 2149 esse
2723 2093 2962 2148 resinam
2998 2103 3054 2147 et
3082 2101 3266 2163 aptam
3310 2094 3451 2147 inter
3488 2094 3745 2165 pigmenta.

2202 2187 2626 2243 Cinnamomum
2682 2194 2864 2240 autem
2900 2184 3105 2239 dictum
3150 2195 3234 2240 est
3264 2185 3409 2256 quod
3444 2196 3617 2240 cortex
3651 2189 3749 2256 ejus

2203 2278 2258 2331 in
2303 2277 2523 2333 modum
2552 2291 2741 2331 canna:
2785 2275 2856 2331 sit
2885 2276 3156 2330 rotundus
3187 2285 3242 2329 et
3270 2276 3512 2346 gracilis.
3545 2275 3751 2346 Signitur

2202 2366 2257 2419 in
2296 2365 2446 2420 lndia
2491 2373 2547 2420 et
2590 2363 2839 2435 Ethiopia
2885 2364 3080 2420 frutice
3116 2366 3292 2431 brevi,
3327 2364 3558 2421 duorum
3600 2376 3750 2423 tamen

2202 2457 2537 2522 cubitorum,
2583 2456 2765 2511 colore
2813 2456 3075 2527 subnigro
3115 2457 3200 2512 vel
3249 2459 3490 2522 cinereo,
3524 2459 3751 2515 tenuissi-

2203 2564 2417 2604 marum
2452 2549 2749 2618 virgarum.
2795 2546 2930 2601 Nam
2964 2548 3109 2619 quod
3149 2548 3203 2602 in
3235 2549 3639 2604 crassitudinem
3675 2566 3756 2605 cx-

2203 2639 2443 2694 tenditur
2470 2637 2747 2708 despectui
2782 2638 3015 2692 habetur
3053 2654 3177 2692 eum
3230 2637 3522 2709 frangitur,
3566 2640 3753 2694 visibila

2201 2746 2330 2786 vero
2357 2729 2750 2799 spiramentum
2792 2729 2991 2784 emittit
3021 2730 3195 2784 instar
3229 2730 3445 2784 nebula:
3470 2742 3561 2785 seu
3589 2730 3751 2799 pulve-

2211 2825 2306 2878 ris.
2332 2808 2592 2878 Calamus
2631 2839 2853 2894 quoque
2875 2820 3222 2893 :arontaticus
3250 2840 3281 2879 a
3318 2826 3654 2881 similitudine
3676 2842 3755 2882 ca-

2210 2915 2340 2969 lami
2396 2914 2606 2968 usualis
2658 2926 2907 2993 vocatur.
2966 2913 3219 2985 Cignitttr
3264 2915 3319 2969 in
3374 2916 3538 2983 india,
3588 2918 3755 2973 multis

2200 3008 2378 3062 modis
2398 3007 2758 3077 geniculatus,
2776 3005 2977 3074 fulvus,
3007 3006 3247 3078 flagrans
3275 3010 3534 3064 suavitate
3550 3011 3753 3080 spiritui

2199 3116 2323 3155 cum
2358 3096 2650 3170 frangitur,
2682 3099 2735 3152 in
2773 3100 2975 3153 multas
3023 3108 3207 3168 partes
3238 3100 3297 3154 fit
3338 3102 3571 3167 scissilis;
3598 3102 3750 3157 simi-

2196 3195 2317 3248 lans
2348 3203 2510 3265 gustu
2546 3192 2774 3258 casiam,
2809 3208 2935 3245 cum
2967 3191 3071 3247 levi
3098 3191 3397 3247 acrimonia
3420 3194 3754 3250 rcmordenti.

2194 3282 2352 3339 Casia
2383 3285 2546 3339 etiam
2586 3282 2832 3337 nascitur
2880 3282 2934 3335 in
2974 3281 3200 3350 Arabia,
3240 3285 3389 3354 virga
3418 3284 3614 3338 robusti
3641 3299 3756 3339 cor-

2195 3377 2341 3441 ticis,
2369 3384 2422 3429 et
2451 3373 2743 3444 purpureis
2775 3374 2943 3440 foliis,
2986 3384 3045 3428 ut
3074 3376 3300 3447 piperis.
3329 3375 3425 3429 Est
3455 3385 3628 3431 autem
3655 3378 3755 3432 vir-

2196 3468 2329 3522 tutis
2367 3467 2702 3520 cinnamomi
2745 3473 2799 3519 et
2829 3466 3048 3529 similis,
3081 3467 3179 3521 sed
3217 3468 3490 3536 potentior
3527 3469 3754 3539 imperio.

2195 3559 2386 3614 Oleum
2410 3560 2592 3629 itaque
2615 3559 2684 3613 ab
2703 3557 2824 3612 olea
2847 3559 3199 3626 nominatur;
3228 3575 3354 3614 nam
3378 3561 3495 3615 olea
3513 3570 3596 3616 est
3616 3562 3762 3617 arbor

2196 3653 2340 3706 unde
2361 3651 2641 3706 derivatur
2665 3650 2868 3706 oleum.
2890 3647 2995 3704 Sed
3021 3650 3168 3721 quod
3185 3668 3250 3707 ex
3277 3654 3419 3709 albis
3440 3655 3597 3709 olivis
3616 3653 3761 3710 fuerit

2192 3760 2532 3815 expressum,
2565 3755 2791 3800 vocatur
2824 3761 3089 3816 spanum;
3118 3746 3267 3815 quod
3305 3755 3487 3801 autem
3518 3762 3585 3803 ex
3614 3746 3763 3804 fulvis

2195 3837 2355 3892 olivis
2393 3845 2447 3891 et
2479 3838 2721 3892 nondum
2766 3838 2998 3891 maturis
3039 3837 3201 3892 fuerit
3226 3854 3572 3909 expressum,
3608 3840 3766 3896 viride

2195 3930 2528 3998 appellatur;
2559 3932 2704 4000 quod
2736 3947 2865 3987 vero
2904 3943 2971 3986 ex
3001 3931 3232 3986 nimium
3265 3933 3497 3986 maturis
3527 3947 3765 3989 comma.

2196 4039 2265 4079 ne
2289 4025 2508 4080 dicitur.
2542 4026 2621 4081 Ex
2664 4028 2751 4083 bis
2786 4030 2853 4083 ad
2898 4045 3059 4085 usum
3101 4030 3227 4085 vita:
3256 4030 3496 4099 primum
3540 4041 3629 4087 est
3650 4046 3766 4103 spa-

2196 4130 2353 4180 nutn,
2380 4116 2682 4171 secundum
2709 4117 2903 4186 viride,
2928 4121 3149 4176 tertium
3180 4135 3491 4177 commune.
3521 4120 3660 4177 Illud
3681 4139 3770 4179 au-

2196 4213 2305 4259 tem
2331 4206 2536 4271 oleum,
2562 4207 2707 4276 quod
2732 4209 2894 4265 nulla:
2931 4211 3007 4266 rei
3038 4210 3203 4266 fuerit
3227 4211 3552 4280 admistum,
3583 4227 3769 4283 purum

2196 4298 2415 4352 dicitur.
2445 4296 2561 4353 lloc
2588 4300 2788 4370 quippe
2816 4312 3094 4373 unguento
3129 4303 3325 4359 barum
3372 4307 3627 4377 quinque
3653 4322 3767 4376 spe-

2197 4390 2402 4445 cierum
2426 4406 2536 4462 quo
2560 4392 2944 4462 inungebatur,
2974 4405 3069 4449 aut
3094 4396 3352 4451 sacerdos
3379 4386 3460 4452 vel
3488 4415 3591 4453 rex
3610 4441 3624 4465 ,
3661 4399 3763 4453 sive

505 4486 621 4541 Dei.
649 4487 752 4555 Qui
773 4489 1029 4545 dicuntur
1054 4490 1367 4555 ascendere,
1394 4491 1522 4544 dum
1557 4492 1851 4561 aliquando
1872 4493 2086 4561 altiora;

2196 4481 2457 4551 propheta
2507 4482 2860 4539 efﬁciebatur.
2910 4484 2990 4539 Ad
3026 4488 3519 4544 consecrationem
3564 4504 3769 4562 quoque

503 4578 829 4634 descendere
861 4594 1011 4646 vero,
1038 4596 1163 4635 cum
1196 4580 1609 4650 przedicaverint
1628 4583 1915 4638 humiliora
1944 4603 1956 4639 :
1992 4585 2089 4640 Al-

504 4670 644 4724 tiora
669 4680 729 4725 ut
761 4689 774 4725 :
805 4689 824 4722 ι
864 4671 922 4726 1η
982 4672 1248 4742 principio
1307 4682 1424 4727 erat
1479 4672 1714 4729 Verbum
1746 4674 1928 4745 (Joan.
1964 4680 2024 4744 l);
2065 4697 2084 4729 ι

504 4761 796 4818 hurnilQOt-a
827 4781 841 4817 :
865 4772 925 4817 ut
946 4779 1048 4819 nos
1076 4765 1435 4835 praedicamus
1460 4767 1804 4821 erucitixum.
1830 4766 2086 4838 Lapidem

503 4868 723 4924 quoque
746 4871 908 4926 quem
934 4855 1102 4912 Jacob
1124 4859 1410 4927 supposuit
1434 4860 1596 4929 capiti
1628 4861 1841 4916 vocavit
1864 4862 2088 4918 domum

502 4943 601 5000 Dei
628 4955 686 5002 et
705 4956 917 5017 portam
941 4950 1085 5005 cteli.
1119 4949 1225 5005 lste
1248 4951 1406 5021 lapis,
1432 4951 1484 5007 id
1515 4961 1599 5007 est
1618 4953 1872 5010 Christus
1892 4956 2090 5012 domus

502 5034 600 5094 Dei
625 5048 711 5094 est
746 5051 993 5107 vocatus,
1025 5043 1152 5112 quia
1193 5043 1309 5113 ipse
1337 5044 1440 5098 fuit
1479 5045 1802 5101 inbabitatio
1854 5046 2090 5118 Spiritus

502 5128 715 5193 saneti,
778 5137 834 5183 et
885 5129 940 5183 in
996 5145 1063 5185 eo
1111 5126 1402 5202 plenitudd‘
1441 5133 1746 5191 divinitatis
1804 5136 2087 5194 habitavit.

502 5216 663 5275 Hunc
686 5218 920 5289 lapidem
963 5220 1076 5277 sive
1105 5222 1211 5278 hoc
1244 5215 1435 5291 altare,
1472 5224 1527 5279 id
1557 5233 1640 5280 est
1665 5223 1944 5282 Christum
1999 5244 2088 5285 re-

502 5311 871 5380 probaver’unt
924 5313 1276 5381 mdificantes,
1329 5316 1386 5371 id
1427 5325 1511 5371 est
1556 5316 1727 5374 Iudici
1770 5322 2091 5379 traditiones

501 5399 724 5456 Patrum
750 5411 1061 5471 sequentes.
1104 5403 1366 5461 Homines
1396 5424 1614 5464 murum
1669 5421 1859 5468 contra
1915 5412 2087 5469 Deum

503 5494 739 5563 peccatis
754 5494 1024 5550 aedificare
1038 5506 1341 5567 creperum.
1363 5496 1536 5569 Cujus
1556 5499 1907 5560 fundamenta
1927 5506 2089 5578 primi

502 5593 758 5654 parentes
790 5600 885 5656 per
927 5584 1346 5647 inobedientiam
1400 5602 1721 5660 posuerunt,
1777 5597 1872 5652 sed
1927 5612 2090 5668 super

502 5676 611 5730 hoc
662 5676 1077 5734 fundamentum
1113 5681 1315 5751 posteri
1367 5696 1559 5738 eorum
1624 5686 1796 5742 multa
1852 5689 2087 5745 crimina

505 5777 914 5835 exstruxerunt,
947 5782 1113 5841 seque
1136 5772 1239 5828 hoc
1278 5787 1435 5827 muro
1480 5789 1510 5827 a
1542 5771 1653 5831 Deo
1684 5761 1748 5834 et
1778 5781 1848 5850 ab
1882 5782 2088 5859 angelis

2191 4577 2544 4634 ecclesiastici
2574 4579 2765 4635 altaris
2791 4580 2900 4636 duo
2927 4582 3276 4649 adhibentur,
3311 4584 3445 4640 thus
3488 4596 3549 4640 et
3580 4587 3768 4641 oleum.

2194 4665 2346 4724 Thus
2375 4680 2459 4725 est
2500 4671 2664 4724 arbor
2691 4672 2908 4739 Arabia:
2939 4672 3205 4730 immensa
3236 4683 3402 4746 atque
3432 4694 3677 4743 ramosa,
3704 4676 3773 4731 ιε.

2192 4761 2405 4816 nissimi
2436 4763 2679 4829 corticis,
2711 4779 2936 4819 succum
2967 4766 3328 4822 aromatieutn
3354 4767 3623 4825 fundens.
3661 4767 3773 4823 llas

2191 4853 2426 4924 denique
2452 4854 2722 4910 confectio
2762 4865 2971 4925 septem
2999 4861 3305 4928 specierum
3333 4876 3447 4930 qua
3473 4863 3676 4917 altatia
3696 4861 3773 4916 in»

2193 4950 2595 5018 unguebantur,
2637 4950 2960 5021 designabat
3016 4953 3397 5008 inunctionem
3432 4957 3620 5011 sancti
3657 4953 3772 5025 Spi-

2191 5041 2352 5105 ritus,
2393 5058 2500 5111 qua
2546 5052 2845 5112 perunctus
2869 5053 2954 5099 est
3001 5045 3117 5115 ipse
3148 5062 3262 5099 rex.
3311 5044 3379 5101 Et
3422 5063 3556 5118 quae
3583 5059 3670 5104 est
3696 5048 3774 5105 ui.

2192 5132 2393 5188 mirum
2421 5136 2607 5190 unctio
2635 5134 2874 5205 Spiritus
2896 5138 3110 5192 sancti?
3143 5137 3362 5209 Septem
3391 5140 3613 5197 scilicet
3638 5141 3773 5205 dona

2191 5226 2385 5297 ipsius.
2412 5224 2544 5293 Qua:
2566 5236 2694 5282 sunt
2709 5227 2890 5298 itaque
2913 5229 3054 5284 dona
3081 5228 3319 5300 Spiritus
3342 5234 3552 5288 sancti?
3569 5233 3775 5307 Donum

2192 5332 2288 5373 seu
2313 5318 2499 5373 unctio
2527 5317 2762 5388 Spiritus
2788 5320 2963 5375 sancti
2987 5329 3072 5377 est
3097 5322 3281 5389 timor,
3300 5324 3499 5393 pietas.
3524 5325 3773 5391 scientia,

2190 5403 2476 5476 fortitudo,
2505 5410 2821 5479 consilium,
2847 5411 3175 5479 intellectus,
3200 5415 3476 5485 sapientia
3504 5415 3657 5489 (In.
3678 5415 3771 5489 ιι).

2190 5504 2309 5573 Qua
2336 5503 2585 5575 profecto
2608 5504 2867 5560 unctione
2897 5505 3003 5562 hoc
3043 5507 3243 5575 altare,
3260 5503 3386 5565 ideo
3411 5507 3685 5566 Christus
3703 5519 3779 5567 est

2189 5603 2510 5662 perunctus,
2542 5595 2685 5650 unde
2717 5595 2974 5653 sacerdos
3002 5612 3099 5654 rex
3128 5607 3184 5653 et
3224 5600 3625 5671 prophetaest
3660 5601 3778 5663 ei:-

2189 5698 2352 5744 ctus:
2386 5687 2680 5758 Propheta,
2721 5690 2877 5760 juxta
2916 5690 3049 5746 illud
3072 5691 3435 5761 ,Mosaicum:
3478 5713 3502 5748 ι
3542 5695 3777 5769 Prophe-

2193 5791 2300 5838 tam
2333 5781 2617 5839 suscitabit
2664 5780 2805 5838 Deus
2831 5783 3015 5852 vobis;
3061 5782 3212 5841 illum
3242 5793 3513 5857 tanquam
3563 5804 3658 5849 me
3683 5802 3776 5865 all:
