3970 6430
198 357 341 419 ηπ

1116 359 1690 422 οειτιιοῐιΑτιοΝεε
1728 356 1828 415 SS.
1876 354 2186 412 PATRUM.
2230 381 2297 395 --
2335 349 2463 407 LIB.
2507 349 2574 405 ιι.

3333 341 3479 400 ηδε

190 472 356 541 diutis
409 478 598 553 (Deut.
627 470 811 550 aviti).
851 501 869 532 ›
908 479 1178 540 Sacerdos
1217 497 1436 555 quoque
1485 476 1787 535 secundum
1821 484 1867 534 Α
1900 468 2092 534 latera,
2116 465 2344 522 altitudo
2370 463 2598 529 scilicet,
2624 460 2987 532 profunditas,
3014 456 3297 529 longitudo
3318 465 3371 513 et
3390 456 3480 512 la-

195 577 325 635 illud
357 593 371 631 :
407 572 489 627 Tu
527 586 592 630 es
623 576 881 630 sacerdos
911 576 963 631 in
1004 586 1269 633 internum
1300 574 1599 629 secundum
1634 568 1785 623 ordi-

195 683 317 724 nem
366 664 792 721 Melchisedech.
842 665 907 720 Et
954 667 1095 722 sicut
1143 666 1489 722 sacerdotum
1530 669 1616 716 est
1660 661 1787 714 thus

197 754 419 821 ollerrc.
447 758 528 814 sic
554 756 830 825 Christus,
862 758 957 828 qui
983 768 1066 813 est
1104 758 1251 813 omni
1277 757 1434 812 thure
1474 750 1786 824 pretiosinr,

199 851 445 920 seipsum
484 848 595 903 Deo
622 845 769 903 Patri
799 863 897 918 pro
927 849 1085 905 nobis
1114 848 1313 903 obtulit
1341 844 1672 914 acceptabile
1701 858 1791 896 sa-

199 941 470 1000 crificium
516 940 572 995 in
604 939 829 994 odorem
864 941 1171 995 suavitatis.
1208 938 1322 994 Rex
1370 952 1589 1005 quoque
1630 932 1789 988 Chri-

200 1046 319 1093 stus
360 1044 465 1099 est,
512 1026 641 1103 quia
676 1030 799 1087 oleo
837 1032 1065 1102 spiritali
1108 1032 1383 1087 delibutus
1414 1027 1530 1082 Rex
1556 1036 1673 1081 erat
1708 1040 1790 1079 re-

200 1146 329 1202 gum
379 1138 435 1184 et
479 1127 746 1182 Dominus
796 1124 1222 1180 dominantium.
1271 1123 1426 1192 Regit
1471 1136 1704 1188 namque
1738 1127 1793 1172 et

202 1232 495 1281 conservat
522 1214 830 1277 naviculam
865 1218 1032 1284 Petri,
1070 1219 1121 1272 id
1154 1227 1238 1272 cst
1282 1216 1577 1271 Ecclesium
1610 1228 1789 1278 suam,

205 1333 272 1373 ne
298 1308 440 1370 inter
462 1313 628 1383 hujus
655 1311 841 1367 saeculi
870 1309 1138 1381 procellas
1169 1308 1403 1363 deficiat.
1436 1305 1511 1360 De
1546 1307 1648 1360 hac
1675 1305 1791 1373 ipsa

203 1407 468 1467 unctione
520 1403 687 1473 hujus
727 1402 873 1472 regis
907 1410 963 1455 et
1005 1399 1307 1455 sacerdotis
1352 1396 1515 1450 David
1566 1402 1795 1449 testatUs

205 1504 310 1562 est,
350 1496 583 1552 dicens:
621 1514 640 1544 ‹
674 1493 970 1564 PrOpterea
1021 1488 1173 1545 unxit
1225 1500 1274 1544 te
1306 1488 1450 1543 Deus
1492 1486 1638 1540 Deus
1669 1495 1798 1538 tuus

207 1587 331 1643 oleo
361 1587 560 1643 laetitiae
586 1583 761 1655 (Psal.
787 1583 956 1653 XLIV).
987 1603 1005 1634 ι
1046 1581 1201 1636 Hune
1221 1581 1419 1650 quippe
1443 1577 1700 1647 lapidem,
1737 1574 1791 1628 id

210 1690 295 1736 est
342 1677 654 1742 Christum,
693 1692 815 1731 cum
861 1674 1029 1729 Jaeob
1072 1673 1397 1735 inunxisset,
1448 1671 1787 1736 duarumque

208 1768 308 1826 Dei
345 1771 452 1826 hoc
479 1768 642 1823 modo
669 1767 1108 1838 praenuntiasset,
1144 1763 1394 1818 addidit:
1433 1780 1451 1812 ι
1483 1760 1542 1814 Et
1576 1759 1797 1815 vocabi-

1888 561 2083 616 titudo.
2114 557 2208 614 His
2249 565 2489 629 quatuor
2518 555 2780 610 lateribus
2808 553 3009 617 crucis,
3046 552 3254 607 scilicet
3281 548 3471 605 altitu-

1889 651 2038 713 dine,
2068 650 2117 704 id
2147 657 2231 703 est
2249 663 2376 718 spe;
2411 644 2802 716 profumlitate,
2834 646 2941 700 hoc
2968 653 3052 699 est
3073 642 3205 709 tlde;
3235 641 3476 712 longitu«

1890 741 2036 806 dine,
2069 741 2119 794 id
2149 748 2235 794 est
2264 736 2666 809 perseverantfa
2688 721 2991 805 patien'tiie;
3023 733 3308 789 latitudine
3336 745 3476 804 quo-

1891 847 2020 902 que.
2056 832 2162 887 hoc
2186 833 2268 885 est
2294 830 2396 883 cha
2432 831 2582 893 itate,
2615 826 2859 883 munitur
2885 827 3123 896 undique
3151 825 3321 880 altare
3349 838 3477 879 san—

1891 935 1993 980 cta:
2037 923 2303 978 Ecclesiae.
2365 922 2414 974 id
2459 930 2543 975 est
2589 921 2753 975 corda
2792 919 3028 973 fidelium
3076 934 3170 988 per
3209 918 3478 974 mundum

1896 1018 2231 1069 universum.
2261 1016 2401 1068 iﬁunt
2420 1014 2566 1067 enim
2593 997 2800 1066 car‘nra
2824 1011 3084 1064 virtutum
3114 1011 3473 1064 munimenta.

1897 1106 2026 1161 Erat
2056 1107 2240 1175 itaque
2273 1106 2377 1159 hoc
2414 1105 2587 1159 altare
2617 1117 2849 1157 vacumn
2886 1110 2940 1154 et
2968 1100 3149 1164 inane,
3185 1109 3244 1153 ut
3271 1099 3336 1153 ad
3382 1113 3478 1154 su-

1895 1199 2171 1271 scipienda
2203 1209 2311 1253 tam
2346 1199 2488 1269 ligna
2520 1211 2684 1267 quam
2723 1192 2988 1250 sacrificia
3020 1192 3175 1248 locus
3198 1191 3478 1261 spatiosus

1898 1290 2207 1348 haberetur.
2256 1289 2502 1357 Quisque
2543 1287 2713 1340 altare
2758 1283 2974 1337 Domini
3019 1299 3141 1338 csse
3185 1281 3477 1343 desiderat.

1897 1382 1986 1436 hic
2014 1396 2071 1435 se
2105 1381 2173 1434 ab
2198 1378 2347 1432 omni
2375 1376 2700 1446 contagione
2729 1375 3129 1428 mundanorum
3158 1370 3478 1436 exinauivit,

1900 1483 1960 1527 ut
1991 1473 2044 1526 in
2086 1487 2152 1525 eo
2176 1471 2318 1538 ligna
2351 1467 2652 1523 cwiestium
2690 1465 2978 1519 verborum
3015 1472 3070 1519 et
3115 1463 3291 1515 hostia
3319 1461 3486 1516 virtu-

1899 1574 2013 1619 tum
2055 1563 2357 1632 spatiosum
2410 1560 2588 1613 locum
2647 1557 2900 1618 habeant,
2951 1563 3006 1608 et
3046 1553 3282 1622 Spiritus
3307 1551 3482 1608 sancti

1899 1656 2196 1717 flammam,
2225 1668 2337 1722 quo
2358 1650 2747 1706 ecclesiasticzc
2777 1647 2987 1711 hostiae,
3018 1646 3070 1700 id
3099 1654 3182 1700 est
3203 1659 3403 1714 corpus
3428 1652 3485 1698 et

1902 1748 2125 1819 sanguis
2171 1745 2383 1801 Domini
2430 1750 2843 1808 consecrantur,
2883 1739 3164 1808 suscipiat.
3191 1736 3306 1792 Nisi
3334 1738 3482 1792 enim

212 1870 306 1917 ιιιι-
350 1870 505 1932 ροτιη
554 1829 688 1915 coeti.
728 1857 880 1926 (ceu,
938 1858 1155 1921 χχνιῃ),
1208 1874 1226 1904 ι
1270 1853 1522 1908 Christus
1566 1859 1795 1904 voratur
1830 1834 1869 1897 ll
1898 1833 2227 1896 exiuanierit
2256 1832 2401 1907 quod
2446 1833 2587 1889 infra
2619 1850 2677 1889 se
2703 1842 2805 1896 est,
2836 1847 2945 1887 non
2973 1830 3269 1885 merebitur
3306 1829 3483 1884 susci-

215 1960 373 2024 porta
404 1952 548 2017 cceli,
579 1951 707 2021 quia
750 1950 866 2018 ipse
905 1956 989 2003 est
1020 1947 1222 2002 ostium
1271 1944 1532 2014 paradisi,
1573 1951 1633 1996 ut
1677 1940 1793 1996 ibi:

222 2059 242 2096 α
278 2042 391 2115 Ego
421 2059 540 2098 sum
583 2041 785 2097 ostium
817 2040 999 2095 (Joan.
1029 2040 1106 2109 χ).
1142 2056 1161 2089 ι
1203 2035 1365 2090 Porta
1392 2036 1514 2091 cuili
1548 2034 1680 2089 fides
1713 2040 1799 2088 est

215 2142 270 2190 et
300 2136 605 2204 baptismus
631 2134 685 2188 in
728 2141 884 2203 porta
918 2132 1064 2196 coeli,
1109 2141 1231 2201 post
1259 2130 1589 2201 baptismum
1632 2124 1799 2194 lapsis

214 2227 557 2299 pmnitcntia,
586 2224 883 2289 confessio,
914 2232 969 2279 et
1002 2224 1325 2279 satisfactio.
1352 2221 1455 2275 Per
1483 2220 1582 2274 has
1612 2226 1799 2288 portas

215 2322 341 2378 cteli
369 2321 489 2376 fidei
507 2330 561 2375 et
589 2318 950 2390 baptismatis,
977 2318 1309 2388 ptenitentize
1331 2325 1384 2371 et
1406 2310 1797 2377 confessionis,

215 2412 564 2468 credentibus
598 2427 663 2466 ac
705 2410 1096 2482 pmnitentibus
1126 2410 1404 2480 ingressus
1434 2403 1689 2475 panditur
1715 2416 1800 2455 re-

217 2504 308 2576 gni
342 2502 601 2559 ccclesiis.
639 2500 732 2556 His
766 2499 1057 2570 allegorice
1105 2499 1172 2554 de
1210 2496 1386 2567 lapide
1425 2505 1480 2550 et
1524 2501 1701 2564 porta,
1747 2490 1801 2544 id

214 2603 302 2650 est
341 2592 564 2650 Christo
592 2592 840 2662 digestis,
882 2590 1159 2661 quomodo
1201 2598 1254 2644 et
1286 2588 1395 2643 duo
1440 2586 1633 2640 altaria
1678 2598 1804 2638 con-

217 2693 366 2743 stent
393 2684 450 2741 in
482 2684 666 2751 nobis,
706 2684 995 2755 diligenter
1021 2678 1483 2738 considerandum
1513 2686 1596 2734 est
1624 2676 1799 2732 vobis.

899 2772 1129 2828 Dmsro.
1272 2780 1283 2789 ’
1630 2812 1639 2819 .

292 2864 413 2922 Duo
440 2866 631 2921 altaria
661 2865 867 2920 dudum
905 2873 1180 2920 exstructa
1209 2864 1504 2935 leguntur:
1539 2873 1712 2915 unum
1744 2856 1801 2912 in

148 3000 167 3017 .
223 2958 578 3015 tabernaculo
629 2956 891 3022 Mosaieo,
934 2957 1080 3026 quod
1123 2956 1294 3011 altare
1327 2953 1631 3011 holocausti
1660 2951 1805 3006 diee-

222 3045 424 3119 batur;
456 3052 598 3107 aliud
629 3052 682 3106 in
708 3051 909 3121 templo
944 3049 1281 3116 Salomonis,
1309 3046 1454 3118 quod
1486 3046 1655 3100 altare
1685 3043 1807 3114 thy-7

223 3145 505 3201 miamatis
526 3144 844 3199 vocabatur.
868 3142 1053 3197 Altare
1079 3140 1383 3197 holocausti
1406 3145 1524 3195 erat
1549 3142 1800 3191 constru-

217 3244 371 3297 ctum
419 3250 485 3291 ex
529 3234 958 3305 imputrihilibus
1006 3233 1169 3303 lignis
1219 3231 1416 3294 setim,
1467 3236 1523 3283 et
1560 3224 1802 3281 habebat

217 3329 465 3401 quinque
480 3328 693 3383 cubitos
728 3328 778 3381 in
799 3325 1103 3390 latitudine,
1132 3332 1186 3379 et
1214 3324 1456 3394 quinque
1481 3321 1536 3375 in
1559 3319 1801 3388 longitu-

219 3418 371 3484 dine,
400 3427 511 3472 tres
541 3432 759 3488 quoque
797 3417 850 3471 in
897 3415 1214 3480 altitudine,
1242 3420 1297 3467 et
1325 3419 1639 3482 coopertum
1685 3414 1804 3464 erat

218 3525 329 3565 acre
369 3507 567 3578 (Exod.
613 3507 866 3576 xxxvm).
916 3504 1032 3561 Hoc
1076 3505 1247 3559 altare
1288 3512 1524 3573 quatuor
1570 3500 1802 3571 angulos

217 3600 477 3665 habebat,
523 3608 579 3654 et
619 3615 686 3654 ex
732 3598 1131 3669 ipsisquatuor
1164 3608 1370 3648 cornua
1413 3591 1799 3662 procedebant.

218 3689 355 3747 Erat
382 3692 543 3746 inane
571 3699 626 3745 et
655 3703 979 3753 concavum,
1014 3695 1074 3741 ut
1117 3685 1184 3740 ad
1211 3682 1558 3753 suscipienda
1585 3690 1695 3735 tam
1732 3680 1802 3735 li-

218 3800 329 3857 gna
362 3799 525 3854 quam
552 3781 821 3838 sacriﬁcia
855 3780 1011 3835 locus
1039 3779 1315 3849 spatiosus
1344 3775 1662 3830 haberetur.
1695 3770 1804 3826 Ha-

220 3875 393 3931 bebat
415 3876 519 3931 hoc
543 3874 714 3929 altare
743 3871 1059 3928 craticulam
1084 3871 1138 3924 in
1167 3869 1390 3923 modum
1422 3865 1552 3921 retis
1573 3876 1802 3928 amcam,

216 3979 288 4024 ut
329 3983 426 4040 per
457 3967 678 4023 crebras
731 3972 1018 4034 aperturas
1054 3962 1195 4032 ignis
1241 3958 1555 4029 suppositus
1590 3956 1658 4011 ad
1712 3970 1805 4009 su-

218 4060 453 4117 mendas
486 4058 694 4113 hostias
740 4057 906 4129 libere
939 4061 1263 4126 penetraret.
1291 4051 1475 4104 Altare
1511 4049 1676 4119 igitur
1714 4047 1809 4101 ho-

219 4148 480 4213 locausti,
532 4162 599 4202 ex
659 4143 1169 4215 incorruptibililms
1224 4141 1386 4212 lignis
1439 4146 1802 4203 exstructum,

219 4240 389 4296 corda
433 4247 558 4296 sunt
599 4238 918 4302 electorum,
960 4236 1013 4289 in
1061 4234 1262 4306 quibus
1299 4242 1561 4302 tanquam
1605 4242 1804 4283 conse-

218 4339 377 4387 crata
405 4330 674 4386 sacrificia
703 4327 935 4381 Domino
958 4326 1262 4380 offeruntur
1283 4318 1550 4379 bonorum
1576 4335 1802 4391 operum

220 4423 427 4480 studia.
461 4424 593 4488 Qure
618 4423 786 4478 corda
818 4420 1116 4474 electorum
1149 4418 1223 4471 ita
1254 4417 1567 4484 incorrupta
1595 4413 1802 4468 conde-

220 4524 315 4572 cet
337 4530 459 4571 esse
483 4524 543 4570 ut
566 4514 715 4585 digni
743 4513 852 4569 sint
875 4508 1140 4580 Spiritum
1165 4517 1413 4564 sanctum
1441 4507 1799 4561 habitatorem
1831 4523 1872 4580 ρ

220 4606 527 4676 suscipere.
575 4604 689 4660 Hoc
715 4602 984 4674 siquidem
1012 4602 1206 4666 altare,
1233 4614 1266 4652 ν
1298 4598 1511 4654 cubitos
1539 4596 1592 4651 in
1630 4594 1806 4666 longi-

218 4697 418 4751 tudine
448 4705 503 4750 et
546 4696 831 4750 latitudine
869 4693 1198 4748 describitur
1234 4691 1462 4756 habere;
1513 4687 1643 4759 quid
1676 4702 1806 4757 ergo

217 4786 514 4857 longitudo
555 4787 639 4839 vel
670 4787 899 4841 latitudo
937 4791 1147 4850 altaris,
1185 4784 1291 4839 nisi
1322 4798 1357 4837 ν
1405 4795 1602 4837 sensus
1630 4778 1804 4835 nostri

217 4876 510 4949 corporis?
530 4874 620 4930 Vel
639 4876 768 4946 quid
785 4887 868 4932 est
882 4879 1070 4932 altaris
1084 4875 1388 4945 longitudo,
1410 4874 1516 4929 nisi
1534 4871 1807 4943 patientia:

218 4968 526 5045 perfectio?
547 4978 642 5023 aut
661 4968 793 5039 quid
816 4968 1044 5023 latitudo
1069 4967 1238 5031 illius,
1264 4966 1370 5021 nisi
1393 4964 1652 5035 perfectio
1675 4965 1807 5020 cha-

221 5063 411 5120 ritatis
438 5078 548 5133 qua
591 5062 669 5116 illi
696 5060 927 5117 Domino
963 5068 1357 5116 consecrantur
1384 5057 1477 5128 qui
1506 5072 1565 5113 se
1601 5059 1659 5112 in
1687 5071 1807 5113 om-

192 5153 200 5161 ’
223 5157 399 5213 nibus
413 5157 681 5227 patientes
692 5153 989 5210 exhibent?
1012 5150 1127 5208 Hoc
1155 5151 1327 5205 altare
1350 5160 1462 5205 tres
1483 5148 1699 5204 cubitos
1723 5149 1805 5202 al-

213 5246 484 5306 titudinis
518 5246 731 5313 habuit,
752 5245 882 5316 quia
906 5259 1063 5300 mens
1091 5244 1390 5299 electorum
1413 5256 1510 5312 per
1530 5241 1648 5296 haec
1681 5240 1805 5306 tria,

224 5340 418 5405 ﬁdem,
449 5352 623 5409 spem,
653 5337 998 5403 charitatcm,
1031 5335 1098 5390 ad
1131 5348 1375 5390 amorem
1398 5332 1495 5388 Dei
1538 5329 1804 5388 ascendit.

195 5438 198 5442 ‘
298 5429 729 5501 Coopericbatur
760 5438 816 5484 et
839 5443 947 5484 rere
992 5427 1098 5483 hoc
1138 5427 1332 5491 altare,
1377 5424 1507 5496 quia
1545 5424 1690 5480 sicut
1732 5437 1810 5479 tes

225 5524 330 5579 diu
356 5521 778 5592 ‘incorruptibite
819 5527 1154 5592 perseverat,
1185 5518 1267 5573 sic
1301 5518 1532 5573 virtutes
1566 5516 1807 5572 fidelium

212 5604 290 5671 in
316 5615 411 5669 eis
452 5628 629 5683 usque
665 5613 721 5667 in
770 5613 934 5668 finem
969 5611 1199 5668 firmiter
1243 5610 1560 5682 perdurant.
1610 5607 1811 5664 Habuit

220 5722 453 5781 quoque
492 5720 730 5779 quatuor
764 5712 968 5762 cornua
999 5719 1066 5761 ex
1107 5714 1345 5777 quatuor
1369 5702 1586 5775 angulis
1618 5715 1812 5772 proce~

225 5805 433 5861 dentia.
463 5802 707 5869 Quatuor
749 5797 936 5856 altaris
971 5813 1175 5853 cornua
1219 5805 1345 5854 sunt
1381 5804 1582 5852 sanctae
1628 5793 1809 5851 crucis

1901 1945 2027 2000 perc
2051 1928 2197 1999 quod
2229 1943 2394 1996 supra
2424 1941 2484 1980 se
2508 1933 2611 1980 est.
2644 1922 2887 1977 Habebat
2917 1922 3020 1976 hoc
3045 1921 3216 1974 altare
3246 1919 3484 1973 craticu-
3574 1924 3575 1927 ‘

1902 2022 2008 2076 lam
2036 2020 2088 2075 in
2130 2018 2350 2073 modum
2380 2017 2510 2072 retis
2535 2032 2764 2080 aeneam,
2810 2024 2871 2070 ut
2917 2029 3012 2084 per
3038 2014 3262 2068 crebras
3319 2027 3483 2081 aper--

1900 2124 2054 2167 turas
2097 2112 2238 2181 ignis
2273 2109 2594 2180 suppositus
2637 2109 2704 2163 ad
2748 2106 3043 2163 sumendas
3082 2105 3290 2160 hostias
3318 2104 3484 2158 libere

1900 2209 2162 2271 penetret.
2190 2198 2435 2256 Necesse
2468 2210 2552 2253 est
2580 2198 2748 2262 enim,
2783 2205 2842 2250 ut
2866 2196 3020 2251 electi
3054 2193 3149 2248 Dei
3179 2193 3343 2249 corda
3383 2204 3483 2247 sua

1900 2293 2146 2363 aperiant
2169 2293 2364 2347 divinze
2390 2292 2576 2364 gratiae
2600 2299 2655 2345 et
2689 2288 2846 2359 quasi
2891 2287 3140 2358 plurimis
3192 2283 3483 2356 patefactis

1897 2385 2081 2454 januis
2110 2385 2300 2440 sedulo
2335 2384 2718 2455 deprecentur,
2744 2390 2805 2437 ut
2834 2396 2929 2449 per
2952 2380 3168 2450 singula
3196 2379 3338 2433 bona
3361 2391 3485 2448 quae

1902 2478 2181 2541 inclinant,
2213 2477 2369 2547 quasi
2406 2491 2504 2545 per
2536 2474 2752 2545 singula
2781 2473 3125 2527 victimarum
3158 2469 3353 2536 frusta,
3384 2486 3483 2526 sua

1903 2586 1998 2626 eos
2042 2570 2213 2640 gratia
2251 2569 2524 2622 illustrare
2553 2575 2606 2621 et
2635 2568 2700 2622 ad
2732 2580 2975 2620 amorem
3035 2577 3197 2617 suum
3233 2562 3486 2635 dignetur

1904 2660 2220 2716 accendere.
2252 2658 2378 2714 Hiec
2414 2659 2481 2713 de
2511 2658 2668 2712 altari
2702 2654 3027 2722 holocausti,
3061 2655 3114 2709 id
3150 2654 3326 2709 estde
3358 2669 3484 2710 cor-

1903 2765 2036 2822 pore
2063 2758 2272 2813 nostro,
2301 2749 2357 2803 in
2391 2762 2503 2818 quo
2524 2747 2823 2802 offerantur
2858 2745 2999 2800 bona
3033 2759 3195 2813 opera
3228 2742 3482 2800 Domino.

1972 2839 2131 2897 Nunc
2152 2842 2218 2897 de
2242 2841 2401 2896 altari
2425 2839 2657 2904 incensi,
2691 2837 2837 2908 quod
2863 2837 2918 2891 in
2947 2836 3147 2906 templo
3173 2834 3484 2892 Salomonis

1905 2934 2144 3005 positum
2175 2943 2293 2988 erat
2325 2930 2738 2988 consideremus
2768 2928 2822 2999 (1
2850 2928 2978 2999 Reg.
3012 2936 3133 2999 vit).
3168 2926 3353 2984 Altare
3383 2926 3486 2981 hoc

1906 3039 2133 3079 aureum
2177 3032 2315 3089 erat,
2355 3032 2409 3077 et
2440 3023 2494 3076 iu
2543 3020 2868 3091 adulendum
2910 3019 3206 3089 thymiama
3258 3016 3486 3074 factum;

1910 3114 2063 3170 Sicut
2087 3115 2232 3169 enim
2271 3115 2325 3168 in
2356 3113 2513 3168 altari
2563 3111 2871 3167 holocausti
2903 3110 3279 3180 significantur
3307 3108 3484 3175 electi,

1905 3207 2000 3278 qui
2040 3222 2100 3262 se
2134 3206 2525 3262 crucifixerunt
2561 3219 2686 3258 eum
2721 3203 2867 3257 vitiis
2904 3210 2960 3256 et
3004 3200 3483 3270 concupiscentiis,

1905 3316 2008 3357 nec
2048 3299 2350 3356 secundum
2402 3281 2670 3352 desideria
2733 3294 2913 3350 carnis
2959 3294 3344 3361 ambulabant;
3390 3293 3487 3349 sed

1906 3390 2063 3462 quasi
2106 3389 2337 3444 Domino
2372 3372 2744 3452 immolantes,
2788 3401 2981 3441 oman
3009 3384 3256 3455 corporis
3288 3399 3487 3440 sensus

1905 3482 2312 3546 dedicaverunt,
2359 3496 2455 3551 per
2498 3480 2676 3551 ignem
2723 3478 2896 3535 sancti
2931 3475 3168 3547 Spiritus
3212 3476 3499 3532 voluntati

1906 3571 2027 3642 ejus
2054 3589 2067 3626 :
2094 3572 2166 3626 ita
2193 3569 2434 3641 profecto
2455 3579 2508 3625 ct
2534 3569 2609 3624 illi
2637 3569 2794 3624 altari
2830 3567 3037 3622 incensi
3070 3582 3179 3622 non
3210 3562 3486 3623 immerito

1905 3672 2290 3733 comparantur
2318 3663 2412 3732 qui
2442 3660 2633 3731 majori
2667 3658 3005 3731 perfectione
3047 3658 3244 3714 mentis
3275 3658 3498 3733 exstin-g

1905 3752 2009 3807 ctis
2044 3768 2270 3821 prorsus
2315 3752 2585 3807 illecebris
2617 3750 2803 3806 carnis
2850 3750 2965 3805 sola
3002 3749 3314 3804 orationum
3361 3738 3499 3804 vota.

1906 3840 2139 3897 Domino
2167 3843 2421 3907 otl‘erunt,
2450 3856 2668 3896 carnem
2700 3858 2855 3896 suam
2888 3842 3262 3911 subjicicntes,
3292 3855 3488 3896 omnes

1906 3937 2089 3993 carnis
2131 3935 2415 3991 illecebras
2442 3936 2743 4000 evicerunt,
2773 3944 2827 3989 et
2859 3936 2913 3988 in
2953 3952 3119 3990 carne
3148 3953 3256 3991 non
3284 3952 3497 3995 carua+

1906 4030 2028 4084 liter
2056 4028 2300 4083 viventes
2332 4027 2607 4082 caelestem
2640 4026 2694 4080 in
2729 4027 2889 4082 terris
2917 4004 3083 4081 vitam
3113 4028 3338 4082 ducunt.
3370 4026 3487 4084 Hoc

1907 4122 2077 4176 altare
2144 4119 2348 4174 incensi
2402 4126 2608 4190 quanto
2674 4116 2886 4188 fulgore
2947 4119 3150 4173 metalli
3188 4119 3482 4187 eminebat,

1908 4222 2060 4268 tanto
2085 4212 2384 4281 quantitate
2411 4211 2593 4265 minus
2621 4219 2762 4266 erat.

1951 4300 2194 4368 'Qnauto
2229 4301 2375 4354 enim
2415 4299 2756 4366 sanctiores,-
2771 4308 2923 4354 tanto
2966 4300 3272 4370 pauciores.
3316 4301 3486 4358 Recte

1906 4408 2037 4466 ergo
2066 4395 2119 4448 in
2148 4393 2487 4463 longitudine
2515 4400 2570 4446 et
2597 4392 2882 4449 latitudine
2917 4393 3129 4459 altaris,
3162 4394 3307 4464 quod
3347 4410 3484 4465 qua-

1905 4485 2231 4556 drangulum
2277 4492 2414 4548 erat,
2455 4483 2714 4552 patientia
2762 4493 2816 4540 ct
2860 4485 3099 4541 cliaritas
3143 4486 3482 4556 designatur,

1909 4579 2036 4649 quia
2069 4577 2432 4647 perfecturum
2465 4575 2660 4630 animze
2688 4576 2965 4633 fmieratis
3006 4577 3073 4631 ad
3107 4577 3335 4632 invicem
3371 4577 3485 4631 vir-

1909 4670 2116 4724 tutibus
2149 4679 2415 4739 quantum
2445 4670 2672 4741 diligere
2713 4669 2908 4724 fratres
2940 4667 3180 4732 student,
3215 4681 3396 4723 tamen
3428 4677 3485 4723 et

1907 4761 2051 4818 ferre
2080 4763 2374 4829 sufficiunt,
2417 4774 2471 4818 et
2509 4771 2774 4833 quantum
2806 4762 2949 4818 ferre
2989 4771 3199 4815 tantum
3233 4760 3478 4831 diligere.

1906 4854 2055 4911 Duos
2081 4855 2299 4910 cubitus
2332 4855 2494 4910 habet
2522 4858 2577 4911 in
2608 4856 2914 4917 altitudine.
2954 4855 3083 4924 quia
3111 4852 3311 4924 duplex
3341 4868 3481 4924 pra:-

1906 4948 2078 5003 mium
2110 4949 2165 5003 in
2197 4953 2446 5021 supernis
2474 4960 2696 5026 sperant
2723 4965 2782 5005 se
2808 4949 3052 5016 recipere
3093 4944 3400 5001 animarum
3426 4953 3483 5002 et

1907 5055 2220 5110 corporum.
2247 5043 2466 5098 Cornua
2506 5060 2572 5098 ex
2603 5043 2721 5113 ipso
2748 5036 3094 5113 procedentia
3126 5035 3483 5093 eminentiam

1906 5130 2031 5188 fidei
2053 5144 2107 5188 et
2130 5135 2392 5190 virtutum
2415 5137 2741 5207 significant.
2760 5132 2836 5188 Ex
2865 5132 2984 5203 ipso
3005 5145 3136 5186 vero
3157 5130 3477 5200 procedunt,

1908 5226 2036 5296 Quia
2060 5227 2214 5284 electi
2241 5245 2404 5301 opera
2432 5248 2532 5290 sua
2559 5245 2666 5286 non
2695 5226 2763 5282 ad
2809 5224 3005 5281 faciem
3036 5221 3320 5277 hominum
3353 5233 3481 5290 spe--

1908 5316 1992 5373 cie
2016 5326 2176 5375 tenus
2213 5325 2531 5387 ostendunt,
2576 5319 2669 5378 sed
2706 5320 2762 5375 in
2802 5317 2912 5372 ima
2939 5312 3125 5369 radice
3162 5309 3481 5367 cordis-im-

1908 5409 2098 5466 mobili
2125 5423 2383 5469 exercent
2412 5414 2629 5470 affectu.
2658 5412 2811 5466 Auro
2833 5405 3085 5470 vestitur,
3120 5402 3249 5473 quia
3279 5399 3484 5471 quique

1910 5500 2133 5570 perfecti
2161 5504 2285 5561 luce
2322 5505 2549 5561 interna:
2573 5501 2851 5574 sapientia:
2874 5496 3160 5566 refulgent.
3190 5490 3481 5563 Hujusal~

1913 5596 2049 5654 laris
2072 5596 2364 5652 deauratur
2385 5596 2671 5660 craticula,
2702 5606 2824 5662 quae
2862 5595 3050 5659 parata
3073 5593 3191 5640 erat
3219 5582 3274 5639 in
3302 5581 3483 5638 medio

1910 5694 2034 5768 ejus
2059 5692 2128 5749 ad
2156 5690 2501 5760 suscipienda
2539 5685 2893 5759 thymiamata
2922 5694 3048 5735 cum
3095 5673 3339 5733 interiori
3379 5673 3481 5728 hu-

1916 5766 2063 5852 mine
2106 5796 2294 5843 nostro
2341 5780 2646 5852 resplendet
2692 5792 2787 5847 per
2836 5773 2993 5829 fidem
3036 5768 3239 5825 Christi
3282 5766 3477 5837 gratia.
