3976 6356
106 1544 197 1615 0
276 1438 513 1589 Ῠὶδη(

522 292 666 357 αδδ
1427 289 1484 348 S.
1519 290 1837 350 ROBERTI.
1879 292 2042 350 ΟΜ).
2073 294 2094 350 (

2198 292 2390 350 IERC.
2430 291 2872 349 FUNDATORIS
3668 295 3813 353 ιω

518 403 766 460 Parietes
793 404 1151 471 deaumntur,
1183 417 1307 459 cum
1344 403 1536 459 eadem
1586 405 1759 475 gratia
1801 405 2000 461 divina:
2039 406 2124 461 di-
2150 412 2199 467 Α
2224 417 2308 461 tas
2336 414 2391 461 et
2420 421 2584 476 super
2612 420 2828 459 omnem
2856 411 3158 457 aromatum
3181 402 3464 474 pulverem
3489 404 3811 461 orationum

521 497 774 553 lectionis
809 512 902 565 per
928 496 1070 550 bona
1095 510 1257 564 opera
1284 494 1526 563 exterius
1572 494 1854 550 dilatatur.
1894 495 2111 551 Cornua
2220 499 2430 554 hostias
2473 498 2782 552 redolentes
2841 496 3120 551 ollerimus
3167 495 3403 550 Domino
3447 506 3645 551 nostro
3676 496 3811 554 Iesu

519 589 879 656 deaurantur,
906 604 1031 643 cum
1053 587 1251 643 ﬁducia
1280 586 1903 656 fortitudinisjustorum
1929 590 2112 659 splen-
2216 590 2460 655 Christo,
2498 591 2591 662 qui
2640 606 2763 644 cum
2800 587 2961 643 Patre
2990 598 3043 644 et
3087 587 3290 658 Spiritu
3337 602 3537 643 sancto
3575 591 3715 645 vivit
3756 600 3811 646 et

518 681 656 736 dore
699 681 925 734 internae
968 680 1107 735 lucis
1151 687 1422 734 coruscat.
1473 676 1570 733 llis
1615 678 1781 748 igitur
1823 679 1877 733 in
1926 689 2110 735 mente
2215 693 2409 755 regnat
2431 684 2574 739 Deus
2601 698 2699 752 per
2727 682 2937 736 inlinita
2989 680 3185 736 saecula
3212 681 3573 736 smculorum.
3606 683 3803 737 Amen.

518 780 713 827 nostra
744 771 846 825 rite
879 771 1184 841 dispositis,
1209 771 1324 842 jam
1372 770 1564 841 procul
1593 771 1763 826 dubio
1792 771 1903 826 Deo
1936 772 2108 842 placi-

669 949 965 1030 Explicit
1003 948 1162 1011 liber
1194 948 1697 1030 Deﬂorationum
1729 947 2014 1022 Patrum,
2050 948 2309 1011 Basilece
2338 950 2698 1028 impressus,
2730 966 2893 1007 anno
2924 942 3180 1009 Domini
3208 967 3653 1012 προσελοηέ

1090 1169 1095 1170 7
1242 1169 1259 1172 Ὅ
2586 1169 2591 1173 ,
2846 1169 2855 1175 .
2868 1170 2878 1176 ξ
3018 1169 3021 1170 ν
3108 1169 3745 1177 κὴπὴῄ-ήη-ι

1812 1355 1950 1396 ΑΙ(Νο
1986 1354 2173 1397 DOIINI
2212 1354 2516 1397 uc—ucx....

904 1513 1981 1675 SANCTUS
2059 1511 3395 1725 nouEnTus

712 1761 1015 1823 PRIMUS
1056 1759 1324 1818 ansas
1369 1755 1929 1851 transgressis
1977 1754 2075 1809 ET
2123 1754 2457 1812 0RDINIS
2500 1756 3128 1855 cggncgsrs
3161 1762 3607 1837 [romanos

832 2030 1086 2187 AD
1169 2026 1779 2185 VITAM
1867 2023 2546 2181 SANCTI
2626 2026 3471 2191 ROBERTI

1097 2316 2354 2457 COMMENTARIUS
2411 2322 3191 2456 PRAEVIUS.

1040 2567 1223 2641 (Atta
1272 2578 1579 2625 sanctorum
1630 2559 1923 2626 Boiland.,
1983 2557 2188 2630 Aprilis
2248 2566 2385 2614 tom.
2436 2558 2541 2628 ΠΙ,
2595 2561 2686 2619 die
2730 2562 2845 2630 29,
2896 2579 3024 2639 pag.
3079 2567 3252 2641 662.)

518 2870 550 2945 ε
579 2867 621 2926 Ι.
655 2865 1081 2945 Reformationes
1111 2859 1315 2945 ordinis
1336 2860 2099 2945 yenatio-lini,Robertiezor-
2132 2863 2177 2921 Β
2206 2857 2388 2915 Caroli
2415 2860 2483 2917 de
2505 2856 2697 2932 Visch,
2722 2862 2874 2924 mille
2910 2869 3128 2928 circiter
3173 2873 3280 2930 hac
3322 2881 3518 2935 nostra
3546 2889 3705 2941 atate
3726 2901 3783 2944 κ

907 2937 1022 3004 dia,
1051 2936 1298 3008 fundatio
1327 2935 1705 2991 Molisntemis.

2206 2950 2460 3008 oﬂ‘erunt.
2502 2955 2653 3010 Adeo
2689 2965 2748 3012 ut
2785 2959 2987 3016 mirum
3024 2979 3135 3020 non
3162 2967 3235 3022 sit
3276 2973 3597 3042 complures
3639 2993 3782 3035 sam-

587 3049 640 3105 l.
668 3048 806 3105 Cum
838 3046 1230 3105 celeberrimus
1258 3047 1436 3104 sancti
1461 3045 1788 3119 patriarchzr.
1820 3041 2100 3098 Benedicti
2204 3059 2325 3100 mos
2354 3047 2660 3117 pontiﬁces,
2690 3050 2938 3124 aliosque
2974 3066 3250 3126 spectatos
3273 3061 3330 3115 in
3360 3041 3599 3122 licem}
3636 3071 3780 3126 τίη.

514 3140 672 3207 ordo,
696 3148 909 3197 aetatem
934 3140 1048 3211 jam
1080 3154 1248 3212 agens
1276 3147 1516 3211 quatuor
1544 3136 1893 3201 saeculorum,
1924 3135 2104 3189 incer-

515 3241 630 3289 tum
657 3247 768 3305 quo
803 3233 970 3301 malo,
997 3234 1116 3305 ipsa
1147 3241 1292 3289 certe
1323 3243 1630 3302 temporum
1660 3236 1950 3293 vetustate,
1979 3241 2103 3298 quae

510 3322 792 3380 interitum
839 3324 1003 3381 rebus
1035 3325 1198 3381 etiam
1229 3323 1562 3380 ﬁrmissimis
1587 3320 1781 3377 all'erre
1816 3320 1973 3388 solet,
2000 3319 2102 3373 ali-

511 3430 679 3487 quam
709 3415 766 3471 in
794 3415 968 3473 Gallia
997 3416 1158 3472 avitae
1195 3414 1499 3485 disciplinae
1541 3413 1816 3484 jacturam
1857 3410 2098 3476 fecisset,

512 3505 624 3560 dati
654 3504 807 3561 fuere
837 3506 1102 3561 divinitus
1128 3505 1417 3561 sanctitate
1459 3518 1523 3558 ac
1551 3502 1668 3556 zelo
1698 3501 1939 3571 insignes
1961 3499 2098 3571 fviri,

515 3595 611 3666 qui
634 3597 960 3666 depravatos
978 3596 1182 3652 sensim
1200 3610 1383 3650 mores
1412 3594 1480 3649 ad
1509 3593 1671 3664 primi
1696 3593 1929 3649 instituti
1952 3593 2099 3663 leges

511 3698 579 3740 ac
603 3685 838 3757 rigorem
869 3685 1253 3741 reformarent.
1286 3683 1525 3740 Primam
1558 3682 1613 3738 in
1655 3694 1763 3739 tam
1801 3693 1991 3739 sancto
2033 3699 2099 3739 ac

515 3775 638 3832 utili
668 3777 888 3847 negotio
925 3792 1147 3847 operam
1174 3793 1318 3834 anno
1340 3776 1555 3833 Domini
1584 3776 1688 3832 910
1718 3775 1778 3831 Β.
1806 3775 1982 3832 Berno
2003 3792 2100 3847 po-

511 3867 660 3924 suit:
686 3868 801 3939 qui,
836 3867 1060 3925 fundato
1082 3869 1138 3924 in
1161 3885 1301 3942 pago
1327 3869 1714 3926 Matisconensi
1739 3885 1902 3940 super
1918 3867 2097 3925 Graue

510 3974 639 4015 nam
669 3958 893 4015 ﬂuvium
923 3959 1269 4015 Cluniacensi
1296 3960 1569 4028 cmnobio,
1602 3959 1814 4030 primus
1849 3958 1979 4014 dicti
2017 3960 2100 4013 in-

509 4048 579 4106 de
603 4049 728 4104 novi
759 4050 916 4120 quasi
947 4051 1156 4106 ordinis
1172 4049 1355 4118 Pater,
1384 4067 1549 4122 quam
1582 4050 1921 4105 restituendo
1942 4058 2098 4105 vetus

510 4139 823 4195 institutum
854 4139 1205 4197 Benedictino
1251 4142 1430 4197 ordini
1468 4142 1620 4197 utilis
1649 4142 1833 4208 fuerit,
1862 4143 2096 4213 plurima

509 4241 810 4303 propagata
844 4248 876 4287 a
916 4231 1181 4288 Cluniaco
1216 4235 1433 4311 _optime
1481 4235 1776 4291 constituta
1824 4210 2093 4303 ctenobja,
2122 4210 2165 4268 θ

492 4322 670 4399 θπιυιιί
696 4322 819 4377 inde
850 4332 904 4378 et
936 4327 1109 4380 sancti
1136 4332 1191 4381 et
1220 4327 1499 4396 principes
1527 4327 1583 4380 in
1623 4326 1866 4382 Ecclesia
1908 4327 2094 4397 profe-

512 4416 586 4471 cti
618 4416 718 4469 viri
750 4417 1076 4474 docuerunt.
1120 4417 1277 4474 "Illic
1318 4432 1562 4485 secutus,
1602 4421 1705 4475 sub
1734 4420 1949 4474 initium
1994 4436 2095 4475 sae-

516 4507 624 4563 culi
670 4507 966 4575 undecimi,
996 4507 1057 4562 B.
1092 4508 1403 4564 Bcrnardus
1435 4509 1502 4564 de
1543 4508 1769 4565 Tironio
1816 4509 1950 4577 luit;
1999 4512 2093 4581 qui

515 4595 773 4653 felicitate
800 4598 938 4666 pari,
966 4613 1257 4670 progressu
1286 4609 1465 4653 tamen
1490 4600 1721 4667 minore,
1744 4599 2093 4656 reformatio-

512 4700 638 4740 nem
664 4687 715 4742 in
739 4687 1018 4743 dioecesim
1044 4687 1438 4743 Carnotensem
1462 4690 1681 4743 invexit.
1707 4688 1811 4744 Sed
1835 4692 1981 4745 nulla
2005 4707 2094 4748 ce-

490 4773 714 4859 ~lebrior
740 4792 804 4831 ea
829 4778 1057 4843 exstitit,
1090 4794 1256 4850 quam
1299 4776 1357 4833 S.
1396 4778 1619 4834 Roberti
1661 4781 1923 4851 auspiciis
1965 4782 2089 4836 fun-

511 4865 698 4921 datum
726 4868 795 4922 ab
824 4884 890 4923 eo
926 4869 1249 4925 Cistercium
1291 4870 1469 4940 primo
1510 4871 1749 4927 admisit.
1804 4871 2092 4929 Latissime

512 4954 657 5008 enim
683 4966 896 5026 patens,
927 4975 1036 5014 non
1059 4961 1173 5015 sola
1197 4976 1255 5015 se
1273 4960 1443 5016 Gallia
1467 4964 1732 5017 conclusit
1760 4964 1849 5018 illa
1901 4966 2093 5036 (quan-

512 5062 676 5117 quam
706 5046 1045 5105 Firmitatem
1077 5053 1128 5106 in
1157 5068 1241 5119 ea,
1278 5051 1678 5123 Pontiniacum,
1706 5056 1945 5111 Claram-
1964 5056 2091 5111 Val-

511 5137 613 5192 lem
642 5147 695 5193 et
744 5138 1139 5195 Morimundum
1168 5145 1502 5214 amplissima
1540 5148 1810 5214 cmucbia,
1846 5165 1967 5218 quae
1997 5149 2089 5203 Ci-

511 5229 773 5284 stercium
793 5229 930 5285 ﬁlias
957 5232 1190 5301 appellat
1207 5238 1614 5307 suastolita),
1630 5240 1720 5291 sed
1751 5248 1914 5293 totam
1938 5240 2087 5294 brevi

509 5313 782 5391 Europam
829 5332 1138 5393 pervagata,
1192 5322 1418 5394 Italiam,
1470 5320 1816 5397 Hispaniam,
1862 5330 2088 5386 Germa-

509 5411 679 5481 niam,
702 5412 983 5469 Polouiam
1005 5423 1057 5470 et
1077 5413 1324 5487 Angliam
1346 5418 1638 5472 innovavit.
1662 5420 1923 5478 Auctores
1948 5420 2088 5478 Sm—

510 5507 782 5559 tnarthani
811 5516 957 5573 sunt,
998 5492 1240 5562 virorum
1276 5510 1406 5562 olim
1449 5511 1695 5565 coenobia
1735 5528 1900 5583 supra
1925 5516 2086 5581 :mille

511 5596 843 5665 octingenta,
876 5599 1167 5653 mulierum
1196 5615 1360 5669 supra
1389 5596 1534 5655 mille
1559 5590 1952 5677 quadringenta
1980 5626 2083 5664 nu-

509 5700 797 5747 merasse:
842 5694 1181 5762 percurrenti
1230 5693 1615 5756 Bibliothecam
1661 5700 2078 5762 Cistercienscm

2205 3134 2262 3193 in
2298 3135 2549 3228 Cislercii
2579 3151 2633 3196 et
2658 3146 2942 3218 propagati
2964 3146 3035 3203 ab
3052 3163 3121 3215 eo
3148 3152 3365 3211 ordinis
3392 3155 3576 3215 laudes
3598 3169 3779 3217 tanto.

2202 3240 2333 3296 pere
2358 3229 2561 3287 eﬂ‘usos
2592 3230 2781 3290 fuisse.

2273 3321 2329 3376 2.
2361 3320 2630 3380 Praeclara
2660 3327 2865 3385 laudati
2890 3331 2961 3387 ab
3008 3332 3078 3390 iis
3107 3333 3343 3393 instituti
3376 3343 3628 3399 encomia
3648 3344 3780 3403 Hen-

2198 3410 2391 3482 riquez
2423 3412 2477 3467 in
2504 3412 2779 3486 Apparatu
2813 3422 2879 3476 ad
2904 3421 3273 3498 Menologium
3293 3431 3665 3496 Cisterciense
3682 3440 3779 3495 col-

2202 3499 2353 3598 ligit;
2380 3503 2525 3558 unde
2538 3503 2643 3559 hoc
2656 3504 2955 3598 Clementis
2974 3512 2996 3566 Ι
3017 3524 3101 3571 est
3121 3535 3135 3572 :
3161 3537 3180 3570 ι
3209 3518 3360 3577 Ordo
3382 3524 3774 3598 Cisterciensis,

2203 3590 2380 3663 inquit
2404 3595 2514 3661 ille,
2558 3605 2645 3651 est
2685 3597 2812 3657 fons
2844 3603 3130 3663 hortorum
3162 3610 3431 3684 irriguus,
3464 3631 3688 3678 ceteras
3712 3590 3778 3679 ri;

2201 3698 2337 3754 gans
2367 3686 2658 3759 religiones
2687 3700 2743 3746 et
2772 3695 3017 3764 Ordines,
3044 3714 3108 3754 ac
3138 3700 3193 3755 in
3217 3703 3373 3773 ipsos
3399 3714 3670 3782 exemplis
3695 3730 3775 3770 sa-

2201 3775 2475 3835 lutaribus
2507 3784 2868 3841 scaturicans.
2914 3787 3015 3845 Hic
3041 3802 3123 3847 est
3154 3792 3282 3851 fons
3319 3775 3586 3859 amamus
3619 3808 3777 3862 varie-

2199 3873 2311 3920 tate
2337 3867 2625 3936 virtutum,
2662 3876 2958 3942 praeclarus
2990 3883 3272 3940 munditiae
3302 3890 3569 3961 puritate,
3592 3896 3777 3965 pietate

2197 3966 2412 4027 patens,
2460 3961 2777 4022 indeliciens
2834 3973 3141 4030 sanctitate.
3187 3977 3399 4037 Horum
3451 3961 3655 4045 merito
3706 3992 3777 4048 sic

2198 4063 2516 4109 excresccre
2540 4058 2762 4123 meruit,
2790 4069 2851 4115 ut
2872 4060 3037 4120 fontis
3060 4084 3256 4125 nomen
3283 4077 3565 4134 excedens
3592 4080 3775 4139 ﬂuvius

2200 4141 2508 4212 censeatur,
2539 4148 2699 4218 cujus
2747 4167 3037 4221 processus
3072 4158 3365 4220 laudabilis
3395 4169 3466 4223 de
3507 4171 3705 4230 virtute
3726 4176 3776 4231 in

2197 4232 2475 4334 virtutem,
2497 4246 2590 4334 ut“
2615 4238 2784 4334 Deum
2814 4244 3040 4300 deorum
3065 4249 3120 4313 in
3142 4250 3274 4308 Sion
3299 4255 3507 4328 videat,
3538 4266 3778 4334 gradien-

2199 4324 2267 4379 tis
2299 4327 2623 4427 universalis
2645 4329 2903 4390 Ecclesiae
2954 4337 3193 4395 laetiﬁcat
3228 4324 3501 4405 unitatem
3595 4355 3652 4410 in
3678 4372 3773 4427 qua

2196 4428 2294 4483 per
2331 4417 2652 4475 meritorum
2681 4424 3011 4482 evidentiam
3042 4432 3203 4488 clarae
3248 4434 3393 4493 lucis
3434 4417 3771 4513 splendorem

2199 4504 2450 4576 adeptus,
2486 4512 2643 4580 quasi
2667 4515 2820 4570 stella
2850 4520 3123 4577 matutina
3153 4504 3484 4596 resplendet'
3516 4536 3574 4589 in
3605 4538 3774 4593 medio

2195 4596 2407 4654 nebulae
2434 4603 2622 4658 mundi
2654 4605 2853 4677 hujus;
2893 4621 2946 4665 ct
2987 4611 3043 4667 in
3073 4628 3137 4668 ea
3178 4618 3503 4687 splendidos
3529 4630 3773 4687 eminens

2196 4689 2382 4746 radios
2424 4693 2601 4749 instar
2642 4698 2795 4766 solis,
2820 4700 2968 4756 velut
3012 4708 3370 4775 aquazductus
3410 4713 3482 4771 de
3526 4722 3773 4789 paradiso

2194 4783 2522 4876 provenicns
2575 4786 2861 4876 in_aquas
2902 4795 3170 4853 redundat
3218 4783 3771 4876 plurimam-hortum

2194 4870 2597 4940 plantationum
2625 4867 2871 4950 suarum,
2915 4896 3091 4943 ccetus
3123 4867 3345 4960 quidem
3397 4867 3769 4963 claustraliut;

2195 4976 2334 5060 quos
2376 4966 2658 5037 produxit,
2704 4973 2863 5043 aquis
2906 4977 3141 5049 irrigans
3182 4987 3513 5060 gratiarum,
3561 5006 3618 5051 et
3651 4986 3771 5054 vino

2194 5054 2496 5153 spiritualis
2555 5061 2753 5121 laetitia:
2799 5065 3037 5124 fructum
3093 5071 3374 5136 inebrians
3428 5054 3627 5153 partus
3666 5090 3769 5146 sui.

2192 5144 2367 5215 Hujus
2418 5152 2686 5223 siquidem
2727 5160 2935 5217 ordinis
2964 5179 3120 5220 sacra
3156 5168 3367 5242 religio,
3411 5144 3588 5232 asuae
3614 5168 3772 5237 insti-

2192 5243 2421 5349 tutionis
2475 5251 2735 5319 auspiciis
2795 5258 2953 5325 quasi
2995 5258 3208 5316 deserta
3269 5273 3325 5320 et
3372 5266 3541 5349 invia,
3588 5280 3771 5349 utpote

2191 5336 2382 5403 paucis
2411 5340 2592 5396 adhuc
2620 5342 2831 5399 initiata
2866 5349 3192 5421 cultoribus,
3224 5358 3444 5415 tandem
3474 5336 3772 5421 honorisét

2178 5427 2500 5487 honestatis
2535 5430 2746 5491 fructus
2783 5442 3111 5509 parturiens,
3156 5462 3341 5504 ramos
3371 5446 3770 5531 suosun

2117 5549 2163 5603 υ
2194 5523 2420 5580 honoris
2456 5535 2511 5580 et
2557 5528 2743 5596 gratia:
2771 5534 2927 5599 quasi
2969 5538 3320 5609 terebynth‘us
3362 5523 3769 5631 extending:—

2191 5618 2410 5672 minans
2439 5621 2814 5687 generationes
2852 5634 2905 5679 et
2946 5632 3235 5701 progenies
3273 5618 3769 5715 germinaviLWE-

2190 5719 2413 5793 propter
2460 5711 2673 5769 laetatur
2717 5722 2769 5772 et
2805 5715 3004 5788 jubilat
3053 5723 3361 5788 laetabunda
3400 5736 3457 5787 et
3502 5711 3763 5808 lancina,
