3970 6456
264 379 383 436 ὶρεῖ

1753 373 1933 431 ACTA
1944 418 1958 433 .

3344 381 3481 437 1258

255 500 465 553 exsultat
484 499 595 561 jam
633 496 687 545 in
724 489 1067 545 multitudine
1122 505 1413 545 numerosa
1470 490 1800 559 spectabilis,
1834 496 1877 549 Α
1907 490 2085 557 Quare
2112 506 2170 550 nt
2194 496 2337 551 illius
2374 507 2427 550 et
2476 496 2721 550 notitiam
2765 502 2817 548 et
2856 493 3173 564 magistrum
3218 494 3481 556 haberent

254 602 361 659 qua:
383 584 502 638 olim
528 580 684 650 quasi
708 580 1054 650 despicabilis
1080 580 1131 633 in
1164 581 1456 635 solitudine
1478 580 1750 635 delitebat.
1777 600 1795 632 ι

252 678 364 732 ibeo
381 672 634 745 pontifex.
659 670 873 737 Quibus
905 688 1011 727 non
1042 673 1307 726 insertum
1331 681 1417 727 est
1447 671 1599 736 illud,
1623 688 1799 740 quan-

249 782 397 839 quam
428 762 656 826 brevius,
681 762 938 818 Riehardi
969 763 1361 833 archiepiscopi
1390 761 1803 819 Cantuariens's

248 875 305 912 ac
330 853 645 926 apostolicae,
676 853 822 909 sedis
845 852 1026 924 legati,
1053 870 1139 923 ep.
1163 854 1232 908 96
1262 873 1275 908 :
1315 873 1334 906 ι
1372 852 1417 908 Ο
1439 863 1616 910 castra
1647 865 1801 924 opta-

248 949 361 1003 bilia
381 948 393 1000 l
415 943 456 999 0
475 943 823 1014 congregatio
855 946 1192 999 veneranda!
1217 943 1262 1000 Ο
1282 944 1600 1000 Cistercium
1633 962 1798 1017 quam

246 1054 420 1109 magna
443 1036 742 1092 estdomus
764 1038 889 1091 tua!
916 1052 1080 1107 quam
1109 1036 1340 1092 fecunda
1367 1036 1417 1090 in
1446 1037 1602 1094 liliis!
1632 1055 1797 1110 quam

244 1129 508 1198 magnitica
547 1129 599 1181 in
638 1128 866 1197 linguis!
903 1144 1067 1198 quam
1112 1129 1348 1199 gloriosa
1396 1131 1450 1184 in
1497 1132 1737 1200 populis!
1774 1152 1792 1183 ι

241 1220 303 1275 Et
330 1219 448 1274 illud
491 1218 633 1272 Petri
657 1218 942 1284 Ccllensis,
970 1234 1057 1289 ep.
1093 1220 1177 1286 Li,
1214 1220 1308 1275 lib.
1338 1237 1434 1287 vn,
1466 1221 1539 1276 ita
1569 1223 1796 1293 loquen-

242 1313 306 1368 tis
330 1331 343 1367 :
379 1331 396 1364 ι
423 1311 629 1367 Gallina
656 1312 744 1366 illa
773 1311 1160 1377 Molismensis,
1187 1312 1342 1382 plena
1367 1313 1566 1382 plumis
1588 1324 1643 1369 et
1663 1315 1800 1370 bene

240 1415 475 1477 pennata,
499 1411 633 1474 quot
657 1413 710 1458 et
735 1404 925 1474 quales
948 1403 1015 1457 de
1044 1410 1198 1456 ulcro
1221 1418 1323 1457 suo
1354 1403 1495 1458 fetus
1524 1404 1797 1473 produxit,

238 1498 358 1551 dum
400 1511 461 1551 ex
497 1511 554 1550 sc
596 1495 882 1565 collegium
928 1493 1289 1550 Cislerciense
1340 1494 1639 1564 originario
1680 1511 1801 1564 ger-

238 1589 375 1643 mine
396 1587 675 1658 pullulavit
700 1588 712 1640 l
746 1587 890 1641 Deus
917 1586 1105 1641 meus!
1146 1585 1213 1641 de
1243 1585 1335 1641 illo
1367 1601 1478 1640 uno
1505 1601 1610 1641 ovo
1633 1601 1796 1656 quam

237 1678 637 1733 innumerabilis
684 1692 847 1731 arena
878 1676 1270 1731 monachorum
1307 1687 1363 1731 et
1407 1692 1796 1733 conversorum

234 1769 423 1824 faciem
466 1778 626 1823 lerrze
670 1768 913 1838 operuit!
950 1784 1112 1838 quam
1161 1768 1340 1823 lucido
1377 1769 1664 1838 splendore
1702 1784 1797 1824 cu-

235 1871 341 1915 tem
376 1860 559 1915 mundi
588 1902 604 1925 ,
635 1861 965 1930 denigratam
1018 1875 1114 1930 per
1155 1859 1410 1916 infectam
1445 1861 1662 1916 vivendi
1702 1877 1798 1934 ne—
1832 1840 1873 1894 Β

235 1951 560 2023 gligentiam,
604 1950 920 2009 reformavit
948 1963 1003 2007 et
1038 1953 1365 2009 illustravit!
1408 1975 1427 2007 ›

301 2045 355 2101 5.
392 2042 564 2113 Hujus
618 2043 782 2115 igitur
827 2053 938 2098 tam
977 2044 1213 2115 copiosae
1254 2046 1556 2115 spiritualis
1605 2048 1802 2103 messis

233 2145 379 2189 sator
407 2133 462 2189 S.
491 2135 780 2201 liobertus,
808 2136 1027 2192 natione
1054 2136 1272 2203 Gallus,
1315 2139 1489 2208 patria
1524 2140 1609 2195 vel
1633 2139 1799 2195 Cam-

228 2242 398 2297 panus
422 2228 504 2281 vel
535 2226 884 2283 Normannus
928 2229 1067 2296 fuit;
1103 2239 1262 2284 natus
1284 2229 1430 2285 circa
1462 2246 1666 2286 annum
1690 2230 1799 2287 Do-

228 2317 356 2371 mini
384 2316 542 2382 1017,
565 2326 718 2387 patre
740 2316 1099 2383 Theoderico,
1126 2329 1297 2374 matre
1324 2318 1672 2391 Ermegarde,
1690 2320 1805 2390 opi-

222 2407 323 2463 bus
365 2409 571 2478 pariter
593 2425 658 2464 ac
684 2424 882 2480 genere
905 2411 1197 2476 nobilibus,
1231 2426 1260 2464 a
1306 2412 1554 2467 smculari
1580 2412 1690 2467 vita
1731 2412 1801 2467 ad

224 2501 580 2556 monasticam
617 2502 915 2557 translatus
939 2518 1084 2558 anno
1124 2501 1298 2558 aetatis
1331 2503 1544 2559 decimo
1565 2504 1757 2575 quinto
1785 2522 1798 2558 :

220 2593 373 2662 cujus
397 2592 714 2648 tirocinium
738 2594 920 2663 posuit
950 2593 1003 2647 in
1035 2594 1287 2649 eoenobio
1312 2594 1519 2650 ordinis
1546 2594 1603 2651 8.
1632 2595 1801 2651 Bene-

219 2680 365 2747 dicti,
393 2696 507 2736 non
536 2683 726 2752 procul
752 2684 883 2737 urbe
904 2681 1216 2738 Trieassina
1248 2682 1300 2738 in
1322 2683 1800 2757 Campania,quod

216 2771 359 2826 Cella
389 2772 445 2827 8.
476 2772 627 2827 Petri
666 2772 986 2839 Trecensis,
1008 2783 1064 2829 et
1089 2775 1211 2830 aliis
1248 2777 1584 2844 nominibus,
1616 2778 1801 2833 Camo-

215 2863 354 2917 bium
382 2865 583 2919 insula:
634 2864 998 2932 Germanicw,
1042 2865 1104 2922 S.
1133 2866 1283 2921 Petri
1326 2869 1391 2922 de
1434 2868 1615 2935 Cella,
1648 2869 1800 2925 Nova

213 2952 381 3022 Cella,
424 2954 590 3011 Vetus
621 2955 792 3023 Cella,
821 2956 969 3012 Cella
998 2956 1221 3026 Bobim’,
1248 2969 1302 3015 et
1337 2960 1634 3017 vetustiore
1670 2961 1799 3017 Gal-

210 3049 388 3103 lorum
419 3049 688 3104 idiomate
719 3048 979 3104 Mortalier
1018 3051 1073 3105 la
1113 3050 1253 3106 Celle
1272 3053 1336 3106 de
1367 3052 1409 3106 Τ
1413 3070 1559 3123 roges
1588 3070 1801 3110 nuncu-

205 3150 369 3211 patur
409 3141 484 3196 de
533 3141 692 3210 cujus
739 3141 1116 3210 fundamento,
1161 3159 1192 3197 a
1225 3143 1283 3198 8.
1312 3142 1649 3200 Frodobcrto
1696 3146 1800 3201 sub

204 3231 484 3287 Clodoveo
526 3231 569 3285 il
598 3241 651 3287 et
680 3232 959 3288 Cblotario
990 3233 1053 3287 ill
1084 3234 1253 3304 jacto,
1280 3235 1492 3305 egimus
1522 3236 1590 3291 ad
1622 3234 1800 3291 Vitam

202 3323 335 3379 dicti
380 3321 438 3377 8.
484 3322 811 3378 Frodoberti
842 3324 929 3379 die
963 3341 1061 3379 vtu
1097 3325 1364 3381 Januarii.
1405 3325 1537 3381 Post
1572 3327 1801 3384 usitatas

201 3415 454 3471 ascetieae
492 3415 618 3469 vitae
639 3415 1006 3486 probationes,
1032 3417 1211 3473 ordini
1234 3417 1507 3488 ascriptus
1530 3417 1802 3476 liobertus

199 3504 273 3560 ita
299 3505 510 3562 deinde
535 3507 787 3561 virtutem
819 3523 884 3562 ac
913 3510 1330 3564 sanctimoniam
1363 3511 1552 3577 coluit,
1587 3520 1646 3566 ut
1678 3526 1801 3566 om-

199 3597 354 3651 nium
397 3597 692 3652 voluntate
717 3607 771 3652 et
798 3614 1028 3653 assensu
1066 3600 1299 3654 ρωποι)ὶί
1334 3600 1487 3669 prior
1522 3602 1803 3657 renuntia-

201 3698 289 3745 tus
315 3690 507 3760 magis
534 3697 663 3743 tunc
686 3705 851 3759 quam
876 3705 1000 3745 cum
1027 3690 1271 3759 privatus
1295 3692 1544 3760 degebat,
1584 3708 1800 3747 morum

195 3783 494 3855 exemplar
530 3791 692 3838 esset.
743 3782 871 3838 Inde
908 3800 1036 3839 vero
1068 3784 1134 3839 ad
1176 3786 1488 3840 emnobium
1515 3785 1801 3841 Toruodo-

196 3891 367 3930 rense
422 3874 690 3942 transiit,
727 3876 875 3946 quod
924 3876 1168 3946 ejusdem
1223 3877 1432 3935 ordinis
1476 3878 1531 3932 in
1578 3878 1801 3933 ditecesi

194 3967 554 4039 Lingonensi
599 3969 764 4023 situm
795 3969 922 4023 divo
956 3968 1206 4024 Michaeli
1236 3984 1455 4025 sacrum
1502 3980 1607 4037 est,
1643 3972 1805 4026 sorti-

197 4069 317 4115 tum
354 4075 570 4115 nomen
593 4061 663 4115 ab
683 4061 901 4131 oppido,
925 4061 991 4116 ad
1015 4061 1159 4131 quod
1183 4062 1436 4131 pertinet,
1461 4060 1799 4119 Tornodoro.

191 4152 298 4208 llic
351 4168 386 4207 a
428 4153 726 4207 monachis
775 4154 945 4208 abbas
989 4162 1206 4208 creatus
1242 4151 1654 4223 (Sanmarthani
1685 4162 1806 4224 post

191 4242 503 4301 Dodonem
529 4253 583 4298 et
606 4244 882 4300 Ell‘redum
913 4246 1105 4301 ordine
1133 4248 1352 4301 tertium
1387 4248 1618 4316 ponunt)
1642 4246 1803 4301 istam

188 4339 541 4409 aliquandiu
571 4338 944 4408 praefecturam
971 4339 1156 4410 gessit.
1180 4339 1317 4395 Cum
1339 4343 1485 4395 enim
1508 4342 1807 4411 comperis-

190 4440 281 4485 set
310 4433 469 4486 adeo
504 4431 613 4486 illic
635 4432 929 4501 collapsam
960 4432 1263 4500 regularem
1290 4432 1632 4504 disciplinam
1662 4451 1803 4500 esse,

1828 3188 1868 3245 C

1907 582 2161 639 idoneum
2190 628 2203 651 ,
2236 602 2302 641 ex
2348 588 2524 641 vicino
2561 585 2966 642 'l‘oruodorensi
2995 586 3247 641 cmnohio
3281 585 3339 641 S.
3370 586 3469 641 Ro-

1904 672 2140 742 bcrtnm,
2178 678 2335 746 cujus
2360 678 2472 748 jam
2502 678 2647 733 clara
2681 687 2800 732 erat
2835 675 2978 732 fama
3009 676 3338 745 sanctitatis,
3377 677 3464 732 ab-

1904 762 2081 820 batem
2107 769 2430 836 petiverunt.
2458 768 2658 824 Verum
2698 784 2728 821 a
2758 769 3063 830 monachis,
3086 769 3386 825 admodum
3423 770 3477 824 it.

1904 856 2008 911 hoc
2047 858 2249 925 invitis,
2282 860 2409 930 quia
2439 860 2713 931 corruptis
2756 861 3000 916 moribus
3031 869 3187 915 erant
3223 870 3279 915 et
3320 876 3481 915 rena-

1902 949 2160 1005 scituram
2188 951 2391 1007 idcirco
2415 952 2468 1007 in
2495 953 2744 1023 proximo
2768 963 3002 1007 veterem
3025 952 3369 1023 disetplinam
3394 968 3480 1007 re-

1902 1038 2304 1111 formidabant,
2348 1045 2619 1113 repulsam
2650 1044 2716 1098 ad
2757 1036 2969 1113 tempus
2999 1046 3142 1114 passi
3188 1043 3369 1111 fuere;
3400 1044 3481 1099 sic

1903 1140 2083 1187 tamen
2109 1174 2124 1199 ,
2156 1142 2215 1187 ut
2248 1149 2356 1188 non
2403 1150 2618 1189 omnem
2647 1135 2905 1189 continuo
2931 1133 3207 1190 obtinendi
3258 1128 3477 1188 tandem

1901 1219 2126 1278 Roberti
2160 1239 2311 1294 spem
2340 1226 2656 1293 abjicerent.
2698 1224 2832 1279 Nam
2863 1241 2986 1280 cum
3024 1225 3228 1280 relictis
3268 1225 3339 1279 ob
3369 1239 3484 1279 mo-

1902 1329 2023 1367 rum
2052 1316 2418 1384 corruptelam
2443 1304 2996 1380 Tornodorensibus‘,
3023 1314 3080 1369 8.
3108 1316 3380 1369 liobertus
3412 1316 3480 1368 ad

1900 1402 2177 1459 Cellenses
2207 1420 2478 1467 reversus,
2506 1419 2607 1474 pro
2636 1418 2825 1458 eorum
2870 1405 3064 1458 abbate
3105 1404 3158 1457 in
3205 1402 3262 1458 8.
3295 1403 3485 1473 Aigul-

1900 1493 1994 1562 phi
2025 1494 2277 1550 cmuobio
2309 1495 2460 1565 prior
2487 1504 2765 1566 praeesset,
2812 1494 3043 1549 Ruinam
3079 1494 3327 1563 profecti,
3354 1510 3482 1563 pre-

1901 1584 2058 1640 cibus
2102 1585 2348 1641 institere
2382 1586 2525 1656 apud
2562 1585 2895 1656 pontificem,
2937 1595 2995 1641 ut
3028 1594 3353 1656 potestatem
3400 1583 3484 1638 fa-

1901 1684 2064 1741 ceret,
2094 1689 2219 1729 eum
2242 1691 2272 1730 e
2294 1676 2488 1731 vicinis
2518 1675 2853 1731 Benedictini
2881 1675 3090 1730 ordinis
3118 1676 3403 1733 monachis
3424 1677 3482 1732 in

1901 1783 2057 1823 nova:
2086 1784 2152 1823 ac
2187 1769 2456 1839 regularis
2492 1769 2619 1823 vita:
2655 1769 2978 1840 magistrum
3007 1768 3110 1824 sibi
3142 1769 3481 1836 assumendi,

1902 1876 2065 1931 quem
2095 1862 2332 1917 maxime
2358 1862 2427 1917 ad
2457 1863 2562 1918 hoc
2591 1863 2847 1918 idoneum
2878 1872 3149 1933 putarent.
3175 1862 3330 1930 Quod
3353 1881 3480 1920 cum

1901 1965 2226 2006 concessum
2260 1950 2483 2017 fuisset,
2511 1952 2711 2022 petitus
2752 1952 2949 2006 iterum
2986 1951 3042 2007 8.
3079 1951 3373 2016 [lubet-tus,
3429 1963 3484 2008 et

1901 2041 2030 2112 quia
2070 2041 2315 2112 pontifex
2365 2044 2751 2098 auctoritatem
2812 2043 3215 2114 interponebat,
3260 2044 3420 2099 facile
3449 2062 3479 2098 a

1900 2131 2137 2190 Cellensi
2161 2134 2359 2189 abbate
2384 2135 2707 2205 impetratus
2728 2132 2852 2188 fuit.
2880 2132 3061 2200 Quare
3093 2134 3253 2189 datus
3276 2143 3480 2204 septem

1904 2225 1956 2278 in
1999 2225 2209 2282 Colano
2254 2243 2479 2282 nemore
2524 2227 2833 2282 eremicolis
2862 2242 3065 2297 praeses
3105 2235 3159 2280 et
3199 2225 3479 2297 magister,

1903 2333 2085 2375 mores
2136 2333 2325 2374 eorum
2372 2320 2438 2374 ad
2480 2317 2537 2374 S.
2567 2318 2844 2375 Benedicti
2886 2318 3135 2390 regulare
3169 2319 3481 2374 institutum

1903 2406 2140 2465 formare
2173 2410 2356 2480 coepit,
2387 2419 2441 2465 et
2481 2409 2685 2465 sensim
2718 2424 2937 2480 quoque
2964 2424 3164 2480 augere
3186 2409 3483 2479 discipulo-

1901 2515 2025 2553 rum
2066 2516 2379 2555 numerum.
2431 2499 2489 2554 ln
2534 2500 2603 2557 iis
2644 2499 2706 2556 Β.
2752 2500 3064 2555 Albericum
3102 2500 3292 2568 fuisse,
3323 2501 3483 2571 cujus

1904 2588 2083 2646 Vitam
2111 2591 2180 2646 ad
2204 2591 2274 2645 26
2295 2589 2541 2647 Januarii
2565 2591 2840 2658 dedimus,
2862 2590 3177 2663 Maurique:
3205 2591 3259 2645 in
3292 2591 3481 2646 Anna—

1902 2682 2047 2738 libus
2095 2681 2541 2738 Cisterciensium
2593 2692 2785 2738 auctor
2832 2692 2955 2739 est:
3002 2703 3019 2735 ‹
3057 2683 3370 2749 Alberieus,
3398 2684 3483 2737 in-

1901 2772 2042 2844 quit,
2069 2773 2139 2827 ad
2167 2772 2417 2828 habitum
2445 2783 2733 2844 susceptus
2766 2774 3002 2828 sacravit
3040 2773 3217 2840 initia,
3241 2773 3485 2829 sanctidr

1902 2880 1971 2918 an
1999 2847 2213 2921 doctior
2237 2864 2487 2932 dubium,
2517 2864 2749 2920 collatus
2775 2865 2908 2931 sibi;
2934 2874 3230 2936 utrumque
3249 2874 3481 2927 certum,

1903 2958 1950 3013 si
1985 2957 2108 3012 aliis
2146 2956 2462 3014 conferatur
2487 3000 2503 3024 ,
2535 2973 2636 3014 nec
2666 2958 2865 3014 divinis
2912 2967 3120 3013 tantum
3165 2958 3361 3013 litteris
3394 2959 3481 3011 in—

1904 3056 2167 3115 structus,
2209 3048 2305 3103 sed
2339 3049 2616 3103 humanis.
2652 3047 2842 3104 Virum
2867 3049 3169 3104 litterarum
3201 3049 3255 3103 in
3284 3049 3484 3105 divinis

1903 3149 1959 3195 et
1996 3140 2253 3195 humanis
2279 3140 2416 3195 satis
2438 3156 2692 3211 gnarum,
2718 3149 3017 3196 amatorem
3050 3141 3250 3213 regulae
3271 3149 3326 3196 et
3368 3140 3481 3196 fra-

1907 3244 2049 3287 trum
2092 3231 2390 3289 Exordium
2413 3243 2591 3289 vocat.
2633 3233 2768 3304 Spes
2794 3250 2986 3290 omnes
3018 3234 3071 3288 in
3121 3235 3323 3290 saeculo
3347 3251 3482 3290 con-

1893 3308 2092 3394 ‘ceptas
2116 3339 2240 3379 cum
2262 3339 2501 3395 paupere
2533 3326 2627 3381 illo
2654 3335 2798 3381 statu
2822 3327 3197 3400 commutavit,
3227 3326 3380 3383 Alios
3402 3327 3484 3382 di-

1905 3417 2146 3487 scipulos
2190 3417 2380 3472 habuit
2428 3427 2653 3474 sanctus
2691 3418 2875 3486 Pater,
2906 3419 3036 3475 dum
3071 3420 3264 3476 Colani
3292 3437 3483 3477 mane-

1906 3517 2007 3573 ret,
2032 3508 2128 3563 sed
2156 3507 2270 3563 fere
2294 3518 2632 3565 momentum
2666 3526 2847 3566 rerum
2876 3526 3040 3581 penes
3063 3513 3209 3568 hunc
3238 3513 3360 3567 fuit.
3392 3534 3409 3564 ι

1898 3650 1905 3661 ,Α
1973 3600 2031 3655 5.
2072 3599 2212 3666 Quia
2253 3600 2416 3671 igitur
2460 3611 2615 3658 ortus
2652 3617 2805 3658 nova:
2825 3604 3120 3659 admodum
3155 3606 3486 3676 regularium

1904 3690 2347 3767 congregationis
2374 3691 2510 3746 adeo
2540 3691 2670 3746 felix
2710 3702 2764 3747 et
2802 3695 3122 3764 auspicatus
3148 3705 3286 3762 erat,
3318 3698 3489 3767 majo—

1904 3792 1994 3831 res
2017 3777 2070 3831 in
2091 3764 2208 3833 dies
2230 3780 2314 3834 sui
2348 3795 2672 3849 progressus
2686 3791 2739 3836 et
2762 3781 2943 3838 futura
2968 3795 3273 3856 cmptorum
3306 3764 3485 3842 incre-

1898 3877 2088 3923 menta
2124 3869 2513 3938 pollicebatur;
2543 3872 2744 3941 quibus
2766 3891 2890 3929 cum
2933 3874 2990 3930 S.
3020 3876 3293 3932 Robertus
3321 3877 3486 3934 Cola-

1905 3974 2036 4014 num
2063 3976 2257 4017 nemus
2286 3977 2397 4016 non
2418 3962 2552 4018 satis
2576 3977 2699 4018 esse
2724 3973 2909 4034 aptum
2934 3968 3277 4037 provideret,
3302 3971 3485 4025 sedem

1907 4057 2063 4112 novis
2114 4057 2401 4114 monachis
2451 4061 2878 4117 commodiorem
2924 4064 3257 4132 qumsilurus
3306 4065 3482 4132 abiit;

1907 4149 2209 4219 silvamque
2232 4166 2488 4220 egressus
2509 4162 2563 4207 et
2590 4155 2929 4224 perlustrans
2959 4153 3235 4222 viciniam,
3264 4156 3317 4211 in
3339 4158 3483 4212 illam

1907 4239 2099 4295 incidit
2132 4256 2255 4312 qua:
2286 4240 2573 4298 Molismus
2596 4243 2912 4299 vocabatur.
2950 4242 3101 4299 lianc
3137 4245 3321 4316 itaque
3364 4263 3484 4302 ma-

1904 4330 2118 4399 joribus
2147 4332 2312 4395 rebus
2341 4349 2478 4403 quas
2519 4334 2847 4389 moliebatur
2874 4336 3286 4391 accommodam
3312 4347 3483 4403 ratus,

1909 4426 2072 4481 sociis
2094 4441 2159 4482 ac
2180 4441 2321 4482 novo
2351 4428 2612 4482 struendo
2636 4428 2886 4483 cmnobio
2918 4429 3100 4484 sedem
3122 4429 3339 4500 delegit.
3372 4431 3489 4485 Cm—

185 4531 253 4576 ut
300 4531 818 4591 quantumcunque
851 4522 1136 4584 niteretur,
1169 4523 1375 4593 erigere
1422 4539 1530 4578 non
1563 4524 1802 4589 valeret,
1838 4528 1880 4582 D
1910 4524 2061 4585 ριυιη
2091 4526 2175 4572 ρει
2204 4517 2335 4571 “Ind
2371 4517 2590 4573 fundari
2621 4534 2766 4573 anno
2807 4518 3021 4574 Domini
3069 4520 3226 4586 1075,
3267 4519 3337 4574 20
3386 4520 3487 4574 De-

186 4613 542 4683 dignitatem
568 4629 794 4678 exuens,
820 4614 1064 4682 privatus
1091 4614 1157 4668 ad
1177 4614 1454 4671 Ceilenses
1484 4616 1642 4670 rediit
1666 4635 1678 4669 :
1706 4631 1804 4686 pro

181 4706 370 4774 cujus
415 4704 655 4757 subinde
693 4704 887 4760 abbate
916 4706 969 4759 in
999 4704 1056 4760 S.
1089 4705 1342 4777 Aigulplti
1376 4707 1628 4762 C(etiobio
1656 4708 1807 4776 prior

179 4797 259 4850 ad
294 4806 536 4861 tempus
567 4794 801 4862 praefuit,
839 4797 1013 4851 donec
1035 4796 1346 4853 Molismum
1368 4798 1534 4868 cmpit
1555 4798 1754 4853 moliri.

266 4888 332 4940 4.
378 4884 570 4954 Hujus
604 4887 839 4940 emnohii
872 4888 1024 4942 initia
1052 4906 1118 4942 ex
1161 4890 1369 4945 Colano
1416 4892 1546 4946 olim
1586 4907 1809 4947 nemore

175 4976 480 5050 prodiere
514 4994 526 5029 :
556 4978 701 5046 quod
734 4976 1141 5035 Tornodorensi
1164 4983 1402 5037 vicinum
1438 4984 1659 5052 oppido,
1692 4985 1810 5054 qui-

172 5073 328 5126 (tam
384 5070 686 5135 sacerdos,
727 5071 1029 5126 solitariam
1072 5073 1237 5127 vitam
1281 5089 1483 5145 agens,
1513 5077 1804 5132 incolebat.

173 5162 347 5217 liuic
384 5175 521 5215 cum
550 5160 660 5214 duo
687 5162 920 5230 primum
953 5164 1195 5233 germani
1227 5163 1455 5233 fratres,
1487 5177 1806 5238 conceptum

172 5262 433 5308 mutuae
479 5252 642 5307 cmdis
679 5254 863 5323 scelus
902 5256 1172 5324 expiaturi
1199 5298 1214 5322 ,
1245 5273 1309 5313 ac
1337 5268 1577 5329 quatuor
1612 5260 1809 5315 deinde

170 5346 312 5409 alii,
345 5342 512 5396 idem
540 5353 786 5399 amantes
816 5345 1147 5415 institutum,
1174 5351 1354 5406 socios
1376 5366 1437 5405 se
1462 5351 1770 5422 iunxissent
1794 5394 1809 5419 ,

170 5435 379 5490 vitam
458 5434 775 5506 aliquandiu
817 5439 999 5493 studio
1042 5440 1276 5513 quisque
1336 5444 1554 5499 virtutis
1598 5445 1811 5514 privato

167 5540 548 5592 exercuere,
581 5528 746 5583 nullis
768 5530 822 5584 in
850 5547 1143 5588 commune
1165 5533 1374 5604 legibus
1395 5535 1651 5590 devincti.
1684 5535 1809 5591 Pla-

168 5617 315 5679 cuit
353 5625 556 5672 tamen
583 5619 746 5688 paulo
786 5630 910 5690 post
935 5622 1148 5678 vivendi
1175 5625 1422 5694 quaedam
1460 5625 1602 5680 ratio
1624 5638 1677 5681 et
1699 5626 1812 5680 for-

170 5726 287 5766 tua
323 5711 696 5778 communis;
731 5728 796 5766 ac
823 5728 884 5767 ea
911 5715 1254 5783 potissimum
1280 5756 1295 5781 ,
1326 5733 1451 5788 qua:
1475 5732 1571 5788 per
1593 5718 1644 5773 id
1677 5728 1813 5774 tem-

164 5817 303 5873 pus
337 5809 478 5857 erat
504 5818 599 5873 per
625 5802 857 5859 Galliam
887 5807 1261 5875 vulgatissima
1312 5809 1807 5867 Benedictinorum.

561 5895 827 5989 Ριιτιιω.τ
874 5897 1137 5961 CLVIL

1910 4608 2170 4675 ccmbris,
2201 4616 2255 4663 et
2283 4617 2491 4663 retento
2523 4610 2673 4665 silva:
2708 4611 2762 4664 in
2798 4628 2905 4681 qua
2934 4610 3112 4665 stabat
3134 4612 3354 4665 nomine
3378 4610 3488 4665 Illo-

1911 4699 2105 4754 lismus
2137 4700 2278 4765 dici;
2309 4698 2523 4755 celebre
2562 4709 2747 4769 postea
2776 4710 2830 4755 et
2877 4700 3063 4755 multis
3104 4710 3324 4755 auctum
3365 4700 3488 4753 fun-

1909 4792 1994 4845 dis
2024 4792 2372 4846 asceterium.
2414 4790 2692 4847 Laudatur
2729 4808 2757 4846 a
2806 4793 3045 4847 Cmsario
3077 4793 3170 4847 lib.
3203 4808 3216 4845 ι
3248 4790 3484 4845 Miracu-

1909 4882 2087 4936 lorum
2135 4882 2187 4935 in
2230 4884 2346 4936 baac
2380 4882 2543 4936 verba
2587 4901 2599 4935 :
2645 4903 2662 4934 ι
2692 4882 2750 4936 In
2796 4883 3112 4953 episcopatu
3156 4882 3487 4953 Lingonensi

1910 4974 2074 5028 situm
2105 4984 2190 5029 est
2228 4976 2561 5043 cmuobium,
2593 4975 2816 5030 nomine
2834 4974 3140 5043 Molismus,
3180 4974 3323 5030 fama
3347 4974 3490 5030 cele-

1911 5067 2229 5133 berrimum,
2278 5068 2539 5138 religione
2582 5068 2953 5138 perspicuum,
3002 5068 3134 5123 viris
3186 5067 3489 5123 illustribus

1912 5158 2282 5221 nobilitatum,
2308 5159 2749 5229 possessionibus
2774 5160 3038 5229 amplum,
3061 5159 3353 5214 virtutibus
3381 5160 3488 5214 cla-

1911 5264 2053 5304 rum.
2097 5270 2113 5301 ι
2147 5250 2426 5306 initiorum
2450 5266 2579 5305 vero
2620 5251 2712 5305 lib.
2737 5268 2833 5306 vin
2864 5251 3138 5317 Historite,
3166 5251 3237 5306 ita
3268 5252 3486 5307 Urderi-

1913 5360 2011 5398 cus
2059 5346 2308 5399 meminit
2341 5365 2353 5399 :
2389 5367 2407 5398 ι
2447 5345 2504 5401 In
2532 5346 2842 5418 Burgundia
2887 5347 3038 5401 locus
3082 5357 3164 5399 est
3210 5344 3303 5408 qui
3329 5343 3487 5401 Moli-

1914 5449 2068 5489 smus
2106 5436 2346 5491 dicitur:
2390 5437 2464 5491 ibi
2506 5447 2750 5507 tempore
2799 5434 3033 5504 Philippi
3077 5432 3220 5501 regis
3252 5430 3492 5503 Franco~

1911 5543 2057 5596 rum,
2088 5528 2414 5584 venerabilis
2444 5528 2716 5584 Robertus
2758 5528 2924 5582 abbas
2958 5522 3270 5580 crenobium
3300 5528 3490 5582 condi-

1915 5626 2027 5692 dit;
2055 5634 2108 5680 et
2137 5625 2438 5695 inspirante
2478 5626 2650 5697 gratia
2681 5624 2916 5695 Spiritus
2947 5624 3121 5680 sancti
3149 5664 3164 5690 ,
3191 5624 3493 5693 discipulos

1916 5732 2127 5789 magna:
2152 5717 2430 5789 religionis
2461 5717 2803 5789 aggregavit;
2833 5717 3121 5788 studioque
3143 5717 3401 5771 virtutum
3437 5716 3491 5771 in

1918 5822 2106 5868 sancta
2132 5820 2449 5881 paupertate
2467 5811 2623 5880 juxta
2648 5825 2808 5864 usum
2842 5810 3071 5864 aliorum
3096 5810 3483 5865 cmnohiorum

3145 5902 3219 5977 ξιυ
