3976 6356
508 288 649 344 4Ξ59

1436 280 1493 339 S.
1535 283 1835 343 ROBERTI
1874 284 2033 342 ΟΜ).
2075 280 2391 343 CISTERC.
2439 284 2882 359 FUNDATORIS

3642 292 3780 350 lim

505 401 735 457 comiter
769 399 1044 455 instruxit.
1082 420 1099 452 ›
1147 399 1395 458 Fundato
1432 405 1485 459 in
1530 405 1675 459 hunc
1716 405 1936 459 modum
1968 404 2081 458 Mu-
2112 408 2157 463 Α
2186 403 2289 458 bus
2317 402 2628 472 conscripto
2653 444 2669 468 ,
2700 400 2797 471 qui
2835 415 2950 455 rem
2992 400 3163 470 ipsam
3209 400 3519 457 hauserunt
3553 409 3789 477 propriis

502 492 750 548 lismensi
778 492 1050 557 coenobio,
1082 491 1312 561 primus,
1348 494 1426 548 uti
1470 510 1568 565 par
1593 504 1731 562 erat,
1766 512 1891 550 cum
1930 505 2084 565 pote«

503 594 642 640 state
671 583 881 638 abbatis
924 583 1139 653 praefuit
1172 582 1229 638 S.
1263 583 1555 641 Robertus.
1593 585 1669 641 Ita
1701 595 1967 642 testantur
1988 603 2089 658 pu-

500 676 657 731 blica!
698 665 1057 731 donationum
1095 677 1294 733 tabulae
1337 679 1482 748 apud
1534 679 2002 747 Sanmarthanos,
2035 690 2089 736 et

498 766 738 836 diploma
774 765 1067 822 Daimberti
1121 766 1458 825 Senonensis
1506 770 1899 842 archiepiscopi
1941 772 2087 843 apud

499 857 859 914 Camuzatum
893 859 948 913 in
979 857 1363 944 Promptuario
1394 876 1673 917 sacrarum
1699 864 2086 933 antiquitatum

499 948 1128 1008 diceeesis’Tricassinae.
1172 953 1500 1010 Monachum
1548 955 1657 1020 ibi,
1698 964 1836 1010 teste
1882 956 2085 1012 Mauri-

499 1058 658 1111 quez,
684 1042 855 1097 redux
888 1044 957 1098 ab
985 1045 1357 1115 apostolorum
1383 1046 1667 1101 liminibus
1690 1045 1747 1100 Β.
1777 1046 2087 1117 Stephanus

498 1131 714 1199 induit,
747 1143 936 1203 postea
982 1136 1173 1192 tertius
1200 1137 1644 1192 Cisterciensium
1678 1139 1846 1194 abbas
1884 1139 2083 1205 factus,

495 1231 552 1279 et
578 1224 882 1280 illustratus
916 1242 946 1279 a
980 1227 1138 1283 nobis
1162 1227 1228 1281 ad
1264 1228 1327 1281 l7
1355 1227 1578 1296 Aprilis.

553 1314 625 1393 _6.
663 1315 813 1371 Adeo
852 1326 1031 1371 autem
1080 1318 1256 1386 prima
1300 1316 1731 1373 Moiismensium
1783 1321 2082 1376 monacho-

494 1420 620 1460 rum
649 1405 757 1460 vita
784 1421 852 1459 ac
878 1406 1052 1462 virtus
1083 1406 1313 1462 illustris
1353 1408 1487 1473 fuit,
1518 1417 1577 1462 ut
1606 1423 1671 1462 ex
1705 1408 1771 1463 iis
1808 1425 1839 1464 a
1876 1411 2082 1480 princi-

495 1497 657 1566 pibus
690 1498 743 1551 in
767 1498 969 1552 vicinia
1002 1498 1155 1564 viris,
1184 1498 1251 1552 ad
1282 1515 1421 1553 nova
1445 1499 1498 1554 in
1526 1516 1717 1555 eorum
1747 1500 1930 1557 fundis
1951 1519 2083 1559 con-

496 1589 771 1645 stituenda
803 1591 1053 1645 cennobia
1075 1631 1088 1655 ,
1122 1592 1271 1661 petiti
1306 1592 1434 1648 sint.
1475 1592 1549 1648 lta
1599 1594 1832 1659 scilicet,
1861 1605 2083 1653 auctore

498 1681 555 1735 S.
586 1681 846 1749 Roberto,
876 1684 1199 1738 asccterinm
1226 1685 1279 1739 in
1309 1700 1430 1740 arce
1457 1685 1863 1743 Vallis-Celeris
1888 1688 2083 1745 funda-

492 1785 611 1830 tum
641 1775 761 1831 fuit.
797 1776 915 1843 Qua
945 1777 1012 1831 de
1050 1793 1107 1833 rc.
1134 1777 1449 1847 huiusmodi
1477 1781 1620 1851 apud
1647 1782 2080 1841 Sanmarthanos

492 1876 645 1923 tomo
671 1867 738 1921 ιν
769 1867 955 1923 Gailiae
980 1867 1306 1924 Christianae
1335 1870 1531 1927 tabulae
1547 1881 1765 1927 exstant
1795 1893 1807 1927 :
1849 1894 1866 1925 ι
1898 1873 1955 1928 In
1982 1890 2080 1929 no-

495 1960 643 2015 mine
675 1960 889 2016 Sancta:
911 1970 964 2016 et
995 1961 1233 2016 invidum
1260 1960 1565 2019 Trinitatis;
1595 1963 1918 2022 Suavissimi
1948 1968 2081 2023 odo-

494 2051 575 2105 ris
620 2050 763 2106 fama
802 2050 1168 2107 Molismcnsis
1205 2054 1439 2109 cmnobii
1478 2055 1635 2126 longe
1677 2057 1891 2128 lateque
1921 2060 2080 2114 redo-

494 2144 640 2197 lente
680 2144 835 2197 multi
865 2144 1070 2198 devotze
1112 2144 1389 2215 religionis
1417 2147 1516 2201 viri
1547 2148 1810 2205 beneficia
1834 2152 2079 2206 contule-

493 2243 623 2289 runt
663 2235 1072 2305 monachosque
1121 2254 1149 2290 a
1212 2238 1471 2307 przedirto
1529 2239 1651 2295 loco
1712 2242 1777 2296 ad
1830 2242 2075 2298 coenobio

490 2326 807 2383 aedificanda
831 2329 945 2385 suis
975 2330 1194 2399 przediis
1219 2338 1274 2386 et
1300 2333 1745 2402 possessionibus
1768 2337 2079 2405 postulave-

489 2431 640 2474 runt.
672 2419 806 2486 Quae
848 2423 1155 2480 sanctitatis
1196 2425 1493 2495 postulatio
1522 2434 1816 2496 postquam
1849 2427 2077 2484 auribus

487 2513 639 2567 senis
677 2509 910 2579 Jolfridi,
937 2514 1264 2570 nobilissimi
1296 2516 1558 2586 principis
1586 2525 1641 2571 et
1665 2525 1869 2573 sanctre
1891 2516 2072 2574 Eccle-

488 2605 587 2693 siae
636 2604 964 2672 ﬁdelissimi,
1008 2607 1281 2673 insonuit;
1328 2609 1630 2664 monachos
1663 2626 1693 2664 a
1719 2610 1923 2665 domno
1967 2608 2073 2666 Ilo-

488 2695 662 2759 berto,
697 2694 875 2764 primo
901 2695 1146 2765 ejusdem
1188 2698 1291 2752 loci
1338 2699 1553 2765 abbate,
1584 2700 1833 2755 moribus
1858 2710 2072 2767 ornato,

483 2785 902 2840 conversatione
932 2784 1056 2841 vita:
1093 2786 1322 2856 probato
1348 2824 1372 2850 φ
1404 2785 1614 2859 fulgore
1650 2788 1911 2845 virtutum
1945 2791 2073 2846 illu-

488 2878 725 2945 minato,
765 2878 1070 2933 humilitate
1089 2921 1104 2942 ,
1133 2878 1389 2948 patientia
1416 2921 1431 2947 ,
1451 2879 1662 2950 justitia
1687 2923 1703 2949 ,
1733 2880 2071 2949 fortitudine,
2098 2861 2108 2872 ’

483 2968 852 3037 temperantia
878 3010 893 3035 ,
926 2968 1212 3039 prudentia
1251 2970 1510 3042 decorate
1536 3012 1550 3038 ,
1593 2970 1844 3027 similiter
1881 2972 2075 3027 exinde

482 3061 675 3130 petivit
722 3070 775 3115 et
820 3061 1166 3131 impetravit;
1209 3063 1302 3134 qui
1358 3064 1610 3120 monachi
1662 3066 1974 3121 emnobium
2006 3065 2069 3120 in
2099 3106 2139 3163 Ο

483 3164 668 3210 castro
718 3154 864 3224 quod
927 3153 1130 3209 dicitur
1179 3154 1593 3212 Vallis-Celeris
1644 3157 2067 3225 mdilieavcrunt,

484 3245 671 3316 ibique
705 3252 910 3300 sanctae
932 3246 1363 3301 conversationis
1395 3249 1558 3302 vitam
1586 3247 1876 3319 duxerunt,
1910 3268 1929 3300 ι
1960 3259 2064 3304 etc.

484 3335 612 3394 Haec
633 3338 848 3394 tabulae.

556 3429 607 3484 7.
650 3430 906 3501 Corrupit
939 3440 1117 3485 tamen
1158 3432 1305 3487 brevi
1338 3442 1444 3487 tam
1475 3443 1662 3488 sancta
1689 3432 1925 3488 Molismi
1960 3433 2067 3487 ini-

480 3522 581 3589 tia,
617 3524 901 3579 remissior
938 3522 1079 3579 facta
1106 3565 1120 3589 ,
1152 3540 1217 3578 ex
1265 3525 1431 3578 nimia
1469 3540 1653 3579 rerum
1686 3526 2065 3595 temporalium

479 3612 761 3681 felicitate,
819 3615 1140 3685 disciplina;
1197 3625 1345 3671 tanta
1387 3615 1646 3686 paulatim
1701 3619 2066 3688 subsequente

481 3723 702 3763 morum
731 3709 1061 3780 corruptela,
1108 3718 1167 3763 ut
1193 3718 1679 3779 quantumcunque
1704 3708 1759 3764 S.
1797 3708 2066 3767 Robertus

479 3800 730 3871 exemplo
752 3810 805 3856 et
827 3801 1046 3857 monitis
1067 3803 1425 3870 anniteretur,
1444 3802 1687 3857 revocari
1712 3817 1819 3857 non
1842 3811 2066 3872 possent

480 3890 547 3947 ad
590 3892 874 3961 pristinam
920 3892 1307 3965 integritatem.
1342 3891 1636 3963 Desperata
1684 3894 1850 3964 igitur
1888 3894 2064 3950 medi-

478 3983 634 4046 cina,
669 4000 809 4056 quos
856 3984 1177 4042 fundaverat
1210 3985 1503 4051 deserens,
1540 3985 1780 4052 Aurum,
1820 3985 2062 4042 vicinum

477 4073 730 4131 Molismo
775 4078 1165 4133 monasterium
1193 4120 1207 4144 ,
1250 4077 1416 4144 adiit;
1455 4077 1545 4131 ubi
1602 4076 1847 4146 privatus
1887 4077 2064 4147 primo

478 4166 784 4220 monachus
808 4208 823 4233 ,
855 4166 1051 4221 deinde
1079 4182 1206 4222 vero
1245 4166 1414 4221 abbas
1445 4166 1686 4231 habitus,
1717 4166 1888 4222 facem
1937 4181 2064 4221 san-

474 4266 579 4311 ctze
609 4257 734 4312 vitae
758 4257 1055 4328 praelucere
1078 4258 1335 4328 perrexit.
1365 4255 1563 4312 Narrat
1590 4256 2063 4329 Manriquez,post

478 4348 537 4403 S.
569 4348 791 4404 llobcrti
813 4351 1137 4416 discessum,
1171 4351 1403 4405 ccenobii
1433 4365 1623 4405 curam
1646 4365 1817 4420 penes
1847 4351 2061 4407 Alberi-

2110 1752 2155 1806 B

2191 495 2366 550 oculis
2386 533 2401 559 ,
2434 509 2543 548 non
2569 494 2635 549 de
2663 492 2946 564 Stephano
2968 534 2983 560 ,
3010 493 3099 549 sed
3131 494 3201 549 de
3225 492 3492 549 Albcrico
3518 497 3783 569 scriptun

2192 587 2311 656 lego
2344 604 2357 640 :
2387 585 2481 655 qui
2514 600 2614 654 pro
2636 599 2703 639 eo
2725 572 2975 655 negotio,
3006 599 3198 656 nempe
3230 585 3655 645 reformationis
3675 590 3787 646 lo-

2192 677 2532 732 lismcnsium
2552 718 2567 742 ,
2598 676 2768 731 multa
2792 676 3085 746 opprobria
3109 718 3125 743 ,
3149 694 3433 733 carcerem
3479 690 3535 734 et
3564 682 3783 737 verbera

2189 785 2484 839 perpessus
2506 768 2703 823 fuerat.
2731 788 2751 819 ›
2777 766 2903 822 Haec
2919 768 3036 835 ille;
3061 769 3290 837 addens,
3312 771 3559 827 Alberici
3578 788 3645 829 ac
3670 772 3785 828 Stc-

2187 860 2355 930 phani
2380 860 2660 916 secessum
2700 860 2756 914 in
2808 857 3134 915 Unicensem
3174 862 3540 918 solitudinem
3574 865 3637 919 in
3683 866 3781 922 hoc

2187 969 2408 1024 quoque
2451 965 2666 1023 tempus
2710 969 2835 1009 csse
2879 954 3269 1009 conferendum
3306 973 3319 1009 :
3354 975 3375 1005 ι
3410 955 3539 1023 Quo
3565 1000 3581 1021 ,
3618 970 3679 1014 ut
3702 960 3775 1016 lo-

2187 1046 2415 1116 quitur,
2453 1046 2678 1101 absente
2727 1045 2992 1100 nimirum
3025 1044 3267 1101 Roberto
3320 1046 3491 1104 Patre
3531 1050 3781 1107 cﬂ‘ectum

2187 1148 2302 1204 est,
2337 1146 2398 1193 ut
2450 1153 2481 1191 e
2520 1137 2775 1193 Molismo
2823 1138 2945 1193 sine
2994 1139 3230 1208 alicujus
3281 1140 3517 1200 alterius
3566 1143 3779 1199 licentia

2185 1228 2368 1299 egredi
2395 1238 2448 1283 et
2491 1239 2715 1298 possent
2743 1237 2798 1284 et
2823 1231 3039 1299 vel-ient,
3068 1230 3214 1287 forte
3233 1234 3403 1288 etiam
3434 1245 3493 1289 et
3518 1252 3663 1306 pene
3687 1254 3775 1294 co-

2186 1330 2442 1393 gerentur
2465 1362 2480 1386 ,
2523 1324 2760 1393 acceptis
2786 1323 3000 1394 plagis:
3029 1341 3315 1396 nunquam
3343 1328 3489 1385 alias
3512 1330 3600 1383 vel
3628 1346 3661 1385 a
3683 1330 3775 1385 Pa-

2188 1423 2269 1468 tre
2290 1413 2452 1468 etiam
2481 1414 2704 1469 obtenta
2736 1415 2819 1470 vel
2849 1431 2958 1470 non
2984 1416 3149 1486 petita
3177 1433 3210 1472 a
3231 1417 3358 1473 loco
3400 1420 3721 1476 discessuri.
3748 1445 3766 1475 ο

2186 1506 2304 1562 Ado
2333 1522 2429 1563 seu
2464 1507 2718 1577 quisquis
2746 1508 2887 1563 alius
2921 1507 3098 1562 Vitam
3143 1509 3287 1564 infra
3348 1512 3579 1567 dandam
3629 1518 3769 1569 scri-

2184 1598 2311 1668 psit,
2338 1615 2558 1655 carcere
2601 1610 2653 1654 ct
2693 1601 3013 1657 verberibus
3057 1605 3527 1674 suppressis,imo
3558 1618 3613 1662 et
3655 1609 3758 1662 du-

2184 1700 2304 1745 rato
2346 1690 2399 1744 in
2437 1691 2639 1746 malum
2667 1693 2990 1748 caedentium
3027 1695 3196 1750 corde
3218 1696 3365 1765 (suis
3390 1696 3444 1750 id
3470 1696 3755 1753 Nolim

2183 1780 2337 1835 sibus
2367 1781 2662 1849 indultum)
2682 1784 2936 1839 arctioris
2960 1792 3015 1838 et
3036 1785 3319 1842 salutaria:
3347 1786 3477 1842 vitae
3508 1787 3763 1843 desiderio

2181 1874 2487 1930 discessum
2520 1875 2698 1930 docet.
2720 1894 2739 1925 ί
2766 1874 2931 1932 Erant
2963 1887 3166 1944 autem,
3187 1878 3284 1941 ait,
3310 1879 3462 1934 inter
3489 1880 3614 1936 illos
3640 1897 3767 1951 qua-

2183 1973 2308 2020 tuor
2336 1966 2438 2020 viri
2483 1965 2762 2033 fortiores,
2796 1968 3082 2025 Albericus
3121 1977 3175 2024 et
3225 1969 3575 2040 Stephanus,
3621 1982 3768 2041 atque

2181 2058 2272 2113 alii
2318 2059 2449 2126 duo,
2480 2060 2575 2131 qui
2621 2071 2744 2131 post
2786 2063 3129 2119 cwnobiticat
3176 2065 3608 2120 exercitationis
3636 2066 3771 2120 rudi-

2182 2159 2364 2205 menta
2401 2149 2468 2205 ad
2514 2151 2791 2220 singulare
2836 2154 3005 2207 eremi
3059 2165 3343 2211 certamen
3398 2158 3765 2227 suspirabat.

2180 2236 2401 2310 Egressi
2445 2256 2576 2310 ergo
2605 2240 2673 2295 de
2715 2243 2968 2297 cmnobio
2995 2243 3361 2311 Molismcnsi,
3408 2258 3683 2303 venerunt
3708 2248 3767 2303 ad

2180 2330 2468 2399 quemdam
2502 2331 2680 2386 locum
2704 2333 2796 2387 cui
2820 2331 3026 2389 Unicus
3062 2349 3263 2389 nomen
3299 2345 3419 2404 est,
3464 2357 3487 2388 ι
3527 2346 3640 2392 etc.

2182 2442 2211 2513 §
2245 2440 2306 2496 ll.
2352 2441 2518 2496 Initia
2546 2443 2767 2513 emnoliii
2797 2452 2844 2497 et
2875 2445 3076 2497 ordinis
3101 2444 3502 2513 Cistcrcicnsis,
3527 2459 3584 2501 et
3606 2457 3767 2502 trans-

2564 2516 2670 2568 itus
2694 2512 2753 2569 S.
2778 2515 2993 2569 Ruben-li
3014 2516 3084 2568 ad
3112 2516 3379 2570 eumdem.

2248 2608 2302 2662 8.
2347 2606 2600 2663 Dcstituti
2648 2607 2852 2663 talibus
2901 2607 3033 2663 viris
3074 2605 3509 2675 Melismenscs,
3534 2609 3684 2665 brevi
3718 2618 3767 2665 et

2177 2697 2426 2753 orbitatis
2463 2712 2578 2752 sua:
2613 2696 2864 2767 pertmsi,
2898 2704 2954 2751 et
3003 2695 3170 2751 futuri
3216 2697 3487 2768 deinceps
3517 2698 3767 2754 meliores

2179 2789 2295 2853 lilii,
2327 2787 2543 2843 Patrem
2571 2804 2735 2859 quem
2767 2786 3069 2843 amiserant
3102 2788 3173 2843 ab
3196 2787 3321 2857 ipso
3346 2804 3571 2844 summo
3590 2790 3763 2860 ponti-

2177 2883 2277 2935 fice
2311 2878 2712 2950 repetiverunt;
2744 2894 2855 2949 quo
2886 2888 3189 2945 annuente,
3212 2889 3269 2934 ct
3298 2880 3576 2950 negotium
3605 2881 3759 2936 dante

2176 2970 2508 3042 Lingonensi
2538 2970 2817 3041 episcopo,
2856 2978 2915 3025 ut
2943 2970 3266 3026 absentibus
3312 2971 3543 3027 reditum
3568 2972 3759 3042 pra-ci-

2175 3072 2345 3134 perct,
2376 3079 2575 3133 parcns
2612 3063 2792 3134 primo
2820 3061 2878 3117 S.
2911 3044 3205 3128 Robertns,
3239 3062 3451 3119 deserto
3486 3064 3653 3127 Auro,
3684 3079 3754 3118 ac

2172 3154 2282 3208 duo
2304 3153 2501 3210 deinde
2538 3153 2632 3208 alii
2666 3153 2952 3208 Albcricus
2976 3195 2991 3219 ,
3021 3159 3075 3206 et
3111 3150 3421 3223 Stephanus
3443 3194 3457 3219 ,
3488 3149 3757 3209 Unicensi

2171 3246 2358 3302 relicta
2407 3246 2562 3312 silva,
2596 3245 2850 3302 Molismo
2898 3261 2959 3301 se
3005 3245 3316 3301 reddidere.
3342 3244 3651 3302 Revertisse
3676 3255 3760 3301 ta-

2172 3352 2294 3391 men
2328 3336 2638 3393 Albericum
2677 3353 2741 3393 ac
2772 3335 3108 3407 Stephanum
3136 3337 3459 3393 dissimulat
3480 3337 3593 3393 Ade
3613 3378 3630 3403 ,
3655 3337 3759 3392 dc-

2169 3442 2312 3482 serta
2338 3425 2597 3483 Unicensi
2645 3428 2781 3482 silva
2812 3426 3044 3482 fundare
3085 3428 3273 3482 statim
3305 3428 3759 3485 Cisterciumcm—

2168 3518 2314 3587 pisse
2343 3533 2614 3574 asserens.
2659 3516 2795 3572 lllud
2825 3526 3006 3572 autem
3036 3519 3271 3573 multum
3300 3535 3333 3574 a
3362 3535 3492 3575 vero
3530 3520 3717 3576 abesse
3736 3558 3753 3581 .

2167 3626 2231 3665 es
2263 3625 2347 3676 ea,
2388 3624 2554 3680 quam
2583 3609 2766 3664 statim
2796 3608 3174 3678 subjiciciiius,
3199 3609 3561 3667 Cisterciensi
3590 3608 3758 3665 llisw-

2168 3701 2249 3755 ria
2297 3700 2619 3763 constabat,
2672 3707 2960 3768 potestque
3009 3698 3191 3769 colligi
3234 3714 3303 3754 ex
3342 3714 3414 3756 eo
3452 3700 3599 3770 quod
3642 3700 3755 3769 iw

2168 3791 2390 3855 scribat.
2421 3790 2545 3845 illos
2577 3809 2595 3841 ι
2632 3805 2663 3844 a
2684 3789 2805 3845 viro
2832 3788 3128 3845 venerabili
3157 3788 3524 3853 .loscramno.
3560 3789 3755 3861 Lingo-

2167 3883 2322 3940 nensi
2374 3883 2650 3955 episeopo,
2696 3882 2803 3938 nisi
2847 3881 3157 3938 Molismum
3196 3892 3753 3950 reverterentur,es-

2166 3976 2681 4032 communicationis
2741 3975 3065 4032 sententiam
3119 3976 3457 4045 suscepisse.
3514 3997 3534 4028 ι
3595 3974 3749 4031 Credi

2165 4069 2312 4125 enim
2340 4084 2448 4124 non
2478 4078 2678 4139 potest,
2718 4068 2869 4123 viros
2899 4077 3118 4123 sanctos
3150 4076 3364 4123 tantum
3394 4068 3751 4124 contumacia:

2166 4160 2372 4217 crimen
2402 4175 2467 4216 ac
2491 4176 2708 4230 poenam
2762 4160 3058 4227 incurrere,
3110 4175 3277 4230 quam
3327 4160 3398 4215 ad
3442 4159 3749 4216 Molismm

2166 4254 2345 4310 redire
2374 4254 2667 4320 maluisse;
2702 4253 3000 4323 praesertim
3050 4269 3176 4308 cum
3228 4254 3341 4308 illic
3379 4255 3501 4325 jam
3537 4253 3747 4309 Patren

2166 4363 2326 4403 suum
2371 4345 2429 4401 S.
2464 4344 2758 4400 Rubertnm
2784 4387 2798 4412 ,
2833 4357 2888 4400 et
2919 4345 3150 4400 fratrum
3200 4361 3411 4416 pronas
3462 4347 3519 4402 in
3566 4362 3743 4404 cone—

477 4459 605 4498 cum
640 4444 990 4509 remansisse,
1018 4442 1136 4512 qui,
1170 4443 1263 4496 illo
1288 4443 1500 4511 abbate,
1523 4443 1824 4513 prioratum
1857 4445 2061 4500 scilicet
2094 4459 2137 4513 υ
2165 4440 2397 4495 ctionem
2443 4437 2752 4492 voluntates
2793 4446 2977 4492 essent
3014 4437 3308 4505 repertori.
3346 4436 3581 4495 Reditus
3610 4448 3746 4494 certe

478 4544 639 4589 antea
680 4543 939 4606 gesserat,
969 4549 1310 4605 quanquam,
1344 4535 1566 4591 absente
1592 4544 1785 4591 sancto
1805 4535 1967 4592 Patre
2009 4547 2062 4592 et

474 4629 785 4699 depravatis
829 4628 965 4684 adeo
992 4627 1259 4695 moribus,
1289 4643 1484 4698 parum
1515 4627 1745 4684 feliciter
1775 4648 1787 4681 :
1826 4631 2028 4685 mulcta
2047 4658 2062 4668 -

476 4731 593 4776 tum
623 4726 767 4777 enim
799 4722 1116 4780 verberibus
1135 4764 1149 4788 ,
1179 4723 1309 4794 quia
1336 4721 1677 4792 disciplinam
1705 4722 1974 4794 exigebat,
2006 4724 2058 4777 in

478 4831 753 4870 carcerem
806 4818 1176 4874 detruserunt.
1225 4815 1401 4883 Quam
1439 4816 1695 4887 injuriam
1742 4818 1870 4872 dum
1911 4817 2061 4871 Brito

477 4923 587 4961 non
622 4916 747 4976 post
781 4909 1082 4965 discessum
1118 4909 1175 4965 S.
1209 4907 1429 4965 Roberti
1450 4951 1465 4976 ,
1515 4925 1624 4964 non
1661 4909 1914 4965 Alberico
1965 4909 2060 4965 sed

479 4998 758 5069 Stephano
784 4999 1075 5069 irrogatam
1105 5000 1276 5056 fuisse
1304 5001 1556 5066 sustinet,
1593 5000 1663 5055 ab
1692 5000 1881 5054 eodem
1911 5000 2061 5053 Man-

477 5092 665 5163 riqnez
692 5090 983 5163 corrigitur
1025 5092 1078 5144 in
1125 5093 1240 5147 haec
1259 5093 1443 5147 verba.
1482 5111 1499 5143 ι
1535 5090 1693 5145 Errat
1723 5090 1887 5162 igitur
1911 5090 2061 5145 Brito

475 5185 775 5243 Lusitanus
801 5185 930 5239 dum
969 5192 1182 5253 tempus
1210 5192 1415 5250 mutat;
1449 5183 1689 5255 gravius,
1718 5183 1847 5237 dum
1882 5198 2061 5252 perso-

477 5293 598 5337 nas.
631 5278 899 5335 Aureolas
930 5275 1031 5331 has
1055 5273 1306 5328 Alberico
1331 5273 1476 5327 Patri
1498 5273 1753 5339 detrahit,
1780 5283 1839 5327 ut
1867 5273 2057 5328 iisdem

477 5372 815 5443 Stephanum
848 5376 1108 5436 coronet;
1133 5376 1187 5423 et
1216 5366 1359 5438 quod
1385 5366 1603 5421 mireris
1633 5381 1885 5420 sermone
1914 5363 2060 5419 facto

474 5474 569 5521 aut
600 5464 746 5531 ficto,
775 5479 884 5535 quo
925 5462 1200 5520 Robertus
1240 5458 1690 5532 praevaricatores
1732 5458 1933 5513 dicitur
1971 5457 2055 5510 in-

473 5572 727 5627 crepasse
748 5557 850 5611 sub
873 5556 966 5611 tali
997 5556 1232 5612 themate
1257 5573 1271 5610 :
1313 5573 1332 5607 ι
1367 5551 1694 5608 Curavimus
1727 5549 2057 5622 Babylonem

482 5664 502 5695 c
537 5654 591 5700 et
614 5661 723 5699 non
758 5654 843 5701 est
865 5656 1089 5715 sanata,
1121 5645 1565 5716 derclinquamus
1595 5659 1738 5699 eam.
1777 5662 1797 5693 ι
1845 5640 1957 5712 Ego
2000 5639 2054 5694 in

476 5732 718 5788 Exordio
739 5751 909 5805 parvo
934 5735 1305 5808 Cisterciensi,
1348 5754 1377 5792 a
1409 5736 1602 5807 primis
1641 5734 1843 5791 nostris
1880 5731 2057 5788 Patri-

2162 4547 2352 4589 eorum
2386 4529 2678 4585 admodum
2701 4528 2962 4583 salutaris
2981 4526 3083 4582 fuit
3106 4526 3549 4584 Mulismensium
3570 4529 3743 4589 rebus

2162 4624 2381 4680 occasio
2428 4622 2629 4693 quippe
2675 4620 2946 4678 Cistercio
2984 4631 3039 4676 et
3070 4620 3247 4675 ordini
3277 4620 3408 4677 inde
3438 4622 3590 4678 dicto
3624 4624 3743 4677 fun-

2162 4716 2356 4772 dandis
2384 4734 2397 4770 :
2433 4715 2500 4770 de
2522 4715 2723 4785 quibus
2741 4714 2845 4769 ista
2866 4713 2983 4784 tunc
2996 4728 3062 4768 ex
3081 4711 3403 4783 Maurique:
3429 4713 3737 4785 deprompta

2162 4818 2292 4863 sunt
2322 4827 2334 4861 :
2374 4827 2393 4859 ι
2421 4807 2646 4864 Cunctis
2673 4822 2804 4878 ergo
2838 4805 3088 4861 Molismo
3136 4806 3416 4862 restitutis
3444 4814 3611 4878 atque
3640 4820 3745 4859 uno

2162 4918 2357 4958 rursus
2381 4918 2446 4957 ex
2472 4903 2725 4960 onmibus
2754 4901 2860 4959 sub
2902 4900 3142 4957 ltoberto
3166 4910 3395 4971 pastore
3422 4901 3555 4957 ovili
3583 4900 3739 4963 facta.

2164 4996 2535 5051 instauranda:
2568 4995 2866 5065 disciplima
2897 4994 3193 5050 ferventius
3219 4995 3496 5050 institum.
3529 4994 3597 5049 Et
3618 4993 3741 5065 qui-

2162 5088 2394 5143 busdam
2435 5086 2654 5158 quidem
2704 5086 3034 5142 omnimodis
3080 5083 3498 5151 adnitentibus,
3526 5084 3744 5155 quihus-

2161 5181 2287 5235 dam
2325 5195 2454 5235 vero
2482 5178 2687 5234 recenti
2718 5178 2875 5248 lapsu
2905 5177 3113 5233 territis
3156 5192 3256 5232 nec
3287 5176 3549 5247 resistere
3573 5176 3738 5237 ausis,

2161 5270 2423 5342 pellendis
2449 5269 2597 5323 vitiis
2621 5268 2834 5325 facilior
2859 5268 2947 5323 via
2976 5267 3094 5323 fuit.
3124 5267 3292 5321 Multa
3316 5266 3372 5321 in
3400 5266 3603 5321 melius
3624 5278 3741 5318 mu-

2162 5373 2272 5417 tata
2299 5363 2636 5426 visebantur,
2672 5360 2836 5425 etiam
2892 5359 2947 5414 in
2976 5359 3063 5414 his
3093 5359 3298 5429 quibus
3319 5355 3739 5428 peccandi-cott-

2161 5452 2395 5507 suetudo
2439 5451 2643 5507 fecerat
2690 5451 3083 5520 impatientiam
3132 5449 3469 5521 corrigendi,
3503 5456 3563 5503 et
3588 5460 3738 5516 aspe-

2161 5544 2306 5599 riora
2331 5560 2429 5614 per
2461 5544 2923 5614 dispensationem
2953 5541 3181 5608 indulta,
3210 5539 3459 5612 antiquis
3480 5538 3735 5601 mutaui.

2160 5639 2430 5708 pleraeque
2465 5638 2667 5709 regulae
2695 5637 2761 5693 ad
2791 5651 3026 5707 unguem
3057 5636 3440 5693 semalmntur.
3477 5633 3627 5691 Satis
3646 5647 3734 5690 al-

2159 5743 2364 5801 perque
2395 5738 2573 5787 actum
2599 5729 2886 5801 iudicaret,
2906 5728 3001 5799 qui
3026 5744 3115 5783 res
3133 5736 3432 5797 pra‘sentes
3452 5722 3730 5799 prudentia
