3976 6356
178 324 187 329 ’
223 360 359 419 tam

1755 348 1955 405 ACTA.

3345 351 3484 413 £26!

219 474 500 530 conferret
543 489 556 525 :
610 470 703 526 sed
750 468 954 525 sanctis
1001 468 1131 522 viris
1183 466 1429 521 infimum
1492 465 1797 529 videbatur,
1828 471 1874 525 Α
1902 465 2074 519 secuti
2118 474 2277 530 sunt,
2324 464 2417 520 sed
2449 463 2727 520 dexteram
2758 463 2853 521 Dei
2897 465 3036 529 vivi,
3072 467 3324 521 virtutem
3352 457 3483 541 ope-

218 563 490 637 quidquid
529 576 637 616 non
674 576 974 625 summum,
1009 569 1064 613 et
1094 560 1277 612 minus
1321 556 1585 612 alliciebat
1612 572 1798 611 cmeno

219 672 346 712 sum
388 654 491 707 iter
517 668 682 723 quam
714 652 860 721 quod
899 650 1157 706 restabat.
1191 669 1209 700 ι
1248 647 1311 701 Ει
1347 647 1535 717 paucis
1585 646 1797 716 interie-

216 748 346 810 ctis,
388 763 407 796 ι
444 742 775 813 Stephanus,
809 744 861 796 in
886 743 988 796 hac
1010 757 1141 795 cura
1172 739 1500 810 praecipuus,
1531 738 1804 809 indulgeu-

216 839 326 895 tias
374 835 879 906 praavaricationem
906 875 922 900 ,
960 833 1397 902 dispensationes
1436 830 1651 900 piacula
1703 846 1800 900 ap-

214 928 481 1000 pellabat.
514 926 565 983 Is
591 926 846 982 Alberico
872 934 927 981 et
953 924 1284 996 quibusdam
1309 924 1430 979 aliis
1456 922 1654 993 primo,
1681 922 1803 977 inde

216 1021 463 1076 ltoberto
490 1019 637 1075 Patri
670 1018 1083 1090 relegandarum
1120 1016 1589 1086 dispensationum
1615 1024 1803 1070 auctor

213 1112 449 1179 exstitit,
491 1111 539 1167 si
587 1110 703 1166 fieri
729 1117 914 1181 posset
946 1107 1181 1164 Molismi
1222 1106 1686 1178 permanentibus,
1715 1108 1800 1161 sin

211 1204 406 1260 minus
450 1216 782 1274 quocunque
823 1200 933 1255 alio
980 1198 1313 1270 migraturis.
1371 1216 1390 1249 ›
1435 1194 1559 1251 lizec
1600 1195 1802 1252 Mauri-

210 1310 383 1365 queat.

284 1389 341 1442 9.
386 1385 600 1453 Quibus
657 1385 1007 1440 vctustiorem
1067 1381 1240 1438 multo
1295 1389 1349 1436 et
1405 1380 1797 1435 accuratiorem

209 1478 279 1532 de
323 1485 441 1531 tota
464 1474 715 1531 Cistercii
738 1474 1021 1528 molitione
1046 1471 1415 1527 narrationem
1439 1485 1504 1525 ex
1533 1469 1627 1524 lib.
1654 1484 1671 1522 ι
1703 1466 1799 1521 iii-

208 1564 404 1621 storia:
450 1565 663 1620 selectae
708 1561 992 1632 prepagati
1036 1559 1162 1615 inde
1208 1557 1420 1613 ordinis
1453 1557 1797 1626 subjicimus,

207 1671 338 1726 qua:
365 1654 498 1710 olim
529 1652 902 1721 manuscripta
927 1651 982 1704 in
1006 1649 1238 1718 collegio
1267 1658 1459 1703 nostro
1488 1648 1640 1702 urbis
1668 1645 1798 1701 Em-

206 1744 487 1801 hricensis
539 1742 810 1799 exstabat.
854 1739 932 1795 Ea
971 1754 1104 1795 vero
1145 1738 1460 1809 linjusmodi
1513 1746 1635 1793 est:
1681 1758 1700 1790 ι
1732 1736 1797 1792 ili

208 1838 407 1906 itaque
440 1833 582 1891 servi
605 1832 699 1889 Dei
720 1831 879 1903 pauci
906 1846 1168 1898 numero,
1191 1830 1285 1886 sed
1323 1831 1447 1901 igne
1488 1830 1602 1897 illo,
1632 1845 1794 1901 quem

208 1924 486 1981 Dominus
512 1924 675 1981 JCSdS
702 1923 850 1979 misit
895 1922 950 1977 in
994 1930 1196 1981 terram
1224 1931 1280 1977 et
1307 1923 1422 1978 vult
1448 1923 1796 1980 vehementer

205 2017 437 2073 accendi
463 2057 478 2082 ,
512 2015 725 2072 fortiter
749 2014 1105 2081 inflammati;
1134 2014 1265 2071 dum
1306 2014 1658 2084 quotidianas
1686 2013 1793 2070 Re-

206 2090 352 2181 gulae
384 2110 645 2166 lectiones
671 2124 703 2164 a
731 2106 972 2178 capitulo
1016 2107 1309 2173 audirent,
1340 2117 1391 2163 et
1424 2107 1569 2163 aliud
1608 2106 1793 2179 Regu-

204 2200 318 2254 lam
361 2201 658 2271 praecipere
700 2209 867 2271 atque
920 2199 1066 2256 aliud
1117 2197 1544 2255 consuetudines
1581 2199 1794 2256 ordinis

205 2300 397 2345 tenere
445 2291 878 2362 perpenderent,
935 2290 1259 2362 gravissime
1302 2290 1790 2359 contristabantur,

204 2382 458 2439 videntes
504 2398 563 2439 se
607 2393 945 2456 ueteresque
982 2383 1282 2440 monachos
1334 2383 1595 2456 Regulam
1648 2386 1789 2440 beati

207 2470 397 2530 Patris
451 2474 727 2532 Benedicti
772 2476 1000 2531 solemni
1052 2474 1419 2547 promissione
1475 2485 1792 2533 servaturos

203 2563 328 2621 fore
372 2568 716 2636 promisisse,
754 2568 849 2623 sed
904 2569 1206 2624 secundum
1252 2567 1500 2623 instituta
1538 2569 1657 2640 ejus
1704 2584 1794 2625 ne-

202 2671 484 2728 quaquam
518 2659 717 2714 vivere.
742 2657 1006 2715 Primitus
1032 2674 1162 2731 ergo
1187 2660 1440 2730 privatim
1481 2660 1681 2731 saepius
1702 2661 1789 2715 in-

203 2754 289 2802 ter
306 2760 383 2805 ‘se
409 2750 802 2829 colloquentes,
831 2751 1322 2822 transgressionem
1358 2766 1514 2806 suam
1543 2767 1787 2822 conque-

200 2840 501 2909 rebantur;
541 2851 596 2896 et
623 2857 863 2912 quonam
893 2842 1058 2897 modo
1086 2841 1252 2912 hujus
1285 2843 1418 2897 tanti
1448 2843 1575 2897 mali
1613 2859 1788 2899 remc~

199 2928 356 2983 dium
402 2930 648 2986 invenire
701 2940 946 3000 possent,
996 2930 1225 2986 sollicite
1273 2931 1596 2995 tractabant.
1648 2929 1787 2986 Cum

200 3033 335 3075 vero
355 3031 545 3091 postea
577 3022 802 3077 verbum
835 3020 1071 3078 effusum
1102 3031 1248 3078 esset
1275 3022 1332 3077 in
1354 3021 1655 3091 publicum,
1678 3036 1788 3077 cre-

201 3112 307 3167 teri
355 3113 451 3183 qui
480 3114 729 3172 carnales
776 3126 953 3183 erant,
986 3131 1087 3172 nec
1134 3124 1384 3186 poterant
1431 3115 1614 3171 dicere
1661 3132 1787 3171 cum

201 3207 493 3277 propheta,
527 3207 655 3278 quia
691 3227 708 3259 ι
737 3208 806 3263 de
844 3207 1061 3262 exnelso
1084 3207 1233 3263 misit
1271 3207 1449 3276 ignem
1487 3208 1540 3261 in
1564 3208 1788 3264 ossibus

201 3298 343 3354 meis
371 3308 429 3354 et
470 3298 705 3354 erudivit
753 3313 841 3353 me
899 3295 1116 3368 (Thr-eu.
1152 3312 1190 3364 i,
1222 3298 1356 3366 J3),
1392 3312 1415 3348 ι
1447 3314 1638 3353 servos
1691 3298 1787 3355 Dei

197 3390 450 3447 deridere
477 3431 492 3457 ,
524 3390 807 3460 modisque
841 3389 1099 3444 omnibus
1126 3387 1327 3459 quibus
1360 3398 1640 3458 poterant,
1669 3399 1728 3445 ut
1752 3405 1783 3444 a

199 3490 312 3536 tam
342 3493 535 3538 saneto
561 3480 841 3551 proposito
864 3486 1163 3545 cessarent,
1186 3477 1445 3535 infestare
1478 3490 1780 3551 coeperunt.

197 3568 269 3625 At
296 3571 376 3626 illi
405 3571 502 3642 qui
529 3569 722 3640 spiritu
763 3567 858 3624 Dei
883 3567 1204 3642 agebantur,
1229 3576 1284 3623 et
1307 3577 1588 3638 propterea
1626 3564 1782 3625 liberi

192 3671 370 3728 erant,
401 3676 513 3718 non
542 3669 797 3717 curantes
823 3673 1015 3715 eorum
1048 3658 1343 3714 malevolas
1372 3658 1779 3727 insectationes,

190 3759 305 3808 toto
335 3752 549 3809 mentis
579 3751 778 3807 annisu
814 3750 883 3806 ad
908 3748 1079 3806 Deum
1117 3748 1369 3805 conversi
1391 3748 1668 3819 precibus,
1697 3750 1782 3805 in-

184 3843 539 3900 stantissime
590 3840 938 3913 postulabant
978 3847 1040 3894 ut
1099 3838 1313 3894 Domini
1357 3838 1532 3910 pietas
1574 3854 1670 3895 eos
1711 3839 1779 3895 ad

186 3933 349 3990 talem
397 3936 578 3991 locum
604 3932 837 4006 dirigere
861 3932 1197 4004 dignaretur,
1215 3932 1273 3986 in
1310 3944 1422 4003 quo
1449 3939 1573 3988 vota
1614 3930 1781 3985 labio-

182 4038 305 4079 rum
337 4040 609 4091 suorum,
637 4039 762 4095 quae
790 4022 1091 4079 secundum
1121 4021 1386 4094 Regulam
1430 4022 1781 4078 firmaverant

182 4116 278 4171 sed
306 4134 440 4175 non
469 4124 839 4181 servaverant,
881 4114 1105 4171 reddere
1129 4122 1373 4185 possent.
1398 4112 1602 4169 Deinde
1644 4128 1779 4170 con-

184 4210 506 4269 siderantes
545 4211 691 4282 quod
725 4208 1019 4279 Apostolus
1054 4216 1261 4275 monet,
1285 4222 1394 4262 non
1421 4205 1569 4261 omni
1612 4204 1776 4277 spiri-

182 4304 260 4357 tui
288 4318 433 4361 esse
459 4302 786 4359 credendum
815 4299 872 4373 (Ι
896 4299 1057 4355 Joan.
1086 4315 1158 4366 tv,
1184 4299 1269 4370 i);
1292 4308 1347 4355 et
1370 4296 1518 4369 quod
1546 4295 1774 4366 Regula,

181 4407 343 4462 quam
403 4394 579 4449 modis
620 4393 877 4448 omnibus
926 4391 1160 4462 perfecte
1196 4405 1418 4446 servare
1463 4389 1773 4460 cupiebant,

1906 567 2116 611 rantem
2142 558 2196 611 in
2224 557 2323 612 eis.

1980 650 2065 702 if).
2132 647 2318 720 itaque
2391 650 2725 721 magnanimi
2797 651 2940 717 viri,
3001 651 3478 707 innumerabilium

1906 738 2136 793 militum
2177 737 2384 796 Christi
2413 741 2582 796 duces
2614 750 2669 796 et
2705 741 2949 812 signiferi
2986 741 3187 809 futuri,
3224 756 3333 796 non
3370 751 3479 798 tam

1905 843 2169 882 novarum
2215 845 2380 900 quam
2430 846 2753 902 magnarum
2792 847 2975 886 rerum
3023 832 3228 902 totique
3274 831 3480 886 mundo

1905 917 2316 988 profuturarum
2347 920 2551 990 cupidi,
2582 938 2705 975 cum
2736 920 2959 977 assiduo
2999 929 3231 977 tractatu
3264 936 3479 992 quatre-

1904 1018 2026 1064 rent
2048 1009 2188 1065 inter
2226 1025 2285 1066 se
2314 1011 2548 1082 qualiter
2570 1013 2622 1066 in
2653 1013 2799 1083 quod
2837 1013 3130 1083 cupiebant
3155 1014 3476 1085 congruenti

1902 1100 2069 1155 modo
2108 1101 2176 1156 ad
2207 1102 2458 1158 effectum
2510 1105 2902 1173 perducerent,
2945 1106 3195 1161 consulto
3244 1105 3479 1161 rationis

1896 1190 2106 1260 judicio
2151 1194 2449 1262 prudenter
2491 1195 2877 1260 adverterunt,
2910 1196 3012 1251 lori
3042 1196 3124 1251 vel
3153 1196 3366 1251 ordinis
3392 1194 3479 1253 sui

1902 1283 2258 1337 mutationem
2302 1284 2509 1354 absque
2554 1286 2700 1342 sedis
2742 1288 3054 1357 apostolica!
3097 1303 3368 1344 consensu
3420 1302 3480 1343 se

1900 1386 2231 1440 praesumere
2255 1387 2602 1442 nequaquam
2632 1374 2850 1430 debere.
2883 1375 3012 1430 Erat
3034 1385 3164 1432 tunc
3186 1375 3240 1431 in
3270 1373 3477 1431 Gallia-

1901 1479 2023 1518 rum
2062 1461 2312 1533 partibns
2347 1462 2494 1519 sedis
2538 1466 2853 1536 apostolicae
2900 1468 3108 1537 legatus
3153 1467 3478 1525 venerabilis

1901 1550 2078 1624 lingu,
2132 1551 2517 1619 Lugdunensis
2555 1556 3019 1627 archiepiscopus.
3056 1557 3142 1612 vir
3192 1559 3476 1629 religione,

1899 1645 2188 1716 prudentia
2216 1654 2269 1700 et
2295 1647 2620 1704 auctoritate
2634 1651 2995 1719 venerandus,
3011 1651 3167 1707 iiunc
3188 1653 3478 1724 praedictus

1899 1738 2069 1793 abbas
2100 1751 2155 1795 et
2198 1745 2421 1806 :‘ratres,
2468 1744 2562 1814 qui
2604 1743 2877 1799 desiderio
2927 1745 3252 1803 innovandae
3284 1764 3477 1805 mona-

1826 1815 1868 1870 Β
1898 1830 2048 1885 εῑίαε
2076 1831 2360 1904 religionis
2407 1832 2728 1905 flagrabant,
2773 1835 3001 1902 adeunt;
3046 1846 3216 1893 aestus
3243 1848 3297 1894 et
3350 1851 3475 1898 vota

1895 1921 2143 1978 eordium
2169 1938 2398 1979 suorum
2423 1924 2698 1981 humiliter
2725 1926 2967 1996 pandunt
2997 1944 3011 1993 ξ
3052 1930 3475 1989 consuetudines

1894 2013 2104 2069 ordinis
2127 2032 2160 2071 a
2202 2014 2408 2089 Regula
2441 2033 2605 2088 quam
2636 2026 2792 2075 erant
2830 2016 3061 2088 professi
3105 2021 3333 2078 nimium
3363 2023 3476 2079 dis-

1895 2120 2119 2176 crepare
2146 2118 2596 2180 conquerantur;
2630 2118 2913 2179 prOpterea
2944 2111 3231 2167 manifeste
3249 2114 3473 2184 perjurii

1893 2195 2099 2252 crimen
2150 2212 2209 2254 se
2265 2199 2501 2254 scienter
2566 2199 2863 2256 incurrisse
2914 2201 3151 2257 dolendo
3211 2201 3471 2260 fatentur.

1891 2285 2111 2341 Addunt
2129 2297 2389 2357 praeterea
2411 2303 2471 2342 se
2492 2288 2655 2341 vitam
2678 2304 2832 2344 suam
2848 2306 2911 2344 ex
2942 2291 3150 2362 integro
3171 2292 3470 2352 secundum

1891 2377 2137 2434 instituta
2164 2378 2383 2451 Regulte
2410 2379 2585 2435 sancti
2616 2378 2792 2435 Patris
2813 2381 2896 2436 sui
2920 2380 3193 2439 Benedicti
3218 2386 3473 2442 ordinare

1893 2470 2046 2536 velle,
2078 2480 2129 2525 it
2166 2480 2225 2525 ut
2259 2472 2341 2528 eis
2368 2473 2436 2527 ad
2477 2472 2581 2526 hoc
2622 2472 2846 2528 liberius
2884 2474 3291 2544 exsequendum
3327 2473 3468 2534 idem

1891 2562 2099 2633 legatus
2144 2563 2231 2619 sui
2275 2563 2577 2634 juvaminis
2618 2564 2788 2620 robur
2822 2565 3115 2636 apostolica
3145 2567 3472 2625 auctoritate

1890 2654 2149 2725 porrigat,
2170 2655 2439 2711 instanter
2457 2654 2719 2727 flagitant.
2748 2655 3011 2713 Dominus
3033 2668 3214 2714 autem
3238 2659 3468 2731 legatus,

1889 2761 2013 2799 eum
2045 2754 2192 2801 esset
2224 2746 2467 2817 prudens
2500 2755 2555 2801 et
2581 2747 2872 2815 discretus,
2904 2748 3263 2806 consideratis
3290 2751 3470 2806 suhtfo

1889 2834 2013 2889 liter
2039 2834 2457 2906 allegationibus
2505 2851 2718 2904 eorum,
2766 2837 3110 2893 laudabiliter
3133 2854 3230 2894 eos
3262 2842 3467 2901 moveri

1891 2929 2297 2997 pronuntiavit;
2354 2930 2709 3002 ipsorumque
2747 2931 3125 3001 spiritualibus
3158 2933 3301 2988 votis
3331 2933 3468 2991 laetis

1889 3019 2150 3091 auspiciis
2186 3019 2395 3086 favens,
2449 3023 2542 3079 tali
2591 3022 2818 3092 epistola
2856 3038 2950 3077 eos
2978 3024 3045 3078 ad
3076 3023 3465 3093 perliciendum

1894 3121 2002 3168 tota
2032 3112 2300 3180 libertate,
2336 3115 2481 3186 quod
2510 3116 2594 3186 pia
2645 3124 2825 3173 mente
2869 3130 3251 3190 conceperant,
3274 3120 3469 3179 exhor-

1846 3200 1856 3215 ⁸
1892 3214 2036 3261 tatus
2059 3214 2163 3261 est.

1960 3296 2045 3350 if.
2083 3315 2102 3347 ‹
2141 3295 2318 3367 litigo,
2340 3297 2720 3368 Lugdunensis
2746 3301 3035 3372 cpiscopus
3074 3312 3128 3358 et
3152 3304 3464 3374 apostolica:

1893 3408 1911 3440 ι
1955 3389 2102 3445 sedis
2150 3391 2381 3461 legatus,
2410 3389 2644 3453 Roberto
2672 3391 3001 3449 Molismcnst
3043 3392 3225 3449 abbati
3266 3407 3321 3451 et
3353 3395 3465 3450 fra~

1892 3501 1910 3533 ι
1958 3481 2155 3549 tribus,
2185 3498 2310 3538 cum
2351 3498 2418 3538 eo
2462 3483 2761 3541 secundum
2795 3482 3055 3554 Regulam
3089 3487 3263 3541 sancti
3292 3486 3463 3541 Bene~

1890 3590 1908 3620 ι
1955 3570 2086 3626 dicti
2115 3569 2228 3627 Deo
2252 3572 2456 3627 servire
2487 3572 2851 3641 cupientibus.
2873 3572 3070 3630 Notum
3092 3577 3165 3632 sit
3184 3578 3463 3647 omnibus,

1890 3680 1909 3710 ι
1954 3660 2022 3716 de
2051 3671 2254 3717 sancta:
2288 3663 2477 3718 matris
2522 3661 2778 3721 Ecclesiae
2802 3666 3045 3737 profectu
3076 3670 3459 3741 gaudentibus,

1890 3769 1907 3801 ι
1950 3766 2047 3806 vos
2076 3760 2131 3805 et
2151 3752 2416 3820 quosdam
2440 3753 2579 3808 filios
2610 3766 2817 3812 vestros
2842 3755 3206 3817 llolismensis
3225 3763 3461 3821 cmuobii

1890 3863 1906 3894 ι
1956 3843 2176 3910 fratres,
2207 3842 2457 3913 Lugduni
2482 3845 2534 3899 in
2566 3856 2753 3902 nostra
2790 3851 3075 3923 pncsentia
3103 3855 3364 3923 astitisse,
3396 3873 3462 3913 ae

1888 3954 1906 3985 ι
1956 3934 2175 4005 Regula:
2218 3935 2517 3992 beatissimi
2562 3934 2867 4005 Benedicti,
2921 3956 3084 4013 quam
3121 3945 3252 4003 illnc
3281 3963 3461 4018 usque

1887 4045 1905 4077 ι
1952 4026 2131 4096 tepide
2155 4043 2219 4083 ac
2243 4028 2576 4100 negligenter
2596 4030 2650 4085 in
2682 4028 2871 4085 eodem
2910 4035 3243 4092 monasterio
3265 4046 3451 4092 tenne-

1887 4135 1905 4167 σ
1954 4117 2107 4183 ratis,
2145 4118 2350 4173 arctius
2379 4119 2574 4173 deinde
2602 4131 2655 4175 et
2688 4119 2982 4191 perfectius
3013 4123 3282 4181 inhazrere
3322 4128 3459 4185 velle

1887 4226 1904 4256 ι
1949 4204 2228 4277 professos
2249 4205 2438 4262 fuisse.
2466 4206 2619 4275 Quod
2642 4209 2769 4280 quia
2793 4209 2847 4265 in
2898 4210 3021 4267 loco
3051 4214 3312 4285 praedicto
3338 4217 3459 4287 plu-

1889 4317 1906 4347 ι
1956 4297 2108 4354 ribus
2131 4297 2550 4370 impedientibus
2571 4300 2754 4358 causis
2783 4311 2995 4358 constat
3031 4305 3316 4376 adimpleri
3346 4324 3455 4367 non

1883 4408 1901 4441 α
1949 4404 2138 4460 posse,
2162 4404 2264 4445 nos
2316 4389 2602 4463 utriusque
2626 4392 2795 4462 partis
2823 4393 3007 4459 saluti,
3034 4395 3283 4453 videlicet
3327 4397 3455 4455 inde

181 4486 446 4559 praecipit
467 4484 669 4553 corripi
693 4501 817 4539 eum
869 4485 963 4554 qui
1012 4484 1131 4540 sine
1166 4480 1530 4554 permissione
1562 4480 1774 4537 abbatis
1806 4498 1851 4556 ι)
1886 4501 1903 4531 ι
1949 4479 2320 4537 recedentium
2367 4492 2531 4553 atque
2554 4482 2664 4538 illic
2693 4485 3050 4549 manentium,
3077 4487 3451 4557 providentes;

181 4578 496 4650 quidquam
529 4576 708 4633 facere
737 4574 1163 4646 praesumpserit,
1200 4573 1453 4629 abbatem
1479 4588 1643 4629 suum
1671 4572 1775 4626 bu-

183 4668 402 4728 militer
426 4670 630 4725 adeunt
654 4710 668 4735 ,
695 4668 762 4723 de
787 4668 1221 4738 transgressione
1250 4664 1472 4737 Regula:
1500 4665 1777 4736 querimo-

183 4759 329 4818 niam
386 4768 731 4832 proponunt,
761 4759 871 4814 voti
915 4758 1001 4813 sui
1052 4756 1517 4812 ferventissimum
1564 4755 1776 4812 deside-

185 4850 325 4915 rium
352 4849 630 4924 pandunt,
658 4858 712 4904 et
740 4857 798 4903 ut
824 4849 945 4917 ejus
971 4847 1176 4903 auxilio
1213 4849 1416 4917 pariter
1436 4857 1491 4903 et
1517 4847 1770 4914 consilio,

186 4941 333 5007 quod
403 4938 607 5011 Spiritu
652 4946 841 4994 sancto
869 4936 1144 5007 aspirante
1185 4946 1367 4992 mente
1409 4936 1775 5008 conceperant

192 5032 455 5095 perficere
503 5029 752 5100 possint,
776 5026 1089 5097 suppliciter
1112 5034 1424 5096 precantur.
1458 5025 1601 5095 Nutu
1640 5043 1769 5083 vero

196 5115 312 5186 Dei,
343 5122 413 5177 ad
442 5121 637 5176 boram
679 5129 1039 5190 compunctus
1069 5117 1240 5173 abbas
1286 5117 1395 5183 ille,
1427 5119 1768 5188 propositum

198 5224 481 5271 servorum
511 5211 604 5268 Dei
628 5212 833 5277 laudat,
869 5219 925 5264 et
948 5226 1058 5266 non
1085 5210 1265 5265 solum
1293 5209 1583 5266 consilium
1611 5212 1769 5266 auxi—

198 5299 439 5374 fiamque
468 5320 528 5361 se
556 5303 941 5375 praebiturum;
975 5316 1163 5359 verum
1180 5302 1342 5358 etiam
1362 5301 1603 5375 scipsum
1634 5302 1772 5357 indi-

197 5391 418 5451 viduum
466 5396 722 5452 comitem
757 5409 948 5450 eorum
989 5393 1044 5448 in
1090 5403 1199 5448 tam
1251 5403 1440 5450 sancto
1489 5394 1769 5467 proposito

198 5481 464 5556 futurum,
493 5490 805 5547 firmissime
832 5487 1136 5561 pollicetur.
1170 5485 1290 5553 Quo
1318 5487 1503 5544 audito
1533 5488 1769 5544 humiles

197 5579 389 5648 spiritu
424 5584 623 5641 fratres
651 5586 726 5641 illi
757 5582 1043 5655 magnifice
1091 5579 1430 5637 corroborati
1459 5590 1615 5647 sunt,
1640 5589 1768 5636 tunc

196 5671 432 5737 primum
463 5676 820 5746 intelligentcs
852 5674 1001 5744 quod
1031 5688 1157 5729 vere
1181 5688 1213 5728 a
1252 5670 1484 5728 Domino
1511 5687 1769 5744 egressus

196 5770 278 5817 est
304 5777 504 5835 sermo,
540 5783 638 5823 nec
668 5767 880 5825 somnia
915 5764 1096 5823 cordis
1122 5765 1207 5821 sui
1254 5764 1310 5821 in
1354 5763 1626 5823 desiderio
1674 5765 1765 5825 tali

1886 4590 1905 4623 α
1949 4571 2002 4625 in
2031 4572 2210 4627 locum
2249 4572 2441 4640 alium,
2470 4589 2633 4645 quem
2661 4574 2814 4629 vobis
2835 4573 3019 4629 divina
3052 4575 3277 4646 largitas
3304 4576 3453 4634 desi-

1886 4683 1903 4714 ι
1950 4663 2217 4733 gnaverit,
2255 4680 2354 4720 vos
2387 4666 2694 4731 declinare,
2733 4665 2915 4736 ibique
2963 4667 3241 4724 salubrius
3286 4677 3453 4741 atque

1884 4779 1902 4810 c
1947 4759 2187 4830 quietius
2233 4757 2460 4814 Domino
2508 4759 2781 4819 famulari.
2839 4760 2970 4815 utile
2999 4760 3259 4821 duximus
3309 4762 3447 4819 fore.

1884 4868 1902 4899 ι
1951 4847 2114 4905 Vobis
2136 4864 2268 4921 ergo
2290 4860 2421 4905 tunc
2440 4850 2818 4920 przesentihus,
2844 4850 3090 4907 videlicet
3103 4851 3342 4911 Roberto
3355 4854 3452 4909 ab.

1884 4961 1901 4989 ‹
1949 4940 2082 5005 bati,
2119 4938 2382 4995 fratribus
2415 4956 2633 5013 quoque
2663 4939 2913 4996 Alberico
2937 4983 2953 5009 ,
2989 4940 3197 5009 Odoni,
3228 4942 3447 5015 .ioanni,

1880 5050 1898 5081 ι
1946 5030 2243 5104 Stephano,
2268 5027 2525 5097 Laetaldo,
2570 5029 2749 5097 Petro,
2781 5030 2877 5091 sed
2927 5041 2983 5089 et
3025 5035 3280 5092 omnibus
3309 5052 3452 5108 quos

1879 5144 1896 5175 ι
1945 5122 2265 5195 regulariter
2286 5132 2339 5177 ct
2369 5122 2648 5179 communi
2672 5123 2903 5182 consilio
2927 5124 3084 5181 vobis
3115 5127 3326 5181 sociare
3354 5127 3447 5182 de-

1878 5234 1896 5266 ι
1943 5215 2256 5278 creveritis,
2308 5214 2410 5269 hoc
2464 5222 2714 5270 sanctum
2758 5215 3094 5286 propositum
3147 5231 3364 5271 servare
3391 5225 3449 5277 ct

1879 5325 1897 5356 ι
1940 5316 2071 5362 tunc
2098 5306 2496 5368 consuluimus.
2523 5314 2574 5361 et
2602 5315 2662 5361 ut
2708 5305 2762 5383 in
2795 5305 2898 5362 hoc
2928 5306 3283 5381 perseveretis
3308 5322 3451 5376 pra)-

1879 5417 1896 5444 ο
1943 5399 2198 5471 cipimus,
2231 5407 2283 5453 ct
2312 5397 2636 5455 auctoritate
2673 5397 2967 5469 apostolica
2991 5413 3086 5467 per
3130 5396 3293 5467 sigilli
3320 5410 3453 5453 nos-

1880 5509 1897 5540 ι
1946 5489 2013 5543 tri
2043 5487 2458 5560 impressionem
2512 5488 2566 5541 in
2618 5496 2939 5560 perpetuum
2964 5485 3376 5547 confirmamus.
3416 5506 3441 5544 ι

1874 5579 1986 5636 lioc
2023 5579 2182 5651 legati
2211 5577 2475 5649 pontificii
2511 5578 2774 5647 diploma,
2828 5593 2939 5650 quo
2965 5587 3286 5650 potestatem
3314 5577 3448 5641 facit

1860 5674 1931 5743 ,S.
1970 5673 2207 5728 Roberto
2241 5685 2305 5725 ac
2340 5669 2508 5726 sociis
2552 5668 2969 5727 Cistereicnsem
3018 5670 3265 5725 ordinem
3314 5669 3446 5730 fun.

1871 5762 2055 5831 dandi,
2099 5761 2263 5817 etiam
2305 5775 2334 5814 a
2393 5756 2576 5814 Miraco
2623 5758 2677 5813 in
2732 5758 2860 5817 dicti
2908 5757 3118 5823 ordinis
3167 5758 3446 5823 Chronico
