3970 6486
490 398 511 450 1
523 396 627 452 ~2625

1372 394 1466 471 _S.
1511 391 1811 448 ROBERTI
1848 392 2009 447 ΟΜ).
2049 390 2364 448 ClSTERC.
2410 392 2847 449 FUNDATURIS

3598 395 3717 456 ηδι

482 510 738 577 refertur,
768 517 823 565 et
865 519 1117 565 testatum
1146 507 1275 562 facit
1308 509 1490 577 (secus
1513 522 1678 578 quam
1714 515 1972 562 narratur
2002 507 2058 561 in
2088 512 2133 567 Α
2164 509 2345 578 itaque
2374 525 2518 573 anno
2553 525 2662 580 quo
2688 508 3055 579 pnediximus,
3084 524 3161 564 xu
3196 507 3473 565 Kalendas
3513 511 3719 582 Aprilis.

483 601 631 672 Vita)
658 599 760 655 BB.
793 600 1103 655 Albericum
1135 614 1198 654 ac
1231 597 1592 669 Stephanum,
1626 606 1919 669 antequam
1944 598 2059 654 haec

483 694 714 749 facultas
768 698 1043 760 peteretur
1094 689 1629 761 commigrarentque
1675 689 1839 744 simul
1867 704 2059 745 omnes

484 783 551 837 ad
586 780 933 845 Cistercium,
979 796 1042 836 ex
1088 779 1347 836 Unicensi
1396 780 1690 836 solitudine
1746 779 2058 835 Molismum

482 872 801 938 revertisse;
855 887 963 926 non
1006 872 1170 927 etiam
1195 870 1522 928 Cistercium
1563 872 1823 928 fundasse
1851 874 1969 929 sine
1997 872 2054 927 S.

482 962 742 1030 Roberto,
777 963 944 1018 totius
970 962 1223 1018 videlicet
1247 964 1444 1035 negotii
1470 972 1524 1018 et
1545 963 1871 1020 administro
1890 974 1943 1019 et
1973 964 2059 1019 di-

482 1065 734 1121 rectore;
763 1070 1077 1125 quanquam
1110 1055 1320 1125 primus
1367 1056 1444 1110 rei
1479 1071 1692 1123 suasor,
1723 1056 1778 1109 in
1821 1054 2059 1111 Exordio

481 1138 699 1217 Magno,
728 1145 785 1200 S.
824 1147 1133 1216 Stephanus
1164 1145 1333 1201 fuisse
1366 1156 1701 1201 memoretur
1724 1147 1811 1202 his
1833 1146 2014 1201 verbis
2042 1164 2053 1199 :

490 1257 508 1288 ι
554 1237 908 1292 Postmodum
941 1253 1071 1292 vero
1117 1254 1240 1292 cum
1290 1237 1515 1292 verbum
1568 1238 1892 1294 innovandae
1929 1239 2057 1294 reli-

484 1328 660 1400 gionis
689 1329 743 1382 in
770 1327 957 1382 eadem
982 1328 1147 1382 domo
1177 1338 1383 1383 motum
1427 1328 1638 1396 fuisset,
1683 1330 1799 1399 ipse
1830 1328 2060 1400 Stepha-

482 1435 589 1474 nus
617 1419 827 1488 primus
870 1419 1011 1473 inter
1038 1420 1246 1488 primos
1278 1418 1679 1475 ferventissimo
1704 1420 1885 1477 studio
1908 1421 2061 1475 labo-

482 1513 642 1579 ravit,
678 1527 743 1568 ac
769 1510 945 1567 modis
970 1512 1227 1567 omnibus
1282 1512 1477 1567 institit
1514 1524 1573 1569 ut
1624 1514 1776 1570 locus
1823 1524 1877 1570 et
1927 1515 2060 1571 ordo

362 1630 381 1643 ο
476 1603 862 1658 Cisterciensis
892 1603 1288 1669 institueretur,
1330 1602 1492 1672 cujus
1536 1604 1884 1673 postmodum
1912 1603 2061 1659 ordi-

481 1704 643 1748 nante
674 1692 784 1747 Deo
807 1702 989 1763 pastor
1022 1701 1076 1747 et
1102 1692 1291 1748 doctor
1324 1702 1444 1748 erat
1468 1693 1853 1750 instituendus.
1895 1713 1914 1746 ι

554 1787 640 1841 12.
675 1786 905 1841 Obtenta
958 1786 1123 1856 igitur
1147 1801 1175 1840 a
1213 1785 1390 1856 legato
1420 1782 1718 1857 pontificio
1740 1787 2061 1842 innovandze

481 1875 759 1946 religionis
812 1874 1087 1941 facultate,
1128 1874 1477 1940 Cistercium,
1514 1877 1685 1933 densa
1740 1885 1869 1932 tunc
1918 1876 2057 1931 Bur-

480 1966 694 2037 gundio:
748 1967 905 2033 silva,
950 1975 1317 2037 Opportunum
1351 1967 1454 2024 fuit
1479 1967 1696 2035 visum;
1754 1985 1865 2039 quo
1909 1980 2062 2025 ante-

480 2074 644 2127 quam
701 2074 730 2112 a
761 2057 1011 2113 Molismo
1064 2057 1120 2113 S.
1152 2058 1427 2114 Robertus
1456 2060 1718 2131 migraret
1763 2076 1887 2115 cum
1921 2062 2059 2128 suis,

479 2146 542 2202 Β.
568 2145 901 2216 Stephanum
931 2148 997 2203 ad
1035 2147 1278 2203 Odoucm
1335 2148 1665 2221 Burgundite
1696 2150 1886 2206 ducem
1934 2168 2059 2206 cum

479 2236 674 2293 litteris
716 2238 998 2308 ablegasse
1027 2238 1246 2304 dicitur,
1275 2254 1509 2308 quarum
1537 2240 1844 2311 exemplum
1870 2259 1900 2296 a
1938 2242 2059 2296 Βη-

478 2340 626 2399 tone,
667 2348 730 2388 ex
791 2349 894 2388 ms.
928 2334 1163 2403 quodam
1209 2334 1446 2389 ccenobii
1480 2334 1889 2392 Aleobaciensis
1931 2352 2060 2407 pro—

477 2425 672 2494 latum,
720 2427 916 2482 damus
964 2427 1125 2482 infra.
1182 2426 1356 2499 llujus
1389 2429 1635 2499 epistolae
1685 2431 2057 2500 responsoria,

477 2518 679 2588 scripta
725 2519 794 2573 ab
836 2517 1027 2575 Odone
1069 2529 1208 2576 duce
1228 2518 1576 2591 Burgundiaa,
1608 2537 1674 2575 ex
1707 2522 1899 2577 eodem
1946 2539 2060 2578 me-

476 2623 692 2667 morato
735 2628 839 2668 ms.
868 2612 1114 2670 affertur.

551 2704 638 2758 l3.
668 2702 984 2759 Transitum
1010 2715 1131 2775 post
1161 2707 1276 2761 haec
1304 2704 1450 2772 fecit,
1476 2705 1665 2762 relicto
1696 2704 1969 2775 Molismo,
1990 2709 2056 2765 ad

474 2795 804 2853 Cistercium
844 2815 855 2850 :
898 2796 1242 2867 migratiouis
1266 2797 1461 2853 seriem
1499 2798 1571 2853 ita
1610 2815 1837 2855 narrare
1862 2816 2055 2870 prose-

476 2889 664 2959 quitur
689 2900 881 2944 auctor
898 2888 1135 2945 laudata:
1156 2889 1271 2960 jam
1296 2905 1459 2961 supra
1492 2888 1748 2947 Historia:
1795 2908 1900 2947 ms.
1930 2891 2055 2948 Cis-

475 2981 761 3036 terciensis
784 2997 797 3032 :
831 2998 850 3033 ί
874 2979 1144 3045 Ρθειιιωο,
1171 2981 1366 3051 inquit,
1391 2980 1647 3052 prmfatus
1670 2983 1838 3039 abbas
1866 2992 1919 3038 et
1947 2984 2054 3051 sui,

474 3079 626 3126 tanta
666 3080 720 3125 et
748 3070 843 3125 tali
867 3070 1192 3126 auctoritate
1223 3070 1363 3139 freti,
1397 3070 1708 3128 Molismum
1754 3073 2054 3141 redierunt,

474 3174 531 3219 et
568 3163 636 3218 de
666 3163 759 3218 illo
800 3162 1031 3218 fratrum
1074 3163 1299 3234 collegio
1337 3164 1538 3229 socios,
1574 3165 1906 3221 remissioris
1935 3166 2059 3221 vitae

476 3254 769 3310 blanditias
794 3263 1145 3323 respuentes,
1176 3254 1244 3309 ad
1287 3252 1579 3324 puritatem
1626 3254 2059 3324 simplicitatem-

473 3361 584 3416 que
638 3361 810 3401 sacra:
843 3345 1062 3417 Regulae
1114 3360 1250 3417 pure
1291 3345 1718 3415 simpliciterque
1766 3346 2058 3401 tenendum

474 3445 728 3508 prompto
750 3437 937 3491 animo
979 3435 1304 3508 flagrantes,
1334 3434 1617 3505 elegerunt
1652 3454 1663 3489 :
1699 3435 1770 3488 ita
1820 3445 1880 3489 ut
1918 3436 2059 3491 inter

473 3543 592 3595 eos,
623 3528 715 3597 qui
749 3528 930 3598 legato
960 3524 1211 3597 Lugduni
1260 3524 1551 3581 astiterunt
1575 3533 1629 3579 et
1674 3524 1814 3579 inter
1841 3541 1935 3581 eos
1964 3527 2058 3597 qui

473 3620 542 3674 de
575 3620 826 3674 coenobio
876 3617 1053 3672 vocati
1085 3625 1234 3682 sunt,
1265 3616 1454 3686 viginti
1499 3626 1554 3672 et
1584 3632 1727 3672 unus
1755 3618 2058 3675 monachus

472 3720 693 3777 essent;
720 3711 813 3781 qui
839 3708 1182 3781 perfectioris
1208 3709 1333 3765 vita:
1361 3718 1411 3765 et
1434 3708 1652 3781 Regulae
1681 3710 1853 3765 sancti
1879 3709 2058 3768 Patris

473 3801 750 3859 Benedicti
776 3802 843 3857 ad
871 3802 1105 3857 litteram
1138 3801 1384 3858 tenendae
1427 3802 1719 3869 desiderio,
1765 3812 1971 3859 arctam
2003 3814 2058 3859 et

472 3903 761 3964 augustam
791 3893 934 3947 viam
968 3891 1199 3963 ingressi
1225 3900 1373 3947 sunt.
1401 3892 1559 3947 Anno
1582 3891 1748 3964 igitur
1773 3891 2055 3948 Dominica

472 3985 543 4041 ab
568 3984 946 4040 Incarnatione
973 3983 1267 4039 millesimo
1317 3984 1674 4055 nonagesimo
1706 3993 1919 4051 octavo,
1948 3982 2057 4038 Do-

471 4078 656 4133 minus
686 4076 978 4142 Bobertus,
1001 4074 1367 4131 Molismensis
1399 4075 1633 4130 emnobii
1662 4076 1715 4129 in
1738 4076 2054 4146 episcopatu

470 4166 803 4238 Lingouensi
842 4166 1051 4221 fundati
1095 4166 1283 4233 abbas,
1318 4176 1370 4220 et
1415 4156 1538 4220 cum
1570 4181 1635 4221 eo
1666 4165 1884 4236 fratres,
1916 4185 2058 4238 quo-

468 4278 594 4316 rum
646 4260 788 4315 Deus
838 4259 1085 4331 tetigerat
1132 4259 1319 4325 corda,
1373 4260 1638 4314 malentes
1685 4276 1808 4315 cum
1858 4261 2053 4317 dilecto

468 4355 629 4412 Patre
684 4370 784 4409 suo
834 4352 1125 4408 Benedicto
1158 4370 1254 4422 pro
1300 4352 1411 4407 lleo
1470 4353 1749 4408 laboribus
1796 4354 2050 4425 fatigari,

466 4464 634 4518 quam
684 4448 808 4501 vita:
842 4446 1006 4516 lmjus
1054 4445 1357 4501 commodis
1408 4445 1630 4510 resolvi,
1684 4446 1751 4500 de
1800 4445 2052 4503 Molismo

360 4584 361 4587 η
460 4541 673 4611 egressi
700 4548 861 4603 sunt;
891 4546 1053 4606 atque
1078 4537 1144 4590 ad
1190 4537 1392 4601 locum,
1425 4552 1585 4605 quem
1633 4538 1914 4606 proposito
1947 4553 2049 4594 suo
2081 4559 2124 4613 ι)

462 4643 774 4699 congruum
801 4628 914 4696 jam
964 4634 1091 4681 ante
1119 4642 1216 4696 per
1244 4626 1473 4696 gratiam
1522 4626 1617 4681 Dei
1664 4629 2047 4696 przcvideraut,

468 4718 524 4773 id
552 4729 653 4785 est,
702 4718 770 4773 ad
801 4733 1044 4772 eremmn
1075 4733 1196 4787 quze
1240 4716 1565 4773 Cistercium
1598 4718 1899 4785 dicebatur,
1934 4723 2048 4777 ala-

467 4809 637 4863 criter
661 4807 1041 4874 tetenderunt;
1076 4807 1170 4877 qui
1200 4807 1356 4863 locus
1392 4807 1446 4861 in
1483 4808 1802 4879 episcopatu
1834 4808 2052 4865 Cabilo-

469 4899 629 4954 nensi
675 4899 814 4954 situs
849 4907 905 4954 et
948 4914 1060 4969 pra:
1092 4914 1383 4970 nemorum
1435 4899 1828 4971 spiuarumque
1866 4901 2051 4958 densi-

467 5000 582 5047 tate
604 5000 738 5047 tunc
766 4992 1026 5062 temporis
1074 4992 1319 5047 accessui
1367 4991 1651 5048 hominum
1702 4992 1973 5061 insolitus,
2019 5011 2050 5049 a

468 5085 603 5142 solis
629 5084 979 5140 habitabatur
1004 5083 1157 5140 feris.
1187 5084 1270 5140 Ad
1323 5085 1471 5140 hunc
1503 5085 1685 5153 itaque
1712 5086 1893 5141 locum
1922 5087 2052 5142 hor-

467 5178 610 5233 roris
639 5186 693 5233 ct
714 5185 883 5232 vastae
934 5176 1244 5232 solitudinis
1272 5176 1373 5230 viri
1413 5175 1506 5231 Dei
1538 5177 1837 5245 venientes,
1866 5188 2047 5234 tanto-

466 5286 576 5342 que
605 5271 758 5326 illum
789 5269 1063 5341 religioni,
1094 5285 1259 5339 quam
1303 5269 1414 5339 jam
1462 5269 1666 5324 dudmn
1717 5281 1898 5326 mente
1926 5287 2051 5328 con-

469 5372 746 5434 ceperant,
774 5372 827 5417 et
870 5370 1092 5432 propter
1135 5377 1299 5431 quam
1331 5360 1459 5415 illuc
1508 5362 1861 5431 advenerant,
1893 5363 2050 5419 habi-

466 5454 682 5520 liorem,
719 5464 926 5525 quanto
954 5437 1308 5507 Saecularibus
1334 5451 1803 5522 despicabiliorem
1834 5466 1887 5510 et
1907 5457 2048 5512 inac-

465 5547 882 5612 cessihiliorem,
912 5545 1313 5615 intelligentcs,
1356 5559 1637 5598 nemorum
1670 5561 1733 5600 ae
1765 5547 2047 5617 spinarum

469 5640 737 5704 densitate
763 5638 990 5708 prmcisa
1022 5653 1086 5691 ac
1128 5643 1359 5701 remota,
1385 5636 1777 5690 monasterium
1822 5636 2043 5701 ibidem,

462 5731 743 5803 voluntate
787 5727 1168 5783 Cabiloncnsis
1214 5725 1453 5796 episcopi
1495 5736 1549 5781 et
1585 5742 1858 5782 consensu
1889 5727 2047 5784 istius

458 5822 620 5891 cujus
642 5822 757 5891 ipse
782 5823 937 5875 locus
968 5828 1108 5891 erat,
1144 5828 1463 5874 construere
1503 5828 1803 5890 cmpcrunt.
1840 5818 2040 5874 Eodem

2163 602 2395 656 solemni
2451 601 2539 657 die
2585 602 2781 656 natalis
2831 601 3159 656 sanctissimi
3209 599 3522 667 Benedicti,
3575 618 3718 673 quem

2162 694 2431 763 geminata
2461 694 2645 748 laetitia
2679 702 2809 748 tunc
2841 693 3104 747 celebrem
3130 692 3441 747 reddiderat
3470 694 3540 748 ob
3565 693 3720 751 Domi—

2162 786 2340 840 nicam
2366 784 2703 851 Palmarum,
2744 801 2867 855 qua:
2896 786 2949 839 in
2977 785 3154 855 ipsum
3188 794 3527 851 occurrerat,
3556 786 3719 843 laetan-

2162 875 2307 932 tibus
2355 877 2594 948 angelis,
2653 877 3057 932 tabescentibus
3103 876 3491 944 daemonibus,
3541 878 3718 935 Cister-

2161 967 2363 1023 ciensis
2388 968 2606 1035 domus,
2631 983 2695 1024 ac
2714 984 2811 1039 per
2836 970 2937 1024 hos
2980 968 3146 1023 totius
3172 968 3559 1025 Cisterciensis
3588 972 3716 1027 ordi-

2162 1059 2248 1115 nis
2278 1060 2470 1131 religio
2505 1075 2601 1132 per
2644 1061 2816 1127 viros,
2849 1060 2915 1115 ad
2940 1059 3310 1117 Christianam
3342 1062 3715 1133 philosophiam

2160 1150 2377 1218 penitus
2402 1151 2703 1221 expeditos,
2731 1150 3018 1205 exordium
3067 1151 3321 1221 sumpsit.
3370 1169 3389 1202 ι
3425 1150 3716 1219 Congruunt

2161 1257 2285 1296 cum
2316 1242 2403 1297 his
2432 1256 2555 1312 qua:
2580 1242 2855 1297 Ctesarius
2896 1242 2983 1297 de.
3012 1241 3267 1298 Cistercii
3321 1240 3625 1298 fundatione
3666 1245 3711 1299 in

2162 1331 2397 1388 llistoria
2438 1348 2558 1399 sua,
2607 1333 2807 1391 sarculo
2853 1333 3101 1403 proxime
3156 1333 3427 1403 sequenti.
3468 1336 3711 1393 memoria

2160 1426 2415 1496 prodidit.
2471 1426 2689 1479 Annum
2726 1440 2946 1496 quoque
2998 1425 3209 1481 fundati
3265 1426 3706 1496 ordinisetprimi

2162 1518 2305 1573 illius
2331 1516 2570 1573 coenobii
2599 1518 2901 1587 loquuntur
2923 1528 3221 1587 sequentes
3242 1533 3451 1583 versus,
3485 1519 3534 1572 in
3554 1517 3708 1576 fronte

2161 1609 2404 1664 ecclesiae
2423 1607 2804 1665 Cisterciensis
2828 1607 3081 1679 descripti
3112 1627 3125 1662 :

2269 1744 2421 1797 Anno
2453 1741 2688 1808 milleno,
2720 1752 2955 1808 centeno,
2980 1742 3058 1796 bis
3086 1744 3266 1796 minus
3298 1745 3425 1806 uno,

2269 1812 2530 1883 Pontiﬁce
2566 1812 2800 1879 Urbano,
2826 1812 3099 1868 Gallorum
3128 1829 3246 1883 rege
3276 1813 3528 1883 Philippo,

2269 1882 2575 1953 Burgundis
2612 1882 2794 1937 Odone
2819 1884 2950 1937 duce
2970 1893 3019 1936 et
3049 1882 3371 1953 [rurddmr'na
3399 1882 3563 1946 dante,

2270 1952 2397 2007 Sub'
2421 1952 2581 2006 Patre
2610 1953 2840 2008 Roberto
2868 1954 3023 2022 cmpit
3055 1953 3349 2008 Cistercium
3380 1955 3522 2015 ordo,

2270 2022 2521 2093 (leuabit:
2547 2026 2604 2077 in
2640 2033 2748 2077 toto
2774 2023 3070 2093 producem
3091 2023 3328 2091 plurima
3352 2026 3555 2093 mando,

2270 2091 2359 2147 Sic
2396 2110 2648 2147 ntansura
2679 2091 2782 2147 diu.
2795 2110 2888 2164 per
2918 2104 3159 2148 sanctum
3198 2110 3386 2147 nomen
3409 2092 3548 2147 Iesu.

2234 2250 2318 2303 14.
2353 2248 2519 2305 Abest
2550 2256 2730 2304 autem
2785 2249 3108 2305 Cistercium
3157 2266 3187 2304 a
3245 2248 3473 2303 Dirione
3496 2249 3703 2320 quinque

2161 2341 2376 2395 circiter
2398 2341 2588 2407 leucis,
2629 2342 2794 2395 situm
2827 2342 2881 2395 in
2921 2342 3149 2397 dioecesi
3178 2340 3525 2396 Cabilonensi
3560 2342 3702 2396 duca-

2162 2441 2249 2487 tus
2289 2431 2634 2503 Burgundite,
2665 2432 3062 2501 amplissinnnn
3097 2448 3245 2487 nunc
3292 2441 3349 2487 et
3396 2433 3569 2487 multis
3593 2449 3697 2487 auc-

2160 2530 2274 2577 tum
2296 2520 2479 2577 fundis
2493 2523 2909 2577 monasterium.
2935 2521 3143 2578 Nomen
3166 2523 3390 2593 quidam
3407 2539 3436 2577 a
3452 2520 3709 2585 Cisternis,

2158 2611 2380 2682 quidam
2406 2628 2434 2665 a
2461 2610 2674 2675 Cistels,
2715 2627 2847 2667 voce
2885 2610 3113 2677 Gallica,
3148 2613 3421 2682 palustres
3438 2613 3620 2683 juncos
3645 2613 3710 2667 si-

2159 2701 2469 2772 gnificante,
2491 2702 2783 2758 deductum
2812 2702 3021 2758 volunt.
3056 2702 3279 2759 Fundus
3302 2705 3371 2759 ad
3396 2702 3710 2775 ltaynardum

2159 2795 2536 2849 vicecomitem
2578 2793 2759 2850 Beluae
2803 2795 3034 2866 ejusque
3074 2797 3369 2867 conjugem
3412 2796 3706 2857 [lodiernam

2158 2885 2440 2953 pertinuit,
2491 2900 2723 2955 quorum
2774 2895 2827 2940 et
2855 2897 3140 2957 propterea
3189 2888 3258 2942 ad
3308 2888 3707 2942 inrdificandum

2159 2975 2391 3031 facultas
2425 2977 2733 3031 necessaria
2760 2977 2882 3031 fuit.
2928 2978 3230 3033 Cesserunt
3286 2995 3413 3034 vero
3440 2980 3575 3033 illum
3622 2994 3710 3049 per

2159 3083 2323 3138 quam
2353 3067 2603 3134 libenter,
2630 3084 2895 3138 suamque
2926 3071 2980 3122 iu
3007 3069 3245 3125 famulos
3283 3069 3377 3125 Dei
3418 3071 3708 3124 muniﬁcen-

2161 3159 2291 3213 tiam
2342 3160 2616 3229 perpetuis
2673 3159 2872 3215 tabulis
2935 3162 3246 3231 posteritati
3288 3170 3645 3217 consecrarunt
3685 3182 3705 3216 ι

2111 3242 2127 3263 ⁴
2160 3268 2282 3322 qua:
2304 3253 2618 3322 hujusmodi
2643 3253 2695 3308 in
2729 3253 3034 3325 Mcnologio
3066 3256 3133 3310 ad
3155 3256 3221 3309 2|
3258 3255 3423 3310 Martii
3445 3254 3713 3310 abllenri-

2161 3359 2297 3413 quez
2346 3345 2687 3399 afferuntur:
2738 3365 2755 3396 ί
2786 3344 2982 3401 Notum
3008 3348 3079 3402 sit
3119 3348 3377 3404 omnibus
3413 3348 3716 3404 Christianis

2161 3436 2518 3504 praesentibus
2548 3452 2612 3492 ac
2657 3435 2879 3503 futuris,
2910 3440 3054 3509 quod
3110 3438 3426 3512 Raynaldus
3452 3441 3718 3496 Belnensis

2159 3527 2485 3592 vicecomes,
2533 3541 2587 3583 et
2636 3544 2777 3583 uxor
2805 3530 2926 3600 ejus
2971 3529 3245 3586 Hodierna
3286 3534 3519 3595 nomine,
3540 3543 3596 3586 et
3635 3550 3720 3588 eo-

2159 3633 2281 3672 rum
2308 3618 2401 3672 lllii
2431 3617 2606 3689 llugo,
2644 3617 2976 3675 llumbcrtus
3003 3663 3017 3687 ,
3067 3620 3395 3692 Raynartlus
3438 3637 3724 3693 eorumque

2160 3724 2318 3764 socer
2349 3708 2729 3779 Rajmundus,
2764 3726 2864 3780 pro
2903 3727 3129 3767 suorum
3157 3723 3504 3783 peccatorum
3549 3714 3728 3768 remis-

2159 3799 2311 3853 sione
2334 3808 2860 3869 anteccssorumque
2891 3816 3142 3866 suorum,
3166 3802 3395 3856 domino
3426 3801 3662 3857 Boberto
3679 3812 3730 3857 et

2161 3889 2440 3956 fratribus,
2471 3890 2563 3960 qui
2593 3906 2719 3945 cum
2742 3906 2808 3945 eo
2830 3890 3091 3962 Regulam
3124 3892 3183 3947 S.
3212 3893 3489 3949 Benedicti
3532 3896 3729 3949 arctius

2158 3996 2222 4034 ac
2244 3979 2538 4049 perfectius
2564 3996 2729 4050 quam
2754 3980 2883 4036 illuc
2925 3997 3100 4052 usque
3123 3992 3413 4037 tenuerant
3449 3986 3732 4040 observare

2158 4071 2469 4142 cupiebant,
2519 4073 2869 4128 contulerunt
2903 4073 2970 4128 de
3001 4075 3207 4144 praedio
3257 4091 3380 4143 suo,
3417 4078 3564 4147 quod
3595 4078 3732 4131 auti-

2156 4164 2341 4235 quitus
2369 4162 2696 4220 Cistercium
2725 4166 3043 4230 vocabatur,
3070 4178 3567 4239 quantumcunque
3614 4172 3738 4240 ipsis

2156 4265 2209 4310 ct
2234 4271 2423 4311 eorum
2454 4258 2868 4313 successoribus
2889 4257 2981 4312 Dei
3012 4258 3232 4315 famulis
3254 4261 3322 4314 ad
3346 4262 3737 4318 monasterium

2156 4356 2211 4401 et
2242 4349 2556 4403 monasterii
2588 4348 2833 4404 oflicinas
2876 4352 3298 4419 construendas,
3356 4356 3422 4407 ad
3475 4358 3738 4410 arandum

2156 4455 2395 4509 quoque,
2441 4440 2551 4494 imo
2594 4441 2659 4495 ad
2720 4458 2937 4496 omnem
3003 4459 3163 4497 usum
3198 4448 3593 4501 necessarium
3634 4447 3740 4501 fue-

2155 4532 2245 4584 rit.
2288 4552 2306 4581 ›
2352 4540 2458 4585 etc.

2227 4622 2312 4677 15.
2377 4621 2496 4676 Odo
2554 4637 2775 4693 quoque
2839 4624 2951 4680 dux
3001 4622 3333 4695 Burgundiae
3391 4644 3509 4684 non
3556 4646 3739 4700 parum

2152 4711 2477 4793 Cistercium
2530 4714 2722 4781 auxit;
2776 4713 2979 4769 fundos
3021 4717 3167 4769 enim
3213 4734 3244 4771 a
3290 4716 3562 4776 Beluensi
3612 4722 3743 4777 vice-

2153 4804 2351 4859 comite
2382 4814 2689 4862 reservatos
2728 4820 3094 4878 exceptosque
3143 4807 3368 4878 adjecit,
3405 4820 3464 4865 et
3516 4814 3741 4882 primam

2154 4898 2309 4953 novis
2351 4899 2700 4956 habitoribus
2726 4900 2951 4955 domum
2975 4902 3285 4957 aedificavit.
3331 4902 3507 4961 Prius
3536 4906 3596 4961 in
3627 4906 3743 4961 des-

2154 4989 2344 5058 criptis
2374 4990 2537 5045 modo
2567 4991 2770 5047 tabulis
2820 4993 2893 5046 ita
2939 5001 3199 5047 narratur
3246 5009 3258 5046 :
3319 5013 3339 5047 ι
3393 4993 3483 5051 De
3531 4997 3747 5053 residuo

2153 5096 2370 5152 quoque
2411 5082 2582 5151 ipsius
2632 5092 2808 5149 terrae,
2864 5084 3008 5153 quod
3057 5085 3203 5140 dicto
3258 5084 3573 5157 Raynardo
3626 5099 3748 5146 tunc

2153 5173 2355 5242 placuit
2376 5175 2630 5241 retinere,
2674 5175 2799 5230 fecit
2823 5173 2941 5231 Odo
2973 5178 3086 5231 dux
3117 5176 3485 5249 Burgundiaa,
3513 5184 3585 5239 ad
3612 5184 3751 5238 illius

2152 5266 2565 5321 concessionem
2615 5276 2669 5321 et
2696 5268 2930 5335 libitum,
2964 5270 3127 5324 talem
3155 5287 3283 5326 cum
3330 5288 3402 5327 eo
3434 5277 3747 5333 c’ommuta-

2153 5356 2355 5411 tionem
2379 5369 2433 5411 et
2452 5367 2694 5426 pactum,
2716 5358 2783 5412 ad
2809 5374 2947 5428 opus
2969 5361 3289 5417 eorumdem
3308 5368 3746 5434 monachorum,

2153 5456 2213 5501 ut
2235 5447 2443 5502 scilicet
2467 5463 2566 5517 pro
2590 5459 2731 5504 terra
2759 5451 2848 5504 illa
2874 5451 3105 5522 singulis
3133 5455 3296 5510 annis
3316 5455 3374 5509 in
3407 5467 3612 5517 castro
3634 5459 3746 5518 Bel-

2150 5539 2302 5592 nensi
2335 5539 2542 5594 solidos
2585 5540 2773 5610 viginti
2809 5543 3130 5612 susciperet,
3165 5555 3276 5600 tam
3322 5547 3455 5617 ipse
3505 5568 3676 5625 quam
3701 5563 3747 5608 et

2151 5625 2323 5695 ipsius
2345 5637 2468 5697 post
2490 5643 2613 5683 emn
2640 5629 2904 5685 hmrcdes.
2931 5630 3198 5688 Praeterea
3223 5634 3278 5688 in
3306 5639 3522 5697 eadem
3547 5643 3746 5700 eamIn;

2148 5720 2297 5776 tione
2327 5723 2600 5777 concessit
2641 5724 2691 5778 ei
2724 5739 2788 5779 ac
2825 5724 2949 5779 filiis
2975 5726 3092 5780 suis
3121 5726 3240 5796 ipse
3265 5728 3414 5795 dux,
3451 5748 3740 5805 quamn.

2152 5814 2700 5889 cuuquehvinearnm
2762 5816 2817 5869 in
2878 5816 3479 5880 territorioBc-lneusi
3528 5835 3737 5899 possunt
