3970 6430
278 372 414 429 {265
502 358 505 366 ’

1808 373 2005 430 ACTA.

3394 374 3536 429 ’1266

272 489 523 559 plantarc
544 496 600 543 et
622 489 804 544 colere
827 489 881 544 in
908 488 1127 558 propria
1160 488 1581 545 dominicatura.
1625 506 1642 537 ι
1670 485 1857 542 Poste-
1886 492 1933 545 A
1957 483 2113 553 jussu
2145 484 2385 553 praedicti
2414 484 2577 555 legali
2605 480 2865 552 suscepit,
2892 490 2945 537 et
2982 483 3283 538 monachos
3312 484 3403 552 qui
3447 499 3536 538 se-

271 580 390 635 rius
420 579 571 637 hunc
614 580 668 633 in
716 580 940 635 modum
984 581 1335 651 prosequitur
1379 580 1605 637 historia
1650 580 1855 637 Cister-

270 670 473 727 ciensis
502 686 606 725 ms.
632 671 847 741 collegii
874 672 1048 727 nostri
1080 671 1446 727 Embricensis
1475 689 1487 727 :
1531 690 1549 721 ‹
1588 670 1855 727 (Steterunt

270 761 747 831 archiepiscopus,
792 763 1108 832 apostolica:
1132 763 1280 839 sedis
1308 763 1540 833 legatus,
1569 763 1729 832 cujus
1764 764 1857 818 be-

271 852 600 918 nedictione,
631 862 903 924 prtecepto
932 864 987 910 et
1031 855 1356 911 auctoritate
1406 865 1615 909 tantum
1651 855 1854 909 bOnum

271 943 468 998 stabile
506 943 925 1000 fundamentum
968 956 1285 1016 acceperat;
1339 947 1697 1003 considerans
1723 963 1858 1018 pau-

269 1042 534 1103 pertatem
567 1050 854 1091 servorum
887 1036 1004 1102 Dei,
1036 1045 1092 1092 et
1119 1037 1247 1107 quia
1271 1036 1325 1091 in
1350 1037 1473 1092 loco
1498 1038 1670 1092 sterili
1693 1053 1855 1107 quem

269 1135 676 1196 occupaverant
713 1143 944 1197 prorsus
991 1144 1092 1184 nec
1135 1129 1438 1185 subsistere
1485 1145 1587 1185 nec
1626 1129 1857 1186 aedilicia

267 1225 591 1272 construere
631 1228 874 1288 possent.
925 1219 1032 1275 nisi
1075 1234 1324 1289 persona:
1351 1219 1588 1290 alicujus
1608 1222 1859 1291 Ipotentis

274 1307 631 1364 adminuculo
664 1308 1018 1375 fulcirentur,
1048 1310 1268 1380 scripsit
1299 1310 1370 1365 ad
1418 1311 1683 1368 illustrem
1715 1312 1861 1381 prin-

270 1398 448 1468 cipem
485 1397 753 1467 Odonem,
786 1409 917 1456 tunc
943 1401 1274 1472 Burgundire
1314 1402 1533 1469 ducem,
1576 1412 1767 1474 petens
1800 1412 1861 1458 et

270 1491 530 1558 suadens,
563 1501 837 1562 quatenus
884 1508 1153 1564 pauperes
1199 1494 1425 1563 Christi,
1473 1496 1647 1551 zelum
1672 1496 1858 1568 gloria:

270 1581 364 1637 Dei
392 1592 446 1638 et
466 1584 756 1640 monastici
786 1585 993 1641 ordinis
1020 1586 1303 1655 habentes,
1331 1586 1540 1644 foveret
1559 1596 1614 1644 et
1659 1604 1857 1643 mann-

270 1680 481 1726 teneret
515 1688 817 1743 eorumque
846 1674 1265 1730 necessitatibus
1310 1677 1613 1733 secundum
1642 1678 1856 1749 magni-

271 1763 547 1818 ﬁcentiam
578 1765 912 1834 principatus
938 1765 1023 1819 sui
1051 1766 1385 1822 subveniret.
1408 1766 1582 1838 Cujus
1606 1768 1855 1838 petitioni

1961 592 2087 631 eum
2114 577 2449 632 advenerant
2486 577 2540 630 in
2566 575 2756 630 eodem
2788 575 2911 629 loco
2933 574 3283 630 stabilitatem
3321 576 3539 629 lirmare

1960 668 2283 738 regulariter
2309 669 2455 734 fecit,
2511 667 2592 723 sic
2619 666 2769 737 quod
2819 666 3047 722 ecclesia
3078 666 3188 729 illa,
3221 665 3405 721 divino
3444 680 3542 734 pa-

1963 757 2094 811 riter
2121 767 2174 811 et
2199 760 2436 812 humano
2469 755 2654 811 favore
2695 755 2925 818 vallata,
2978 755 3274 825 apostolica
3322 769 3544 825 quoque

1961 849 2284 903 auctoritate
2308 849 2539 915 munita,
2562 849 2614 902 in
2642 847 2914 902 abbatiam
2947 847 3246 903 secundum
3274 845 3538 917 Regulam

1964 940 2022 995 8.
2057 940 2333 997 Benedicti
2358 939 2752 1011 disponendam
2797 939 3056 993 surrexit.
3099 958 3115 989 ι
3168 937 3294 993 llaec
3346 937 3540 992 iisdem

1961 1029 2074 1086 fere
2103 1032 2285 1088 verbis
2324 1031 2619 1087 Exordium
2648 1028 3012 1085 Cisterciense
3053 1045 3280 1099 parvum
3329 1035 3540 1097 narrat,

1963 1124 2216 1179 maxima:
2262 1122 2628 1188 auctoritatis,
2655 1130 2841 1190 utpote
2883 1136 2914 1175 a
2941 1120 3133 1190 primis
3163 1119 3414 1176 Cistercii
3439 1118 3541 1176 Pa-

1963 1216 2140 1270 trihus
2171 1214 2456 1285 scriptum.
2492 1213 2636 1269 Idem
2666 1220 2885 1268 constat
2922 1227 2989 1267 ex
3037 1213 3265 1281 epistola
3298 1213 3541 1283 episcopi

1960 1306 2345 1361 Cabilonensis
2375 1306 2443 1361 ad
2474 1304 2877 1375 Lingonensem
2925 1303 3148 1373 scripta,
3203 1320 3366 1373 quam
3411 1320 3540 1359 mox

1958 1395 2233 1460 dabimus,
2265 1405 2321 1450 et
2349 1411 2416 1451 ex
2439 1393 2789 1450 Cisterciensi
2819 1392 3146 1449 Kalendario
3177 1395 3324 1450 edito
3354 1394 3539 1450 Divic—

1959 1502 2048 1554 ne,
2083 1488 2137 1541 in
2169 1502 2280 1558 quo
2326 1486 2387 1542 Β.
2438 1486 2723 1541 Albericus
2774 1486 3046 1541 secundus
3087 1483 3336 1540 Cistercii
3371 1486 3540 1543 abbas

1959 1588 2315 1635 memoratur.
2347 1577 2423 1634 lta
2469 1587 2531 1633 ut
2569 1578 2682 1649 jam
2706 1586 2858 1633 extra
2889 1577 3319 1633 controversiam
3350 1578 3440 1643 sit,
3478 1576 3537 1633 S.

1960 1671 2259 1728 Robertum
2311 1672 2548 1743 primum
2603 1670 2869 1727 Cistercio
2923 1671 3173 1726 abbatem
3235 1670 3543 1742 praefuisse,

1959 1762 2105 1832 quod
2137 1762 2206 1817 ad
2247 1760 2318 1816 ‘26
2343 1760 2591 1816 Januarii
2621 1761 2677 1816 in
2710 1760 2770 1815 Β.
2805 1761 3040 1818 Alberici
3083 1761 3204 1817 Vita
3233 1763 3544 1820 indecisum

275 1863 328 1908 et
373 1856 604 1910 consilio
636 1855 897 1910 Dominus
945 1854 1063 1910 Odo
1099 1855 1423 1929 Burgundize
1451 1857 1559 1914 dux
1604 1860 1855 1930 acquies-
1886 1841 1928 1895 Β
1958 1856 2347 1927 relinquentes,
2376 1856 2745 1927 rejeceramus
2783 1857 2837 1911 in
2872 1842 3016 1914 hunc
3052 1859 3251 1914 locum.

274 1960 425 2011 cens,
459 1946 687 2002 fratrum
717 1948 881 2002 etiam
924 1948 1141 2005 illorum
1194 1949 1407 2007 fervore
1457 1961 1512 2008 et
1567 1953 1855 2009 devotione

277 2036 604 2102 delectatus,
638 2040 1030 2095 monasterium
1061 2041 1324 2113 ligneum,
1351 2044 1498 2114 quod
1536 2045 1639 2115 ipsi
1672 2046 1727 2101 in
1755 2062 1854 2103 sua

273 2137 591 2198 paupertate
639 2129 999 2201 increperant,
1050 2133 1117 2188 de
1163 2134 1280 2190 suis
1334 2136 1627 2205 impendiis
1679 2146 1851 2192 totum

268 2222 691 2286 consummavit,
716 2237 921 2293 eosque
946 2225 1143 2280 ibidem
1168 2227 1220 2282 in
1250 2228 1508 2284 omnibus
1531 2231 1855 2286 necessariis

267 2308 365 2364 diu
402 2313 735 2380 procuravit,
764 2315 1032 2386 terrisque
1060 2326 1116 2372 et
1152 2319 1445 2388 pecoribus
1473 2320 1689 2378 abunde
1717 2323 1852 2378 sub--

269 2399 485 2458 levavit.
528 2423 546 2455 ›

341 2493 430 2550 16.
475 2494 858 2566 AuSpicaturis
909 2514 1110 2555 novum
1163 2501 1410 2557 ordinem
1452 2501 1622 2559 fuisse
1670 2503 1852 2561 locum

266 2595 633 2642 monstratum
665 2589 948 2656 divinitus,
996 2601 1191 2661 przeter
1217 2608 1411 2649 omnes
1434 2604 1685 2652 auctores
1707 2596 1855 2652 illius

270 2681 554 2751 temporis_
583 2691 777 2738 auctor
807 2683 1123 2755 Manriquez
1150 2693 1254 2751 est,
1284 2685 1543 2757 colligens
1566 2686 1619 2741 id
1646 2703 1713 2742 ex
1746 2688 1851 2753 his,

267 2772 508 2833 citatisca
552 2775 712 2831 nobis
750 2777 914 2846 paulo
961 2786 1108 2844 ante,
1140 2778 1320 2849 magni
1354 2778 1581 2836 Exordii
1621 2781 1803 2837 verbis
1838 2801 1850 2835 :

273 2883 295 2916 ε
334 2864 411 2921 De
451 2865 703 2924 Molismo
730 2869 937 2940 egressi
993 2869 1062 2925 ad
1107 2872 1309 2937 locum,
1354 2888 1517 2943 quem
1573 2874 1854 2944 proposito

268 2969 377 3010 suo
411 2970 712 3028 congruum
744 2959 858 3028 jam
906 2968 1033 3014 ante
1059 2976 1155 3030 per
1180 2963 1409 3032 gratiam
1456 2963 1552 3020 Dei
1586 2965 1853 3035 praevide-

262 3055 416 3112 rant,
473 3049 527 3104 id
570 3059 674 3117 est,
716 3066 963 3107 eremum
998 3066 1141 3120 .quae
1180 3052 1505 3110 Cistercium
1551 3054 1852 3121 dicebatur,

261 3139 525 3196 alacriter
547 3141 909 3199 tetenderunt.
942 3164 960 3196 ι
997 3144 1281 3216 Templum
1323 3147 1481 3201 alma:
1508 3145 1604 3202 Dei
1633 3150 1846 3217 parenti

261 3241 702 3300 consecrarunt,
753 3248 907 3290 more
957 3235 1023 3290 ad
1073 3236 1257 3291 omnia
1307 3235 1517 3307 reliqua
1570 3241 1851 3309 propagati

260 3328 458 3389 postea
510 3322 720 3378 ordinis
765 3325 1014 3380 ctenobia
1059 3326 1305 3382 derivata
1368 3343 1383 3381 :
1434 3328 1579 3382 unde
1625 3328 1731 3384 hoc
1780 3329 1841 3386 Β.

260 3408 554 3467 ﬂumberti
586 3415 855 3484 generalis
905 3417 1117 3473 ordinis
1166 3415 1592 3474 Praedicatorum
1626 3421 1853 3490 pracla-

258 3518 395 3557 rum
449 3503 508 3557 in
557 3505 676 3559 suis
717 3508 1063 3564 sermonibus
1092 3510 1464 3564 testimonium
1496 3523 1598 3566 est.
1651 3530 1670 3563 ‹
1705 3511 1852 3570 Ordo

258 3596 375 3651 iste
402 3596 562 3653 habet
596 3598 648 3652 in
695 3608 846 3657 tanta
890 3602 1189 3657 reverentia
1241 3601 1304 3656 Β.
1365 3602 1663 3676 Virginem,
1705 3607 1851 3677 quod

256 3704 463 3744 omnes
487 3691 732 3748 ecclesia:
768 3692 889 3763 ejus
918 3701 1047 3750 sunt
1078 3703 1412 3750 consecrata:
1445 3696 1497 3749 in
1525 3695 1645 3767 ejus
1674 3697 1851 3752 hono-

258 3797 413 3838 rem.
469 3781 596 3839 Inde
631 3785 737 3856 ipsi
801 3788 1058 3843 monachi
1109 3789 1162 3842 in
1209 3788 1456 3844 ecclesiis
1507 3790 1643 3856 suis,
1694 3793 1852 3861 quasi

255 3890 489 3944 semper
511 3886 640 3931 sunt
666 3886 793 3932 ante
821 3878 1034 3932 beatam
1060 3876 1334 3949 Virginem
1361 3887 1413 3933 et
1435 3878 1632 3933 Filium
1649 3879 1790 3949 ejus.
1827 3901 1846 3933 ο

257 3964 537 4022 Similiter
605 3984 635 4023 a
685 3969 949 4040 Gregorio
994 3968 1041 4023 X
1091 3971 1340 4026 dicitur:
1401 3989 1420 4021 ι
1470 3969 1852 4028 Cisterciensis

252 4056 431 4121 ordo,
468 4057 670 4114 divinis
701 4060 1045 4129 mancipatus
1098 4060 1400 4129 obsequiis,
1448 4069 1503 4114 et
1551 4060 1692 4114 inter
1726 4061 1852 4115 reli-

254 4150 463 4223 giones
484 4160 710 4209 eazteras
756 4153 1010 4224 gloriosae
1048 4151 1257 4224 Virgini
1289 4153 1664 4224 singularitate
1688 4154 1852 4209 devo-

255 4242 440 4299 tionis
463 4244 735 4313 ascriptus
772 4259 838 4297 ex
873 4241 1216 4298 institutione
1242 4242 1437 4311 prima.
1474 4262 1491 4293 ι

344 4334 433 4388 17.
484 4333 799 4405 Manriquez
838 4333 1048 4401 scribit,
1084 4332 1140 4387 8.
1187 4331 1508 4396 Robertum,
1561 4340 1851 4403 antequam

253 4424 524 4480 Molismo
548 4425 742 4488 abiret,
770 4439 988 4487 gravem
1039 4424 1106 4478 ad
1136 4423 1246 4479 illic
1273 4431 1620 4478 remanentes
1648 4424 1848 4479 cratim

1960 1992 1987 2062 §
2039 1990 2456 2062 lllsgllevocatio
2508 2003 2557 2062 et
2605 1993 2806 2046 reditus
2843 1991 2900 2046 S.
2953 1992 3159 2048 Robcrti
3211 2013 3242 2048 α
3282 1996 3546 2051 εἱειενιὶυ

2027 2062 2096 2115 ad
2130 2060 2477 2144 Molismum:
2506 2061 2740 2130 eiusdem
2777 2074 2932 2129 mtas,
2976 2062 3150 2118 cultus
3194 2082 3364 2132 sacer,
3408 2070 3541 2121 teri-

2024 2143 2199 2203 ptores
2221 2143 2363 2188 vita.

2028 2223 2115 2278 18.
2173 2222 2331 2278 Brevi
2384 2232 2595 2289 tamen,
2655 2224 2911 2280 abdicato
2954 2224 3097 2294 apud
3147 2225 3545 2284 Cistercienses

1955 2315 2300 2386 magistratu,
2340 2314 2399 2370 S.
2438 2314 2710 2371 Robertus
2754 2315 2823 2369 ad
2873 2314 3182 2371 Molismum
3224 2317 3402 2373 redire
3449 2319 3540 2373 de-

1955 2406 2094 2472 buit,
2123 2406 2387 2477 repetitus
2418 2407 2614 2462 iterum
2668 2422 2701 2461 a
2752 2405 2871 2462 suis
2919 2406 3364 2464 Molismensibus
3392 2411 3541 2480 apud

1957 2492 2237 2551 Urbanum
2265 2494 2331 2564 ll,
2360 2511 2509 2562 nam,
2572 2515 2591 2546 ι
2626 2496 2770 2551 haud
2804 2495 2976 2550 multo
3020 2506 3162 2566 post,
3196 2516 3215 2549 ι
3253 2500 3546 2569 prosequi-

1955 2596 2044 2640 tur
2067 2585 2451 2642 Cisterciensis
2479 2602 2584 2643 ms.
2614 2585 2876 2653 Historia,
2913 2605 2933 2638 ι
2967 2586 3071 2643 hoc
3098 2588 3284 2658 elapso
3326 2599 3537 2660 tempo«

1954 2679 2031 2734 ris
2063 2673 2259 2749 spatio,
2309 2678 2673 2734 Molismensis
2704 2680 2981 2747 monachi,
3015 2681 3297 2736 voluntate
3329 2682 3541 2738 domini

1955 2771 2200 2829 Gaul‘ridi
2229 2772 2444 2827 abbatis
2473 2771 2558 2827 sui
2586 2771 2679 2841 qui
2726 2768 2966 2826 Roberto
2994 2782 3354 2841 successerat,
3388 2790 3536 2829 nun-

1955 2863 2062 2919 tios
2107 2864 2174 2919 ad
2223 2863 2527 2941 Romanam
2571 2862 2782 2918 curiam
2825 2862 3191 2932 destinarnnt,
3235 2882 3264 2920 a
3312 2865 3541 2921 domino

1955 2969 2096 3026 papa
2147 2953 2371 3010 Urbano
2430 2954 2742 3025 importune
2805 2954 3187 3022 postulantes,
3265 2965 3537 3026 quatenus

1954 3046 2214 3117 prtefatus
2269 3048 2440 3103 abbas
2502 3046 2775 3102 Robertus
2821 3046 2941 3101 loco
3004 3047 3275 3117 pristino,
3328 3047 3381 3104 id
3432 3057 3536 3114 est,

1955 3139 2291 3195 Molismcnsi
2332 3141 2584 3195 coenobio
2612 3141 2984 3198 eeclesiastice
3008 3141 3345 3197 redderetur.
3378 3139 3530 3207 Quo—

1957 3246 2081 3285 rum
2113 3231 2526 3301 importunitate
2549 3232 2808 3288 dominus
2834 3248 2975 3303 papa
3000 3233 3270 3299 devictus,
3304 3233 3536 3287 manda-

1957 3321 2036 3375 vit
2069 3320 2245 3390 legato
2275 3335 2377 3375 suo
2405 3321 2701 3376 venerabili
2729 3322 2940 3378 scilicet
2968 3322 3204 3394 llugoni,
3229 3332 3308 3390 ut,
3347 3323 3394 3378 si
3422 3323 3545 3379 tieri

1956 3420 2162 3482 posset,
2196 3412 2336 3466 idem
2381 3412 2552 3468 abbas
2572 3421 2958 3481 reverteretur,
3015 3425 3069 3470 et
3123 3415 3381 3470 monachi
3417 3431 3538 3471 ere-

1958 3519 2108 3558 mum
2139 3503 2425 3574 diligentes
2455 3505 2507 3559 in
2533 3520 2666 3575 pace
2687 3506 3073 3562 consisterent.
3109 3527 3129 3559 ι
3159 3505 3384 3574 Eadem,
3414 3523 3541 3563 mu-

1958 3602 2068 3650 tata
2103 3595 2352 3651 nonnihil
2378 3595 2588 3665 phrasi,
2632 3595 2931 3652 Exordium
2962 3613 3191 3667 parvum
3242 3597 3429 3664 refert,
3479 3615 3541 3655 in

1956 3702 2066 3756 quo
2096 3696 2149 3740 et
2179 3687 2292 3742 lucc
2329 3684 2556 3753 Urbani,
2584 3703 2749 3757 super
2795 3686 2853 3743 S.
2897 3686 3117 3743 Roberti
3165 3689 3538 3756 revocatione,

1957 3779 2155 3846 scripta
2193 3779 2258 3832 ad
2303 3777 2586 3849 llugonem
2614 3780 3086 3850 archiepiscopum
3111 3778 3541 3850 Lugdunensem

1956 3869 2187 3938 epistola
2219 3869 2417 3939 legitur
2445 3889 2459 3923 :
2506 3890 2524 3922 ι
2561 3869 2816 3926 Urbanus
2839 3872 3151 3942 episc0pus,
3183 3888 3376 3929 servus
3418 3889 3543 3929 ser-

1954 3979 2147 4019 vorum
2199 3963 2317 4032 Dei,
2350 3964 2647 4019 venerabiii
2698 3962 2855 4018 fratri
2903 3973 2959 4018 et
3002 3964 3259 4035 episcopo
3298 3965 3539 4037 llugoni,

1956 4056 2269 4126 apostolicae
2293 4056 2438 4111 sedis
2460 4055 2691 4123 vicario,
2722 4057 2952 4112 salutem
2984 4065 3037 4111 et
3057 4057 3416 4126 apostolicam
3443 4057 3542 4113 be-

1957 4148 2342 4203 nedictionem.
2397 4146 2829 4204 Molismensium
2877 4146 3108 4203 fratrum
3167 4163 3427 4219 magnum
3479 4149 3539 4203 in

1956 4242 2190 4297 consilio
2219 4241 2512 4296 clamorem
2544 4241 2880 4316 accepimus,
2913 4240 3127 4296 abbatis
3168 4240 3253 4296 sui
3298 4241 3538 4296 reditum

1957 4330 2333 4387 vehementius
2363 4331 2778 4400 postulantium.
2832 4331 3096 4386 Dicebant
3121 4330 3268 4386 enim
3314 4330 3537 4402 religio-

1956 4438 2080 4477 nem
2111 4423 2165 4477 in
2195 4438 2297 4479 suo
2327 4424 2499 4479 choro
2533 4438 2802 4489 eversam,
2828 4439 2995 4493 seque
3019 4439 3117 4494 pro
3144 4423 3356 4478 abbatis
3389 4410 3538 4479 illius

254 4529 396 4569 nem
426 4514 662 4578 dixisse;
714 4515 835 4570 illos
876 4530 1005 4570 vero
1033 4514 1323 4569 abeuntem
1379 4513 1636 4585 lacrymis
1664 4531 1853 4585 prose-
1883 4528 1928 4583 Ι)
1960 4515 2204 4570 absentia
2232 4514 2360 4570 odio
2383 4516 2524 4585 apud
2556 4515 2830 4586 principes
2856 4524 2911 4570 et
2932 4527 3164 4571 caeteros
3189 4515 3405 4571 vicinos
3433 4518 3536 4570 ha-

251 4613 449 4672 cutos,
473 4606 728 4661 utensilia
757 4606 822 4661 ad
854 4606 1171 4662 monasterii
1198 4606 1322 4660 novi
1364 4605 1631 4675 officinas,
1659 4608 1849 4677 praeci-

251 4716 375 4773 pue
405 4707 586 4753 autem
621 4714 744 4768 qua:
781 4699 848 4753 ad
876 4700 1119 4754 divinum
1153 4700 1360 4756 cultum
1395 4701 1733 4769 spectabant,
1765 4702 1850 4757 of-

252 4790 460 4847 Iiciose
482 4803 547 4843 ac
591 4798 937 4857 peramanter
976 4791 1338 4846 ministrasse.
1388 4789 1728 4862 Snbrogasse
1755 4793 1850 4848 de—

258 4884 439 4951 nique
487 4880 867 4937 amantissimo
898 4881 1044 4936 Patri
1095 4883 1455 4950 Ganfredum,
1483 4886 1606 4941 aliis
1653 4884 1849 4940 Goll‘ri-

251 4980 400 5033 clum
431 4974 670 5040 dictum;
711 4992 729 5024 ι
767 4973 943 5028 virum
986 4973 1192 5044 utique,
1237 4984 1297 5030 ut
1325 4975 1439 5044 ipse
1469 4976 1564 5042 ait,
1602 4977 1849 5032 moribus

251 5070 656 5140 compositum,
694 5067 869 5124 sacris
891 5069 1056 5123 etiam
1090 5068 1360 5123 imbutum
1391 5069 1717 5139 disciplinis,
1754 5071 1848 5140 qui

256 5173 449 5235 partes
486 5161 699 5217 abbatis
752 5160 1002 5230 impleret
1080 5176 1188 5215 non
1240 5160 1561 5229 incongrue,
1618 5162 1662 5217 si
1713 5165 1848 5217 tales

256 5257 447 5307 facere
476 5252 614 5308 alios
650 5260 846 5321 potens
891 5260 1056 5318 esset,
1089 5251 1305 5321 qualem
1371 5252 1634 5322 seipsum.
1674 5274 1692 5305 ι
1727 5253 1849 5310 Cis-

256 5345 439 5400 tereio
493 5352 702 5410 autem,
758 5359 789 5397 a
838 5339 1098 5399 Gualtero
1149 5343 1409 5414 episcopo
1462 5345 1845 5408 Cabilonensi.

255 5437 593 5492 auctoritate
629 5435 790 5506 legati
835 5435 1121 5507 pontificii,
1173 5436 1384 5506 primus
1437 5437 1605 5492 abbas
1639 5437 1695 5491 S.
1740 5437 1850 5492 Ro—

255 5528 457 5585 hertus
491 5526 596 5582 fuit
628 5525 790 5581 datus
823 5544 837 5580 :
872 5526 939 5581 de
967 5541 1080 5597 quo
1111 5526 1214 5581 ista
1244 5525 1480 5582 Historia
1513 5542 1618 5582 ms.
1651 5526 1851 5586 Cister-

221 5618 469 5678 ~ciensis
498 5637 512 5673 :
550 5640 569 5672 ε
603 5620 806 5677 Eodem
840 5629 1084 5691 tempore
1109 5620 1279 5676 abbas
1311 5619 1405 5691 qui
1433 5620 1747 5688 advenerat,
1780 5622 1850 5676 ab

252 5710 522 5781 episcopo
544 5710 917 5777 Cabiloncnsi,
942 5712 1009 5767 ad
1041 5711 1199 5781 cujus
1221 5710 1505 5767 dimcesim
1541 5713 1695 5767 locus
1734 5712 1850 5782 ipse

254 5805 589 5874 pertinebat,
623 5806 828 5876 virgam
857 5806 1184 5875 pastoralem
1209 5822 1331 5861 cum
1380 5822 1509 5861 cura
1539 5806 1846 5861 animarum

1952 4607 2092 4662 beri.
2138 4607 2327 4663 Coacti
2371 4607 2589 4662 tandem
2615 4623 2646 4662 a
2695 4606 2955 4662 fratribus
2991 4608 3215 4673 nostris,
3259 4607 3540 4663 dilectioni

1955 4708 2062 4755 tute
2105 4715 2202 4770 per
2239 4698 2527 4769 prmsentia
2556 4699 2757 4768 scripta
2786 4697 3136 4764 mandamus,
3166 4697 3539 4768 signiﬁcantes

1953 4801 2169 4863 gratum
2201 4792 2362 4849 nobis
2387 4792 2644 4856 existere,
2676 4798 2757 4856 ut,
2805 4790 2850 4845 si
2878 4790 2994 4844 lieri
3030 4790 3227 4858 possit,
3251 4790 3422 4845 abbas
3449 4789 3541 4844 ille

1954 4884 2024 4938 ab
2063 4897 2247 4939 eremo
2269 4883 2337 4937 ad
2369 4881 2766 4938 monasterium
2800 4880 3112 4937 reducatur.
3161 4882 3318 4950 Quod
3357 4883 3403 4939 si
3436 4884 3541 4939 im-

1953 4975 2100 5044 plere
2132 4974 2463 5044 nequiveris,
2489 4989 2635 5028 cura:
2687 4971 2781 5027 tibi
2819 4972 2910 5038 sit,
2963 4982 3024 5027 ut
3064 4982 3118 5028 et
3145 4974 3240 5043 qui
3290 4989 3538 5029 eremum

1953 5067 2187 5137 diligunt
2211 5066 2626 5136 conquiescant,
2650 5075 2703 5120 et
2733 5066 2826 5135 qui
2860 5065 2913 5119 in
2943 5067 3195 5121 coznobio
3226 5077 3355 5122 sunt
3384 5083 3539 5138 regu-

1955 5160 2162 5215 laribus
2188 5159 2496 5229 disciplinis
2523 5160 2843 5215 inserviant.
2880 5179 2897 5209 ι

2028 5250 2114 5305 19.
2150 5249 2386 5321 llugoni,
2441 5250 2578 5304 lecta
2629 5252 2734 5305 hac
2785 5238 3038 5322 epistola.
3091 5252 3226 5305 nihil
3255 5250 3358 5306 fuit
3388 5253 3536 5306 anti-

1955 5346 2141 5415 quius,
2176 5358 2340 5412 quam
2388 5343 2663 5412 pontiticis
2715 5346 2972 5398 mandata
3019 5343 3283 5411 exsequi:
3332 5341 3538 5397 Mauri-

1955 5451 2091 5507 qucz
2124 5434 2316 5491 scribit
2346 5432 2599 5505 Lugduni
2623 5448 2789 5504 super
2821 5435 2920 5489 hac
2951 5449 3011 5487 re
3051 5433 3119 5488 ad
3148 5432 3365 5488 Petram
3396 5430 3538 5489 luci-

1955 5544 2072 5585 sam
2090 5529 2159 5582 ab
2188 5542 2255 5583 eo
2284 5526 2615 5598 provinciale
2635 5526 2923 5582 consilium
2948 5524 3115 5580 fuisse
3143 5534 3533 5580 convocatum:

1957 5629 2247 5690 sequentes
2270 5620 2486 5686 saltem,
2523 5635 2645 5689 quia
2676 5630 2910 5686 utroque
2949 5624 3165 5671 exstant
3195 5617 3248 5671 in
3273 5614 3534 5685 Exordio,

1957 5713 2023 5767 ad
2058 5711 2458 5784 Lingonensem
2482 5711 2795 5780 episcopum
2834 5708 3042 5763 litteras
3072 5708 3291 5778 scripsit
3326 5728 3337 5761 :
3370 5727 3388 5759 ‹
3421 5705 3537 5763 Hu-
3594 5778 3597 5787 ,

1957 5823 2047 5878 go,
2079 5792 2462 5877 Lugdunensis
2486 5802 2740 5859 Ecclesia:
2770 5818 2982 5871 servus,
3015 5802 3346 5858 charissimo
3380 5801 3539 5856 fratri
3598 5792 3599 5795 “
