3970 6442
548 381 685 442 1'26?

1450 382 1508 439 S.
1547 373 1844 438 ROBERTI
1882 377 2041 437 0RD.
2085 378 2398 439 CiSTERC.
2441 380 2873 439 FUNDATONS

3570 400 3680 464 nes

546 494 808 563 lloberto,
856 493 1280 567 Lingouensiom
1327 493 1606 565 episcopo,
1664 496 1919 552 salutem.
1971 494 2110 562 Quid
2144 505 2183 559 Α
2213 512 2325 564 quo
2368 496 2522 561 obiit,
2552 498 2805 555 convenit
2837 515 2851 551 :
2880 497 3025 551 hunc
3051 496 3234 556 Surius
3278 502 3328 557 in
3368 503 3492 573 Vita,
3518 514 3679 573 alter.

543 590 612 643 de
642 588 861 662 negotio
891 586 1254 640 Molismensis
1302 584 1626 640 Ecclesiae...
1658 584 1813 640 llam:
1836 588 2114 656 epistolam
2156 629 2161 634 .

547 680 663 732 ride
690 682 744 733 in
770 679 991 749 llugone
1018 677 1377 747 Lugdunensi,
1411 695 1597 748 supra,
1634 678 1791 747 hujus
1835 679 2115 733 voluminis

543 772 645 824 col.
678 771 804 826 525.

613 860 805 916 20-2l.
845 860 1314 927 Quemadmodum
1362 862 1604 933 llugonis
1647 864 1836 917 littera:
1865 862 2114 916 effectum

544 967 704 1005 suum
737 951 846 1005 sint
877 954 1103 1016 sortitae,
1132 953 1205 1007 ita
1257 962 1549 1024 utrumque
1573 951 1870 1006 Exordium
1895 957 2112 1005 narrat:

550 1062 569 1092 ‹
603 1041 725 1097 Haec
740 1045 922 1098 omnia
948 1044 1117 1098 abbas
1141 1044 1229 1097 ille
1256 1044 1497 1098 laudavit
1520 1053 1573 1099 et
1597 1044 1756 1108 fecit;
1787 1042 2117 1098 absolvenda

543 1132 933 1188 Cistercienses
957 1134 1026 1194 ab
1078 1134 1384 1188 obedientia
1415 1150 1580 1204 quam
1632 1135 1680 1188 ei
1740 1135 1792 1187 iu
1826 1133 1918 1188 illo
1946 1134 2029 1187 vel
2059 1149 2114 1187 in

542 1224 877 1280 Molismensi
928 1225 1051 1279 loco
1082 1228 1471 1295 promiserant;
1523 1238 1577 1280 et
1614 1225 1869 1280 domitms
1904 1224 2118 1279 Gualte-

543 1331 640 1371 rus
666 1316 1047 1373 Cabiloneusis
1096 1318 1384 1386 episcopus
1414 1319 1663 1372 abbatem
1715 1336 1743 1372 a
1790 1333 1919 1372 cura
1971 1317 2115 1370 illius

542 1396 789 1463 ecclesia:
819 1409 1050 1463 liberum
1099 1410 1329 1473 remisit,
1379 1411 1567 1479 sicque
1618 1425 1868 1463 reversus
1919 1417 2024 1473 cst,
2065 1415 2119 1460 et

541 1501 765 1571 quidam
799 1502 1053 1557 monachi
1097 1518 1221 1556 cum
1265 1517 1350 1555 eo.
1390 1522 1407 1552 ›
1438 1501 1677 1556 Gualteri
1704 1510 1884 1555 autem
1925 1500 2117 1553 litterte

543 1592 611 1646 ad
641 1590 1043 1663 Lingonensem
1076 1608 1296 1662 quoque
1321 1594 1635 1662 episcopum
1669 1594 1883 1661 scripta:
1921 1592 1974 1645 in
1999 1607 2118 1661 par-

541 1700 611 1739 vo
632 1684 870 1739 Exordio
898 1686 1206 1754 lmjusmodi
1234 1695 1362 1739 sunt
1392 1686 1453 1737 τ’(
1497 1684 1861 1739 Dilectissimo
1885 1684 2035 1738 fratri
2064 1695 2117 1738 et

543 1777 870 1848 coepiscopo
894 1776 1148 1838 Roberto,
1179 1775 1505 1847 Lingoacusi
1530 1777 1803 1846 episcopo,
1824 1774 2114 1840 Gauterus,

541 1871 920 1926 Cabilonensis
952 1868 1208 1923 Ecclesiae
1238 1884 1445 1933 servus,
1505 1870 1755 1924 salutem.
1807 1868 2006 1923 Notum
2048 1869 2118 1923 sit

545 1962 722 2027 vobis,
784 1960 1006 2017 fratrem
1046 1960 1365 2023 Robertum,
1419 1961 1506 2016 cui
1564 1962 1834 2015 abbatiam
1883 1962 2029 2015 illam
2064 1962 2116 2014 in

541 2065 731 2113 nostro
758 2056 1071 2124 episcOpatu
1104 2055 1285 2118 sitam,
1317 2069 1440 2123 qua:
1486 2052 2117 2108 Novum-Monasterium

548 2149 762 2209 dicitur,
799 2147 1269 2209 commiseranms,
1309 2162 1337 2199 a
1368 2144 1703 2214 professione
1751 2161 1914 2214 quam
1951 2143 2116 2199 Cabi—

541 2239 754 2297 lonensi
780 2238 1032 2293 Ecclesia:
1065 2236 1210 2301 fecit,
1258 2247 1312 2291 et
1348 2238 1417 2291 ab
1440 2237 1744 2291 obedientia
1773 2252 1936 2306 quam
1963 2236 2119 2289 nobis

543 2332 813 2405 promisit,
840 2330 1137 2386 secundum
1170 2328 1377 2382 domini
1418 2329 1809 2397 archiepiscopi
1848 2326 2054 2381 definiti
2082 2346 2120 2375 -.-

544 2440 689 2489 ncm,
714 2440 743 2477 a
774 2423 931 2477 nobis
957 2436 1078 2475 esse
1108 2421 1439 2475 absolutum.
1467 2417 1585 2488 ipse
1610 2428 1788 2473 autem
1823 2418 2120 2472 monachos

543 2519 686 2580 illos,
739 2515 833 2585 qui
893 2514 946 2567 in
1003 2512 1229 2583 praefato
1280 2510 1792 2565 Novo-Monasterio
1841 2524 2120 2563 remanere

541 2613 917 2673 decreverant,
952 2607 1022 2659 ab
1070 2604 1379 2659 obedientia
1412 2620 1575 2673 quam
1623 2603 1726 2656 sibi
1759 2601 2121 2672 promiserant

540 2713 594 2758 et
624 2718 653 2756 a
683 2698 1025 2770 professione
1057 2697 1256 2750 liberos
1300 2704 1353 2748 et
1383 2696 1664 2749 absolutos
1690 2694 1915 2747 dimisit.
1962 2691 2117 2745 Illum

541 2809 673 2864 ergo
702 2790 902 2846 amodo
933 2788 1211 2857 suscipere
1240 2794 1293 2840 et
1317 2785 1614 2839 honorifice
1645 2793 1877 2839 tractare
1907 2800 1976 2839 ne
2030 2799 2120 2837 ve-

545 2885 793 2940 reamini.
834 2880 1031 2935 Valete.
1066 2898 1082 2929 »
1121 2878 1196 2931 Ex
1221 2877 1306 2930 his
1334 2877 1513 2946 prodit
1538 2893 1597 2931 se
1622 2876 1940 2931 manifestus
1965 2890 2119 2930 error

542 2976 780 3033 auctoris
808 2973 963 3037 Vitae,
991 2970 1223 3025 dicentis
1262 2968 1318 3023 S.
1354 2968 1668 3028 Robertum,
1718 2978 1839 3038 post
1864 2984 2021 3025 suum
2050 2968 2117 3022 ad

542 3069 922 3124 Molismenses
966 3064 1223 3129 reditum,
1275 3077 1399 3117 cum
1453 3070 1718 3132 potestate
1773 3061 2018 3127 abbatis,
2066 3068 2120 3115 et

544 3160 798 3216 Molismo
827 3156 1112 3228 praefuisse
1126 3167 1180 3210 et
1197 3154 1465 3210 Cistercio
1486 3162 1567 3208 :et
1586 3153 1851 3208 Cistercio
1875 3154 2092 3223 quidem

541 3254 668 3324 quia
691 3252 885 3308 adesse
909 3266 1016 3305 non
1045 3257 1274 3320 poterat,
1304 3246 1568 3302 vicarium
1596 3246 1698 3301 sibi
1719 3246 1777 3300 Β.
1808 3246 2117 3301 Alberieum

544 3347 742 3418 primo,
773 3354 829 3399 et
869 3344 973 3397 hoc
1020 3341 1239 3397 biennio
1263 3350 1384 3410 post
1411 3356 1440 3394 e
1468 3339 1604 3393 vivis
1644 3339 1878 3402 sublato,
1913 3337 1973 3391 B.
2003 3338 2122 3392 Stc-

542 3440 783 3511 phanum
819 3434 1124 3505 przel'ecisse
1164 3448 1176 3483 :
1208 3432 1309 3486 ista
1333 3431 1478 3485 enim
1503 3446 1631 3484 vero
1654 3428 1929 3483 adversari
1951 3429 2121 3484 lector

543 3547 610 3585 ex
659 3544 827 3600 parvo
865 3524 1102 3579 Exordio
1150 3522 1374 3592 colligit,
1424 3521 1515 3575 ubi
1563 3521 1739 3589 capite
1783 3519 1995 3575 decimo
2047 3522 2119 3576 ita

532 3606 803 3675 ’scribitur
836 3636 848 3669 :
886 3637 903 3666 ι
938 3615 1166 3670 \‘iduata
1194 3613 1358 3682 igitur
1377 3627 1478 3667 suo
1502 3620 1717 3681 pastore
1739 3610 2121 3667 Cisterciensis

544 3709 786 3767 Ecclesia
831 3707 1107 3771 convenit,
1140 3720 1204 3759 ac
1244 3704 1476 3774 regulari
1523 3705 1785 3758 electione
1830 3704 2119 3773 quemdam

533 3790 790 3883 fratrem,
824 3798 1133 3854 Albericum
1192 3796 1431 3862 nomine,
1479 3796 1532 3850 in
1587 3796 1836 3851 abbatem
1865 3797 1967 3851 sibi
1995 3813 2122 3867 pro-

533 3892 733 3951 'movlt.
773 3913 790 3945 ι

613 3987 703 4043 22.
736 3985 1009 4040 Reversus
1060 3983 1370 4039 Molismum
1409 3981 1466 4037 S.
1506 3979 1796 4043 Robcrtus,
1829 3994 1952 4034 cum
1984 3978 2122 4034 duo-

534 4078 649 4141 :bus
697 4077 961 4132 duntaxat
1016 4074 1323 4137 monachis,
1370 4072 1764 4127 Cistereicnses
1824 4078 2003 4125 tamen
2055 4086 2118 4125 ex

534 4160 729 4227 ‘animo
761 4186 867 4224 non
905 4167 1132 4233 delevit;
1162 4165 1369 4221 crebris
1393 4180 1488 4219 eos
1530 4162 1900 4231 iuterpcllasse
1926 4162 2121 4216 litteris

543 4260 970 4331 Chrysostomus
1014 4257 1347 4327 Henriquez,
1397 4256 1449 4308 in
1497 4253 1760 4308 fascit‘ulo
1804 4260 2119 4307 sanctorum

546 4353 774 4415 ordinis,
810 4360 1000 4405 auctor
1030 4358 1133 4414 est,
1168 4358 1221 4403 et
1267 4362 1455 4402 carum
1488 4361 1684 4409 unam,
1730 4360 1795 4398 cx
1848 4344 2121 4399 Chronico

548 4447 677 4501 Briti
717 4445 1048 4501 transcribit.
1079 4442 1241 4506 (Vide
1279 4441 1469 4510 infra.)

614 4539 703 4594 23.
740 4538 814 4592 De
859 4553 1004 4590 anno
1036 4536 1219 4589 obitus
1269 4534 1327 4587 S.
1387 4533 1604 4587 llobcrti
1644 4532 1784 4586 inter
1830 4531 2122 4600 scriptorcs

546 4628 840 4685 consensio
866 4643 974 4681 non
1002 4635 1114 4692 est;
1141 4624 1411 4679 Baronius
1443 4624 1496 4677 in
1523 4625 1667 4677 notis
1696 4626 1761 4677 ad
1800 4623 1871 4678 29
1896 4623 2119 4692 Aprilis,

548 4729 769 4776 secutus
798 4717 1131 4772 Chronicum
1172 4715 1459 4786 Sigcberti,
1512 4724 1739 4770 mortem
1792 4732 1937 4769 anno
1989 4714 2123 4769 1098

549 4812 795 4868 ascribit.
830 4808 1163 4873 Fitcriensis,
1184 4808 1236 4861 in
1269 4807 1413 4863 notis
1439 4807 1505 4862 ad
1534 4807 1834 4862 Exordium
1865 4806 2121 4869 Parvum,

550 4919 753 4958 annum
780 4919 973 4967 unum,
1003 4902 1142 4956 duos
1173 4901 1224 4955 in
1249 4901 1552 4955 Annalibus
1577 4900 1888 4970 Mauriquez
1914 4900 2119 4969 adjicit.

552 4996 657 5050 Sed
710 4995 915 5049 erroris
963 4996 1365 5048 convincuntur
1392 5010 1455 5047 ex
1489 4993 1689 5048 tabulis
1741 4994 2118 5054 donationum,

548 5087 749 5155 quibus
786 5085 925 5154 apud
948 5084 1305 5138 Camuzalum
1340 5086 1392 5137 in
1416 5084 1845 5154 Antiquitatibus
1871 5082 2125 5137 Ecclesia:

552 5178 839 5234 'l‘reccusis
869 5176 925 5231 S.
958 5176 1227 5231 Bobertus
1254 5191 1400 5230 altllo
1447 5174 1663 5229 Domini
1694 5175 1846 5240 llOl,
1884 5182 1938 5228 ct
1983 5174 2123 5242 apud

553 5271 983 5327 Sanmarthatms
1007 5269 1059 5321 in
1090 5267 1338 5321 Molismo
1368 5268 1553 5335 annoll
1573 5267 1668 5319 l0.‘i
1689 5265 2030 5334 subscripsit.
2063 5263 2126 5318 lli

552 5366 697 5422 illius
729 5363 902 5417 Vitam
951 5376 1096 5415 anno
1124 5360 1296 5425 illi);
1348 5361 1457 5421 ille,
1504 5376 1626 5414 cum
1658 5376 1830 5427 eoque
1858 5358 2128 5428 Jonghrli-

552 5475 656 5520 nus
706 5458 1077 5529 Claudiusque
1133 5455 1405 5511 Robertus
1458 5454 1509 5507 in
1568 5451 1740 5506 Galba
1795 5452 2123 5515 Christiana,

551 5568 697 5613 anno
727 5551 851 5606 1111
887 5551 1203 5604 terminant.
1243 5545 1515 5617 Quidquid
1550 5546 1637 5608 sit,
1670 5552 1825 5598 artato
1862 5544 2000 5597 ultra
2026 5559 2126 5596 an-

553 5658 683 5697 num
711 5642 845 5695 lll2
880 5635 991 5694 non
1018 5639 1284 5710 processit
1313 5657 1325 5690 :
1352 5638 1455 5691 hoc
1478 5636 1677 5706 quippe
1704 5650 1850 5687 attito
1880 5633 2130 5687 Molismo

551 5738 854 5792 (inidonem
892 5734 1175 5802 praefuisse
1205 5739 1418 5785 constat
1452 5745 1515 5783 ex
1568 5727 1634 5781 iis
1663 5744 1783 5797 qum
1819 5728 1940 5781 loco
1964 5726 2129 5781 citato

555 5828 786 5885 liii-runt
839 5822 1259 5878 Sanoliarthani.
1307 5821 1488 5893 Neque
1539 5819 1670 5873 satis
1702 5820 1766 5873 de
1816 5817 1900 5871 die
1944 5818 2127 5879 (lium,

2100 3195 2115 3219 ’
2147 3201 2187 3256 C

2219 588 2424 643 aardas
2452 588 2599 643 Brito
2655 588 2708 643 in
2753 588 3027 644 Chronico
3052 590 3398 662 Cisterciensi,
3437 599 3497 654 29
3529 604 3680 675 Aprilis

2217 683 2424 738 dicunt.
2453 681 2650 736 Verum
2698 681 2942 737 translati
2994 681 3107 737 festi
3148 684 3256 739 dies
3294 687 3375 742 ille
3412 700 3482 745 est
3525 712 3536 746 :
3576 701 3680 755 unde

2218 772 2628 837 Cistercicnses.
2662 773 2943 828 admonitu
2991 789 3204 828 suarum
3231 774 3680 849 Rubricarum,dum

2217 864 2359 917 diem
2391 865 2554 919 istum
2606 862 2662 916 S.
2705 862 2942 918 Roberto
2995 862 3182 918 festum
3231 877 3403 936 agunt,
3442 886 3498 925 ex
3532 874 3680 944 hymno

2216 954 2345 1009 Iesu
2392 971 2584 1010 corona
2631 957 2839 1021 celsior,
2866 970 3029 1025 quem
3071 955 3136 1009 de
3171 956 3541 1018 Confessoribas
3575 970 3680 1025 canit

2219 1044 2482 1111 Ecclesia,
2524 1046 2669 1101 hunc
2696 1062 2933 1111 versum,
2966 1045 3102 1099 Anni
3129 1062 3323 1099 recursu
3366 1059 3570 1120 tempore,
3590 1072 3679 1113 cum

2219 1137 2391 1191 tribus
2424 1139 2666 1207 proxime
2694 1138 3048 1207 sequentibus
3076 1140 3677 1212 prtetermitterejubentur.

2219 1228 2579 1284 Rubricarum
2612 1230 2713 1284 ista
2746 1230 2908 1283 verba
2938 1239 3096 1284 sunt:
3131 1249 3149 1280 ι
3184 1229 3413 1301 Sequens
3431 1250 3585 1293 versus
3603 1257 3679 1296 non

2218 1320 2414 1375 dicitur
2437 1321 2490 1373 in
2519 1320 2903 1375 festivitatibus
2930 1330 3242 1375 sanctorum
3282 1321 3497 1395 Remigii,
3516 1326 3676 1397 Iuliani,

2222 1415 2459 1477 llnherti,
2505 1416 2557 1469 in
2589 1416 2941 1470 translatione
2968 1415 3024 1469 S.
3072 1415 3356 1481 Benedicti,
3383 1434 3465 1472 nec
3487 1435 3677 1490 quorum-

2222 1524 2439 1577 cunque
2460 1506 2861 1572 confessorum,
2908 1508 3124 1577 quoties
3156 1508 3220 1561 ad
3247 1509 3392 1561 aliam
3417 1510 3528 1564 diem
3550 1523 3679 1569 trans-

2220 1598 2491 1651 feruntur.
2528 1616 2546 1647 ι
2596 1596 2873 1651 Consonat
2901 1613 3093 1652 versus
3132 1598 3200 1651 de
3229 1597 3328 1651 hoc
3356 1599 3450 1667 ipso
3470 1601 3674 1660 confectas

2219 1688 2446 1758 antiquo
2471 1704 2620 1742 more
2657 1705 2668 1738 :

2152 1851 2192 1903 Β
2293 1826 2458 1893 neuti,
2495 1827 2681 1893 Rober,
2712 1822 2849 1889 Ju/i,
2888 1823 3194 1880 Translatio
3224 1844 3319 1880 non
3350 1838 3474 1881 cauet
3496 1829 3603 1883 anui.

2220 1960 2438 2015 Festum
2487 1960 2544 2014 S.
2580 1960 2823 2022 llobcrti,
2869 1968 3163 2030 antequam
3195 1959 3545 2026 transferretur,
3581 1962 3680 2018 diem

2224 2054 2288 2107 l7
2317 2053 2517 2123 Aprilis
2567 2036 2889 2121 occupabat,
2937 2067 3138 2121 nempe
3181 2052 3326 2120 juxta
3371 2052 3493 2107 illam
3528 2054 3683 2123 capituli

2217 2148 2597 2203 Cistercicnsis
2651 2147 3100 2202 constitutionem
3151 2165 3165 2200 :
3232 2165 3249 2195 ι
3299 2145 3364 2201 De
3403 2146 3454 2201 Β.
3500 2145 3684 2211 Roberto,

2218 2241 2395 2311 primo
2454 2239 2702 2294 Cistercii
2746 2238 2960 2304 abbate,
2994 2239 3092 2292 fiat
3146 2236 3334 2292 festum
3381 2238 3686 2308 quintodecime

2220 2333 2444 2388 Kalend.
2502 2332 2650 2397 Maii,
2693 2342 2799 2386 etc.
2858 2330 2997 2386 lluic
3047 2329 3410 2386 constitutioni
3449 2330 3690 2384 inhaerentes

2218 2424 2467 2479 canonici
2492 2423 2772 2494 regulares
2793 2422 3120 2477 monasterii
3152 2421 3450 2476 Bodccensis
3471 2421 3514 2475 in
3532 2422 3691 2476 αἰωρεῖ

2222 2514 2645 2578 Padcrbonensi,
2698 2530 2822 2569 eum
2861 2528 2964 2568 suo
2995 2513 3202 2584 insigni
3230 2513 3387 2568 codici
3432 2513 3511 2567 fol.
3539 2513 3692 2567 li8in-

2220 2606 2474 2677 scripturi
2530 2615 2713 2661 essent
2759 2605 2958 2671 Vitam,
3006 2621 3182 2675 quam
3232 2604 3349 2659 inde
3385 2603 3601 2659 aJoanne
3620 2604 3694 2659 Ga-

2220 2700 2434 2754 mansio
2479 2699 2857 2755 transmissam
2889 2698 3112 2759 damus,
3146 2699 3217 2751 ita
3245 2698 3414 2752 exorsi
3438 2706 3570 2752 sunt:
3597 2695 3695 2750 «ln-

2218 2790 2349 2860 cipit
2382 2789 2642 2859 prologus
2694 2789 2747 2842 in
2781 2789 2957 2843 Vitam
2992 2788 3051 2844 Β.
3084 2788 3328 2853 Roherti,
3374 2788 3508 2858 primi
3542 2786 3694 2842 abbatis

2220 2880 2588 2934 Molismensis
2617 2894 2716 2934 nec
2738 2895 2846 2933 non
2870 2888 2923 2934 et
2951 2878 3334 2935 Cisterciensis
3363 2878 3526 2949 :eujus
3547 2875 3694 2933 festivi-

2219 2980 2304 3027 tas
2332 2971 2640 3026 celebratur
2663 2986 2732 3024 xv
2760 2967 2879 3023 Kal.
2904 2968 3049 3023 Maii.
3091 2989 3115 3020 ι
3153 2969 3344 3023 Eodem
3365 2969 3458 3034 die,
3494 2968 3609 3037 juxta
3631 2966 3693 3019 ιη-
3720 3010 3725 3017 .

2222 3064 2533 3128 teriensem,
2563 3077 2756 3118 versus
2778 3061 2887 3127 ille,
2926 3049 3365 3116 iu‘translatione
3398 3060 3496 3115 festi
3518 3067 3690 3130 postmo-

2222 3156 2352 3209 dum
2380 3154 2520 3210 facta
2568 3152 2995 3224 praetermissus,
3035 3153 3223 3208 omitti
3254 3168 3359 3207 non
3380 3150 3689 3207 solebatmndc

2224 3256 2366 3303 recte
2395 3245 2725 3315 colligimus,
2754 3243 2953 3298 festum
2984 3244 3144 3313 prius
3169 3259 3293 3299 cum
3317 3243 3398 3299 die
3432 3242 3571 3296 obitus
3594 3254 3694 3293 coa-

2222 3339 2481 3404 currisse,
2518 3337 2766 3407 adeoque
2806 3334 2863 3390 S.
2898 3335 3204 3392 Robertum
3250 3337 3434 3393 obiisse
3463 3335 3531 3389 die
3552 3332 3698 3402 Aprilis

2226 3432 2311 3497 17,
2344 3432 2458 3486 sive
2490 3445 2559 3484 xv
2584 3427 2704 3484 Kal.
2731 3426 2882 3496 Maii,
2915 3428 2993 3483 uti
3024 3429 3197 3485 habet
3224 3438 3405 3485 auctor
3438 3426 3541 3480 Vita:
3564 3424 3604 3478 in
3624 3422 3699 3477 Bo-

2223 3524 2442 3579 dccensi
2478 3538 2583 3577 ms.

2293 3615 2350 3670 In
2369 3631 2500 3671 mss.
2522 3614 2907 3672 Additionibus
2924 3614 3292 3684 quorumdam
3310 3609 3702 3667 Cartliusianontm

2225 3707 2657 3763 Bruxellensium
2705 3706 2772 3760 ad
2808 3704 3124 3761 Usuardum
3156 3706 3220 3760 2i
3257 3705 3447 3770 Martii,
3472 3701 3520 3756 S.
3553 3696 3708 3753 Roberti

2225 3799 2432 3854 abbatis
2468 3797 2774 3851 Translutt'o
2827 3806 3066 3864 notatur,
3099 3799 3196 3869 qui
3240 3798 3284 3852 si
3312 3797 3393 3851 hic
3427 3788 3708 3847 Molismensis

2223 3903 2324 3957 est,
2355 3892 2624 3961 suspicari
2653 3891 3100 3960 iicebit'alicujus
3136 3890 3441 3961 posterioris
3473 3882 3711 3941 translatio-

2225 3984 2331 4050 nis,
2379 3992 2506 4038 ante
2553 3998 2723 4036 unum
2765 3982 2992 4037 forsitan
3040 3985 3301 4037 smculum
3348 3990 3432 4035 aut
3472 3976 3605 4048 paulo
3626 3987 3710 4027 am-

2224 4078 2366 4147 plius
2398 4074 2572 4141 factm,
2597 4074 2741 4129 hanc
2783 4089 2904 4128 esse
2937 4076 3282 4130 memoriam.

2291 4168 2381 4222 2t.
2434 4165 2491 4219 in
2532 4181 2818 4221 numerum
2883 4165 3169 4220 beatorum
3231 4167 3424 4221 relatus
3474 4162 3561 4215 fuit
3611 4169 3712 4211 anno

2226 4259 2363 4313 1222
2415 4258 2484 4312 ab
2512 4256 2750 4311 Houorio
2794 4255 2855 4308 lll
2894 4273 3113 4310 summo
3154 4256 3420 4328 pontifice,
3451 4250 3717 4323 permittente

2225 4350 2687 4413 Molismcnsibus,
2724 4368 2741 4399 ι
2779 4359 2837 4404 ut
2883 4366 3009 4403 eum
3040 4358 3302 4419 tanquam
3334 4354 3558 4401 sanctum
3584 4341 3714 4393 iusua

2223 4443 2462 4499 Ecclesia
2493 4451 2836 4507 venerantes,
2885 4443 3005 4511 ejus
3033 4443 3174 4511 apml
3208 4439 3485 4495 Dominum
3526 4430 3718 4500 sufingia

2156 4553 2197 4606 ι)
2228 4536 2455 4589 fideliter
2485 4531 2855 4601 implorarent.
2899 4551 2916 4583 ι
2953 4531 3268 4602 Manriquez
3322 4529 3374 4583 in
3401 4522 3654 4580 Annalibus
3673 4516 3718 4570 ad

2233 4628 2376 4681 lmuc
2413 4639 2638 4686 ammm,
2675 4637 2781 4675 non
2831 4624 3004 4677 multo
3052 4632 3174 4693 post
3206 4616 3623 4676 beatificationcm
3658 4615 3723 4661 ani

2226 4720 2329 4773 sub
2394 4718 2609 4772 initium
2674 4716 2802 4770 anui
2858 4714 3169 4785 sequentis,
3216 4710 3411 4767 canoui
3478 4712 3720 4761 sanctorum

2226 4813 2520 4882 ascriptum
2554 4826 2675 4865 esse
2690 4811 2940 4874 sustinet,
2971 4818 3026 4863 et
3052 4809 3216 4862 missa
3243 4804 3411 4860 fuisse
3430 4802 3480 4855 in
3504 4800 3624 4853 banc
3646 4804 3726 4846 rem

2227 4924 2253 4958 τι
2302 4905 2556 4975 pontiﬁce
2590 4903 2906 4973 diplomata.
2936 4900 3052 4956 Hoc
3080 4909 3309 4963 eertum,
3354 4892 3624 4951 decrevisse
3658 4897 3727 4939 co-

2227 4997 2347 5050 dem
2382 5010 2526 5050 anno
2555 4995 2852 5065 capitulum
2892 4995 3141 5064 generale
3162 4990 3531 5048 Cistercicnsc,
3560 5004 3575 5032 σ
3610 4975 3728 5033 Uide

2230 5088 2285 5141 S.
2348 5084 2605 5147 liobcrto,
2659 5088 2835 5155 primo
2891 5086 3141 5139 Cistercii
3189 5082 3415 5140 abbate,
3465 5078 3545 5130 fiat
3584 5075 3728 5127 festum

2228 5178 2634 5249 quintmlccimo
2665 5176 2891 5231 Kalend.
2920 5175 3042 5230 Maii
3073 5190 3193 5230 cum
3240 5169 3516 5227 duodecim
3545 5156 3731 5218 lectioni-

2231 5271 2352 5335 bus,
2405 5267 2547 5322 sicut
2578 5267 2646 5322 de
2694 5268 2753 5321 Β.
2806 5265 3167 5336 Hieronymo;
3197 5272 3253 5316 ct
3285 5277 3389 5316 una
3424 5259 3592 5318 missa,
3629 5252 3733 5303 sicut

2229 5362 2294 5415 de
2344 5360 2403 5413 Β.
2455 5359 2764 5414 Benedicto.
2822 5380 2840 5413 ι
2894 5357 3103 5413 Nomen
3144 5356 3310 5411 variis
3368 5348 3597 5406 Ecclesim
3621 5341 3737 5397 fastis

2233 5443 2552 5519 inseriptum
2601 5449 2832 5517 legitur;
2905 5447 3182 5510 SauSSaii,
3232 5442 3490 5504 Menardi,
3545 5433 3736 5489 “iouis.

2232 5517 2610 5611 Slartyrologio
2635 5538 2902 5601 Romano,
2924 5538 3222 5608 Menologio
3251 5528 3583 5589 Cistercieusi
3608 5525 3739 5591 Clay-

2234 5632 2455 5688 sostomi
2490 5631 2795 5701 lleuriqucz
2822 5630 2887 5685 ad
2914 5630 2983 5684 29
3024 5630 3238 5699 Aprilis,
3272 5636 3325 5681 et
3355 5624 3491 5694 apud
3536 5616 3737 5673 eumdem

2232 5728 2297 5782 ad
2323 5728 2385 5781 2|
2421 5727 2583 5781 etiam
2620 5725 2816 5789 Martii,
2844 5741 2953 5796 quo
2985 5725 3070 5778 die
3091 5739 3210 5776 eum
3241 5740 3272 5775 c
3307 5723 3413 5774 vita
3450 5719 3681 5786 migrassr
3702 5706 3737 5757 i"

2233 5806 2569 5871 lialcndariis
2625 5816 2966 5871 Salmanticm
3010 5822 3061 5867 ct
3106 5812 3325 5865 llivione
3365 5809 3519 5865 editis
3547 5804 3634 5872 legi
3670 5800 3724 5849 ait
