3970 6450
281 398 411 458 1969

1806 403 1982 458 VITA.

3284 394 3296 405 ’
3366 395 3502 451 liii)

274 518 332 573 ιη
367 512 673 568 Divionensi
703 513 769 568 ad
795 513 998 569 dictum
1021 515 1162 569 diem
1193 520 1296 571 ista
1325 517 1588 571 vidimus:
1631 534 1647 567 ι
1689 516 1834 570 Ordo
1862 522 1908 575 Α
1938 522 2163 583 accepto
2225 510 2580 583 Ultrajectlno
2642 525 2744 565 ms.
2794 507 3034 564 ecclesiae
3099 504 3155 560 S.
3208 504 3504 563 Salvator-is

272 603 642 663 Cisterciensis
686 605 791 658 sub
825 605 1017 660 abbate
1072 604 1304 660 Roberto
1356 606 1578 661 feliciter
1611 606 1829 675 incozpit

273 712 413 753 anno
452 694 608 749 l098.
660 694 932 752 Robertns
977 698 1091 768 ipse
1134 699 1323 752 eodem
1355 698 1460 763 die,
1514 698 1605 766 qui
1639 708 1828 752 sancto

271 789 427 845 etiam
447 784 506 840 P.
540 784 605 840 N.
639 785 931 843 Benedicto
958 805 1112 843 sacer
1146 800 1249 854 est,
1283 790 1607 843 obdormivit
1636 790 1687 843 in
1717 788 1824 843 Dov

236 880 414 935 'mino
442 893 588 933 anno
619 878 775 932 “08.
810 899 828 930 ι
866 878 1063 946 Vitam,
1096 891 1154 935 ut
1202 880 1613 935 San-Martbani
1653 884 1822 945 aiunt,

266 971 457 1035 Guido,
488 970 698 1037 primus
719 978 843 1037 post
863 984 986 1023 eum
1019 970 1248 1025 Molismi
1277 971 1444 1024 abbas
1473 970 1822 1039 conscripsit:

268 1063 422 1117 aliam
462 1060 660 1115 szeculo
690 1060 1034 1125 duodecimo,
1071 1071 1288 1116 centum
1325 1060 1436 1115 fere
1472 1070 1593 1131 post
1627 1060 1683 1115 S.
1715 1061 1823 1115 Ro-

265 1154 397 1212 berti
420 1162 649 1208 mortem
674 1154 853 1219 annis,
887 1152 1247 1208 Molismensis
1277 1154 1496 1223 quidam
1520 1169 1824 1224 anonymus

266 1244 561 1301 monachus
590 1243 810 1311 scripsit
832 1258 894 1296 ex
920 1242 1188 1312 jussione,
1223 1252 1281 1297 ιιι
1332 1243 1622 1312 praefatur,
1667 1262 1685 1295 ‹
1722 1244 1822 1298 viri

264 1333 692 1391 reverendissimi
715 1333 919 1386 domini
940 1332 1146 1387 Adonis
1163 1332 1524 1390 Molismensis
1544 1335 1775 1397 abbatis,
1799 1354 1817 1385 ο

260 1441 416 1496 quem
471 1423 1107 1479 San-Martbani-docent
1148 1440 1292 1478 anno
1340 1425 1471 1480 ll9'i
1518 1426 1741 1491 obiisse,
1771 1435 1825 1480 et

264 1517 490 1572 Odonem
506 1513 793 1584 appellant.
821 1533 838 1564 ι
858 1513 1064 1568 Nomen
1098 1531 1298 1582 meum,
1326 1517 1522 1585 inquit,
1551 1516 1783 1571 subticui
1806 1535 1818 1568 :

259 1623 325 1662 ne
353 1606 486 1660 forte
536 1605 677 1674 apud
731 1606 1008 1675 imperitos
1037 1621 1174 1675 opus
1207 1607 1382 1676 ipsum
1428 1608 1729 1673 vilesceret,
1776 1610 1821 1664 si

259 1698 556 1768 peccatoris
602 1712 794 1751 nomen
846 1697 898 1750 in
944 1698 1116 1765 prima
1154 1696 1329 1752 fronte
1360 1700 1540 1767 operis
1584 1715 1819 1769 appare-

259 1798 358 1842 ret.
396 1807 415 1838 ι
455 1786 597 1841 lJcm
628 1788 871 1843 veritatis
901 1790 1140 1843 studium
1174 1792 1332 1846 unice
1373 1808 1483 1861 prae
1512 1808 1572 1847 se
1614 1793 1815 1855 ferens,

261 1896 367 1935 non
397 1881 583 1934 dubito
606 1882 734 1951 quin
767 1882 939 1950 ipsum
966 1883 1127 1937 etiam
1159 1885 1505 1951 adhibuerit;
1539 1885 1816 1942 fatendum

257 1978 341 2025 est
380 1980 554 2025 tamen
590 1987 621 2025 a
652 1987 780 2027 vero
813 1973 1102 2027 abductum
1150 1976 1439 2044 aliquoties
1466 1976 1654 2040 fuisse,
1690 1977 1818 2030 dum

256 2060 368 2115 suis
391 2059 847 2130 Molismensibus,
874 2079 940 2118 ex
969 2065 1314 2120 aemulatione
1342 2066 1602 2122 adversus
1617 2067 1820 2122 Cister-

252 2151 458 2207 cienses
482 2152 719 2208 historiae
748 2156 1026 2209 veritatem
1064 2156 1207 2211 haud
1250 2174 1443 2227 parum
1475 2159 1817 2213 obscuranti-

167 2257 175 2264 '
249 2240 368 2307 bus,
401 2241 631 2297 nimium
661 2245 910 2300 credidit.
964 2245 1147 2302 Sensit
1182 2247 1286 2302 boc
1319 2249 1547 2317 primus,
1578 2248 1815 2305 Joannes

247 2330 574 2388 Grotbusius
617 2344 804 2391 noster
832 2336 934 2405 pia:
962 2338 1259 2404 memoriae,
1294 2354 1420 2394 cum
1470 2339 1736 2395 Embricae
1759 2343 1812 2395 in

244 2420 472 2491 collegio
530 2433 719 2478 nostro
779 2427 1071 2495 rcperisset
1130 2430 1372 2485 codicem
1436 2430 1814 2485 Cisterciensis

245 2510 485 2567 historia:
514 2512 613 2568 Ms.
637 2529 783 2570 anno
821 2516 980 2584 l638,
1030 2518 1318 2589 ipsumque
1354 2530 1407 2575 et
1432 2536 1494 2576 ea
1522 2537 1643 2591 quae
1671 2522 1724 2575 in
1751 2523 1807 2577 S.

243 2599 501 2657 Bernardi
530 2602 784 2675 Petrique
811 2605 1146 2663 Venerabilis
1166 2611 1423 2679 operibus
1456 2612 1658 2687 legerat
1681 2628 1811 2666 con-

243 2693 451 2749 tulisset
482 2712 605 2751 cum
643 2696 761 2753 Vita
784 2700 927 2769 apud
952 2698 1172 2755 Surium
1197 2702 1361 2756 edita.
1391 2701 1455 2756 Et
1477 2702 1565 2757 bic
1588 2704 1804 2773 quidem

313 2860 517 2868 .——-——-
526 2863 593 2868 νῇ
601 2862 1599 2871 m--_w—mm.——_—
1607 2862 2009 2871 ‘m

250 2859 2013 2886 =—-——-————————————_—_——-———.——————————‘_

1931 603 2219 674 ecgrapbo,
2253 604 2412 673 quale
2457 604 2622 658 etiam
2684 615 2784 655 nos
2840 599 3123 664 habemus,
3174 612 3281 650 non
3314 597 3504 651 L-atmit

1930 695 2234 764 prologum,
2268 700 2453 763 utpote
2481 694 2604 749 istic
2650 691 3020 755 deficientem;
3068 697 3123 743 ct
3173 689 3370 760 stylum
3401 688 3502 741 ali-

1928 786 2141 854 quoties
2185 786 2433 850 mutavit,
2478 785 2640 839 vcrba
2673 782 2835 838 etiam
2893 782 3091 852 saepius
3133 781 3500 836 contractiora

1929 888 1987 932 ut
2011 877 2218 931 invenit
2239 877 2319 932 sic
2344 877 2597 932 reddidit.
2627 875 2739 931 Nos
2767 876 3028 945 integram
3067 876 3500 945 invariatamque

1926 969 2120 1023 damus
2145 984 2211 1022 ex
2249 983 2390 1036 saepe
2431 968 2650 1022 laudato
2677 967 2865 1023 codice
2890 967 3185 1023 Bodecensi
3220 986 3233 1021 :
3282 969 3336 1021 in
3387 983 3496 1038 qua

1926 1059 2191 1130 quidquid
2240 1059 2770 1129 minus_sincerum,
2822 1075 2885 1114 ex
2933 1060 3181 1116 alieniori
3213 1076 3243 1114 a
3289 1057 3495 1115 Cister-

1926 1154 2202 1208 ciensibus
2228 1153 2412 1209 animo
2469 1154 2753 1225 scriptum,
2794 1153 2847 1208 id
2891 1153 2974 1207 vel
3013 1153 3125 1223 jam
3157 1153 3497 1208 correximus

1925 1241 1979 1295 in
2009 1243 2111 1297 hoc
2137 1244 2337 1311 praevio
2366 1245 2775 1309 commentario,
2814 1243 2893 1296 vel
2944 1258 3107 1312 porro
3139 1243 3191 1295 in
3222 1242 3497 1297 adnotatis

1927 1334 2225 1387 cavendum
2278 1336 2642 1390 monebimus.
2672 1335 2845 1389 Annis
2876 1343 2997 1402 post
3033 1333 3239 1388 Adonis
3263 1342 3492 1387 mortem

1926 1423 2015 1488 50,
2045 1425 2148 1478 sub
2183 1426 2290 1479 alio
2322 1425 2510 1479 Adone
2533 1427 2646 1480 sive
2675 1424 2882 1489 Odone,
2910 1434 3088 1478 actum
3120 1438 3217 1492 pro
3243 1423 3497 1477 obtinen-

1922 1514 1991 1568 da
2015 1514 2424 1570 eanonizatione
2445 1523 2548 1580 est,
2579 1524 2965 1584 peractumque
2996 1521 3055 1566 ut
3083 1513 3320 1566 diximus
3349 1532 3360 1566 :
3385 1529 3493 1582 qua

1921 1606 1989 1660 de
2022 1622 2080 1660 re
2111 1615 2464 1661 monumenta
2508 1614 2725 1661 exstant
2756 1621 2784 1659 a
2807 1603 3056 1673 Philippo
3083 1602 3266 1658 Labbc
3293 1604 3492 1659 inserta

1921 1697 2266 1752 Bibliotheca:
2291 1714 2423 1752 mss.
2450 1697 2635 1753 tomol
2668 1706 2719 1751 et
2754 1698 2877 1751 inde
2923 1697 3029 1752 buc
3052 1692 3491 1760 transcribendaj

1923 1789 1976 1842 in
2001 1789 2199 1859 quibus
2224 1790 2326 1844 sub
2350 1790 2507 1844 linem
2538 1791 2603 1844 sit
2630 1789 2832 1844 mentio
2852 1787 2986 1842 Viue
3005 1805 3035 1843 a
3063 1787 3501 1842 Molismensium

1875 1851 1893 1902 ἶ
1925 1881 2370 1950 procuratoribus
2401 1881 2641 1951 pontifici
2671 1879 3019 1945 exliibcndze;
3048 1896 3168 1948 qua:
3205 1880 3337 1949 quin
3374 1880 3497 1947 ipsa

1924 1973 1995 2027 sit
2023 1989 2187 2042 quam
2213 1973 2445 2037 edimus,
2471 1974 2562 2025 vix
2610 1979 2786 2041 potest
2814 1971 2982 2024 videri
3008 1971 3255 2025 dubium.
3292 1969 3367 2023 Ex
3400 1986 3489 2025 re-

1922 2065 2255 2119 centioribus
2282 2064 2457 2119 Vitam
2509 2066 2773 2134 scripsere
2801 2066 3024 2130 Gallice,
3059 2062 3244 2118 Simon
3292 2062 3495 2118 Martia

1921 2155 2129 2210 ordinis
2160 2155 2506 2210 Minimorunt
2549 2156 2601 2210 in
2634 2155 2882 2211 Floribus
2915 2154 3240 2220 solitudinis,
3271 2152 3491 2208 Lusita~

1921 2247 2042 2300 nicc
2072 2245 2380 2306 Bernartius
2423 2248 2489 2301 de
2539 2248 2687 2301 Brito
2717 2248 2768 2301 in
2817 2256 2968 2317 parte
3006 2246 3176 2315 prima
3232 2245 3489 2300 Chronici

1916 2338 2314 2405 Cisterciensis,
2340 2336 2530 2393 Latine
2557 2338 2869 2408 Manriqnez
2902 2339 2954 2391 in
2999 2337 3302 2391 Annalibus
3339 2336 3488 2405 ejus-

1917 2428 2038 2481 dem
2068 2427 2300 2493 ordinis,
2347 2437 2402 2483 et
2439 2429 2864 2500 Cbrysostomus
2897 2427 3209 2497 llcnriquez.
3242 2427 3295 2480 in
3325 2426 3488 2481 fasci-

1915 2522 2039 2575 cnlo
2073 2521 2418 2576 Sanctorum.
2465 2521 2653 2577 Exstat
2694 2522 2855 2577 etiam
2890 2522 2942 2576 in
2972 2521 3221 2591 Legenda
3259 2517 3487 2574 Sancto-

1916 2630 2034 2667 rum
2060 2630 2259 2669 cscusa
2286 2614 2508 2669 Lovanii
2536 2630 2681 2669 anno
2708 2614 2847 2669 1485
2871 2627 2925 2669 et
2958 2629 3089 2669 mss.
3115 2611 3489 2683 Ultrajectinis

1915 2703 1972 2757 S.
2009 2704 2339 2770 Salt‘atot‘is,‘
2364 2706 2456 2759 sed
2485 2706 2837 2759 contractior.

2018 2865 2543 2874 cu-.~am-~.—~—
2555 2870 2565 2874 _

2568 2863 3477 2890 mw

1018 3075 1479 3232 VITA
1595 3078 1752 3232 S.
1875 3080 2712 3237 ROBERTI

234 3351 515 3418 Auctore
547 3346 857 3416 monacho
885 3342 1288 3407 Molismensi
1318 3359 1643 3423 anonymo
1673 3347 1794 3409 sub
1849 3347 2069 3410 Adone
2115 3350 2339 3410 abbate
2388 3348 2624 3410 swculo
2672 3369 2798 3423 xu,
2848 3368 2923 3411 ex
2975 3366 3090 3412 ms.
3125 3350 3481 3419 Bodccensi

624 3468 803 3515 eruta
829 3467 863 3511 a
888 3450 1132 3511 Joanne
1164 3446 1439 3507 Gamans
1470 3446 1531 3507 S.
1572 3446 1654 3515 J.,
1697 3444 1919 3508 collata
1951 3449 2092 3507 cuin
2131 3464 2282 3507 mss.
2320 3447 2736 3526 Ultrajcctino
2768 3455 2826 3508 et
2858 3446 3074 3519 Surio.

826 3786 1216 3844 PROLOGUS.

296 3883 346 3935 l.
386 3881 664 3948 Quoniam
695 3880 822 3936 .lesn
848 3881 1127 3935 sacerdote
1150 3893 1349 3948 magno
1386 3893 1481 3946 per
1518 3878 1797 3947 proprium

218 3974 554 4043 sanguinem
588 3973 640 4026 in
686 3980 870 4026 sancta
913 3972 1080 4026 semel
1114 3972 1382 4041 ingresso,
1415 3970 1690 4038 propalata
1721 3976 1803 4024 est

218 4065 304 4120 via
332 4074 692 4129 sanctorum;
724 4079 901 4133 operae
949 4064 1181 4133 pretium
1224 4076 1346 4115 reor
1388 4061 1552 4115 vitam
1586 4061 1799 4114 illorum

216 4170 521 4226 moresque
580 4154 925 4220 describere,
972 4154 1065 4223 qui
1120 4153 1452 4206 Salvatorcm
1520 4160 1797 4215 nostrum,

216 4256 498 4317 quantum
532 4246 780 4315 permisit
810 4246 1046 4299 humana
1077 4245 1359 4314 fragilitas,
1393 4243 1686 4307 imitantes,
1718 4244 1800 4295 in-

212 4349 294 4393 ter
329 4338 609 4408 procellas
658 4337 781 4390 vita:
816 4335 1118 4404 praesentis,
1178 4335 1230 4387 in
1275 4348 1447 4403 agone
1487 4332 1800 4387 certaminis

211 4428 441 4483 fortiter
495 4428 868 4497 perstiterunt,
918 4424 1196 4480 Christum
1247 4422 1534 4477 Dominum
1586 4424 1638 4476 in
1684 4422 1800 4477 suis

208 4518 550 4588 corporibus
594 4518 962 4589 glorificantes
989 4525 1041 4571 et
1086 4523 1381 4585 portantes,
1424 4525 1478 4567 et
1512 4529 1683 4583 usque
1731 4515 1799 4569 ad

209 4611 382 4666 tinem
414 4611 536 4665 vita:
558 4611 999 4665 constantissime
1032 4615 1408 4678 permanentes
1438 4606 1491 4659 in
1522 4607 1799 4675 proposito

206 4700 554 4756 sanctitatis.
590 4699 653 4753 lli
683 4702 829 4754 cnim
862 4708 1010 4765 sunt,
1055 4700 1121 4754 de
1152 4699 1350 4768 quibus
1403 4695 1680 4768 Scriptura
1715 4698 1797 4751 lo-

204 4796 438 4865 quitur,
486 4809 505 4841 c
531 4789 808 4844 Justornm
837 4792 1051 4855 semita,
1078 4793 1233 4858 quasi
1269 4791 1362 4844 lux
1393 4789 1795 4859 Splendcscens,

203 4882 427 4941 crescit
454 4889 507 4935 et
534 4880 746 4949 prolicit
780 4896 952 4948 usque
987 4880 1052 4933 ad
1083 4880 1379 4948 perfectum
1426 4881 1567 4934 diem
1612 4878 1791 4947 (Prov.

200 4981 312 5049 ιτ),
356 4994 377 5027 ι
419 4972 481 5027 lli
506 4981 635 5028 sunt
662 4972 849 5033 stellae.
881 4987 1018 5040 quas
1043 4972 1323 5025 constituit
1353 4988 1599 5026 summus
1620 4972 1797 5041 ponti-

200 5072 301 5128 fex
335 5071 399 5125 in
432 5067 689 5123 Ecclesiae
734 5069 1101 5129 firmamento,
1138 5082 1369 5135 quarum
1411 5066 1665 5135 splendor
1696 5067 1797 5120 bu-

204 5178 403 5220 mame
441 5161 762 5232 ignorantia;
797 5159 1049 5214 tenebras
1091 5157 1278 5228 abigit,
1320 5165 1374 5211 ct
1422 5157 1796 5212 laborantibus

202 5258 262 5312 in
320 5257 436 5310 boc
492 5252 629 5307 mari
685 5267 883 5322 magno
945 5260 999 5304 et
1050 5250 1290 5319 spatioso
1331 5257 1545 5316 portum
1605 5249 1797 5304 salutis

203 5346 490 5410 ostendit,
518 5345 660 5398 inter
687 5358 828 5413 quos
857 5342 1162 5410 specialiter
1202 5341 1402 5395 effulsit
1445 5340 1528 5392 vir
1558 5341 1677 5394 vita:
1704 5357 1796 5394 ve-

204 5438 483 5495 nerabilis
520 5436 579 5490 Β.
616 5435 910 5497 Robertus,
966 5432 1330 5487 Molismensis
1380 5430 1636 5487 Ecclesiae
1682 5433 1790 5501 pri-

190 5540 341 5586 ‘mus
397 5529 587 5594 abbas,
641 5528 801 5596 cujus
847 5527 1110 5581 sanctitas
1163 5524 1419 5579 defaecata
1477 5532 1627 5579 tanto
1667 5525 1791 5593 jure

202 5620 515 5693 gloriosior
546 5620 893 5689 praedicatur,
924 5627 1128 5688 quanto
1167 5617 1251 5670 vix
1282 5616 1478 5685 aliquis
1509 5616 1560 5673 in
1592 5618 1786 5671 diebus

203 5713 447 5780 nostris,
476 5714 568 5782 qui
602 5713 682 5768 vel
721 5712 888 5766 Deum
921 5713 1128 5777 timeat,
1153 5710 1441 5763 invenitur.
1490 5709 1660 5780 Cujus
1687 5725 1786 5781 ego

206 5808 387 5862 vitam
438 5807 666 5862 adorsus
700 5822 818 5881 sum
852 5805 1107 5872 scribere,
1157 5819 1266 5860 non
1312 5804 1377 5859 de
1412 5803 1626 5873 ingenio
1669 5820 1789 5857 meo

1819 3620 1880 3632 ..ιο

1833 3791 1873 3845 C
1908 3796 2000 3840 aut
2024 3786 2247 3839 scientia
2276 3801 2628 3854 praesumens,
2658 3786 2749 3840 sed
2782 3787 2963 3857 potius
2990 3787 3041 3841 in
3067 3787 3158 3841 illo
3180 3804 3327 3857 spem
3352 3804 3479 3857 pro-

1906 3878 2079 3931 fcctus
2125 3876 2395 3946 emptique
2441 3878 2619 3946 operis
2684 3881 3212 3935 consummationem
3272 3881 3480 3937 consti-

1906 3977 2084 4032 tuens,
2127 3967 2219 4037 qui
2268 3969 2480 4038 linguas
2531 3966 2818 4022 infantium
2875 3968 3001 4022 facit
3045 3969 3293 4035 disertus,
3326 3980 3379 4024 et
3407 3972 3481 4026 ad

1904 4059 2298 4129 corripiendam
2353 4061 2627 4130 propheta:
2676 4062 2972 4125 vesaniam,
3025 4061 3293 4129 subjugali
3324 4072 3476 4117 ntuto

1904 4154 2179 4223 quondam
2227 4153 2479 4207 humana:
2535 4154 2730 4223 linguae
2785 4152 2975 4207 tribuit
3017 4153 3349 4208 facultatem.
3392 4154 3503 4207 Ad.

1903 4245 2019 4299 lucc
2044 4245 2273 4299 accessit
2303 4244 2401 4296 viri
2436 4243 2872 4297 rerercndissimi
2896 4243 3101 4297 domini
3128 4243 3329 4299 Adonis
3359 4242 3475 4298 Μυ-

1903 4335 2178 4391 lismensis
2207 4334 2662 4404 abbatis,jnssio,
2694 4351 2793 4389 nec
2830 4350 2936 4390 non
2966 4345 3019 4389 et
3057 4334 3283 4389 fratrum
3325 4337 3477 4405 ejus.

1902 4428 2023 4481 dem
2051 4426 2154 4481 loci
2182 4428 2392 4481 instans
2418 4437 2471 4479 et.
2500 4427 2693 4482 devota
2723 4427 3016 4495 postulatio
3036 4467 3051 4492 ,
3095 4427 3293 4496 quibus
3326 4427 3473 4480 indi-

1902 4532 2068 4587 gnum
2100 4532 2325 4586 prorsus
2354 4517 2589 4570 arbitror
2632 4516 2837 4586 aliquid
2878 4516 3153 4586 denegari.
3198 4514 3274 4570 Ne
3310 4516 3481 4586 igitur

1900 4626 2086 4665 coram
2122 4608 2351 4663 Domino
2398 4624 2604 4662 vacuus
2650 4623 2985 4677 apparerem,
3040 4608 3164 4661 licet
3215 4623 3321 4661 non
3368 4607 3475 4661 sint

1903 4712 2061 4756 tantae
2122 4700 2336 4754 virtutis
2378 4709 2472 4754 aut
2510 4699 2708 4763 meriti,
2757 4709 2815 4753 ut
2846 4716 2966 4753 esse
3018 4698 3221 4767 possim
3263 4698 3471 4753 aliisin

1899 4794 2228 4861 exemplum,
2270 4793 2392 4845 dedi
2424 4801 2601 4844 tamen
2645 4805 2888 4858 operam,
2929 4804 2996 4842 ne
3034 4789 3113 4842 eis
3142 4787 3358 4856 penitus
3388 4789 3470 4841 Ia—

1900 4895 2028 4949 teat,
2073 4884 2164 4954 qui
2217 4885 2412 4937 merito
2460 4881 2765 4937 sanctitatis
2805 4879 3060 4934 Ecclesia:
3104 4890 3469 4934 sacrosancta:

1898 4979 2057 5031 datus
2087 4975 2259 5031 estad
2289 4983 2563 5029 ornatum.
2589 4972 2799 5042 Quique
2831 4972 2993 5041 igitur
3017 4971 3187 5027 lector
3217 4988 3473 5027 accesse-

1900 5070 1998 5134 ris,
2030 5085 2225 5123 nomen
2256 5081 2442 5137 quaeso
2475 5065 2757 5134 scriptoris
2789 5066 2842 5118 in
2894 5065 2996 5119 boc
3038 5080 3147 5118 non
3197 5066 3469 5134 requiras,

1902 5162 2030 5231 quia
2077 5159 2302 5230 gloriam
2346 5158 2626 5211 hominum
2661 5155 2872 5226 fugiens
2902 5166 2955 5211 et
2985 5173 3016 5211 a
3057 5156 3166 5211 Deo
3197 5158 3313 5211 solo
3345 5158 3465 5211 lau~

1901 5253 2018 5307 dari
2049 5267 2321 5322 quzerens,
2347 5251 2398 5303 in
2428 5250 2532 5304 boc
2557 5264 2720 5319 opere
2746 5265 2943 5304 nomen
2995 5266 3175 5305 meum
3207 5250 3464 5315 subticui,

1899 5351 1952 5397 et
1985 5359 2051 5397 ne
2083 5342 2223 5397 forte
2245 5342 2387 5413 apud
2416 5342 2696 5410 imperitos
2718 5324 2857 5410 opus
2881 5342 3055 5410 ipsum
3084 5341 3386 5405 vilesceret,
3420 5344 3468 5395 si

1898 5434 2202 5502 peccatoris
2233 5448 2430 5487 nomen
2464 5432 2515 5484 in
2544 5432 2719 5500 prima
2750 5430 2929 5484 fronte
2951 5430 3128 5498 operis
3157 5441 3461 5498 appareret.

1900 5523 1957 5577 Si
1995 5525 2126 5594 quid
2158 5532 2338 5581 autem
2386 5523 2570 5577 minus
2615 5523 2888 5590 eleganter
2935 5520 3181 5574 minusve
3210 5519 3465 5576 decenter

1896 5616 2108 5680 dixero,
2131 5598 2343 5668 veniam
2374 5628 2567 5682 precor
2591 5610 2867 5666 humiliter
2901 5626 2931 5664 a
2963 5610 3192 5678 lectore;
3222 5627 3467 5667 commc-

1894 5722 2030 5762 nens
2072 5706 2357 5760 universos
2387 5705 2455 5759 ad
2494 5719 2633 5774 quos
2662 5718 2901 5773 praesens
2930 5702 3190 5772 scriptum
3232 5706 3461 5769 venerit,

1896 5815 1965 5855 nc
1995 5798 2280 5857 verberam
2324 5796 2574 5867 phaleras
2606 5809 2635 5847 a
2669 5808 2755 5849 mc
2799 5794 3100 5863 requirant,
3157 5793 3281 5863 quia
3324 5797 3465 5849 veri-
