3976 6356
476 321 606 385 12τί

1359 324 1415 378 S.
1454 321 1754 379 ROBERTI
1794 320 1955 378 0RD.
1995 318 2311 377 CISTERC.
2354 318 2793 377 FUNDATORIS

3594 318 3733 377 £273

471 454 558 501 tas
587 459 682 516 per.
715 457 775 498 se
825 440 927 497 sibi
957 438 1229 496 sufﬁciens
1270 447 1323 492 et
1346 438 1566 503 decora,
1598 437 1727 493 fuco
1750 437 2042 493 verborum
2073 441 2119 497 A
2146 438 2290 507 pulis
2321 447 2615 495 eructaret.
2668 437 2772 505 Qui
2826 452 2951 492 cum
2991 445 3138 493 esset
3170 449 3447 490 annorum
3495 434 3731 503 quinde-

471 554 583 593 non
614 534 826 607 appetit
854 532 1108 598 colorari,
1146 546 1324 601 neque
1367 529 1671 587 meretricis
1692 528 1911 585 Iezabel
1940 529 2039 585 sti-

474 631 564 685 bio
589 628 826 699 depingi.
862 626 1104 695 Denique
1135 624 1420 679 Ductorem
1454 622 1716 693 gentium,
1760 622 2042 692 ipsiusque

474 721 730 777 Veritatis
777 719 1105 788 discipulum
1160 718 1385 772 audiant
1433 716 1725 780 dicentem,
1776 713 1907 784 quia
1957 730 2045 769 re-

473 808 637 883 gtium
669 810 765 866 Dei
805 826 914 864 non
956 818 1041 865 est
1077 809 1131 863 in
1165 822 1435 873 sermone,
1477 806 1572 862 sed
1604 806 1658 860 in
1707 805 1906 860 virtute
1941 821 2042 874 po-

471 904 583 960 tius
617 902 680 973 (Ι
720 901 844 958 Cor.
877 900 987 967 tv).

963 991 1195 1048 CAPUT
1255 991 1548 1047 PRIMUM.

472 1084 534 1143 S.
561 1085 776 1143 Roberti
801 1083 1025 1147 natales,
1055 1086 1358 1139 tirocinium
1381 1086 1503 1139 vita:
1529 1085 1809 1156 religione,
1834 1092 1881 1138 et
1908 1097 2044 1150 proe-

998 1157 1214 1227 fecturw
1251 1156 1515 1227 quadam.

542 1248 597 1304 2.
632 1247 830 1305 Beatus
862 1249 1028 1320 igitur
1056 1246 1327 1303 Robertus
1346 1247 1413 1301 de
1438 1246 1747 1317 Campaniae
1772 1246 1849 1319 χι)
1878 1246 2047 1317 parti-

472 1338 578 1395 bus
618 1338 925 1404 .oriundus,
959 1338 1115 1407 quasi
1155 1339 1375 1408 quidam
1423 1337 1525 1393 flos
1557 1338 1733 1409 campi
1764 1339 2047 1408 speciosus

471 1432 689 1497 enituit,
735 1432 895 1503 cujus
936 1431 1197 1491 nimirum
1223 1431 1388 1487 decor
1419 1432 1474 1486 in
1515 1432 1801 1488 honestate
1828 1446 2044 1486 morum

476 1523 813 1579 intuentibus
841 1529 1031 1593 gratus
1059 1530 1212 1589 erat;
1263 1532 1316 1578 et
1346 1531 1551 1579 sanctae
1578 1523 1854 1594 opinionis
1889 1525 2044 1589 odor,

473 1615 633 1686 longe
657 1614 873 1682 lateque
893 1612 1147 1676 diffusus,
1179 1612 1247 1667 ad
1278 1613 1638 1669 imitationem
1669 1615 1755 1669 sui
1781 1614 2047 1686 plurimos

472 1706 756 1763 invitabat.
803 1703 959 1759 Hunc
995 1712 1178 1759 autem
1227 1705 1407 1759 virum
1446 1714 1695 1760 sanctum
1741 1715 1888 1762 recte
1927 1706 2047 1760 flori

474 1811 563 1851 me
593 1797 809 1852 aestimo
843 1810 1225 1866 comparasse;
1255 1797 1383 1867 quia
1406 1796 1474 1851 de
1500 1796 1705 1853 sanctis
1734 1796 1866 1852 dicit
1898 1796 2044 1853 Scri-
2076 1795 2118 1848 Β

471 1895 653 1957 ptura,
684 1888 829 1958 quod
864 1906 882 1938 ι
911 1886 1183 1942 florebunt
1206 1889 1273 1943 de
1305 1888 1524 1943 civitate
1556 1888 1698 1943 sicut
1728 1887 1911 1944 fenum
1939 1898 2046 1944 ter-

472 1993 548 2034 rte
577 1977 752 2050 (Psal.
783 1979 955 2049 Lm).
989 1997 1007 2030 ι
1041 1976 1215 2033 Porro
1246 1978 1373 2049 quia
1401 1978 1657 2035 nobilitas
1683 1992 1767 2035 est
1795 1980 2043 2050 quazdam

472 2070 594 2126 laus
623 2070 923 2140 procedens
957 2086 1023 2125 ex
1076 2071 1286 2126 meritis
1315 2072 1622 2141 parentum,
1664 2089 1696 2127 a
1726 2072 1926 2143 quibus
1963 2072 2047 2127 vir

473 2163 666 2219 beatus
695 2163 961 2234 originem
999 2163 1237 2229 duxerit,
1269 2164 1641 2219 ostendemus.
1688 2163 1851 2220 Pater
1883 2164 2047 2235 igitur

472 2254 593 2324 ejus
636 2254 1026 2321 Theodericus,
1070 2263 1247 2309 mater
1290 2268 1420 2309 vero
1460 2254 1806 2327 Ermegardis
1835 2255 2049 2311 diceba-

474 2356 585 2414 tur,
611 2347 773 2417 ambo
801 2347 1018 2418 quidem
1050 2345 1350 2402 secundum
1385 2348 1567 2403 surculi
1593 2348 1912 2418 dignitatem
1936 2347 2048 2403 cla—

471 2439 543 2505 ri,
574 2440 668 2495 sed
698 2449 823 2495 ante
842 2438 1016 2500 Deum
1050 2454 1267 2495 morum
1296 2439 1584 2495 honestate
1608 2440 1933 2507 clarissimi;
1959 2456 2047 2496 re-

472 2546 595 2586 rum
627 2546 756 2586 vero
799 2530 976 2601 copia,
1019 2530 1223 2601 quibus
1270 2531 1639 2601 temporaliter
1670 2531 2044 2600 abundabant,

474 2622 556 2679 sic
583 2622 899 2687 utebantur,
927 2631 986 2676 ut
1012 2620 1214 2677 summi
1237 2620 1659 2679 Patrisfamilias
1684 2622 1865 2694 potius
1892 2622 2047 2680 vide-

473 2723 664 2771 rentur
685 2715 1114 2785 dispensatores,
1139 2732 1305 2786 quam
1334 2726 1560 2771 terrena:
1581 2716 1900 2771 substantiae
1920 2730 2049 2786 pos-

474 2821 742 2863 sessores.
784 2804 1029 2862 Scientes
1059 2817 1263 2871 autem,
1291 2807 1436 2877 quod
1471 2805 1750 2861 fenerator
1789 2805 2045 2871 Domino,

473 2899 568 2970 qui
598 2898 823 2968 pauperi
858 2897 1167 2964 miseretur,
1193 2898 1467 2968 pulverem
1498 2906 1726 2953 terrena:
1758 2910 2049 2952 conversa-

474 2990 641 3047 tionis
667 2990 772 3060 piis
813 2990 1177 3061 eleemosynis
1221 2988 1602 3059 abstergebant
1631 3005 1647 3043 :
1677 2987 1790 3043 imo
1815 2986 1945 3057 quia
1990 2986 2047 3041 in

2143 527 2273 592 cim,
2309 528 2584 583 mundana
2616 527 2795 584 vitans
2840 527 3113 596 contagia,
3162 535 3343 582 totum
3392 539 3457 580 se
3489 524 3735 583 decrevit

2145 614 2376 671 Domino
2403 616 2868 681 consecrandum;
2904 616 3046 670 unde
3074 615 3263 670 florem
3294 615 3737 686 gratissima]:-

2143 706 2383 761 ventutis
2411 706 2644 762 Domino
2682 706 2938 774 offerens,
2969 707 3110 777 apud
3140 705 3198 761 S.
3226 705 3463 762 Petrum
3486 707 3560 762 de
3588 708 3729 763 Cella

2145 798 2223 867 ('5)
2272 800 2512 870 suscepit
2564 799 2811 854 habitum
2863 799 3204 870 regularem;
3256 799 3353 854 ubi
3402 798 3641 868 jejuniis
3679 810 3733 856 et

2144 890 2485 947 orationibus
2509 906 2713 947 vacans
2754 901 2914 946 nocte
2945 899 3001 946 et
3026 890 3134 957 die,
3164 899 3385 961 gratum
3434 889 3554 944 Deo
3580 893 3731 945 exhi-

2144 981 2307 1036 bebat
2331 982 2677 1053 obsequium,
2725 999 2946 1040 carnem
2995 982 3234 1052 spiritui,
3283 982 3550 1051 spiritum
3606 999 3733 1037 vero

2145 1072 2444 1143 subjiciens
2471 1073 2738 1131 Creatori.
2771 1075 2911 1130 Cum
2956 1090 3085 1128 vero
3125 1082 3345 1143 tempus
3372 1083 3553 1137 esseet,
3594 1086 3659 1129 ut
3680 1077 3729 1130 in

2146 1181 2306 1221 servo
2348 1181 2450 1221 suo
2476 1166 2871 1236 glorificarctur
2904 1165 3048 1221 Deus
3089 1174 3140 1220 et
3189 1166 3443 1227 lucerna.
3474 1182 3603 1237 qua
3632 1169 3731 1222 sub

2147 1257 2331 1312 modio
2378 1258 2629 1326 latuerat,
2681 1274 2847 1328 super
2893 1257 3284 1313 candelabrum
3316 1258 3386 1313 ad
3417 1259 3726 1314 illuminan—

2145 1349 2270 1404 dam
2294 1348 2591 1406 Ecclesium
2613 1359 2939 1420 poneretur:
2964 1348 3075 1415 ille,
3106 1349 3161 1403 in
3189 1349 3353 1418 cujus
3375 1365 3543 1405 manu
3566 1352 3723 1405 conia

2147 1450 2275 1497 sunt
2304 1443 2586 1497 hominum
2608 1483 2624 1506 ,
2655 1441 2899 1512 ejusdem
2929 1442 3131 1496 domus
3184 1440 3455 1496 fratribus
3498 1442 3726 1512 inspira.

2147 1532 2243 1599 vit,
2277 1542 2337 1587 ut
2371 1533 2551 1588 virum
2582 1533 2673 1588 Dei
2702 1532 2998 1588 Robertum
3043 1532 3150 1587 sibi
3181 1532 3448 1601 eligerent
3486 1533 3539 1586 in
3566 1534 3715 1604 prio-

2149 1641 2285 1679 rem.
2314 1624 2544 1695 Dignum
2575 1625 2777 1695 quippe
2818 1632 2960 1689 erat,
2991 1632 3051 1678 ut
3077 1624 3175 1693 qui
3204 1623 3349 1678 duce
3367 1625 3522 1693 gratia
3548 1625 3711 1695 longo

2147 1733 2250 1773 usu
2300 1717 2566 1772 didicerat
2606 1724 2795 1771 tenere
2825 1714 3201 1770 moderamina
3232 1715 3361 1770 vitae.
3406 1716 3707 1784 suadetis!

2146 1817 2202 1862 ct
2229 1808 2544 1863 moderatur
2595 1807 2748 1861 fieret
2793 1807 3048 1862 aliorum.
3108 1803 3241 1859 Erat
3292 1815 3430 1860 tunc
3478 1807 3723 1875 temporis

2148 1900 2200 1953 in
2239 1897 2466 1953 remotis
2494 1911 2781 1952 nemorum
2811 1896 2889 1965 (ιι)
2934 1893 3157 1950 latebris
3204 1895 3445 1949 eremita
3491 1895 3724 1963 quidam,

2147 1989 2261 2045 Deo
2288 1988 2518 2059 cupiens
2566 2002 2634 2042 eo
2688 1987 2911 2044 liberius
2959 2001 3069 2057 quo
3115 1985 3395 2041 secretius
3442 1985 3727 2049 deses-ne,

2147 2081 2239 2150 qui
2281 2095 2406 2135 cum
2458 2078 2778 2135 assiduitate
2806 2078 3142 2149 jejuniorum
3171 2085 3496 2131 macerarct
3524 2091 3729 2130 cantem

2145 2179 2200 2225 et
2226 2172 2537 2226 orationum
2583 2170 2844 2225 instantia
2877 2169 3129 2240 spiritum
3159 2170 3487 2235 roboraret,
3513 2168 3730 2237 respexit

2148 2262 2415 2318 Dominus
2459 2261 2822 2317 humilitatem
2863 2262 3003 2332 ejus,
3046 2276 3148 2317 nec
3188 2260 3313 2316 sine
3342 2258 3551 2330 grandi
3578 2260 3730 2312 mira-

2147 2355 2272 2409 culo
2301 2370 2397 2424 per
2439 2354 2616 2424 ipsum
2663 2355 2834 2409 crevit
2877 2352 3235 2408 servientium
3272 2350 3527 2405 Donrino
3566 2350 3735 2403 multi-

2149 2445 2299 2501 tudo.
2559 2498 2571 2511 ,

2217 2537 2271 2591 4.
2321 2538 2437 2591 Duo
2477 2536 2623 2591 enim
2668 2535 2891 2601 milites,
2922 2532 3123 2589 fratres
3164 2532 3397 2604 quidem
3438 2530 3732 2586 secundum

2148 2643 2392 2694 carnem,
2430 2628 2524 2683 sed
2573 2628 2875 2683 secundum
2914 2626 3167 2697 spiritum
3218 2638 3333 2679 nou
3383 2624 3586 2678 eadem
3615 2638 3735 2677 sen-

2150 2721 2370 2784 tientes,
2421 2720 2605 2775 studio
2648 2720 2827 2774 inanis
2856 2718 3042 2789 gloria:
3067 2716 3259 2782 dediti,
3312 2714 3385 2770 ad
3417 2715 3734 2770 ostentatio-

2148 2827 2271 2866 nem
2315 2810 2510 2865 virium
2558 2825 2806 2876 suarum,
2854 2808 3220 2864 exsecrabiles
3257 2807 3575 2870 nundinas,
3598 2821 3732 2874 quas

2148 2904 2342 2974 vulgus
2367 2910 2741 2957 torueamenta
2773 2902 3043 2967 nominat,
3073 2900 3434 2970 expetebant.
3479 2897 3584 2965 Qui
3611 2914 3731 2953 cum

2147 3010 2245 3065 per
2279 3010 2495 3057 nemus,
2544 2995 2597 3049 in
2628 3011 2738 3067 quo
2766 2993 3024 3067 praefatus
3046 2993 3277 3049 eremita
3310 2991 3563 3063 degebat,
3598 2990 3725 3047 soli-

474 3098 639 3138 carne
677 3082 863 3152 positi,
918 3098 1027 3136 non
1079 3080 1379 3137 secundum
1407 3095 1626 3137 carnem
1658 3078 1931 3145 vivebant,
1955 3093 2050 3133 co-
2077 3125 2119 3182 Ο
2153 3087 2345 3141 uirium
2377 3087 2545 3141 vitam
2574 3087 2801 3151 ducens,
2837 3085 2938 3141 iter
2964 3092 3187 3155 agerent
3212 3125 3229 3151 ,
3261 3092 3541 3153 crepet-unt
3583 3081 3716 3135 me-

474 3174 737 3244 gitatione
762 3182 818 3229 et
858 3172 1114 3229 aviditate
1144 3173 1198 3228 in
1234 3174 1547 3230 cmlestibus
1596 3172 1926 3234 habitantes,
1964 3186 2053 3224 CO-
2083 3172 2118 3182 ν
2155 3189 2368 3235 rutrum
2399 3189 2608 3237 secreta
2635 3180 2969 3251 cogitatione
2994 3178 3062 3233 de
3090 3186 3285 3232 mutua
3317 3191 3453 3231 nece
3476 3182 3725 3229 tractare.

477 3280 644 3320 tonas
698 3280 828 3321 suas
872 3266 1136 3321 virtutum
1168 3266 1444 3337 operibus,
1486 3264 1643 3336 quasi
1686 3262 2050 3334 pretiosorum

476 3351 716 3429 lapidum
758 3357 953 3428 gloria,
981 3358 1333 3415 decorabant.
1382 3356 1510 3412 Haec
1553 3355 1757 3411 idcirco
1793 3353 2050 3415 dixerim,

477 3459 537 3505 ut
585 3452 951 3517 ostenderem,
1000 3468 1166 3521 quam
1219 3460 1408 3507 sancta
1462 3450 1617 3504 radix
1662 3447 1951 3512 exstiterit,
1987 3446 2054 3501 de

479 3560 585 3613 qua
625 3546 785 3601 nobis
833 3557 1058 3602 sanctus
1097 3547 1221 3611 iste,
1261 3545 1421 3615 quasi
1472 3542 1695 3613 quidam
1750 3539 1881 3611 ligni
1929 3539 2054 3594 vitae

478 3636 754 3703 surculus,
779 3638 1083 3707 pullulavit.
1111 3636 1312 3692 Verum
1336 3636 1467 3705 quia
1490 3634 1559 3690 de
1594 3632 1913 3703 parentibus
1932 3634 2053 3703 ejus

480 3729 712 3784 fecimus
759 3731 1115 3797 mentionem,
1144 3729 1380 3800 qualiter
1423 3726 1673 3783 eumdem
1716 3716 1897 3780 virum
1925 3740 2054 3780 san-

478 3828 625 3875 ctum
662 3819 899 3891 Spiritus
937 3820 1257 3890 prtevenerit
1305 3826 1529 3874 sanctus
1574 3816 1629 3871 in
1677 3815 2054 3871 benedictione

477 3910 805 3972 dulcedinis,
837 3910 967 3969 dum
1012 3911 1194 3966 adhuc
1244 3911 1437 3966 matris
1477 3917 1634 3964 utero
1688 3907 2050 3970 clauderetur,

481 4002 715 4057 breviter
761 4003 1127 4058 absolvemus.
1174 4000 1481 4073 Prmgnanti
1527 3998 1672 4053 enim
1722 3998 1882 4052 matri
1935 3998 2054 4067 ejus

484 4093 722 4163 gloriosa
760 4093 852 4149 Dei
880 4095 1110 4167 geniti-ix
1144 4094 1309 4164 Virgo
1340 4092 1509 4147 Maria
1555 4093 1608 4147 in
1647 4092 1856 4150 somnis
1882 4105 2051 4160 appa-

483 4187 613 4249 ruit,
647 4202 873 4242 aureum
904 4189 1166 4243 annulum
1203 4187 1411 4242 habens
1451 4189 1504 4242 in
1545 4202 1711 4242 manu
1742 4201 1863 4250 sua,
1897 4184 2057 4238 dixit-

480 4292 588 4350 que
616 4278 664 4334 ei
700 4297 713 4333 :
745 4297 764 4331 ι
800 4280 846 4334 υ
872 4277 1239 4351 Ermegardis,
1280 4278 1402 4333 volo
1437 4278 1629 4343 lilium,
1671 4291 1834 4347 quem
1876 4282 2053 4346 gestas

483 4371 538 4423 in
574 4378 750 4434 utero,
780 4386 845 4425 ex
879 4369 985 4424 isto
1014 4370 1147 4424 mihi
1177 4370 1383 4424 annulo
1416 4369 1761 4439 desponsari.
1795 4386 1814 4419 ι
1848 4366 1905 4421 lu
1939 4365 2056 4420 haec

2152 3269 2372 3326 Invidiae
2422 3272 2624 3342 quippe
2669 3287 2880 3326 veneno
2933 3269 3327 3326 miserabiliter
3374 3268 3725 3330 tabescentes,

2152 3364 2295 3435 apud
2320 3379 2380 3421 se
2405 3365 2740 3435 cOgilabant,
2775 3363 2921 3434 quod
2955 3362 3128 3418 altero
3153 3374 3352 3416 eorum
3381 3367 3620 3421 mortuo,
3644 3356 3727 3411 illa

2152 3454 2246 3525 qui
2288 3464 2621 3525 superesset,
2654 3455 2710 3510 in
2742 3454 2985 3510 defuncti
3030 3453 3449 3523 possessionem
3484 3450 3727 3506 succede-

2153 3554 2256 3602 ret.
2290 3544 2394 3601 Sed
2420 3545 2564 3602 Deus
2591 3546 2961 3617 omnipotens,
2985 3546 3080 3616 qui
3101 3544 3315 3599 sciebat
3337 3559 3440 3599 eos
3472 3559 3605 3601 vasa
3632 3543 3726 3597 uti-

2154 3639 2467 3695 sericordiae
2508 3653 2633 3694 mox
2668 3638 2902 3703 futuros,
2932 3652 3042 3692 non
3069 3634 3323 3706 permisit
3368 3634 3499 3690 illos
3544 3633 3730 3691 tartari

2155 3746 2318 3801 supra
2345 3746 2508 3802 quam
2536 3739 2819 3801 poterant;
2849 3729 2943 3786 sed
2970 3728 3097 3784 fecit
3123 3743 3249 3783 cum
3280 3728 3589 3782 tentatione
3612 3741 3731 3794 pro-

2155 3832 2398 3888 ventum,
2424 3838 2492 3876 ne
2521 3822 2885 3892 iniquitatem,
2913 3835 3079 3890 quam
3104 3805 3503 3887 conceperant,
3524 3815 3727 3871 θῆραιιί

2154 3914 2551 3983 manciparent.
2581 3914 2663 3969 Ad
2694 3913 2799 3968 hoc
2833 3923 3015 3968 autem
3048 3910 3298 3981 permisit
3341 3925 3445 3965 eos
3482 3908 3577 3963 Dei
3610 3924 3729 3978 pro.

2154 4004 2393 4060 videntia
2428 4012 2537 4059 tam
2586 4004 2772 4073 iniqua
2803 4002 3099 4057 tentatione
3131 4000 3343 4066 vexari,
3387 4009 3453 4054 ut
3500 4008 3731 4069 postmo-

2155 4096 2283 4151 dum
2338 4095 2392 4150 in
2424 4094 2670 4166 profectu
2700 4095 2964 4149 virtutum
3016 4091 3180 4162 positi
3209 4091 3317 4147 sibi
3361 4091 3601 4163 superbe
3628 4105 3731 4144 non

2155 4186 2455 4242 tribuerent
2497 4187 2645 4256 quod
2684 4186 2948 4241 baberent
2971 4227 2987 4251 ,
3023 4184 3116 4241 sed
3149 4183 3328 4255 magis
3363 4183 3421 4237 in
3454 4183 3611 4238 illum
3644 4196 3725 4235 re-

2156 4276 2469 4342 fundereut,
2496 4277 2655 4347 cujus
2680 4284 2865 4331 essent
2908 4274 3284 4331 misericordia
3333 4272 3570 4329 liberati.
3603 4271 3729 4328 Cum

2157 4368 2321 4439 igitur
2339 4369 2555 4438 expleto
2584 4369 2821 4439 negotio,
2858 4368 2926 4423 ad
2962 4367 3108 4438 quod
3136 4368 3354 4432 ierant,
3390 4367 3447 4421 in
3476 4382 3591 4437 quo
3610 4367 3735 4421 satis

482 4461 646 4515 verba
676 4460 955 4515 mulierem
977 4460 1334 4515 dormientem
1360 4439 1848 4535 relinqueusbeata
1869 4456 2053 4527 Virgo,
2088 4461 2132 4515 D
2160 4466 2380 4512 strenue
2430 4458 2730 4513 secundum
2762 4472 2944 4512 mores
3000 4457 3177 4528 gentis
3228 4456 3381 4511 illius
3409 4464 3658 4528 egerant.
3683 4456 3731 4508 in

483 4552 783 4622 disparuit;
821 4553 909 4607 illa
941 4568 1073 4607 vero
1110 4552 1177 4607 de
1228 4567 1424 4607 sonmo
1469 4567 1825 4622 consurgens,
1872 4550 2060 4604 animo

485 4646 651 4716 cmpit
681 4645 960 4701 revolvere
995 4645 1284 4700 visionem.
1327 4643 1538 4712 Adjecit
1559 4652 1740 4698 autem
1773 4642 1931 4698 beata
1963 4640 2059 4695 Dei

486 4738 719 4805 genitrix
758 4751 1019 4808 apparere
1065 4737 1261 4792 iterum
1312 4737 1562 4803 mulieri;
1617 4736 1760 4790 sicut
1806 4734 1935 4789 olim
1990 4735 2058 4789 ad

487 4830 914 4884 confirmandam
963 4829 1381 4900 promissionem
1426 4844 1603 4894 suam,
1645 4826 1909 4882 Dominus
1938 4826 2060 4897 legi-

494 4931 579 4977 tur
608 4920 927 4988 apparuisse
950 4923 1133 4979 denuo
1162 4922 1424 4978 Samueli.

560 5010 613 5063 ’5.
665 5007 902 5077 Expletis
942 5012 1106 5080 igitur
1148 5013 1340 5068 diclus
1389 5012 1585 5067 mulier
1633 5012 1839 5081 peperit
1887 5010 2058 5065 filium

492 5102 593 5171 (Ξ),
644 5114 807 5168 quem
859 5100 1186 5156 ablactatum
1238 5104 1460 5160 tradidit
1508 5104 1809 5159 litterarum
1865 5101 2060 5155 studiis

492 5189 881 5256 nnbuendum;
939 5190 994 5245 in
1047 5192 1247 5261 quibus
1293 5210 1459 5264 supra
1510 5209 1702 5248 onines
1756 5200 2061 5247 coaztaueos

492 5306 625 5347 ﬁlios
656 5287 967 5361 proficiens,
987 5288 1055 5344 de
1078 5285 1321 5343 fontibus
1342 5288 1643 5345 Salvatoris
1672 5303 1809 5358 puro
1843 5297 2062 5357 pectore

494 5382 807 5449 hauriebat,
828 5382 971 5437 unde
992 5378 1310 5436 salvationis
1332 5380 1561 5451 gratiam
1590 5379 1937 5450 postmodum
1966 5393 2061 5447 po-

569 5538 647 5610 (l)
701 5538 983 5606 Maurique
1012 5553 1046 5610 Ae
1087 5534 1420 5610 Normattuia
1479 5535 1766 5588 oriundum
1819 5535 2059 5604 scripsit,

498 5605 1074 5690 proginiaeamtpanize
1092 5605 1387 5676 provincia.

572 5680 649 5743 (εἰ)
689 5678 849 5731 Addit
885 5675 1098 5738 Surius,
1139 5692 1327 5731 uocans
1360 5692 1478 5729 cum
1518 5675 1820 5743 [ἔσθει-θωπί.

576 5751 651 5812 ιζ)
691 5748 763 5801 De
789 5747 890 5800 hoc
912 5744 1241 5800 monasterio
1258 5748 1311 5801 in
1335 5747 1598 5803 suburbio
1621 5742 1952 5810 Tricassino,
1978 5760 2059 5798 aco

2160 4557 2394 4613 tantum,
2423 4550 2568 4618 quod
2602 4548 2780 4603 laudis
2809 4549 3063 4605 humana:
3094 4548 3337 4604 fructum
3369 4549 3441 4602 ab
3461 4548 3732 4603 omnibus.

2159 4640 2253 4710 qui
2283 4640 2590 4705 adfuerant,
2629 4649 3000 4710 reportarem;
3038 4642 3106 4695 ad
3142 4642 3366 4711 propria
3412 4648 3730 4699 remeantes.

2159 4733 2225 4787 ad
2248 4732 2450 4793 locum,
2481 4732 2534 4785 in
2563 4749 2673 4802 quo
2696 4733 2763 4788 de
2796 4749 2928 4789 nece
2956 4742 3143 4788 mutua
3172 4742 3384 4788 secreta
3414 4731 3733 4803 cogitantium

2163 4832 2548 4890 tractaverant,
2578 4840 2768 4895 gressu
2794 4840 3060 4895 prospero
3081 4834 3489 4895 pervenerunt;
3519 4825 3615 4889 ibi,
3638 4825 3736 4877 vel-

2163 4916 2236 4970 uti
2277 4915 2346 4970 ab
2372 4915 2490 4986 ipso
2512 4915 2633 4972 loco
2657 4917 2941 4982 admoniti,
2971 4918 3104 4987 quin
3134 4917 3322 4987 potius
3355 4917 3541 4971 divina
3573 4915 3733 4985 inspi-

2161 5009 2371 5064 ratione
2410 5009 2746 5078 compuncti,
2793 5010 3082 5079 cogitatam
3128 5019 3419 5079 coeperunt
3445 5008 3733 5065 cxborrere

2162 5101 2482 5170 nequitiam.
2529 5109 2586 5156 et
2614 5101 2667 5156 iu
2706 5101 2910 5171 seipsis
2938 5101 3015 5156 de
3036 5112 3303 5172 concepto
3336 5100 3583 5157 facinore
3606 5114 3733 5155 cou-

2162 5193 2391 5247 turbari.
2441 5191 2523 5248 Ad
2558 5193 2877 5248 memoriam
2931 5209 3061 5249 vero
3102 5192 3455 5261 reducentes,
3485 5192 3629 5264 quod
3682 5190 3731 5243 in

2164 5283 2414 5350 proximo
2436 5290 2555 5337 erat
2586 5284 2861 5351 tugurium
2887 5284 3127 5338 cremitzr
3149 5285 3407 5356 superius
3432 5283 3735 5345 memorati,

2164 5374 2281 5444 pari
2314 5383 2439 5431 voto
2471 5375 2573 5430 iter
2595 5391 2754 5430 suum
2791 5375 2857 5428 ad
2885 5376 3032 5431 illius
3057 5376 3499 5433 tuansiunculam
3528 5376 3737 5431 direxe-

2163 5542 2275 5588 tum
2305 5541 2388 5588 est
2413 5534 2682 5603 superius.

2235 5604 2313 5671 (4)
2351 5598 2617 5689 Quia—num
2642 5605 2696 5689 id
2722 5619 2917 5689 nemus
2945 5602 3427 5689 dicclsa‘turduxta
3459 5598 3716 5659 TornoJe

2162 5691 2306 5739 rum,
2335 5682 2387 5729 ct
2418 5673 2729 5728 nominatur
2762 5672 2897 5741 infra
2924 5690 3074 5728 num.
3110 5674 3162 5728 8.
