3976 6356
217 332 319 389 127

1754 332 1926 392 νιτΑ.

3332 343 3474 399 1271

218 464 382 521 runt;
436 462 492 511 et
522 469 619 527 per
656 454 1058 514 confessionem
1099 456 1253 515 virus
1282 456 1622 530 pestiferum,
1647 458 1794 529 quod
1822 460 1870 517 A
1897 471 2113 513 servum
2138 470 2301 514 suum
2331 454 2597 515 Dominus
2617 456 2686 513 de
2714 458 2946 513 aliorum
2972 458 3304 529 profectibus
3327 463 3475 516 ordi-

217 545 272 599 in
302 546 566 601 cordibus
613 561 805 603 eorum
843 548 1100 615 latuerat,
1149 561 1484 617 evomentes,
1512 549 1791 605 eliminata

216 638 480 708 spurcitia
528 646 741 709 gratum
797 640 851 695 in
900 642 1211 712 semetipsis
1263 641 1374 697 Deo
1419 642 1788 698 habitaculum

214 738 568 798 paraverunt.
606 729 850 802 Denique
881 747 913 788 a
949 733 1069 789 viro
1111 732 1204 789 Dei
1235 749 1400 805 super
1427 733 1661 805 cogitata
1691 748 1788 789 ne-

212 819 388 888 quitia
430 821 731 893 redarguti,
761 823 832 877 ab
856 821 1050 880 eodem
1090 834 1436 881 recesserunt
1459 825 1791 881 salutaribus

213 912 442 967 monitis
485 911 787 979 informati,
838 914 998 985 cujus
1051 916 1311 972 nimirum
1362 933 1548 974 sermo
1592 918 1790 973 ardens

212 1010 475 1073 tanquam
508 1002 686 1060 facula
711 1006 959 1062 caelestes
987 1008 1461 1078 concupiscentias
1486 1009 1542 1063 in
1570 1008 1787 1064 illorum

210 1093 490 1151 mentibus
541 1095 855 1163 excitabat,
913 1106 1142 1155 terrente
1193 1099 1474 1170 dignitatis
1523 1100 1786 1155 ambitum

212 1183 270 1237 in
320 1184 402 1239 eis
452 1200 682 1256 prorsus
730 1188 1069 1259 exstirpatis,
1118 1198 1175 1245 et
1224 1191 1490 1246 virtutum
1543 1190 1787 1248 fomitem

209 1291 323 1331 non
375 1277 560 1334 minus
617 1280 878 1346 suaviter,
927 1296 1094 1352 quam
1143 1282 1435 1339 salubriter
1478 1284 1533 1340 in
1580 1284 1785 1340 eisdem

206 1383 427 1424 ercans.

280 1461 336 1516 5.
361 1459 498 1517 Cum
530 1462 698 1533 igitur
741 1465 809 1521 ad
838 1466 1039 1535 locum,
1068 1468 1123 1523 in
1148 1484 1258 1539 quo
1285 1468 1436 1538 prius
1473 1464 1609 1523 alter
1634 1469 1688 1523 in
1714 1469 1789 1524 al—

204 1561 386 1608 terum
417 1556 684 1627 cogitarat
715 1558 1019 1630 insurgere,
1056 1563 1466 1631 pervenissent,
1502 1572 1787 1633 emperunt

203 1645 391 1702 dicere
430 1647 569 1702 inter
602 1664 683 1714 se,
714 1658 769 1704 et
792 1660 985 1704 mutuo
1012 1651 1379 1722 loquebantur
1409 1672 1423 1707 :
1458 1671 1479 1704 ι
1507 1652 1649 1720 Quid
1674 1654 1782 1720 hic,

204 1736 387 1807 inquit
408 1737 544 1792 alter
563 1753 776 1803 eorum,
802 1738 969 1795 frater
990 1741 1335 1807 charissime,
1354 1742 1510 1798 nobis
1531 1744 1783 1799 hesterna

1892 557 2097 614 nasset,
2132 549 2279 605 unde
2304 547 2568 605 fratribus
2595 548 2841 620 ejusdem
2886 550 3108 618 domus,
3155 567 3257 608 nec
3282 567 3392 608 non
3417 562 3474 609 et

1892 638 2109 696 abbatis
2157 640 2326 696 sociis
2347 640 2643 710 persuasit,
2683 655 2754 695 ne
2793 643 3044 711 petitioni
3088 643 3344 710 fratrum,
3374 646 3468 716 qui

1893 734 1960 790 ad
1982 732 2392 803 requirendum,
2425 741 2485 788 ut
2528 733 2611 788 vir
2646 733 2740 789 Dei
2770 735 2873 790 sibi
2908 746 3153 805 przesset,
3184 748 3466 801 venerant,

1890 823 2243 879 assentirent.
2276 821 2664 879 Verumtamen
2694 822 2757 879 Β.
2787 824 3058 889 Robertus
3100 842 3291 885 eorum
3342 830 3466 898 peti-

1892 915 2027 970 tioni
2057 914 2334 986 justisque
2373 916 2518 972 votis
2559 919 2932 988 aggratulans,
2976 921 3219 992 ipsorum
3250 923 3468 979 satisfe.

1890 1004 2055 1062 cisset
2083 1006 2377 1072 desiderio,
2412 1008 2519 1062 nisi
2562 1007 2759 1066 fratres
2789 1008 3240 1068 Tornodorenses
3270 1014 3467 1068 unani~

1890 1100 2052 1156 miter
2094 1100 2452 1156 obstitissent.
2501 1099 2846 1157 Salutaribus
2896 1111 3074 1161 tamen
3110 1105 3335 1160 monitis
3379 1106 3467 1159 in.

1889 1191 2173 1255 formatos,
2213 1191 2505 1247 comitatus
2549 1193 2895 1248 orationibus
2924 1205 2978 1248 et
3010 1197 3256 1250 firmatos
3298 1196 3466 1251 bene-

1889 1281 2245 1342 dictionibus,
2275 1282 2487 1337 remisit
2515 1282 2639 1339 illos
2664 1282 2732 1338 ad
2760 1284 2978 1353 propria
3010 1303 3023 1338 :
3058 1293 3112 1339 et
3138 1286 3190 1339 in
3223 1302 3319 1354 spe
3348 1286 3431 1340 sin
3451 1314 3467 1327 ε

1887 1372 2147 1444 gulariter
2176 1372 2297 1428 illos
2328 1373 2633 1439 constituit,
2674 1374 2842 1444 quod,
2881 1390 3045 1443 quam
3091 1376 3201 1430 cito
3234 1376 3467 1433 facultas

1887 1465 1935 1520 ei
1985 1465 2322 1520 tribueretur
2363 1481 2394 1520 a
2431 1463 2688 1531 Domino,
2735 1467 2886 1536 ipsos
2931 1467 3252 1537 adimpleret
3283 1469 3467 1524 lretitia

1886 1572 2012 1611 cum
2040 1557 2191 1611 vultu
2235 1571 2356 1611 suo.
2404 1555 2561 1611 Libet
2599 1567 2782 1612 autem
2831 1559 2920 1613 hic
2952 1558 3234 1628 paululum
3269 1559 3467 1615 intueri

1886 1646 2349 1716 dispensationem
2384 1645 2501 1713 Dei,
2537 1647 2790 1717 quamvis
2833 1648 2979 1701 enim
3024 1657 3273 1703 sanctum
3320 1658 3468 1704 esset

1889 1736 2133 1806 ipsorum
2190 1735 2528 1806 propositum
2588 1737 2909 1807 iustumque
2979 1737 3332 1801 desiderium,
3398 1739 3468 1792 ad

202 1827 297 1881 die
320 1829 734 1885 transeuntibus
760 1832 1133 1901 cogitabas?»
1159 1833 1232 1888 At
1258 1834 1352 1888 illo
1375 1835 1557 1890 cordis
1584 1835 1669 1890 sui
1692 1849 1785 1890 co-
1816 1813 1859 1867 Β
1888 1830 1991 1885 hoc
2047 1828 2233 1884 ωηεῐὶ
2288 1828 2514 1884 dilatum
2582 1827 2703 1895 fuit.
2763 1838 2822 1885 ut
2873 1829 3193 1885 dilatarelur
3242 1837 3298 1884 et
3356 1846 3470 1885 crc-

203 1919 522 1988 gitationem
579 1930 858 1977 reserante
908 1921 1064 1978 fratri
1114 1940 1216 1979 suo
1251 1943 1266 1980 :
1297 1942 1317 1976 ι
1362 1923 1430 1979 Et
1456 1940 1577 1996 ego,
1611 1925 1786 1996 inquit
1872 1926 2094 1979 sceret:
2155 1926 2214 1973 ut
2272 1931 2397 1971 cum
2458 1917 2511 1970 id
2568 1918 2715 1987 quod
2771 1918 3100 1988 quaesieram
3149 1918 3325 1988 adepti
3384 1918 3468 1973 fo—

204 2009 361 2075 alter,
412 2010 547 2066 nihil
594 2027 825 2081 prorsus
855 2013 1121 2069 dissimile
1165 2014 1419 2085 cogitavi.
1469 2014 1574 2082 Qui
1599 2016 1781 2071 statim

200 2102 517 2170 compuncti
540 2103 713 2158 .corde
741 2104 809 2158 ad
835 2104 1014 2159 virum
1049 2104 1141 2160 Dei
1178 2106 1436 2177 regressi,
1471 2113 1650 2176 spreta
1678 2121 1783 2162 sae-

202 2192 315 2247 culi
339 2208 537 2264 pompa
564 2192 819 2265 fastuque
848 2197 1079 2264 calcato,
1125 2213 1253 2252 cum
1281 2199 1470 2254 eodem
1502 2205 1786 2270 eruperunt

202 2285 561 2356 spiritualiter
589 2288 791 2355 vivere,
841 2298 893 2345 et
923 2290 991 2345 ad
1021 2292 1346 2362 portandum
1380 2306 1549 2347 suave
1589 2294 1783 2362 jugum

202 2377 389 2433 cordis
417 2376 619 2433 Christi
665 2380 935 2435 cervicem
972 2382 1254 2438 humiliter
1298 2383 1586 2448 inclinare,
1636 2380 1784 2437 unde

202 2467 330 2537 quis
364 2483 556 2524 eorum
581 2471 1002 2527 conversionem
1047 2474 1260 2530 meritis
1290 2472 1351 2529 B.
1380 2473 1602 2529 Roberti
1629 2473 1787 2529 dubi-

204 2567 281 2613 tet
312 2559 736 2615 ascribendam?
776 2562 936 2633 cujus
966 2565 1308 2636 magisterio,
1354 2566 1499 2622 sicut
1543 2580 1783 2638 sequens

202 2649 420 2705 docebit
441 2650 625 2718 lectio,
648 2654 957 2725 disciplinis
983 2667 1140 2712 erant
1168 2658 1512 2729 regularibus
1539 2658 1787 2715 imbuen-

203 2742 280 2797 (li.
336 2741 480 2801 Deus
531 2753 734 2812 autem,
767 2748 863 2817 qui
914 2749 1234 2804 consolatur
1282 2751 1537 2819 humiles,
1583 2751 1783 2823 adjecit

206 2837 569 2906 multiplicare
596 2854 785 2895 servos
818 2856 969 2908 suos,
1005 2850 1065 2896 ut
1091 2842 1232 2898 intra
1261 2844 1424 2921 breve
1452 2846 1690 2915 spatium
1713 2845 1781 2902 ad

205 2929 574 2997 scptenarinm
623 2948 915 2988 numerum
963 2937 1328 3005 pervenirent,
1373 2952 1484 3007 quo
1530 2938 1783 2995 videlicet

204 3035 436 3076 numero
465 3022 806 3091 scptiformis
828 3027 1002 3081 sancti
1034 3025 1272 3098 Spiritus
1301 3029 1471 3100 gratia
1495 3029 1779 3101 figuratur,

203 3125 365 3208 quem
392 3127 489 3182 per
517 3110 784 3169 famulum
816 3131 978 3171 suum
1028 3115 1089 3208 Β.
1134 3116 1432 3173 Robertum
1483 3122 1779 3187 multorum
1808 3149 1850 3208 ο

206 3201 440 3257 salutem
470 3205 725 3261 novimus
747 3217 1055 3276 operatum.
1077 3207 1222 3263 Idem
1247 3214 1392 3267 enim
1422 3213 1660 3283 Spiritus
1679 3215 1783 3270 hos

202 3300 408 3361 septem
431 3294 597 3357 viros,
622 3296 778 3364 quasi
803 3305 1010 3367 septem
1030 3299 1317 3355 columnas
1337 3302 1637 3372 spiritualis
1661 3302 1787 3357 aedi-

205 3380 315 3437 ticii
343 3385 686 3453 praeparavit,
720 3401 816 3456 per
848 3387 950 3443 hos
973 3390 1117 3445 enim
1149 3392 1316 3463 erepit
1356 3394 1491 3448 ordo
1526 3395 1786 3449 monasti-

201 3490 305 3531 eus
334 3475 677 3544 reviviscere,
702 3489 756 3533 et
778 3481 945 3534 missa
970 3482 1151 3538 radice
1176 3484 1244 3539 ad
1279 3484 1564 3540 humorem
1596 3487 1786 3557 gratiae

203 3565 444 3623 fructum
493 3567 677 3623 facere
708 3570 1031 3640 spiritalem,
1084 3582 1164 3639 ut,
1201 3590 1326 3629 cum
1370 3576 1590 3646 penitus
1623 3587 1784 3648 puta-

207 3666 358 3713 retur
391 3660 737 3730 absumptus,
769 3677 988 3715 rursum
1020 3662 1085 3717 ad
1118 3663 1341 3718 odorem
1369 3667 1558 3734 gratiae
1580 3668 1785 3738 germi—

206 3758 381 3813 naret,
417 3748 728 3820 faceretque
758 3766 997 3817 comam,
1025 3754 1183 3823 quasi
1211 3769 1335 3810 cum
1368 3756 1605 3827 primum
1631 3758 1785 3828 plan-

204 3849 353 3895 lﬂlllS
373 3849 475 3896 est.

276 3931 329 3984 6.
364 3929 585 3985 interim
626 3948 758 3988 vero
802 3932 862 3997 Β,
900 3932 1190 4003 Rnbertus,
1219 3937 1509 3992 sanctitate
1529 3946 1582 3993 et
1610 3939 1785 4010 gratia

204 4021 348 4090 apud
375 4020 542 4076 Deum
565 4033 620 4078 et
667 4024 918 4080 homines
948 4027 1083 4081 satis
1109 4026 1314 4092 clarus,
1344 4046 1374 4083 a
1405 4031 1691 4086 monachis
1723 4028 1780 4085 S.

205 4113 486 4168 Michaelis
509 4113 947 4173 'l‘oruodorcnsis
977 4119 1055 4188 (5)
1089 4119 1297 4174 electus
1317 4130 1403 4176 est
1433 4121 1485 4174 in
1509 4121 1781 4177 abbatem.

203 4203 425 4259 Pracfati
467 4221 599 4261 vero
645 4208 888 4262 ercmita:
929 4224 1055 4262 cum
1100 4224 1208 4263 non
1256 4204 1538 4278 haberent,
1571 4214 1785 4283 quieos

203 4297 514 4367 disciplinis
561 4299 906 4369 regularibus
948 4299 1329 4368 informarent,
1371 4302 1654 4361 audientes
1707 4305 1786 4361 fa-

206 4404 354 4442 mam
406 4390 546 4444 beati
592 4391 718 4456 viri,
770 4391 913 4448 duos
949 4406 980 4447 e
1020 4392 1280 4450 fratribus
1324 4396 1442 4452 suis
1480 4396 1547 4450 ad
1606 4397 1783 4466 ipsum

1884 2016 2026 2075 rent,
2068 2008 2123 2062 id
2164 2007 2423 2063 haberent
2478 2008 2703 2064 charius
2757 2017 2923 2080 atque
2960 2011 3177 2067 cautius
3212 2013 3468 2067 observa-

1885 2109 2029 2154 rent.

2511 2190 2743 2247 CAPUT
2782 2190 2846 2249 ll.

1991 2278 2243 2337 Canubia
2274 2281 2610 2337 Molismense
2648 2292 2698 2338 et
2735 2283 3080 2340 Cislerciensc
3116 2288 3358 2358 fundata.

1958 2374 2011 2430 7.
2054 2373 2144 2430 Vir
2179 2386 2361 2431 autem
2392 2375 2611 2432 Domini
2644 2392 2861 2448 semper
2889 2380 3157 2451 cogitans,
3192 2397 3303 2438 non
3347 2399 3470 2454 qua:

1886 2467 2076 2523 mundi
2107 2477 2259 2533 sunt,
2292 2468 2389 2524 sed
2433 2483 2557 2539 qua:
2585 2467 2833 2538 Domini;
2879 2487 3006 2530 cum
3035 2472 3243 2529 videret
3274 2474 3470 2532 fratres

1884 2559 1989 2615 loci
2020 2560 2167 2616 illius
2191 2561 2262 2616 ab
2290 2560 2565 2631 aequitatis
2595 2562 2814 2618 tramite
2839 2563 3135 2630 declinare,
3173 2567 3371 2623 timens
3400 2582 3471 2623 ne

1884 2651 2158 2724 malignus
2194 2667 2381 2708 comes
2417 2652 2651 2708 candido
2691 2662 2746 2709 et
2780 2654 3015 2726 simplici
3062 2673 3218 2713 suam
3258 2658 3471 2729 rubigi-

1884 2758 2010 2799 nem
2038 2741 2333 2808 affricaret,
2362 2751 2416 2797 et
2440 2744 2725 2813 pulchram
2758 2745 2956 2801 animze
2984 2746 3130 2802 illius
3156 2745 3347 2803 faciem
3373 2749 3471 2803 deo

1882 2835 2186 2903 formaret;
2226 2851 2294 2891 eo
2323 2838 2470 2908 quod
2506 2852 2689 2893 mores
2722 2837 2946 2894 formari
2974 2839 3185 2895 soleant
3209 2855 3240 2894 a
3279 2840 3470 2896 convi‘

1883 2934 1973 2982 ctu
1994 2965 2010 2991 ,
2044 2925 2111 2982 ad
2139 2926 2440 2982 claustrum
2468 2927 2737 2994 Celleuse,
2783 2928 2927 2983 unde
2956 2928 3237 2999 digressus
3267 2928 3468 2996 fuerat,

1884 3017 2170 3074 remeavit.
2200 3016 2305 3073 Ubi
2342 3016 2460 3085 Lia,
2495 3034 2620 3089 qua:
2663 3019 2938 3075 laboriosa
2962 3018 3185 3082 dicitur,
3225 3020 3294 3075 ad
3330 3029 3470 3077 tem-

1883 3125 1990 3180 pus
2036 3109 2362 3179 postposita,
2392 3109 2602 3166 dilectae
2631 3111 2834 3180 diuque
2863 3109 3186 3168 desiderata:
3213 3110 3470 3170 Rachelis

1884 3200 2170 3256 fruebatur
2195 3200 2559 3270 amplexibus,
2597 3201 2858 3257 hauriens
2891 3201 2947 3256 in
2978 3202 3179 3273 gaudio
3206 3202 3275 3258 de
3302 3204 3471 3259 fonti—

1886 3294 1989 3349 bus
2015 3290 2319 3347 Salvatoris
2361 3292 2511 3362 quod
2551 3300 2740 3363 postea
2784 3292 3099 3364 propinaret
3137 3293 3386 3352 ﬁdelibus
3412 3296 3468 3351 in

1885 3385 2138 3440 salutem.
2188 3383 2292 3440 Sed
2329 3385 2458 3455 quia
2500 3384 2669 3441 latere
2708 3399 2819 3438 non
2851 3385 3029 3454 potuit
3061 3386 3256 3443 civitas
3301 3404 3469 3458 supra

1884 3486 2123 3532 montem
2167 3476 2368 3545 posita,
2405 3474 2467 3530 B.
2503 3474 2776 3530 Bobertus
2827 3490 2991 3545 supra
3035 3486 3276 3531 montem
3316 3477 3473 3533 Chri-

1885 3575 2029 3622 stum
2055 3568 2335 3623 radicatus
2362 3568 2589 3623 firmiter
2615 3576 2671 3623 et
2694 3566 2972 3633 fundatus,
2996 3566 3257 3624 defuncto
3288 3571 3471 3639 priore

1889 3658 1945 3713 S.
1973 3659 2169 3729 Aigulfi
2206 3659 2285 3728 (7)
2310 3659 2377 3714 ad
2402 3660 2733 3730 pascendum
2767 3659 3026 3715 humilem
3064 3676 3281 3732 gregem
3311 3661 3473 3715 Chri-

1886 3749 1954 3805 sti
1981 3765 2175 3804 rursus
2196 3752 2436 3821 cligitur,
2475 3751 2528 3805 in
2552 3752 2743 3807 eadem
2768 3752 2937 3808 domo
2958 3755 3205 3809 unanimi
3235 3754 3466 3809 fratrum

1884 3847 2012 3895 voto
2042 3840 2269 3910 parique
2292 3840 2567 3895 desiderio
2597 3842 2749 3910 prior
2776 3843 3025 3899 effectus.
3052 3843 3337 3901 Memorali
3367 3860 3462 3900 an:

1885 3942 1995 3989 tem
2021 3932 2281 3997 eremitae,
2309 3947 2497 3986 amore
2516 3933 2642 3987 vitae
2667 3934 2909 3989 ccclesiis
2931 3935 3117 4001 amati,
3143 3952 3267 3990 cum
3292 3939 3471 3993 virum

1885 4022 1980 4078 Dei
2021 4037 2236 4092 semper
2275 4020 2520 4075 viderent
2560 4022 2615 4076 in
2672 4021 2843 4077 Deum
2875 4025 3140 4093 prolicere
3189 4036 3244 4081 et
3287 4027 3471 4096 seipse

1883 4116 2020 4172 efiici
2053 4104 2356 4179 meliorem,
2390 4112 2526 4168 inito
2553 4114 2784 4169 consilio
2809 4115 2949 4169 duos
2973 4130 3040 4169 ex
3071 4115 3333 4173 fratribus
3350 4120 3473 4173 suis

1884 4208 1953 4264 ad
2002 4207 2187 4263 sedem
2231 4205 2589 4275 apostolicam
2636 4206 3079 4273 transmiserunt,
3119 4219 3391 4277 quatenus
3437 4227 3471 4265 a

1884 4312 2103 4355 summo
2130 4296 2386 4367 pontifice
2425 4294 2504 4365 (8)
2546 4295 2798 4365 precibus
2819 4297 3147 4366 obtinerent,
3177 4309 3240 4355 ut
3258 4301 3343 4355 vir
3375 4300 3471 4356 Dei

1892 4389 1953 4445 B.
1994 4388 2263 4444 Robcrtus
2294 4386 2497 4457 pusillo
2521 4385 2669 4457 gregi
2697 4384 2901 4442 Christi
2927 4386 3089 4444 Pater
3120 4389 3273 4446 fieret
3307 4399 3471 4461 atque

206 4482 582 4538 transmittere
609 4495 962 4552 curaverunt,
992 4486 1085 4557 qui
1113 4503 1238 4542 cum
1285 4488 1350 4542 ad
1380 4488 1562 4544 locum
1593 4503 1784 4558 pcrve-
1818 4486 1863 4540 D
1891 4490 2109 4552 pa‘olOI';
2138 4479 2385 4536 SCiebam
2407 4477 2576 4543 θιιίιην
2612 4477 2758 4547 (μιοά
2789 4477 3057 4534 nefarium
3081 4489 3227 4536 esse!
3253 4495 3474 4537 summo

208 4574 441 4639 nisscnt,
480 4575 533 4629 in
567 4592 678 4647 quo
708 4577 791 4631 vir
830 4575 1043 4634 Domini
1075 4580 1327 4636 sedulum
1362 4579 1474 4635 Deo
1499 4580 1793 4635 exhibebat

207 4666 561 4738 obsequium,
591 4670 940 4739 praepositum
984 4671 1183 4727 domus
1228 4671 1376 4725 illius
1421 4671 1473 4724 in
1514 4669 1792 4725 auditorio

210 4772 556 4834 repererunt.
592 4762 696 4829 Qui
738 4778 864 4819 cum
903 4779 1094 4818 eorum
1141 4765 1504 4835 propositum,
1539 4777 1794 4820 causam-

209 4872 319 4927 que
358 4855 569 4909 itineris
609 4856 952 4926 agnovisset,
993 4857 1083 4909 vix
1125 4859 1194 4912 ab
1223 4874 1289 4912 eo
1314 4848 1509 4913 multis
1540 4856 1793 4927 precibus

212 4948 591 5013 obtinuerunt,
617 4957 676 5002 ut
709 4946 774 5002 ad
801 4947 902 5001 viri
944 4946 1035 5002 Dei
1066 4949 1420 5004 secretarium
1442 4951 1788 5005 ducerentur.

214 5037 436 5095 invidia)
479 5040 678 5110 quippe
708 5055 969 5094 mucrone
1017 5040 1313 5096 confossus
1358 5042 1685 5110 prtepositus
1714 5039 1793 5111 (6)

214 5131 321 5188 sibi
363 5132 735 5188 arbitrabatur
762 5134 962 5203 perire,
991 5133 1038 5190 si
1083 5133 1215 5205 quid
1260 5134 1420 5189 laude
1442 5134 1668 5205 dignum
1696 5151 1795 5207 per

290 5270 369 5341 (5)
409 5270 787 5344 Tornodorum
828 5272 989 5344 vulgo
1022 5270 1305 5344 Tenney-re,
1331 5271 1476 5326 haud
1523 5271 1680 5344 longe
1727 5272 1797 5328 ab

214 5338 580 5397 Arniensione
602 5340 788 5408 ﬂuvio,
816 5342 906 5396 ubi
926 5338 1086 5396 'anno
1119 5341 1224 5398 980
1267 5343 1475 5399 exstrui
1522 5338 1797 5400 monaste—

216 5411 361 5466 rium
403 5419 659 5482 cmperat.

291 5483 370 5554 (6)
408 5481 743 5556 Guillericus
759 5481 1103 5556 hicforsitan
1130 5481 1265 5556 fuit,
1307 5485 1394 5541 cui
1431 5485 1546 5556 ipse
1573 5494 1797 5556 sanctus

217 5561 409 5623 postea
434 5554 655 5616 cedens,
695 5553 969 5607 abbatiam
1008 5553 1323 5610 dimiserit:
1374 5553 1522 5612 certe
1574 5554 1797 5611 Roberti

219 5637 509 5698 successor
545 5637 612 5698 eo
636 5624 870 5698 _nomine
891 5624 1078 5698 dictus
1101 5625 1334 5698 videtur,
1361 5628 1505 5698 quod
1531 5624 1796 5698 Sanmarf

223 5691 375 5747 thani
406 5692 838 5768 ex__diplomate
881 5692 1083 5750 Calleri
1140 5691 1502 5767 Lingonr'nsis
1557 5696 1795 5768 cpiscepi

224 5778 370 5820 anno
402 5761 529 5815 ll7l
560 5774 898 5832 acceperunt.

1891 4572 2136 4644 pontifici
2159 4571 2556 4635 contradicere,
2586 4576 2683 4622 aut
2722 4570 2844 4639 ejus
2863 4570 3205 4639 jussionibus
3229 4588 3364 4628 ausu
3393 4581 3476 4627 te-

1894 4666 2130 4725 merario
2154 4664 2449 4722 contraire.
2481 4663 2744 4721 Summus
2765 4673 2946 4720 autem
2978 4664 3219 4734 pontifex
3245 4666 3478 4722 audiens

1893 4764 2137 4834 ipsorum
2178 4759 2539 4832 propositum,
2586 4759 2809 4829 gavisus
2849 4769 2933 4815 est
2970 4761 3147 4825 valde,
3194 4761 3476 4831 petitioni-

1892 4870 2000 4925 que
2025 4868 2214 4909 eorum
2243 4852 2474 4924 benigne
2496 4867 2764 4917 annuens,
2783 4854 3081 4924 apostolica
3098 4853 3478 4911 benedictione

1894 4947 2064 5003 fretus
2086 4948 2302 5004 remisit
2331 4950 2398 5004 ad
2426 4951 2645 5021 propria
2677 4950 3043 5019 gratulantes;
3076 4948 3260 5004 abbati
3286 4948 3365 5019 (9)
3407 4949 3480 5004 de

1894 5040 2039 5097 Cella
2087 5057 2184 5113 per
2223 5044 2523 5114 apostolica
2554 5044 2756 5113 scripta
2794 5045 3062 5099 mandans
3092 5054 3256 5115 atque
3284 5045 3479 5115 praeei-

1897 5134 2074 5206 piens,
2103 5144 2396 5206 quatenus,
2439 5151 2822 5208 quemcunque
2867 5136 2935 5192 de
2983 5136 3248 5193 fratribus
3276 5139 3476 5208 elegis-

1971 5271 2297 5354 (7)_Cglitur
2326 5268 2691 5354 S._Aigulfus,
2716 5271 2884 5354 abbas
2917 5271 3222 5354 Lirinensis
3253 5280 3307 5354 et
3333 5286 3479 5354 uiar-

1897 5340 2005 5426 tyr,
2032 5340 2268 5424 δευρί.
2321 5341 2426 5397 sub
2467 5342 2627 5412 cujus
2667 5344 2897 5424 _nomine
2938 5343 2992 5396 in
3035 5342 3233 5397 vicinia
3264 5340 3479 5424 Bellen-.-

1899 5428 1978 5482 sis
2000 5413 2235 5468 coenoin
2298 5412 2551 5467 exstabat
2597 5424 2894 5482 prtoratus,
2955 5414 3237 5482 subjectus
3293 5412 3477 5467 abbatt

1899 5428 1978 5483 sis
2000 5426 2235 5468 coenonu
2298 5426 2551 5467 exstabat
2597 5426 2894 5483 prioratus,
2955 5426 3202 5482 subjecto

1897 5481 2391 5623 cei183'ljiiexander
2417 5552 2482 5606 ill
2503 5552 2591 5608 hic
2616 5553 2830 5609 videtur
2854 5552 3044 5617 fuisse,
3070 5553 3211 5609 sedit
3236 5552 3384 5608 enim
3407 5550 3480 5607 ab

1900 5621 2046 5677 anno
2067 5621 2206 5678 1159
2238 5622 2306 5678 ad
2331 5622 2487 5679 1181.

1976 5690 2054 5763 (9)
2095 5691 2373 5747 Guarinus
2415 5694 2596 5756 credo,
2626 5709 2773 5748 anno
2804 5693 2942 5749 l050
2975 5694 3248 5750 iudicatus
3281 5710 3311 5747 a
3337 5691 3476 5748 San-

1906 5763 2232 5830 marthauis,
2257 5762 2513 5819 decessor
2538 5763 2796 5818 Bernardi
2835 5780 2923 5820 an.
2962 5763 3088 5819 1071
3117 5765 3294 5820 electi.
