3970 6438
553 378 691 434 1275

1432 375 1488 431 S.
1530 374 1828 435 ROBERTI
1867 373 2027 434 ΟΜ).
2068 373 2382 435 ClSTERC.
2429 375 2865 436 FUNDATORIS

3624 388 3729 449 ητα

548 503 689 558 sent,
727 493 862 563 ipsis
899 492 1132 548 traderet
1164 492 1217 546 in
1256 492 1529 549 abbatem.
1574 495 1782 549 Abbate
1828 504 2008 550 autem
2055 494 2124 548 de
2153 497 2197 552 A
2225 507 2333 546 non
2347 491 2631 558 haberent,
2658 490 3731 561 nihilominus'l‘recas(ll)transmisiteos

547 587 695 640 Cella
742 585 979 653 cegnito,
1030 584 1174 653 quod
1206 600 1457 641 summus
1486 585 1727 656 pontifex
1778 586 1853 640 illi
1898 586 2124 642 manda-

548 687 719 740 verat,
766 676 981 729 beatum
1029 674 1326 729 Robertum
1357 678 1631 731 concessit
1675 678 2119 747 postulantibus:

548 768 719 822 tristis
748 766 968 836 quidem
1001 778 1053 820 et
1080 782 1339 833 mmrens,
1379 768 1472 822 sed
1508 769 1780 823 mandatis
1810 769 2124 838 apostolicis

544 857 817 912 contraire
861 873 968 911 non
1023 859 1251 914 audens.
1284 857 1510 915 Videbat
1536 862 1681 915 enim
1710 852 1879 931 quod‘
1904 862 2121 916 illorum

544 954 847 1007 consolatio
882 954 984 1009 sibi
1010 955 1239 1024 suisque
1271 964 1418 1010 esset
1454 956 1755 1023 tribulatio,
1786 971 1853 1011 eo
1882 957 2026 1026 quod
2057 957 2124 1011 de

542 1041 708 1096 domo
735 1043 882 1098 illius
902 1043 1158 1098 columna
1192 1044 1433 1110 cedrina,
1464 1044 1618 1098 firma
1650 1045 1838 1115 utique
1868 1053 1920 1099 et
1948 1046 2125 1115 impu-

543 1133 762 1200 tribilis,
792 1133 1122 1190 auferretur.
1169 1136 1368 1191 Beatus
1407 1143 1587 1190 autem
1624 1135 1892 1192 Robcrtus
1933 1152 2122 1191 curam

544 1226 835 1292 pastoralis
878 1226 1037 1281 oliicii
1069 1228 1295 1282 devotus
1321 1227 1550 1297 accepit,
1581 1227 1773 1283 videns
1803 1229 1945 1297 quod
1972 1229 2125 1282 labor

542 1316 663 1386 ejus
694 1318 811 1373 sine
843 1318 1020 1373 frncttt
1047 1336 1154 1374 non
1186 1330 1348 1385 esset,
1379 1336 1443 1373 eo
1470 1321 1613 1390 quod
1645 1321 1976 1376 unanimitas
2005 1338 2125 1393 gre-

545 1410 649 1479 gis,
681 1411 988 1481 respuendo
1018 1422 1230 1466 terrena
1270 1421 1321 1466 et
1349 1412 1643 1482 quaerendo
1673 1413 1937 1478 caelestia,
1974 1414 2123 1468 salu-

546 1501 758 1556 taribus
800 1501 922 1571 ejus
966 1503 1190 1558 monitis
1233 1503 1479 1557 obediret
1513 1520 1525 1556 :
1559 1503 1703 1557 unde
1749 1504 1943 1559 iterum
1992 1505 2122 1572 Liaz,

543 1592 669 1645 vita:
691 1591 897 1646 scilicet
922 1592 1131 1656 activ:e,
1155 1594 1440 1661 copulatus
1463 1602 1546 1647 est
1580 1593 1647 1647 ad
1672 1593 1812 1649 lilios
1833 1612 2126 1665 procrean-

543 1682 645 1737 dos
693 1682 1005 1752 spirituales
1041 1703 1053 1736 :
1089 1684 1388 1737 secundum
1423 1683 1735 1738 interiorem
1778 1686 1996 1754 quidem
2029 1686 2126 1741 ho—

544 1773 746 1829 minem
780 1775 832 1829 in
879 1774 1074 1844 spiritu
1108 1775 1433 1829 humilitatis
1465 1775 1699 1832 Domino
1746 1780 2009 1846 serviens,
2040 1796 2126 1835 se-

542 1865 784 1921 cundum
812 1866 1138 1921 exteriorem
1166 1879 1305 1921 vero
1326 1868 1460 1923 satis
1499 1878 1719 1924 strenue
1759 1870 2125 1927 ministerium

543 1973 704 2013 suum
738 1957 991 2028 implens.

614 2050 669 2104 8.
709 2049 768 2105 In
801 2052 918 2105 loco
965 2051 1150 2123 igitur,
1178 2052 1272 2122 qui
1321 2068 1466 2108 nunc
1496 2054 1739 2111 Colanus
1763 2057 1985 2125 dicitur,
2022 2060 2130 2113 Do-

544 2143 696 2199 mino
722 2144 1041 2210 servientes,
1068 2145 1122 2199 in
1156 2144 1299 2201 fame
1338 2155 1392 2200 et
1422 2148 1534 2214 siti,
1559 2148 1611 2201 in
1642 2147 1841 2219 frigore
1866 2161 1919 2207 ct
1965 2153 2125 2207 nudi-

543 2244 677 2303 tate,
712 2236 1012 2306 jejunando
1058 2246 1112 2292 et
1156 2237 1387 2303 orando,
1437 2241 1654 2309 pondus
1707 2242 1812 2297 diei
1854 2252 1907 2298 et
1962 2253 2128 2300 :estus

543 2328 924 2398 aequanimiter
948 2328 1272 2396 tolerabant,
1307 2331 1640 2388 seminantes
1671 2333 1724 2387 in
1764 2335 2042 2407 lacrymis,
2070 2346 2131 2392 ut

545 2421 599 2474 in
644 2420 1012 2476 exsultatione
1057 2437 1241 2476 secum
1272 2423 1337 2478 ad
1374 2424 1717 2479 Dominicnm
1749 2427 2006 2482 horreum
2039 2430 2130 2499 ju-

545 2510 708 2567 stitiae
732 2511 1041 2581 manipulos
1070 2522 1432 2582 reportarent.
1481 2515 1585 2570 Sed
1616 2517 1739 2587 quia
1772 2534 1798 2573 s
1821 2518 2021 2573 ilatium
2047 2528 2131 2575 est

545 2603 772 2666 laboris,
817 2603 959 2658 visio
986 2603 1395 2670 collaborantis,
1440 2609 1533 2675 qui
1564 2609 1851 2663 humilium
1881 2621 2005 2665 vota
2038 2626 2127 2665 re-

545 2693 706 2763 spicit
727 2692 892 2760 Deus,
924 2693 1133 2749 addidit
1165 2704 1223 2749 ut
1249 2697 1643 2767 multiplicarct
1670 2714 1856 2755 servos
1880 2716 2032 2765 suos,
2070 2709 2129 2754 nt

544 2785 599 2837 iu
631 2783 781 2838 brevi
811 2784 1068 2839 tredecim
1123 2784 1331 2854 tierent,
1369 2796 1423 2843 et
1460 2790 1745 2858 apostolis,
1777 2800 2040 2859 quantum
2072 2790 2126 2845 in

544 2875 680 2944 ipsis
722 2884 860 2943 erat,
895 2876 1180 2934 honestate
1229 2894 1442 2933 morum
1490 2896 1588 2935 nec
1642 2897 1749 2936 non
1800 2896 1855 2936 et
1902 2898 2128 2937 numero

544 2965 1067 3021 concordarent.Vir
1089 2977 1270 3024 autem
1295 2967 1512 3024 Domini
1534 2968 1805 3027 Bobertus
1830 2987 2131 3043 congruen-

546 3058 676 3112 tiam
712 3058 816 3112 loei
844 3058 1184 3127 desiderans,
1216 3062 1423 3116 relictis
1444 3062 1517 3116 ibi
1547 3063 1888 3128 custodibus,
1914 3080 2129 3119 assum-

2226 584 2293 639 ad
2319 583 2571 639 victuulia
2588 582 2974 653 comparanda,
2988 584 3285 638 secundum
3305 584 3527 640 litteram
3544 594 3732 660 prophe.

2226 686 2292 732 ne
2312 678 2556 732 consiliis
2579 678 2964 746 acquiesceus:
2988 694 3007 725 ‹
3035 673 3101 729 Ει
3120 675 3211 745 qui
3230 690 3341 729 non
3361 676 3558 734 habetis
3576 696 3731 754 argen.

2227 775 2363 835 tum,
2386 770 2585 835 venite,
2612 779 2917 838 properate,
2944 769 3175 822 emiteet
3193 768 3456 822 comedite
3477 768 3596 840 (ha.
3617 777 3728 842 ιη.»

2226 858 2361 913 Cum
2408 868 2589 914 autem
2640 859 2992 915 Trecensium
3040 860 3312 914 civitatem
3361 861 3512 917 nudis
3555 866 3733 933 pedibus

2230 950 2462 1005 fuissent
2488 952 2738 1022 ingressi,
2778 952 2965 1006 statim
2988 950 3053 1006 de
3077 951 3209 1020 ipsis
3243 951 3312 1005 ad
3353 952 3636 1023 episcopum
3658 975 3733 1013 ru-

2228 1055 2350 1095 mor
2373 1042 2638 1108 ascendit,
2666 1055 2807 1112 quos
2842 1041 2912 1096 ad
2943 1056 3003 1095 se
3031 1040 3233 1096 faciens
3276 1042 3550 1109 introduci,
3587 1047 3736 1105 devote

2226 1132 2361 1188 satis
2392 1133 2513 1188 illos
2545 1133 2870 1202 suscipiens,
2902 1147 3169 1198 amorem,
3197 1147 3359 1201 quem
3401 1133 3602 1192 habebat
3637 1156 3733 1211 erga

2227 1221 2419 1289 Deum,
2450 1224 2502 1277 in
2536 1224 2778 1278 exhibita
2817 1224 2991 1279 servis
3015 1224 3132 1278 suis
3154 1223 3487 1279 humanitate
3515 1237 3735 1287 monstra-

2225 1314 2321 1368 vit.
2397 1313 2637 1385 Denique
2683 1316 2843 1370 novis
2896 1316 3144 1371 vestibus
3195 1317 3507 1387 regulariter
3551 1320 3732 1380 inducas

2227 1421 2348 1472 eos,
2384 1422 2508 1462 cum
2544 1408 2807 1478 quadriga
2839 1410 3036 1478 pannis
3082 1418 3136 1463 et
3175 1408 3413 1478 panibus
3450 1421 3639 1469 onerata
3664 1431 3733 1470 re-

2227 1498 2378 1552 misit
2405 1513 2501 1553 eos
2550 1498 2616 1553 ad
2649 1497 2845 1554 fratres
2884 1514 3036 1554 suos.
3070 1498 3183 1554 Hac
3213 1508 3399 1554 autem
3431 1501 3734 1563 benedictione

2227 1601 2336 1640 non
2362 1586 2711 1641 mediocriter
2750 1587 3040 1642 confortati
3069 1587 3297 1651 fratres,
3330 1588 3594 1646 didicerunt
3617 1594 3734 1650 inter

2228 1678 2455 1733 adversa
2507 1679 2775 1748 patientes
2815 1695 2975 1745 esse;
3028 1680 3160 1748 quin
3213 1679 3382 1734 etiam
3425 1697 3451 1734 a
3486 1684 3555 1738 die
3575 1688 3646 1741 illa
3682 1698 3729 1743 et

2227 1768 2485 1838 deinceps
2514 1785 2625 1823 non
2657 1768 2849 1835 defuit,
2884 1770 2978 1840 qui
3025 1771 3106 1825 eis
3144 1779 3256 1825 tam
3301 1772 3357 1824 in
3395 1772 3514 1827 cibis
3530 1791 3659 1845 quam
3681 1780 3728 1834 iu

2229 1862 2471 1916 vestibus
2497 1863 2802 1918 necessaria
2840 1863 3197 1917 ministraret.

2298 1953 2352 2006 9.
2377 1950 2514 2007 Cum
2546 1963 2726 2008 autem
2757 1954 2810 2007 itt
2841 1944 2933 2008 Dei
2966 1954 3192 2009 servitio
3218 1956 3627 2013 constantissime
3647 1975 3741 2029 pcr-

2226 2045 2505 2111 durarent,
2534 2047 2688 2101 multi
2714 2046 3001 2102 veniebant
3024 2050 3092 2102 ad
3131 2048 3277 2111 illos,
3309 2049 3556 2103 saeculum
3578 2049 3744 2121 fugien-

2230 2150 2332 2207 tes,
2375 2152 2429 2196 et
2469 2142 2668 2210 rcjccta
2701 2143 2891 2198 mundi
2933 2145 3149 2199 sarcina
3197 2144 3440 2200 cervices
3477 2162 3590 2201 suas
3625 2149 3741 2203 suavi

2222 2233 2355 2305 jugo
2388 2232 2603 2289 Domini
2631 2237 3030 2305 supponcbant.
3063 2237 3297 2303 Quidam
3336 2253 3465 2297 vero
3492 2237 3551 2292 de
3571 2242 3746 2295 remotis

2228 2325 2473 2395 partibus
2495 2327 2574 2380 eis
2599 2327 2905 2381 necessaria
2935 2327 3400 2394 transmittebant,
3424 2338 3479 2383 ut
3502 2331 3746 2384 mercedem

2223 2418 2355 2488 justi
2391 2418 2714 2487 reciperent,
2744 2435 2866 2473 cum
2890 2420 3057 2489 justis
3080 2420 3369 2489 praesentis
3399 2421 3515 2474 vitzr
3546 2437 3750 2477 necessa-

2229 2510 2307 2563 ria
2343 2510 2739 2565 ministrarent.
2793 2510 2897 2565 Sed
2926 2511 3053 2580 quia
3089 2511 3414 2580 plerumque
3438 2528 3602 2566 rerum
3629 2513 3749 2583 copia

2233 2614 2447 2653 morum
2480 2600 2675 2668 ingerit
2696 2609 3023 2669 egestatem,
3051 2616 3175 2655 cum
3208 2602 3505 2669 cmpissent
3527 2601 3752 2656 abundare

2231 2692 2643 2761 temporalibus,
2692 2703 2979 2762 coeperunt
3030 2692 3418 2762 spiritualibus
3459 2694 3671 2755 vacuari.
3708 2703 3754 2747 ut

2227 2800 2416 2837 eorum
2449 2785 2709 2855 iniquitas
2752 2786 2969 2854 prodire
3012 2785 3170 2856 quasi
3202 2801 3269 2840 ex
3313 2785 3476 2854 adipe
3513 2786 3751 2840 videretur.

2232 2875 2427 2930 Beatus
2455 2886 2635 2930 autem
2682 2875 2977 2939 Bobertns,
3011 2893 3109 2931 cor
3144 2893 3309 2932 suum
3351 2877 3548 2931 divitiis
3576 2877 3735 2931 alllueu

2229 2968 2374 3022 tibus
2401 2985 2507 3021 non
2537 2983 2839 3037 apponens,
2882 2970 3055 3037 magis
3094 2984 3159 3023 ac
3187 2968 3370 3039 magis
3401 2969 3454 3023 in
3482 2968 3627 3023 Deum
3656 2983 3758 3039 pro-

2231 3058 2391 3114 licere
2420 3061 2745 3126 conabatur,
2781 3069 2835 3113 et
2871 3060 3171 3114 secundum
3206 3060 3460 3115 instituta
3494 3059 3752 3114 S.Benedi~

545 3149 651 3219 ptis
681 3149 963 3217 fratribus,
1011 3152 1064 3206 in
1113 3153 1389 3222 quoddam
1437 3169 1653 3220 nemus,
1704 3154 1792 3208 cui
1842 3153 2127 3209 Molismus
2155 3174 2195 3229 α
2230 3149 2300 3223 ου
2331 3150 2476 3217 illle
2498 3159 2551 3204 et
2594 3150 2679 3219 pic
2708 3159 2761 3204 et
2792 3149 2975 3205 sobrie
3005 3154 3352 3206 conversari.
3392 3152 3523 3218 Quod
3546 3152 3757 3206 videntes

546 3254 744 3295 nomen
775 3249 878 3307 est,
909 3244 1137 3299 secessit
1164 3264 1175 3298 :
1208 3244 1298 3299 ttbt
1333 3246 1569 3316 propriis
1596 3247 1848 3301 manibus
1873 3247 2129 3301 laboran-

545 3339 647 3397 tes,
680 3347 865 3389 ramos
899 3334 966 3389 de
1015 3337 1305 3391 arboribus
1334 3337 1674 3401 exciderunt,
1705 3354 1770 3393 ex
1797 3339 2002 3394 eisdem
2031 3339 2130 3393 do-

546 3423 749 3479 nticilia
796 3425 851 3479 in
882 3427 1084 3497 quibus
1114 3437 1335 3497 possent
1380 3429 1682 3498 quiescere,
1726 3439 2125 3497 construentes,

544 3516 845 3571 oratorium
890 3533 1111 3588 quoque
1163 3519 1329 3573 simili
1382 3519 1659 3575 schemate
1696 3531 2041 3591 peregerunt,
2073 3523 2125 3577 in

543 3620 657 3675 quo
686 3604 920 3660 Domino
950 3608 1263 3677 frequenter
1306 3609 1575 3664 salutares
1612 3609 1819 3665 hostias
1847 3619 1900 3666 et
1922 3612 2129 3667 sacrifi-

544 3696 693 3750 cium
724 3697 943 3752 contriti
979 3698 1205 3767 spiritus
1250 3699 1582 3767 offerebant;
1635 3701 1728 3771 qui
1761 3717 1884 3756 cum
1931 3719 2126 3773 panem

546 3801 658 3840 non
690 3785 975 3855 baberent,
997 3804 1108 3859 quo
1130 3799 1253 3859 post
1279 3789 1600 3844 diuturnum
1626 3791 1868 3847 laborem
1897 3810 2128 3865 corpora

545 3887 770 3947 possent
810 3879 1053 3948 reficere,
1092 3882 1475 3937 tantummodo
1505 3882 1872 3953 leguminibus
1901 3887 2129 3941 uteban-

547 3979 657 4025 tur.
690 3969 932 4041 Contigit
965 3982 1147 4027 antem
1179 3971 1505 4028 Trecensem
1548 3974 1866 4046 episcopum
1896 3977 2009 4048 (l0)
2033 3994 2128 4048 per

545 4078 742 4120 nemus
774 4064 927 4131 illud,
973 4066 1025 4119 in
1078 4081 1190 4136 quo
1226 4064 1321 4121 Dei
1356 4066 1605 4122 homines
1634 4069 1687 4121 in
1728 4084 1941 4123 summa
1987 4086 2127 4139 pau-

546 4164 756 4226 pertate
784 4164 839 4211 et
862 4156 1171 4213 humilitate
1197 4156 1432 4213 Domino
1460 4160 1789 4223 serviebant,
1817 4161 1917 4216 iter
1945 4179 2125 4234 agere,

548 4255 604 4300 et
635 4250 700 4301 ad
736 4246 916 4302 locum
949 4249 1101 4303 illum
1145 4248 1463 4306 refectionis
1507 4250 1642 4305 hora
1681 4268 1806 4307 cum
1852 4255 2127 4310 sociorum

548 4336 854 4406 frequentia
900 4340 1201 4408 pervenire.
1250 4339 1399 4407 Quos
1427 4340 1531 4395 viri
1578 4340 1672 4396 Dei
1718 4344 1907 4399 devote
1954 4347 2130 4401 susci-

549 4428 781 4499 pientes,
834 4430 1244 4500 quodammodo
1296 4432 1797 4502 confundebantur,
1845 4436 1972 4506 quia
2020 4455 2128 4492 non

2231 3242 2324 3296 lilii
2365 3242 2552 3307 Belial,
2592 3244 2645 3296 in
2678 3244 2857 3296 virum
2888 3241 2981 3297 Dei
3018 3242 3277 3297 atrociter
3314 3244 3657 3314 insurgebant,
3693 3242 3763 3312 ip—

2231 3350 2352 3388 sum
2380 3335 2445 3388 ad
2471 3334 2890 3389 amaritudinem
2923 3345 3309 3405 provocantes,
3341 3347 3397 3391 et
3415 3337 3538 3405 justi
3565 3337 3765 3390 animam

2231 3426 2434 3496 iniquis
2463 3427 2721 3496 operibus
2763 3427 3093 3481 cruciantes.
3141 3425 3333 3482 Necte
3370 3437 3591 3491 moveat,
3610 3428 3769 3489 lector,

2228 3518 2373 3588 quod
2405 3518 2458 3572 in
2492 3519 2583 3573 illa
2615 3527 2802 3573 sancta
2848 3520 3272 3590 congregatione
3310 3521 3498 3575 locum
3548 3520 3642 3575 sibi
3680 3519 3775 3572 vin-

2228 3609 2371 3665 dicet
2398 3608 2696 3679 iniquitas,
2727 3624 2853 3663 cum
2886 3609 3161 3679 superbia,
3196 3610 3429 3666 natione
3474 3610 3662 3666 caelesti
3685 3624 3775 3663 cae-

2229 3699 2392 3755 lestes
2418 3710 2628 3755 mentes
2655 3715 2942 3766 revocans,
2972 3700 3037 3753 ad
3064 3701 3322 3770 proprios
3353 3712 3534 3768 ortus,
3559 3699 3776 3764 invadat;

2228 3801 2280 3845 et
2310 3791 2362 3845 itt
2387 3791 2570 3846 cinere
2590 3799 2643 3846 et
2663 3791 2843 3846 cilicio
2868 3791 3049 3856 lateat,
3073 3807 3195 3861 quae
3220 3807 3494 3862 apparere
3519 3793 3571 3847 in
3594 3808 3776 3863 magno,

2230 3883 2284 3937 in
2315 3883 2480 3955 bysso
2523 3892 2577 3939 et
2611 3899 2849 3953 purpura
2893 3893 3197 3939 consuevit.
3256 3882 3510 3955 Denique
3540 3884 3780 3955 Scriptura

2229 3987 2366 4033 teste
2413 3979 2709 4035 didicimus
2755 3981 2906 4051 quia,
2952 3997 3076 4035 cum
3116 4000 3134 4032 ι
3169 3980 3416 4051 quadam
3464 3983 3555 4037 die
3598 3981 3780 4036 liliiDei

2228 4072 2507 4127 venissent
2532 4083 2590 4127 ut
2631 4072 2951 4128 assistercnt
2975 4088 3160 4128 coram
3188 4073 3455 4143 Domino,
3481 4075 3651 4131 adfuit
3671 4076 3785 4130 inter

2228 4178 2323 4219 eos
2351 4164 2515 4219 etiam
2551 4165 2717 4219 Satan
2751 4164 2872 4235 (Job
2927 4165 3003 4234 t);
3042 4186 3058 4218 ι
3093 4166 3174 4221 sic
3202 4166 3272 4221 ab
3314 4168 3482 4222 initio
3512 4183 3620 4223 non
3647 4166 3786 4222 defuit

2230 4255 2284 4311 in
2314 4255 2554 4313 Ecclesia
2581 4259 2786 4329 justus,
2812 4259 2904 4329 qui
2930 4259 3235 4328 proficeret,
3262 4268 3318 4314 et
3342 4260 3558 4332 impius
3580 4260 3668 4332 qui
3689 4274 3788 4331 pro-

2230 4348 2403 4403 baret.

2304 4439 2389 4494 l0.
2428 4439 2631 4495 Videas
2679 4450 2859 4496 autetn
2908 4442 2993 4496 vir
3035 4441 3129 4496 Dei
3175 4444 3324 4513 quod
3375 4445 3435 4498 in
3479 4443 3792 4516 corripiendo

549 4519 823 4576 habebant
863 4523 1006 4592 quod
1051 4522 1338 4578 refecturis
1388 4535 1755 4593 apponerent;
1792 4528 1845 4580 in
1893 4543 2125 4597 quorum
2162 4528 2205 4582 D
2233 4548 2326 4588 eos
2354 4548 2460 4587 non
2490 4533 2779 4603 proliceret
2807 4534 3051 4605 etquod,
3088 4534 3398 4605 disciplinae
3432 4537 3698 4606 regularis
3715 4536 3792 4589 ob-

549 4610 857 4666 bumilitate
884 4621 939 4667 et
978 4620 1294 4683 paupertate
1320 4628 1428 4668 non
1459 4616 1807 4672 mediocriter
1831 4618 2128 4674 aediﬁcatus

547 4699 840 4771 cpiscopus
867 4711 921 4756 et
947 4712 1333 4773 compunctus,
1362 4704 1611 4762 valcfecit
1634 4716 1687 4763 et
1717 4709 1960 4764 recessit.
1997 4708 2130 4764 Pro-

549 4794 773 4849 cedente
802 4810 931 4850 vero
965 4804 1227 4867 tempore,
1251 4813 1374 4863 eum
1400 4815 1509 4855 non
1541 4800 1804 4856 baberent
1828 4801 1970 4855 unde
2010 4817 2131 4870 pos-

550 4894 672 4941 sent
711 4885 908 4943 fratres
954 4888 1038 4942 vel
1073 4889 1140 4943 ad
1178 4890 1454 4947 modicum
1484 4894 1799 4958 sustentari,
1826 4895 1892 4949 ad
1927 4894 1989 4949 B.
2016 4894 2128 4949 Ro-

550 4977 690 5032 berti
720 4980 1011 5035 consilium
1055 4983 1438 5055 confugerunt.
1482 4983 1603 5056 Ipse
1651 5002 1803 5053 vero,
1849 4987 1942 5057 qui
1988 5004 2130 5042 nun—

549 5085 713 5140 quam
737 5072 919 5139 posuit
955 5089 1148 5129 aurum
1187 5076 1356 5131 robur
1390 5094 1571 5145 suum,
1595 5095 1697 5135 nec
1727 5080 1915 5135 obrizo
1954 5079 2125 5134 dixit:

554 5178 572 5208 ι
600 5160 823 5218 Fiducia
842 5179 959 5218 mea
978 5164 1121 5232 (Job.
1152 5172 1325 5237 χχιι),
1348 5188 1366 5221 ι
1391 5170 1578 5225 docuit
1600 5171 1723 5227 illos
1738 5172 2008 5242 ponerein
2028 5172 2132 5227 Do-

548 5252 701 5309 mino
726 5251 834 5309 Deo
857 5270 1006 5325 spem
1042 5272 1220 5325 suam,
1246 5260 1425 5316 sciens
1446 5263 1575 5332 quia
1607 5277 1713 5317 non
1752 5264 1956 5319 sineret
1984 5264 2131 5320 Deus

548 5343 758 5402 diutius
773 5345 936 5417 affligi
956 5345 1099 5403 fame
1116 5350 1354 5404 animam
1369 5350 1523 5419 justi.
1549 5350 1685 5406 Cum
1712 5352 1878 5422 igitur
1893 5354 2127 5424 pretium

617 5521 732 5591 (10)
772 5522 1176 5606 Evegardusde
1189 5529 1454 5606 _Avesnis,
1486 5529 1776 5588 Trecensis
1810 5535 2126 5606 episcopus,

546 5592 616 5647 ab
640 5608 788 5651 anno
818 5595 954 5648 1172
976 5598 1041 5650 ad
1079 5599 1237 5653 “90.

620 5663 737 5731 (ll)
776 5662 991 5720 Distant
1013 5666 1198 5725 Trecze
1226 5686 1253 5724 a
1280 5669 1531 5726 Molismo
1556 5670 1836 5729 intervallo
1864 5675 2131 5730 duntaxat

550 5728 831 5812 leurarum
851 5735 924 5812 _8.,
951 5746 1011 5789 ut
1041 5754 1149 5791 non
1184 5742 1381 5812 mirum
1416 5741 1487 5796 sit
1519 5742 1648 5795 illuc.
1672 5745 1855 5812 potius
1876 5728 2126 5801 destina;

553 5807 638 5855 tos
654 5820 819 5873 quam
851 5804 1148 5875 Lingonas,
1188 5811 1252 5864 ad
1289 5827 1522 5881 quorum
1563 5804 1841 5868 dioecesim
1893 5818 2129 5884 pertine-

2233 4626 2541 4681 servatione
2582 4627 2901 4697 postposita,
2927 4628 3305 4697 unusquisque
3333 4640 3471 4699 post
3505 4631 3796 4701 pravitatem

2232 4716 2413 4772 cordis
2460 4718 2545 4773 sui
2596 4719 2921 4785 ambularet,
2976 4719 3167 4775 statuit
3206 4720 3330 4774 illos
3382 4722 3720 4793 relinquere,
3746 4736 3797 4774 ne

2231 4804 2360 4859 dum
2394 4806 2448 4859 in
2474 4806 2554 4860 eis
2576 4804 2780 4861 frustra
2811 4816 3081 4877 qurererct
3108 4809 3397 4880 spirituale
3426 4811 3680 4877 lucrum,
3709 4824 3800 4881 Ipse

2232 4896 2428 4950 attimrc
2456 4912 2569 4951 sua:
2600 4896 2800 4953 faceret
2826 4898 3233 4955 detrimentum.
3278 4899 3414 4955 Orta
3474 4903 3646 4974 igitur
3688 4905 3803 4957 inter

2231 5000 2327 5041 eos
2353 4986 2650 5055 discordia,
2701 4990 2930 5045 recessit
2976 4990 3045 5045 ab
3092 4990 3173 5046 eis
3210 4994 3480 5063 venitque
3524 4996 3595 5049 ad
3627 4995 3803 5058 locum,

2229 5078 2323 5147 qui
2359 5088 2589 5133 vocatur
2624 5081 2831 5134 Aurum
2877 5081 3010 5152 (Ιῖ),
3049 5082 3102 5135 in
3133 5098 3243 5152 quo
3272 5084 3539 5139 audierat
3584 5085 3804 5139 habitare

2230 5169 2451 5240 fratres,
2502 5173 2554 5226 in
2597 5174 2791 5244 spiritu
2842 5174 3163 5230 humilitatis
3210 5175 3448 5231 Domino
3502 5180 3802 5232 servientes.

2230 5262 2310 5318 Ad
2337 5281 2476 5335 quos
2498 5281 2622 5319 cum
2653 5264 2911 5332 venisset,
2946 5266 3138 5321 devote
3166 5277 3465 5337 susceptus
3494 5279 3583 5323 est
3616 5268 3683 5322 ab
3720 5268 3806 5327 eis,

2231 5357 2473 5428 vixitque
2503 5358 2820 5428 aliquandiu
2860 5358 3003 5413 inter
3027 5374 3123 5413 eos
3150 5359 3411 5415 laborans
3439 5366 3688 5431 propriis
3711 5371 3808 5412 ma-

2232 5533 2381 5605 bant,
2410 5534 2578 5604 duplo
2607 5534 2798 5605 majori
2833 5536 3009 5604 spatio
3031 5537 3273 5593 dissitos.

2304 5604 2394 5676 (l2
2428 5604 2659 5676 Aurum,
2691 5607 2929 5660 vicinum
2976 5606 3223 5662 Molismo
3252 5608 3693 5673 monasterium,
3732 5622 3810 5676 ap-

2231 5675 2394 5747 pellat
2432 5674 2714 5746 Manrique
2746 5696 2758 5731 :
2785 5677 2904 5747 ejus
2940 5677 3065 5730 alibi
3098 5678 3355 5732 indicium
3397 5679 3629 5733 nullum
3679 5674 3808 5734 inve-

2233 5745 2436 5820 nimus,
2467 5763 2532 5801 ex
2558 5745 2667 5820 quo
2694 5748 2760 5803 de
2808 5745 2913 5801 Situ
2966 5756 3055 5820 aut
3082 5749 3350 5816 przeterito
3404 5751 3808 5820 subsecutoque

2233 5815 2335 5869 loci
2369 5824 2509 5870 statu
2534 5818 2829 5889 quidquam
2861 5815 3240 5887 intelligamus.
