  <div class='ocr_page' id='page_1' title='image "/cluster/home/n/w/nwhite01/storage/ocr_20150623/157/hvd.32044010248185/644.png"; bbox 0 0 3970 6446; ppageno 0'>
   <div class='ocr_carea' id='block_1_1' title="bbox 181 396 310 461">
    <p class='ocr_par' dir='ltr' id='par_1_1' title="bbox 181 396 310 461">
     <span class='ocr_line' id='line_1_1' title="bbox 181 396 310 461; baseline -0.062 0"><span class='ocrx_word' id='word_1_1' title='bbox 181 396 310 461; x_wconf 71' lang='grc'>1277</span> 
     </span>
    </p>
   </div>
   <div class='ocr_carea' id='block_1_2' title="bbox 1685 387 1865 445">
    <p class='ocr_par' dir='ltr' id='par_1_2' title="bbox 1685 387 1865 445">
     <span class='ocr_line' id='line_1_2' title="bbox 1685 387 1865 445; baseline 0.011 -2"><span class='ocrx_word' id='word_1_2' title='bbox 1685 387 1840 445; x_wconf 71' lang='lat' dir='ltr'><strong>VITA</strong></span> <span class='ocrx_word' id='word_1_3' title='bbox 1852 431 1865 444; x_wconf 92' lang='lat'><strong>.</strong></span> 
     </span>
    </p>
   </div>
   <div class='ocr_carea' id='block_1_3' title="bbox 3278 384 3413 439">
    <p class='ocr_par' dir='ltr' id='par_1_3' title="bbox 3278 384 3413 439">
     <span class='ocr_line' id='line_1_3' title="bbox 3278 384 3413 439; baseline 0.007 -1"><span class='ocrx_word' id='word_1_4' title='bbox 3278 384 3413 439; x_wconf 75' lang='grc'>1278</span> 
     </span>
    </p>
   </div>
   <div class='ocr_carea' id='block_1_4' title="bbox 173 498 3416 576">
    <p class='ocr_par' dir='ltr' id='par_1_4' title="bbox 173 498 3416 576">
     <span class='ocr_line' id='line_1_4' title="bbox 173 498 3416 576; baseline -0.006 -5"><span class='ocrx_word' id='word_1_5' title='bbox 173 520 346 576; x_wconf 86' lang='lat' dir='ltr'><strong>nibus,</strong></span> <span class='ocrx_word' id='word_1_6' title='bbox 387 518 448 565; x_wconf 88' lang='lat' dir='ltr'><strong>ut</strong></span> <span class='ocrx_word' id='word_1_7' title='bbox 488 507 738 570; x_wconf 87' lang='lat' dir='ltr'><strong>haberet,</strong></span> <span class='ocrx_word' id='word_1_8' title='bbox 770 501 913 558; x_wconf 89' lang='lat' dir='ltr'><strong>unde</strong></span> <span class='ocrx_word' id='word_1_9' title='bbox 944 502 1206 558; x_wconf 89' lang='lat' dir='ltr'><strong>tribueret</strong></span> <span class='ocrx_word' id='word_1_10' title='bbox 1226 501 1606 558; x_wconf 87' lang='lat' dir='ltr'><strong>necessitatem</strong></span> <span class='ocrx_word' id='word_1_11' title='bbox 1638 516 1733 572; x_wconf 90' lang='lat' dir='ltr'><strong>pa-</strong></span> <span class='ocrx_word' id='word_1_12' title='bbox 1763 507 1808 562; x_wconf 81' lang='grc' dir='ltr'><strong>Α</strong></span> <span class='ocrx_word' id='word_1_13' title='bbox 1836 500 2028 571; x_wconf 71' lang='lat' dir='ltr'><strong>Spiritu</strong></span> <span class='ocrx_word' id='word_1_14' title='bbox 2059 502 2349 567; x_wconf 73' lang='lat' dir='ltr'><strong>ferventes,</strong></span> <span class='ocrx_word' id='word_1_15' title='bbox 2383 508 2438 555; x_wconf 92' lang='lat' dir='ltr'><strong>et</strong></span> <span class='ocrx_word' id='word_1_16' title='bbox 2477 499 2987 572; x_wconf 85' lang='lat' dir='ltr'><strong>infatigabiliterdie</strong></span> <span class='ocrx_word' id='word_1_17' title='bbox 3017 514 3081 553; x_wconf 90' lang='lat' dir='ltr'><strong>ac</strong></span> <span class='ocrx_word' id='word_1_18' title='bbox 3112 507 3268 553; x_wconf 86' lang='lat' dir='ltr'><strong>nocte</strong></span> <span class='ocrx_word' id='word_1_19' title='bbox 3308 498 3416 551; x_wconf 87' lang='lat' dir='ltr'><strong>Do-</strong></span> 
     </span>
    </p>
   </div>
   <div class='ocr_carea' id='block_1_5' title="bbox 174 595 1732 669">
    <p class='ocr_par' dir='ltr' id='par_1_5' title="bbox 174 595 1732 669">
     <span class='ocr_line' id='line_1_5' title="bbox 174 595 1732 669; baseline -0.013 -2"><span class='ocrx_word' id='word_1_20' title='bbox 174 607 337 666; x_wconf 87' lang='lat' dir='ltr'><strong>tienti.</strong></span> <span class='ocrx_word' id='word_1_21' title='bbox 368 600 577 669; x_wconf 77' lang='lat' dir='ltr'><strong>Vigiliis</strong></span> <span class='ocrx_word' id='word_1_22' title='bbox 615 605 794 650; x_wconf 88' lang='lat' dir='ltr'><strong>autem</strong></span> <span class='ocrx_word' id='word_1_23' title='bbox 824 603 878 650; x_wconf 92' lang='lat' dir='ltr'><strong>et</strong></span> <span class='ocrx_word' id='word_1_24' title='bbox 912 595 1253 650; x_wconf 82' lang='lat' dir='ltr'><strong>orationibus</strong></span> <span class='ocrx_word' id='word_1_25' title='bbox 1279 595 1615 650; x_wconf 90' lang='lat' dir='ltr'><strong>incessanter</strong></span> <span class='ocrx_word' id='word_1_26' title='bbox 1649 595 1732 648; x_wconf 87' lang='lat' dir='ltr'><strong>in-</strong></span> 
     </span>
    </p>
   </div>
   <div class='ocr_carea' id='block_1_6' title="bbox 172 685 1729 760">
    <p class='ocr_par' dir='ltr' id='par_1_6' title="bbox 172 685 1729 760">
     <span class='ocr_line' id='line_1_6' title="bbox 172 685 1729 760; baseline -0.008 -8"><span class='ocrx_word' id='word_1_27' title='bbox 172 703 383 760; x_wconf 77' lang='lat' dir='ltr'><strong>sistens,</strong></span> <span class='ocrx_word' id='word_1_28' title='bbox 414 688 824 760; x_wconf 80' lang='lat' dir='ltr'><strong>infatigabiliter</strong></span> <span class='ocrx_word' id='word_1_29' title='bbox 846 686 1079 742; x_wconf 87' lang='lat' dir='ltr'><strong>Domino</strong></span> <span class='ocrx_word' id='word_1_30' title='bbox 1109 686 1379 742; x_wconf 82' lang='lat' dir='ltr'><strong>serviebat</strong></span> <span class='ocrx_word' id='word_1_31' title='bbox 1410 705 1422 741; x_wconf 86' lang='lat'>:</span> <span class='ocrx_word' id='word_1_32' title='bbox 1449 694 1645 741; x_wconf 90' lang='lat' dir='ltr'><strong>etcum</strong></span> <span class='ocrx_word' id='word_1_33' title='bbox 1676 685 1729 739; x_wconf 91' lang='lat' dir='ltr'><strong>in</strong></span> 
     </span>
    </p>
   </div>
   <div class='ocr_carea' id='block_1_7' title="bbox 173 778 1730 848">
    <p class='ocr_par' dir='ltr' id='par_1_7' title="bbox 173 778 1730 848">
     <span class='ocr_line' id='line_1_7' title="bbox 173 778 1730 848; baseline -0.012 0"><span class='ocrx_word' id='word_1_34' title='bbox 173 789 449 848; x_wconf 85' lang='lat' dir='ltr'><strong>sanctitate</strong></span> <span class='ocrx_word' id='word_1_35' title='bbox 495 787 724 837; x_wconf 89' lang='lat' dir='ltr'><strong>cunctos</strong></span> <span class='ocrx_word' id='word_1_36' title='bbox 779 780 1096 845; x_wconf 85' lang='lat' dir='ltr'><strong>excelleret;</strong></span> <span class='ocrx_word' id='word_1_37' title='bbox 1155 778 1411 833; x_wconf 89' lang='lat' dir='ltr'><strong>omnibus</strong></span> <span class='ocrx_word' id='word_1_38' title='bbox 1467 778 1730 841; x_wconf 85' lang='lat' dir='ltr'><strong>serviens,</strong></span> 
     </span>
    </p>
   </div>
   <div class='ocr_carea' id='block_1_8' title="bbox 169 867 1733 939">
    <p class='ocr_par' dir='ltr' id='par_1_8' title="bbox 169 867 1733 939">
     <span class='ocr_line' id='line_1_8' title="bbox 169 867 1733 939; baseline -0.01 -3"><span class='ocrx_word' id='word_1_39' title='bbox 169 880 405 936; x_wconf 90' lang='lat' dir='ltr'><strong>omnium</strong></span> <span class='ocrx_word' id='word_1_40' title='bbox 453 890 511 928; x_wconf 89' lang='lat' dir='ltr'><strong>se</strong></span> <span class='ocrx_word' id='word_1_41' title='bbox 540 872 829 926; x_wconf 90' lang='lat' dir='ltr'><strong>minimum</strong></span> <span class='ocrx_word' id='word_1_42' title='bbox 877 871 1180 939; x_wconf 81' lang='lat' dir='ltr'><strong>reputabat.</strong></span> <span class='ocrx_word' id='word_1_43' title='bbox 1212 867 1361 923; x_wconf 88' lang='lat' dir='ltr'><strong>Unde</strong></span> <span class='ocrx_word' id='word_1_44' title='bbox 1407 883 1514 921; x_wconf 92' lang='lat' dir='ltr'><strong>non</strong></span> <span class='ocrx_word' id='word_1_45' title='bbox 1560 868 1733 921; x_wconf 92' lang='lat' dir='ltr'><strong>multo</strong></span> 
     </span>
    </p>
   </div>
   <div class='ocr_carea' id='block_1_9' title="bbox 169 959 1733 1043">
    <p class='ocr_par' dir='ltr' id='par_1_9' title="bbox 169 959 1733 1043">
     <span class='ocr_line' id='line_1_9' title="bbox 169 959 1733 1043; baseline -0.007 -20"><span class='ocrx_word' id='word_1_46' title='bbox 169 981 284 1043; x_wconf 84' lang='lat' dir='ltr'><strong>post</strong></span> <span class='ocrx_word' id='word_1_47' title='bbox 324 968 393 1023; x_wconf 90' lang='lat' dir='ltr'><strong>ab</strong></span> <span class='ocrx_word' id='word_1_48' title='bbox 424 965 504 1021; x_wconf 89' lang='lat' dir='ltr'><strong>eis</strong></span> <span class='ocrx_word' id='word_1_49' title='bbox 531 964 735 1018; x_wconf 86' lang='lat' dir='ltr'><strong>electus</strong></span> <span class='ocrx_word' id='word_1_50' title='bbox 763 972 846 1016; x_wconf 90' lang='lat' dir='ltr'><strong>est</strong></span> <span class='ocrx_word' id='word_1_51' title='bbox 884 960 937 1014; x_wconf 91' lang='lat' dir='ltr'><strong>in</strong></span> <span class='ocrx_word' id='word_1_52' title='bbox 969 962 1242 1024; x_wconf 91' lang='lat' dir='ltr'><strong>abbatem,</strong></span> <span class='ocrx_word' id='word_1_53' title='bbox 1273 959 1474 1029; x_wconf 84' lang='lat' dir='ltr'><strong>quibus</strong></span> <span class='ocrx_word' id='word_1_54' title='bbox 1499 974 1733 1028; x_wconf 65' lang='lat' dir='ltr'><strong>praeesse</strong></span> 
     </span>
    </p>
   </div>
   <div class='ocr_carea' id='block_1_10' title="bbox 167 1050 1733 1119">
    <p class='ocr_par' dir='ltr' id='par_1_10' title="bbox 167 1050 1733 1119">
     <span class='ocr_line' id='line_1_10' title="bbox 167 1050 1733 1119; baseline -0.01 -2"><span class='ocrx_word' id='word_1_55' title='bbox 167 1059 371 1117; x_wconf 85' lang='lat' dir='ltr'><strong>curavit</strong></span> <span class='ocrx_word' id='word_1_56' title='bbox 407 1058 458 1111; x_wconf 86' lang='lat' dir='ltr'><strong>in</strong></span> <span class='ocrx_word' id='word_1_57' title='bbox 494 1052 646 1110; x_wconf 79' lang='lat' dir='ltr'><strong>omni</strong></span> <span class='ocrx_word' id='word_1_58' title='bbox 698 1052 983 1113; x_wconf 90' lang='lat' dir='ltr'><strong>modestia,</strong></span> <span class='ocrx_word' id='word_1_59' title='bbox 1018 1050 1248 1105; x_wconf 82' lang='lat' dir='ltr'><strong>infirmis</strong></span> <span class='ocrx_word' id='word_1_60' title='bbox 1285 1064 1473 1104; x_wconf 83' lang='lat' dir='ltr'><strong>curam</strong></span> <span class='ocrx_word' id='word_1_61' title='bbox 1525 1051 1733 1119; x_wconf 86' lang='lat' dir='ltr'><strong>impen-</strong></span> 
     </span>
    </p>
   </div>
   <div class='ocr_carea' id='block_1_11' title="bbox 166 1140 1729 1213">
    <p class='ocr_par' dir='ltr' id='par_1_11' title="bbox 166 1140 1729 1213">
     <span class='ocr_line' id='line_1_11' title="bbox 166 1140 1729 1213; baseline -0.006 -8"><span class='ocrx_word' id='word_1_62' title='bbox 166 1152 315 1213; x_wconf 83' lang='lat' dir='ltr'><strong>dens,</strong></span> <span class='ocrx_word' id='word_1_63' title='bbox 340 1155 394 1202; x_wconf 91' lang='lat' dir='ltr'><strong>et</strong></span> <span class='ocrx_word' id='word_1_64' title='bbox 417 1159 582 1202; x_wconf 88' lang='lat' dir='ltr'><strong>sanos</strong></span> <span class='ocrx_word' id='word_1_65' title='bbox 610 1142 820 1205; x_wconf 80' lang='lat' dir='ltr'><strong>fovens,</strong></span> <span class='ocrx_word' id='word_1_66' title='bbox 847 1157 955 1195; x_wconf 93' lang='lat' dir='ltr'><strong>non</strong></span> <span class='ocrx_word' id='word_1_67' title='bbox 984 1142 1138 1211; x_wconf 89' lang='lat' dir='ltr'><strong>quasi</strong></span> <span class='ocrx_word' id='word_1_68' title='bbox 1170 1141 1460 1195; x_wconf 82' lang='lat' dir='ltr'><strong>dominans</strong></span> <span class='ocrx_word' id='word_1_69' title='bbox 1486 1140 1538 1195; x_wconf 91' lang='lat' dir='ltr'><strong>in</strong></span> <span class='ocrx_word' id='word_1_70' title='bbox 1562 1142 1729 1205; x_wconf 90' lang='lat' dir='ltr'><strong>clero,</strong></span> 
     </span>
    </p>
   </div>
   <div class='ocr_carea' id='block_1_12' title="bbox 166 1232 1211 1307">
    <p class='ocr_par' dir='ltr' id='par_1_12' title="bbox 166 1232 1211 1307">
     <span class='ocr_line' id='line_1_12' title="bbox 166 1232 1211 1307; baseline -0.011 -10"><span class='ocrx_word' id='word_1_71' title='bbox 166 1242 253 1297; x_wconf 87' lang='lat' dir='ltr'><strong>sed</strong></span> <span class='ocrx_word' id='word_1_72' title='bbox 282 1239 454 1293; x_wconf 88' lang='lat' dir='ltr'><strong>forma</strong></span> <span class='ocrx_word' id='word_1_73' title='bbox 488 1234 665 1307; x_wconf 81' lang='lat' dir='ltr'><strong>gregis</strong></span> <span class='ocrx_word' id='word_1_74' title='bbox 700 1232 879 1287; x_wconf 88' lang='lat' dir='ltr'><strong>factus</strong></span> <span class='ocrx_word' id='word_1_75' title='bbox 909 1248 973 1287; x_wconf 74' lang='lat' dir='ltr'><strong>ex</strong></span> <span class='ocrx_word' id='word_1_76' title='bbox 1006 1232 1211 1286; x_wconf 82' lang='lat' dir='ltr'><strong>animo.</strong></span> 
     </span>
    </p>
   </div>
   <div class='ocr_carea' id='block_1_13' title="bbox 233 1327 1730 1398">
    <p class='ocr_par' dir='ltr' id='par_1_13' title="bbox 233 1327 1730 1398">
     <span class='ocr_line' id='line_1_13' title="bbox 233 1327 1730 1398; baseline -0.007 -8"><span class='ocrx_word' id='word_1_77' title='bbox 233 1336 319 1390; x_wconf 92' lang='grc'>11.</span> <span class='ocrx_word' id='word_1_78' title='bbox 368 1333 749 1388; x_wconf 81' lang='lat' dir='ltr'><strong>Molismenses</strong></span> <span class='ocrx_word' id='word_1_79' title='bbox 793 1340 973 1383; x_wconf 88' lang='lat' dir='ltr'><strong>autem</strong></span> <span class='ocrx_word' id='word_1_80' title='bbox 1022 1327 1337 1398; x_wconf 74' lang='lat' dir='ltr'><strong>pmnitcntia</strong></span> <span class='ocrx_word' id='word_1_81' title='bbox 1370 1328 1539 1395; x_wconf 89' lang='lat' dir='ltr'><strong>ducti,</strong></span> <span class='ocrx_word' id='word_1_82' title='bbox 1586 1328 1730 1398; x_wconf 89' lang='lat' dir='ltr'><strong>quod</strong></span> 
     </span>
    </p>
   </div>
   <div class='ocr_carea' id='block_1_14' title="bbox 165 1420 1733 1490">
    <p class='ocr_par' dir='ltr' id='par_1_14' title="bbox 165 1420 1733 1490">
     <span class='ocr_line' id='line_1_14' title="bbox 165 1420 1733 1490; baseline -0.006 -8"><span class='ocrx_word' id='word_1_83' title='bbox 165 1430 336 1482; x_wconf 93' lang='lat' dir='ltr'><strong>virum</strong></span> <span class='ocrx_word' id='word_1_84' title='bbox 381 1425 475 1478; x_wconf 86' lang='lat' dir='ltr'><strong>Dei</strong></span> <span class='ocrx_word' id='word_1_85' title='bbox 526 1422 896 1485; x_wconf 81' lang='lat' dir='ltr'><strong>oﬂendissent,</strong></span> <span class='ocrx_word' id='word_1_86' title='bbox 939 1429 992 1475; x_wconf 91' lang='lat' dir='ltr'><strong>et</strong></span> <span class='ocrx_word' id='word_1_87' title='bbox 1035 1436 1065 1473; x_wconf 91' lang='lat' dir='ltr'><strong>a</strong></span> <span class='ocrx_word' id='word_1_88' title='bbox 1115 1436 1175 1473; x_wconf 90' lang='lat' dir='ltr'><strong>se</strong></span> <span class='ocrx_word' id='word_1_89' title='bbox 1203 1420 1607 1490; x_wconf 84' lang='lat' dir='ltr'><strong>quodammodo</strong></span> <span class='ocrx_word' id='word_1_90' title='bbox 1638 1435 1733 1488; x_wconf 89' lang='lat' dir='ltr'><strong>per</strong></span> 
     </span>
    </p>
   </div>
   <div class='ocr_carea' id='block_1_15' title="bbox 166 1508 1731 1580">
    <p class='ocr_par' dir='ltr' id='par_1_15' title="bbox 166 1508 1731 1580">
     <span class='ocr_line' id='line_1_15' title="bbox 166 1508 1731 1580; baseline -0.007 -7"><span class='ocrx_word' id='word_1_91' title='bbox 166 1514 580 1573; x_wconf 79' lang='lat' dir='ltr'><strong>inoliedientiam</strong></span> <span class='ocrx_word' id='word_1_92' title='bbox 631 1510 1000 1580; x_wconf 82' lang='lat' dir='ltr'><strong>expulissent,</strong></span> <span class='ocrx_word' id='word_1_93' title='bbox 1045 1508 1258 1561; x_wconf 90' lang='lat' dir='ltr'><strong>ruinam</strong></span> <span class='ocrx_word' id='word_1_94' title='bbox 1311 1524 1465 1562; x_wconf 84' lang='lat' dir='ltr'><strong>suam</strong></span> <span class='ocrx_word' id='word_1_95' title='bbox 1519 1517 1627 1561; x_wconf 90' lang='lat' dir='ltr'><strong>tam</strong></span> <span class='ocrx_word' id='word_1_96' title='bbox 1677 1508 1731 1562; x_wconf 91' lang='lat' dir='ltr'><strong>in</strong></span> 
     </span>
    </p>
   </div>
   <div class='ocr_carea' id='block_1_16' title="bbox 165 1594 1729 1671">
    <p class='ocr_par' dir='ltr' id='par_1_16' title="bbox 165 1594 1729 1671">
     <span class='ocr_line' id='line_1_16' title="bbox 165 1594 1729 1671; baseline -0.005 -11"><span class='ocrx_word' id='word_1_97' title='bbox 165 1605 407 1660; x_wconf 89' lang='lat' dir='ltr'><strong>moribus</strong></span> <span class='ocrx_word' id='word_1_98' title='bbox 433 1615 594 1671; x_wconf 90' lang='lat' dir='ltr'><strong>quam</strong></span> <span class='ocrx_word' id='word_1_99' title='bbox 621 1600 673 1653; x_wconf 92' lang='lat' dir='ltr'><strong>in</strong></span> <span class='ocrx_word' id='word_1_100' title='bbox 699 1597 1139 1669; x_wconf 81' lang='lat' dir='ltr'><strong>possessionibus</strong></span> <span class='ocrx_word' id='word_1_101' title='bbox 1158 1597 1318 1652; x_wconf 76' lang='lat' dir='ltr'><strong>anxie</strong></span> <span class='ocrx_word' id='word_1_102' title='bbox 1338 1594 1729 1667; x_wconf 87' lang='lat' dir='ltr'><strong>deplorabant:</strong></span> 
     </span>
    </p>
   </div>
   <div class='ocr_carea' id='block_1_17' title="bbox 163 1686 1733 1759">
    <p class='ocr_par' dir='ltr' id='par_1_17' title="bbox 163 1686 1733 1759">
     <span class='ocr_line' id='line_1_17' title="bbox 163 1686 1733 1759; baseline -0.006 -9"><span class='ocrx_word' id='word_1_103' title='bbox 163 1706 215 1750; x_wconf 89' lang='lat' dir='ltr'><strong>et</strong></span> <span class='ocrx_word' id='word_1_104' title='bbox 246 1698 301 1750; x_wconf 90' lang='lat' dir='ltr'><strong>in</strong></span> <span class='ocrx_word' id='word_1_105' title='bbox 333 1709 466 1750; x_wconf 90' lang='lat' dir='ltr'><strong>casu</strong></span> <span class='ocrx_word' id='word_1_106' title='bbox 498 1705 601 1746; x_wconf 91' lang='lat' dir='ltr'><strong>suo</strong></span> <span class='ocrx_word' id='word_1_107' title='bbox 638 1689 843 1759; x_wconf 76' lang='lat' dir='ltr'><strong>experti</strong></span> <span class='ocrx_word' id='word_1_108' title='bbox 871 1698 1018 1751; x_wconf 70' lang='lat' dir='ltr'><strong>sunt,</strong></span> <span class='ocrx_word' id='word_1_109' title='bbox 1050 1689 1194 1758; x_wconf 91' lang='lat' dir='ltr'><strong>quod</strong></span> <span class='ocrx_word' id='word_1_110' title='bbox 1224 1688 1284 1742; x_wconf 85' lang='grc' dir='ltr'><strong>Β.</strong></span> <span class='ocrx_word' id='word_1_111' title='bbox 1318 1686 1540 1743; x_wconf 79' lang='lat' dir='ltr'><strong>Roberti</strong></span> <span class='ocrx_word' id='word_1_112' title='bbox 1566 1687 1733 1743; x_wconf 91' lang='lat' dir='ltr'><strong>meri-</strong></span> 
     </span>
    </p>
   </div>
   <div class='ocr_carea' id='block_1_18' title="bbox 164 1776 1726 1846">
    <p class='ocr_par' dir='ltr' id='par_1_18' title="bbox 164 1776 1726 1846">
     <span class='ocr_line' id='line_1_18' title="bbox 164 1776 1726 1846; baseline -0.004 -9"><span class='ocrx_word' id='word_1_113' title='bbox 164 1785 234 1837; x_wconf 90' lang='lat' dir='ltr'><strong>tis</strong></span> <span class='ocrx_word' id='word_1_114' title='bbox 276 1782 385 1835; x_wconf 88' lang='lat' dir='ltr'><strong>illis</strong></span> <span class='ocrx_word' id='word_1_115' title='bbox 418 1778 682 1833; x_wconf 90' lang='lat' dir='ltr'><strong>Dominus</strong></span> <span class='ocrx_word' id='word_1_116' title='bbox 715 1776 1099 1831; x_wconf 81' lang='lat' dir='ltr'><strong>abundantiam</strong></span> <span class='ocrx_word' id='word_1_117' title='bbox 1141 1777 1302 1830; x_wconf 89' lang='lat' dir='ltr'><strong>etiam</strong></span> <span class='ocrx_word' id='word_1_118' title='bbox 1348 1777 1726 1846; x_wconf 81' lang='lat' dir='ltr'><strong>temporalium</strong></span> 
     </span>
    </p>
   </div>
   <div class='ocr_carea' id='block_1_19' title="bbox 79 1848 1802 1936">
    <p class='ocr_par' dir='ltr' id='par_1_19' title="bbox 79 1848 1802 1936">
     <span class='ocr_line' id='line_1_19' title="bbox 79 1848 1802 1936; baseline -0.002 -12"><span class='ocrx_word' id='word_1_119' title='bbox 79 1878 93 1895; x_wconf 84' lang='lat'><strong><em>&#39;</em></strong></span> <span class='ocrx_word' id='word_1_120' title='bbox 164 1870 465 1925; x_wconf 87' lang='lat' dir='ltr'><strong>tribuisset.</strong></span> <span class='ocrx_word' id='word_1_121' title='bbox 489 1866 627 1921; x_wconf 83' lang='lat' dir='ltr'><strong>Inito</strong></span> <span class='ocrx_word' id='word_1_122' title='bbox 652 1882 782 1936; x_wconf 83' lang='lat' dir='ltr'><strong>ergo</strong></span> <span class='ocrx_word' id='word_1_123' title='bbox 806 1865 1000 1921; x_wconf 90' lang='lat' dir='ltr'><strong>salutis</strong></span> <span class='ocrx_word' id='word_1_124' title='bbox 1024 1866 1257 1921; x_wconf 89' lang='lat' dir='ltr'><strong>consilio</strong></span> <span class='ocrx_word' id='word_1_125' title='bbox 1288 1882 1562 1921; x_wconf 91' lang='lat' dir='ltr'><strong>summum</strong></span> <span class='ocrx_word' id='word_1_126' title='bbox 1592 1882 1729 1936; x_wconf 87' lang='lat' dir='ltr'><strong>pon-</strong></span> <span class='ocrx_word' id='word_1_127' title='bbox 1760 1848 1802 1902; x_wconf 76' lang='grc' dir='ltr'><strong>Β</strong></span> 
     </span>
    </p>
   </div>
   <div class='ocr_carea' id='block_1_20' title="bbox 164 1956 1730 2027">
    <p class='ocr_par' dir='ltr' id='par_1_20' title="bbox 164 1956 1730 2027">
     <span class='ocr_line' id='line_1_20' title="bbox 164 1956 1730 2027; baseline -0.002 -11"><span class='ocrx_word' id='word_1_128' title='bbox 164 1961 364 2016; x_wconf 89' lang='lat' dir='ltr'><strong>tilicem</strong></span> <span class='ocrx_word' id='word_1_129' title='bbox 395 1959 663 2020; x_wconf 87' lang='lat' dir='ltr'><strong>adierunt,</strong></span> <span class='ocrx_word' id='word_1_130' title='bbox 696 1957 854 2027; x_wconf 81' lang='lat' dir='ltr'><strong>cujus</strong></span> <span class='ocrx_word' id='word_1_131' title='bbox 890 1956 1214 2012; x_wconf 86' lang='lat' dir='ltr'><strong>auctoritate</strong></span> <span class='ocrx_word' id='word_1_132' title='bbox 1251 1957 1394 2024; x_wconf 83' lang='lat' dir='ltr'><strong>freti,</strong></span> <span class='ocrx_word' id='word_1_133' title='bbox 1425 1959 1603 2013; x_wconf 89' lang='lat' dir='ltr'><strong>virum</strong></span> <span class='ocrx_word' id='word_1_134' title='bbox 1636 1957 1730 2014; x_wconf 89' lang='lat' dir='ltr'><strong>Dei</strong></span> 
     </span>
    </p>
   </div>
   <div class='ocr_carea' id='block_1_21' title="bbox 163 2038 1732 2117">
    <p class='ocr_par' dir='ltr' id='par_1_21' title="bbox 163 2038 1732 2117">
     <span class='ocr_line' id='line_1_21' title="bbox 163 2038 1732 2117; baseline -0.001 -11"><span class='ocrx_word' id='word_1_135' title='bbox 163 2066 485 2106; x_wconf 74' lang='lat' dir='ltr'><strong>revocavere</strong></span> <span class='ocrx_word' id='word_1_136' title='bbox 502 2048 830 2113; x_wconf 84' lang='lat' dir='ltr'><strong>Molismum,</strong></span> <span class='ocrx_word' id='word_1_137' title='bbox 854 2048 944 2103; x_wconf 92' lang='lat' dir='ltr'><strong>ubi</strong></span> <span class='ocrx_word' id='word_1_138' title='bbox 962 2048 1187 2117; x_wconf 89' lang='lat' dir='ltr'><strong>jejuniis</strong></span> <span class='ocrx_word' id='word_1_139' title='bbox 1210 2057 1264 2103; x_wconf 91' lang='lat' dir='ltr'><strong>et</strong></span> <span class='ocrx_word' id='word_1_140' title='bbox 1285 2038 1624 2104; x_wconf 86' lang='lat' dir='ltr'><strong>orationibus</strong></span> <span class='ocrx_word' id='word_1_141' title='bbox 1647 2051 1732 2104; x_wconf 92' lang='lat' dir='ltr'><strong>in-</strong></span> 
     </span>
    </p>
   </div>
   <div class='ocr_carea' id='block_1_22' title="bbox 160 2140 1732 2204">
    <p class='ocr_par' dir='ltr' id='par_1_22' title="bbox 160 2140 1732 2204">
     <span class='ocr_line' id='line_1_22' title="bbox 160 2140 1732 2204; baseline -0.001 -7"><span class='ocrx_word' id='word_1_142' title='bbox 160 2151 437 2197; x_wconf 87' lang='lat' dir='ltr'><strong>cessanter</strong></span> <span class='ocrx_word' id='word_1_143' title='bbox 501 2140 761 2204; x_wconf 88' lang='lat' dir='ltr'><strong>intentus,</strong></span> <span class='ocrx_word' id='word_1_144' title='bbox 820 2140 1165 2195; x_wconf 71' lang='lat' dir='ltr'><strong>aemulatione</strong></span> <span class='ocrx_word' id='word_1_145' title='bbox 1222 2141 1316 2194; x_wconf 87' lang='lat' dir='ltr'><strong>Dei</strong></span> <span class='ocrx_word' id='word_1_146' title='bbox 1375 2142 1732 2197; x_wconf 66' lang='lat' dir='ltr'><strong>aemulabatur</strong></span> 
     </span>
    </p>
   </div>
   <div class='ocr_carea' id='block_1_23' title="bbox 158 2232 1731 2303">
    <p class='ocr_par' dir='ltr' id='par_1_23' title="bbox 158 2232 1731 2303">
     <span class='ocr_line' id='line_1_23' title="bbox 158 2232 1731 2303; baseline -0.001 -15"><span class='ocrx_word' id='word_1_147' title='bbox 158 2233 432 2303; x_wconf 83' lang='lat' dir='ltr'><strong>subjectos</strong></span> <span class='ocrx_word' id='word_1_148' title='bbox 465 2232 592 2296; x_wconf 91' lang='lat' dir='ltr'><strong>sibi,</strong></span> <span class='ocrx_word' id='word_1_149' title='bbox 630 2241 690 2286; x_wconf 89' lang='lat' dir='ltr'><strong>ut</strong></span> <span class='ocrx_word' id='word_1_150' title='bbox 734 2232 788 2285; x_wconf 91' lang='lat' dir='ltr'><strong>in</strong></span> <span class='ocrx_word' id='word_1_151' title='bbox 818 2232 966 2287; x_wconf 89' lang='lat' dir='ltr'><strong>brevi</strong></span> <span class='ocrx_word' id='word_1_152' title='bbox 1003 2232 1402 2287; x_wconf 84' lang='lat' dir='ltr'><strong>observantiam</strong></span> <span class='ocrx_word' id='word_1_153' title='bbox 1444 2234 1525 2288; x_wconf 90' lang='lat' dir='ltr'><strong>eis</strong></span> <span class='ocrx_word' id='word_1_154' title='bbox 1566 2233 1731 2289; x_wconf 85' lang='lat' dir='ltr'><strong>disci—</strong></span> 
     </span>
    </p>
   </div>
   <div class='ocr_carea' id='block_1_24' title="bbox 156 2320 1730 2392">
    <p class='ocr_par' dir='ltr' id='par_1_24' title="bbox 156 2320 1730 2392">
     <span class='ocr_line' id='line_1_24' title="bbox 156 2320 1730 2392; baseline 0.001 -16"><span class='ocrx_word' id='word_1_155' title='bbox 156 2322 313 2392; x_wconf 65' lang='lat' dir='ltr'><strong>plinae</strong></span> <span class='ocrx_word' id='word_1_156' title='bbox 340 2322 661 2376; x_wconf 62' lang='lat' dir='ltr'><strong>monasticae</strong></span> <span class='ocrx_word' id='word_1_157' title='bbox 692 2322 1033 2376; x_wconf 86' lang='lat' dir='ltr'><strong>reformaret.</strong></span> <span class='ocrx_word' id='word_1_158' title='bbox 1074 2320 1242 2375; x_wconf 81' lang='lat' dir='ltr'><strong>Erant</strong></span> <span class='ocrx_word' id='word_1_159' title='bbox 1282 2331 1462 2376; x_wconf 91' lang='lat' dir='ltr'><strong>autem</strong></span> <span class='ocrx_word' id='word_1_160' title='bbox 1497 2320 1639 2377; x_wconf 84' lang='lat' dir='ltr'><strong>inter</strong></span> <span class='ocrx_word' id='word_1_161' title='bbox 1662 2322 1730 2377; x_wconf 88' lang='lat' dir='ltr'><strong>il-</strong></span> 
     </span>
    </p>
   </div>
   <div class='ocr_carea' id='block_1_25' title="bbox 156 2411 1729 2483">
    <p class='ocr_par' dir='ltr' id='par_1_25' title="bbox 156 2411 1729 2483">
     <span class='ocr_line' id='line_1_25' title="bbox 156 2411 1729 2483; baseline 0.001 -17"><span class='ocrx_word' id='word_1_162' title='bbox 156 2414 236 2467; x_wconf 89' lang='lat' dir='ltr'><strong>los</strong></span> <span class='ocrx_word' id='word_1_163' title='bbox 260 2424 497 2482; x_wconf 79' lang='lat' dir='ltr'><strong>quatuor</strong></span> <span class='ocrx_word' id='word_1_164' title='bbox 534 2412 640 2467; x_wconf 87' lang='lat' dir='ltr'><strong>viri</strong></span> <span class='ocrx_word' id='word_1_165' title='bbox 669 2413 862 2483; x_wconf 89' lang='lat' dir='ltr'><strong>spiritu</strong></span> <span class='ocrx_word' id='word_1_166' title='bbox 897 2411 1170 2477; x_wconf 82' lang='lat' dir='ltr'><strong>fortiores,</strong></span> <span class='ocrx_word' id='word_1_167' title='bbox 1213 2413 1419 2467; x_wconf 84' lang='lat' dir='ltr'><strong>scilicet</strong></span> <span class='ocrx_word' id='word_1_168' title='bbox 1443 2412 1729 2469; x_wconf 82' lang='lat' dir='ltr'><strong>Albericus</strong></span> 
     </span>
    </p>
   </div>
   <div class='ocr_carea' id='block_1_26' title="bbox 158 2501 1732 2572">
    <p class='ocr_par' dir='ltr' id='par_1_26' title="bbox 158 2501 1732 2572">
     <span class='ocr_line' id='line_1_26' title="bbox 158 2501 1732 2572; baseline 0.003 -19"><span class='ocrx_word' id='word_1_169' title='bbox 158 2503 266 2571; x_wconf 81' lang='grc'>(15)</span> <span class='ocrx_word' id='word_1_170' title='bbox 286 2511 340 2556; x_wconf 90' lang='lat' dir='ltr'><strong>et</strong></span> <span class='ocrx_word' id='word_1_171' title='bbox 376 2501 695 2572; x_wconf 82' lang='lat' dir='ltr'><strong>Stephanus</strong></span> <span class='ocrx_word' id='word_1_172' title='bbox 729 2511 783 2557; x_wconf 90' lang='lat' dir='ltr'><strong>et</strong></span> <span class='ocrx_word' id='word_1_173' title='bbox 832 2501 922 2556; x_wconf 84' lang='lat' dir='ltr'><strong>alii</strong></span> <span class='ocrx_word' id='word_1_174' title='bbox 960 2502 1222 2570; x_wconf 38' lang='lat' dir='ltr'><strong>duorqui</strong></span> <span class='ocrx_word' id='word_1_175' title='bbox 1265 2510 1386 2571; x_wconf 89' lang='lat' dir='ltr'><strong>post</strong></span> <span class='ocrx_word' id='word_1_176' title='bbox 1422 2503 1732 2558; x_wconf 87' lang='lat' dir='ltr'><strong>claustralis</strong></span> 
     </span>
    </p>
   </div>
   <div class='ocr_carea' id='block_1_27' title="bbox 154 2592 1730 2663">
    <p class='ocr_par' dir='ltr' id='par_1_27' title="bbox 154 2592 1730 2663">
     <span class='ocr_line' id='line_1_27' title="bbox 154 2592 1730 2663; baseline 0 -18"><span class='ocrx_word' id='word_1_177' title='bbox 154 2592 392 2648; x_wconf 79' lang='lat' dir='ltr'><strong>exercitii</strong></span> <span class='ocrx_word' id='word_1_178' title='bbox 436 2593 752 2648; x_wconf 85' lang='lat' dir='ltr'><strong>rudimenta</strong></span> <span class='ocrx_word' id='word_1_179' title='bbox 806 2594 870 2647; x_wconf 90' lang='lat' dir='ltr'><strong>ad</strong></span> <span class='ocrx_word' id='word_1_180' title='bbox 918 2592 1193 2663; x_wconf 89' lang='lat' dir='ltr'><strong>singulare</strong></span> <span class='ocrx_word' id='word_1_181' title='bbox 1240 2601 1513 2647; x_wconf 83' lang='lat' dir='ltr'><strong>certamen</strong></span> <span class='ocrx_word' id='word_1_182' title='bbox 1562 2593 1730 2647; x_wconf 91' lang='lat' dir='ltr'><strong>eremi</strong></span> 
     </span>
    </p>
   </div>
   <div class='ocr_carea' id='block_1_28' title="bbox 153 2683 1730 2755">
    <p class='ocr_par' dir='ltr' id='par_1_28' title="bbox 153 2683 1730 2755">
     <span class='ocr_line' id='line_1_28' title="bbox 153 2683 1730 2755; baseline 0.001 -19"><span class='ocrx_word' id='word_1_183' title='bbox 153 2683 515 2752; x_wconf 88' lang='lat' dir='ltr'><strong>suspirabant.</strong></span> <span class='ocrx_word' id='word_1_184' title='bbox 570 2683 785 2755; x_wconf 80' lang='lat' dir='ltr'><strong>Egressi</strong></span> <span class='ocrx_word' id='word_1_185' title='bbox 839 2683 1003 2753; x_wconf 85' lang='lat' dir='ltr'><strong>igitur</strong></span> <span class='ocrx_word' id='word_1_186' title='bbox 1053 2684 1119 2737; x_wconf 86' lang='lat' dir='ltr'><strong>de</strong></span> <span class='ocrx_word' id='word_1_187' title='bbox 1166 2684 1497 2738; x_wconf 83' lang='lat' dir='ltr'><strong>monasterio</strong></span> <span class='ocrx_word' id='word_1_188' title='bbox 1543 2683 1730 2738; x_wconf 81' lang='lat' dir='ltr'><strong>Molis-</strong></span> 
     </span>
    </p>
   </div>
   <div class='ocr_carea' id='block_1_29' title="bbox 155 2773 1729 2845">
    <p class='ocr_par' dir='ltr' id='par_1_29' title="bbox 155 2773 1729 2845">
     <span class='ocr_line' id='line_1_29' title="bbox 155 2773 1729 2845; baseline 0.002 -17"><span class='ocrx_word' id='word_1_189' title='bbox 155 2775 344 2841; x_wconf 87' lang='lat' dir='ltr'><strong>mensi,</strong></span> <span class='ocrx_word' id='word_1_190' title='bbox 377 2784 655 2830; x_wconf 87' lang='lat' dir='ltr'><strong>venerunt</strong></span> <span class='ocrx_word' id='word_1_191' title='bbox 680 2776 747 2829; x_wconf 93' lang='lat' dir='ltr'><strong>ad</strong></span> <span class='ocrx_word' id='word_1_192' title='bbox 778 2776 982 2838; x_wconf 90' lang='lat' dir='ltr'><strong>locum,</strong></span> <span class='ocrx_word' id='word_1_193' title='bbox 1018 2776 1107 2829; x_wconf 91' lang='lat' dir='ltr'><strong>cui</strong></span> <span class='ocrx_word' id='word_1_194' title='bbox 1136 2773 1361 2830; x_wconf 78' lang='lat' dir='ltr'><strong>Vinicus</strong></span> <span class='ocrx_word' id='word_1_195' title='bbox 1389 2776 1501 2845; x_wconf 77' lang='lat' dir='ltr'><strong>(Ui)</strong></span> <span class='ocrx_word' id='word_1_196' title='bbox 1533 2791 1729 2831; x_wconf 86' lang='lat' dir='ltr'><strong>nomen</strong></span> 
     </span>
    </p>
   </div>
   <div class='ocr_carea' id='block_1_30' title="bbox 151 2867 1728 2937">
    <p class='ocr_par' dir='ltr' id='par_1_30' title="bbox 151 2867 1728 2937">
     <span class='ocr_line' id='line_1_30' title="bbox 151 2867 1728 2937; baseline 0.003 -17"><span class='ocrx_word' id='word_1_197' title='bbox 151 2878 264 2932; x_wconf 86' lang='lat' dir='ltr'><strong>est;</strong></span> <span class='ocrx_word' id='word_1_198' title='bbox 306 2883 467 2936; x_wconf 90' lang='lat' dir='ltr'><strong>quem</strong></span> <span class='ocrx_word' id='word_1_199' title='bbox 509 2883 643 2922; x_wconf 90' lang='lat' dir='ltr'><strong>cum</strong></span> <span class='ocrx_word' id='word_1_200' title='bbox 677 2867 956 2937; x_wconf 89' lang='lat' dir='ltr'><strong>aliquanto</strong></span> <span class='ocrx_word' id='word_1_201' title='bbox 985 2875 1226 2936; x_wconf 90' lang='lat' dir='ltr'><strong>tempore</strong></span> <span class='ocrx_word' id='word_1_202' title='bbox 1257 2867 1632 2934; x_wconf 90' lang='lat' dir='ltr'><strong>incoluissent,</strong></span> <span class='ocrx_word' id='word_1_203' title='bbox 1662 2870 1728 2924; x_wconf 87' lang='lat' dir='ltr'><strong>ad</strong></span> 
     </span>
    </p>
   </div>
   <div class='ocr_carea' id='block_1_31' title="bbox 152 2957 1731 3018">
    <p class='ocr_par' dir='ltr' id='par_1_31' title="bbox 152 2957 1731 3018">
     <span class='ocr_line' id='line_1_31' title="bbox 152 2957 1731 3018; baseline 0.003 -7"><span class='ocrx_word' id='word_1_204' title='bbox 152 2958 466 3013; x_wconf 74' lang='lat' dir='ltr'><strong>instantiam</strong></span> <span class='ocrx_word' id='word_1_205' title='bbox 502 2957 943 3012; x_wconf 83' lang='lat' dir='ltr'><strong>Molismensium</strong></span> <span class='ocrx_word' id='word_1_206' title='bbox 991 2974 1020 3011; x_wconf 89' lang='lat' dir='ltr'><strong>a</strong></span> <span class='ocrx_word' id='word_1_207' title='bbox 1075 2958 1195 3012; x_wconf 90' lang='lat' dir='ltr'><strong>viro</strong></span> <span class='ocrx_word' id='word_1_208' title='bbox 1231 2960 1525 3014; x_wconf 84' lang='lat' dir='ltr'><strong>venerabili</strong></span> <span class='ocrx_word' id='word_1_209' title='bbox 1572 2959 1731 3018; x_wconf 76' lang='grc'>,1000-</span> 
     </span>
    </p>
   </div>
   <div class='ocr_carea' id='block_1_32' title="bbox 151 3048 1732 3120">
    <p class='ocr_par' dir='ltr' id='par_1_32' title="bbox 151 3048 1732 3120">
     <span class='ocr_line' id='line_1_32' title="bbox 151 3048 1732 3120; baseline 0.003 -18"><span class='ocrx_word' id='word_1_210' title='bbox 151 3065 340 3103; x_wconf 87' lang='lat' dir='ltr'><strong>ramno</strong></span> <span class='ocrx_word' id='word_1_211' title='bbox 378 3049 491 3120; x_wconf 76' lang='grc'>(15)</span> <span class='ocrx_word' id='word_1_212' title='bbox 546 3048 880 3119; x_wconf 88' lang='lat' dir='ltr'><strong>Lingoncnsi</strong></span> <span class='ocrx_word' id='word_1_213' title='bbox 920 3048 1198 3118; x_wconf 86' lang='lat' dir='ltr'><strong>episeopo,</strong></span> <span class='ocrx_word' id='word_1_214' title='bbox 1249 3049 1351 3104; x_wconf 87' lang='lat' dir='ltr'><strong>nisi</strong></span> <span class='ocrx_word' id='word_1_215' title='bbox 1392 3060 1732 3106; x_wconf 86' lang='lat' dir='ltr'><strong>reverteren-</strong></span> 
     </span>
    </p>
   </div>
   <div class='ocr_carea' id='block_1_33' title="bbox 1832 588 3414 648">
    <p class='ocr_par' dir='ltr' id='par_1_33' title="bbox 1832 588 3414 648">
     <span class='ocr_line' id='line_1_33' title="bbox 1832 588 3414 648; baseline -0.003 -2"><span class='ocrx_word' id='word_1_216' title='bbox 1832 594 1985 647; x_wconf 82' lang='lat' dir='ltr'><strong>mino</strong></span> <span class='ocrx_word' id='word_1_217' title='bbox 2028 593 2345 648; x_wconf 80' lang='lat' dir='ltr'><strong>servientes.</strong></span> <span class='ocrx_word' id='word_1_218' title='bbox 2380 591 2621 647; x_wconf 83' lang='lat' dir='ltr'><strong>Audiens</strong></span> <span class='ocrx_word' id='word_1_219' title='bbox 2656 600 2839 646; x_wconf 90' lang='lat' dir='ltr'><strong>autem</strong></span> <span class='ocrx_word' id='word_1_220' title='bbox 2872 590 2932 644; x_wconf 86' lang='grc' dir='ltr'><strong>Β.</strong></span> <span class='ocrx_word' id='word_1_221' title='bbox 2970 588 3240 643; x_wconf 80' lang='lat' dir='ltr'><strong>Robertus</strong></span> <span class='ocrx_word' id='word_1_222' title='bbox 3285 603 3414 642; x_wconf 89' lang='lat' dir='ltr'><strong>san-</strong></span> 
     </span>
    </p>
   </div>
   <div class='ocr_carea' id='block_1_34' title="bbox 1832 683 3411 751">
    <p class='ocr_par' dir='ltr' id='par_1_34' title="bbox 1832 683 3411 751">
     <span class='ocr_line' id='line_1_34' title="bbox 1832 683 3411 751; baseline 0 -16"><span class='ocrx_word' id='word_1_223' title='bbox 1832 693 1977 737; x_wconf 89' lang='lat' dir='ltr'><strong>etam</strong></span> <span class='ocrx_word' id='word_1_224' title='bbox 2031 684 2275 751; x_wconf 86' lang='lat' dir='ltr'><strong>ipsorum</strong></span> <span class='ocrx_word' id='word_1_225' title='bbox 2323 683 2819 747; x_wconf 88' lang='lat' dir='ltr'><strong>conversationem,</strong></span> <span class='ocrx_word' id='word_1_226' title='bbox 2871 689 3171 750; x_wconf 79' lang='lat' dir='ltr'><strong>assumptis</strong></span> <span class='ocrx_word' id='word_1_227' title='bbox 3220 692 3411 735; x_wconf 88' lang='lat' dir='ltr'><strong>secum</strong></span> 
     </span>
    </p>
   </div>
   <div class='ocr_carea' id='block_1_35' title="bbox 1834 772 3411 845">
    <p class='ocr_par' dir='ltr' id='par_1_35' title="bbox 1834 772 3411 845">
     <span class='ocr_line' id='line_1_35' title="bbox 1834 772 3411 845; baseline -0.003 -18"><span class='ocrx_word' id='word_1_228' title='bbox 1834 774 2024 845; x_wconf 86' lang='lat' dir='ltr'><strong>viginti</strong></span> <span class='ocrx_word' id='word_1_229' title='bbox 2052 783 2108 828; x_wconf 85' lang='lat' dir='ltr'><strong>et</strong></span> <span class='ocrx_word' id='word_1_230' title='bbox 2130 775 2346 828; x_wconf 87' lang='lat' dir='ltr'><strong>duobus</strong></span> <span class='ocrx_word' id='word_1_231' title='bbox 2371 772 2651 836; x_wconf 76' lang='lat' dir='ltr'><strong>fratribus,</strong></span> <span class='ocrx_word' id='word_1_232' title='bbox 2683 773 2923 843; x_wconf 76' lang='lat' dir='ltr'><strong>perrexit</strong></span> <span class='ocrx_word' id='word_1_233' title='bbox 2951 772 3016 826; x_wconf 87' lang='lat' dir='ltr'><strong>ad</strong></span> <span class='ocrx_word' id='word_1_234' title='bbox 3041 788 3155 833; x_wconf 86' lang='lat' dir='ltr'><strong>eos,</strong></span> <span class='ocrx_word' id='word_1_235' title='bbox 3190 781 3250 826; x_wconf 90' lang='lat' dir='ltr'><strong>ut</strong></span> <span class='ocrx_word' id='word_1_236' title='bbox 3279 785 3411 826; x_wconf 81' lang='lat' dir='ltr'><strong>san-</strong></span> 
     </span>
    </p>
   </div>
   <div class='ocr_carea' id='block_1_36' title="bbox 1832 864 3404 935">
    <p class='ocr_par' dir='ltr' id='par_1_36' title="bbox 1832 864 3404 935">
     <span class='ocr_line' id='line_1_36' title="bbox 1832 864 3404 935; baseline -0.002 -16"><span class='ocrx_word' id='word_1_237' title='bbox 1832 866 1904 919; x_wconf 88' lang='lat' dir='ltr'><strong>cti</strong></span> <span class='ocrx_word' id='word_1_238' title='bbox 1943 881 2134 921; x_wconf 91' lang='lat' dir='ltr'><strong>eorum</strong></span> <span class='ocrx_word' id='word_1_239' title='bbox 2174 864 2436 935; x_wconf 82' lang='lat' dir='ltr'><strong>propositi</strong></span> <span class='ocrx_word' id='word_1_240' title='bbox 2482 877 2627 919; x_wconf 89' lang='lat' dir='ltr'><strong>esset</strong></span> <span class='ocrx_word' id='word_1_241' title='bbox 2676 865 2949 934; x_wconf 86' lang='lat' dir='ltr'><strong>particeps</strong></span> <span class='ocrx_word' id='word_1_242' title='bbox 2988 873 3042 919; x_wconf 92' lang='lat' dir='ltr'><strong>et</strong></span> <span class='ocrx_word' id='word_1_243' title='bbox 3082 865 3299 932; x_wconf 89' lang='lat' dir='ltr'><strong>adjutor</strong></span> <span class='ocrx_word' id='word_1_244' title='bbox 3332 882 3344 917; x_wconf 93' lang='lat'>:</span> <span class='ocrx_word' id='word_1_245' title='bbox 3376 878 3404 916; x_wconf 86' lang='lat' dir='ltr'><strong>a</strong></span> 
     </span>
    </p>
   </div>
   <div class='ocr_carea' id='block_1_37' title="bbox 1832 955 3401 1027">
    <p class='ocr_par' dir='ltr' id='par_1_37' title="bbox 1832 955 3401 1027">
     <span class='ocr_line' id='line_1_37' title="bbox 1832 955 3401 1027; baseline 0 -18"><span class='ocrx_word' id='word_1_246' title='bbox 1832 956 2032 1024; x_wconf 84' lang='lat' dir='ltr'><strong>quibus</strong></span> <span class='ocrx_word' id='word_1_247' title='bbox 2077 971 2293 1011; x_wconf 90' lang='lat' dir='ltr'><strong>summa</strong></span> <span class='ocrx_word' id='word_1_248' title='bbox 2333 970 2456 1011; x_wconf 92' lang='lat' dir='ltr'><strong>cum</strong></span> <span class='ocrx_word' id='word_1_249' title='bbox 2508 955 2802 1010; x_wconf 89' lang='lat' dir='ltr'><strong>devotione</strong></span> <span class='ocrx_word' id='word_1_250' title='bbox 2851 966 3161 1027; x_wconf 81' lang='lat' dir='ltr'><strong>susceptus,</strong></span> <span class='ocrx_word' id='word_1_251' title='bbox 3198 958 3401 1011; x_wconf 83' lang='lat' dir='ltr'><strong>eisdem</strong></span> 
     </span>
    </p>
   </div>
   <div class='ocr_carea' id='block_1_38' title="bbox 1832 1047 3408 1119">
    <p class='ocr_par' dir='ltr' id='par_1_38' title="bbox 1832 1047 3408 1119">
     <span class='ocr_line' id='line_1_38' title="bbox 1832 1047 3408 1119; baseline -0.001 -18"><span class='ocrx_word' id='word_1_252' title='bbox 1832 1048 2145 1116; x_wconf 69' lang='lat' dir='ltr'><strong>aliquandiu:</strong></span> <span class='ocrx_word' id='word_1_253' title='bbox 2180 1055 2404 1117; x_wconf 90' lang='lat' dir='ltr'><strong>paterna</strong></span> <span class='ocrx_word' id='word_1_254' title='bbox 2436 1047 2801 1102; x_wconf 86' lang='lat' dir='ltr'><strong>sollicitudine</strong></span> <span class='ocrx_word' id='word_1_255' title='bbox 2826 1049 3062 1118; x_wconf 62' lang='lat' dir='ltr'><strong>praefuit,</strong></span> <span class='ocrx_word' id='word_1_256' title='bbox 3086 1049 3408 1119; x_wconf 83' lang='lat' dir='ltr'><strong>regulariter</strong></span> 
     </span>
    </p>
   </div>
   <div class='ocr_carea' id='block_1_39' title="bbox 1833 1138 3404 1207">
    <p class='ocr_par' dir='ltr' id='par_1_39' title="bbox 1833 1138 3404 1207">
     <span class='ocr_line' id='line_1_39' title="bbox 1833 1138 3404 1207; baseline 0 -16"><span class='ocrx_word' id='word_1_257' title='bbox 1833 1138 2075 1207; x_wconf 91' lang='lat' dir='ltr'><strong>ipsorum</strong></span> <span class='ocrx_word' id='word_1_258' title='bbox 2103 1139 2267 1192; x_wconf 87' lang='lat' dir='ltr'><strong>vitam</strong></span> <span class='ocrx_word' id='word_1_259' title='bbox 2299 1148 2353 1192; x_wconf 88' lang='lat' dir='ltr'><strong>et</strong></span> <span class='ocrx_word' id='word_1_260' title='bbox 2395 1153 2575 1192; x_wconf 90' lang='lat' dir='ltr'><strong>mores</strong></span> <span class='ocrx_word' id='word_1_261' title='bbox 2612 1138 2925 1204; x_wconf 85' lang='lat' dir='ltr'><strong>instituens,</strong></span> <span class='ocrx_word' id='word_1_262' title='bbox 2957 1147 3010 1193; x_wconf 92' lang='lat' dir='ltr'><strong>ct</strong></span> <span class='ocrx_word' id='word_1_263' title='bbox 3051 1138 3404 1207; x_wconf 84' lang='lat' dir='ltr'><strong>semetipsum</strong></span> 
     </span>
    </p>
   </div>
   <div class='ocr_carea' id='block_1_40' title="bbox 1832 1227 3411 1297">
    <p class='ocr_par' dir='ltr' id='par_1_40' title="bbox 1832 1227 3411 1297">
     <span class='ocr_line' id='line_1_40' title="bbox 1832 1227 3411 1297; baseline -0.002 -16"><span class='ocrx_word' id='word_1_264' title='bbox 1832 1228 2112 1297; x_wconf 86' lang='lat' dir='ltr'><strong>religionis</strong></span> <span class='ocrx_word' id='word_1_265' title='bbox 2158 1236 2213 1282; x_wconf 91' lang='lat' dir='ltr'><strong>et</strong></span> <span class='ocrx_word' id='word_1_266' title='bbox 2246 1227 2548 1283; x_wconf 84' lang='lat' dir='ltr'><strong>honestatis</strong></span> <span class='ocrx_word' id='word_1_267' title='bbox 2582 1227 2814 1281; x_wconf 86' lang='lat' dir='ltr'><strong>formam</strong></span> <span class='ocrx_word' id='word_1_268' title='bbox 2843 1229 3105 1282; x_wconf 75' lang='lat' dir='ltr'><strong>exhibens</strong></span> <span class='ocrx_word' id='word_1_269' title='bbox 3134 1236 3189 1281; x_wconf 89' lang='lat' dir='ltr'><strong>et</strong></span> <span class='ocrx_word' id='word_1_270' title='bbox 3226 1242 3411 1281; x_wconf 80' lang='lat' dir='ltr'><strong>exem-</strong></span> 
     </span>
    </p>
   </div>
   <div class='ocr_carea' id='block_1_41' title="bbox 1831 1319 2003 1388">
    <p class='ocr_par' dir='ltr' id='par_1_41' title="bbox 1831 1319 2003 1388">
     <span class='ocr_line' id='line_1_41' title="bbox 1831 1319 2003 1388; baseline 0 -17"><span class='ocrx_word' id='word_1_271' title='bbox 1831 1319 2003 1388; x_wconf 91' lang='lat' dir='ltr'><strong>plum.</strong></span> 
     </span>
    </p>
   </div>
   <div class='ocr_carea' id='block_1_42' title="bbox 1903 1408 3410 1480">
    <p class='ocr_par' dir='ltr' id='par_1_42' title="bbox 1903 1408 3410 1480">
     <span class='ocr_line' id='line_1_42' title="bbox 1903 1408 3410 1480; baseline -0.001 -16"><span class='ocrx_word' id='word_1_272' title='bbox 1903 1411 1989 1464; x_wconf 91' lang='grc'>12.</span> <span class='ocrx_word' id='word_1_273' title='bbox 2025 1410 2404 1466; x_wconf 82' lang='lat' dir='ltr'><strong>Molismenses</strong></span> <span class='ocrx_word' id='word_1_274' title='bbox 2428 1419 2631 1476; x_wconf 90' lang='lat' dir='ltr'><strong>autem,</strong></span> <span class='ocrx_word' id='word_1_275' title='bbox 2655 1425 2797 1480; x_wconf 63' lang='lat' dir='ltr'><strong>{egre</strong></span> <span class='ocrx_word' id='word_1_276' title='bbox 2828 1408 3062 1463; x_wconf 85' lang='lat' dir='ltr'><strong>ferentes</strong></span> <span class='ocrx_word' id='word_1_277' title='bbox 3092 1425 3151 1464; x_wconf 91' lang='lat' dir='ltr'><strong>se</strong></span> <span class='ocrx_word' id='word_1_278' title='bbox 3193 1425 3222 1463; x_wconf 90' lang='lat' dir='ltr'><strong>a</strong></span> <span class='ocrx_word' id='word_1_279' title='bbox 3258 1417 3410 1463; x_wconf 89' lang='lat' dir='ltr'><strong>tanto</strong></span> 
     </span>
    </p>
   </div>
   <div class='ocr_carea' id='block_1_43' title="bbox 1830 1499 3408 1570">
    <p class='ocr_par' dir='ltr' id='par_1_43' title="bbox 1830 1499 3408 1570">
     <span class='ocr_line' id='line_1_43' title="bbox 1830 1499 3408 1570; baseline 0.003 -19"><span class='ocrx_word' id='word_1_280' title='bbox 1830 1509 2048 1569; x_wconf 87' lang='lat' dir='ltr'><strong>pastore</strong></span> <span class='ocrx_word' id='word_1_281' title='bbox 2072 1500 2316 1565; x_wconf 88' lang='lat' dir='ltr'><strong>destitui,</strong></span> <span class='ocrx_word' id='word_1_282' title='bbox 2348 1512 2624 1554; x_wconf 91' lang='lat' dir='ltr'><strong>summum</strong></span> <span class='ocrx_word' id='word_1_283' title='bbox 2657 1499 2967 1570; x_wconf 81' lang='lat' dir='ltr'><strong>pontificem</strong></span> <span class='ocrx_word' id='word_1_284' title='bbox 2996 1500 3109 1570; x_wconf 85' lang='lat' dir='ltr'><strong>(l7)</strong></span> <span class='ocrx_word' id='word_1_285' title='bbox 3134 1500 3408 1565; x_wconf 85' lang='lat' dir='ltr'><strong>adierunt,</strong></span> 
     </span>
    </p>
   </div>
   <div class='ocr_carea' id='block_1_44' title="bbox 1832 1588 3413 1646">
    <p class='ocr_par' dir='ltr' id='par_1_44' title="bbox 1832 1588 3413 1646">
     <span class='ocr_line' id='line_1_44' title="bbox 1832 1588 3413 1646; baseline 0.001 -3"><span class='ocrx_word' id='word_1_286' title='bbox 1832 1598 1891 1644; x_wconf 92' lang='lat' dir='ltr'><strong>ut</strong></span> <span class='ocrx_word' id='word_1_287' title='bbox 1914 1591 1993 1644; x_wconf 87' lang='lat' dir='ltr'><strong>vir</strong></span> <span class='ocrx_word' id='word_1_288' title='bbox 2026 1589 2243 1643; x_wconf 90' lang='lat' dir='ltr'><strong>Domini</strong></span> <span class='ocrx_word' id='word_1_289' title='bbox 2267 1588 2327 1643; x_wconf 85' lang='grc' dir='ltr'><strong>Β.</strong></span> <span class='ocrx_word' id='word_1_290' title='bbox 2362 1588 2635 1645; x_wconf 86' lang='lat' dir='ltr'><strong>Robertus</strong></span> <span class='ocrx_word' id='word_1_291' title='bbox 2663 1591 2729 1644; x_wconf 90' lang='lat' dir='ltr'><strong>ad</strong></span> <span class='ocrx_word' id='word_1_292' title='bbox 2764 1589 3065 1644; x_wconf 88' lang='lat' dir='ltr'><strong>Eeclesiam</strong></span> <span class='ocrx_word' id='word_1_293' title='bbox 3100 1589 3413 1646; x_wconf 79' lang='lat' dir='ltr'><strong>Molismen-</strong></span> 
     </span>
    </p>
   </div>
   <div class='ocr_carea' id='block_1_45' title="bbox 1831 1681 3406 1754">
    <p class='ocr_par' dir='ltr' id='par_1_45' title="bbox 1831 1681 3406 1754">
     <span class='ocr_line' id='line_1_45' title="bbox 1831 1681 3406 1754; baseline 0.003 -18"><span class='ocrx_word' id='word_1_294' title='bbox 1831 1697 1967 1747; x_wconf 83' lang='lat' dir='ltr'><strong>sem,</strong></span> <span class='ocrx_word' id='word_1_295' title='bbox 2022 1698 2187 1753; x_wconf 91' lang='lat' dir='ltr'><strong>quam</strong></span> <span class='ocrx_word' id='word_1_296' title='bbox 2238 1683 2392 1753; x_wconf 90' lang='lat' dir='ltr'><strong>prius</strong></span> <span class='ocrx_word' id='word_1_297' title='bbox 2444 1681 2786 1748; x_wconf 89' lang='lat' dir='ltr'><strong>fundaverat,</strong></span> <span class='ocrx_word' id='word_1_298' title='bbox 2840 1684 3051 1754; x_wconf 86' lang='lat' dir='ltr'><strong>regredi</strong></span> <span class='ocrx_word' id='word_1_299' title='bbox 3100 1692 3406 1754; x_wconf 86' lang='lat' dir='ltr'><strong>cogeretur.</strong></span> 
     </span>
    </p>
   </div>
   <div class='ocr_carea' id='block_1_46' title="bbox 1833 1773 3384 1845">
    <p class='ocr_par' dir='ltr' id='par_1_46' title="bbox 1833 1773 3384 1845">
     <span class='ocr_line' id='line_1_46' title="bbox 1833 1773 3384 1845; baseline 0.003 -19"><span class='ocrx_word' id='word_1_300' title='bbox 1833 1773 2095 1829; x_wconf 90' lang='lat' dir='ltr'><strong>Summus</strong></span> <span class='ocrx_word' id='word_1_301' title='bbox 2124 1789 2252 1830; x_wconf 89' lang='lat' dir='ltr'><strong>vero</strong></span> <span class='ocrx_word' id='word_1_302' title='bbox 2282 1774 2525 1845; x_wconf 77' lang='lat' dir='ltr'><strong>pontifex</strong></span> <span class='ocrx_word' id='word_1_303' title='bbox 2560 1775 2789 1830; x_wconf 89' lang='lat' dir='ltr'><strong>audiens</strong></span> <span class='ocrx_word' id='word_1_304' title='bbox 2818 1776 3085 1830; x_wconf 86' lang='lat' dir='ltr'><strong>novellam</strong></span> <span class='ocrx_word' id='word_1_305' title='bbox 3119 1777 3384 1845; x_wconf 88' lang='lat' dir='ltr'><strong>plantatio</strong></span> 
     </span>
    </p>
   </div>
   <div class='ocr_carea' id='block_1_47' title="bbox 1834 1865 3406 1937">
    <p class='ocr_par' dir='ltr' id='par_1_47' title="bbox 1834 1865 3406 1937">
     <span class='ocr_line' id='line_1_47' title="bbox 1834 1865 3406 1937; baseline 0.003 -19"><span class='ocrx_word' id='word_1_306' title='bbox 1834 1881 1955 1919; x_wconf 91' lang='lat' dir='ltr'><strong>nem</strong></span> <span class='ocrx_word' id='word_1_307' title='bbox 1993 1865 2445 1922; x_wconf 80' lang='lat' dir='ltr'><strong>Cistereiensium</strong></span> <span class='ocrx_word' id='word_1_308' title='bbox 2470 1867 2525 1920; x_wconf 92' lang='lat' dir='ltr'><strong>in</strong></span> <span class='ocrx_word' id='word_1_309' title='bbox 2556 1867 2778 1923; x_wconf 87' lang='lat' dir='ltr'><strong>Christo</strong></span> <span class='ocrx_word' id='word_1_310' title='bbox 2823 1868 3049 1922; x_wconf 82' lang='lat' dir='ltr'><strong>firmiter</strong></span> <span class='ocrx_word' id='word_1_311' title='bbox 3082 1869 3406 1937; x_wconf 86' lang='lat' dir='ltr'><strong>radicatam,</strong></span> 
     </span>
    </p>
   </div>
   <div class='ocr_carea' id='block_1_48' title="bbox 1835 1957 3405 2029">
    <p class='ocr_par' dir='ltr' id='par_1_48' title="bbox 1835 1957 3405 2029">
     <span class='ocr_line' id='line_1_48' title="bbox 1835 1957 3405 2029; baseline 0.004 -18"><span class='ocrx_word' id='word_1_312' title='bbox 1835 1957 2054 2027; x_wconf 84' lang='lat' dir='ltr'><strong>gavisus</strong></span> <span class='ocrx_word' id='word_1_313' title='bbox 2084 1967 2167 2012; x_wconf 86' lang='lat' dir='ltr'><strong>est</strong></span> <span class='ocrx_word' id='word_1_314' title='bbox 2196 1958 2374 2022; x_wconf 90' lang='lat' dir='ltr'><strong>valde,</strong></span> <span class='ocrx_word' id='word_1_315' title='bbox 2407 1968 2685 2028; x_wconf 86' lang='lat' dir='ltr'><strong>comperto</strong></span> <span class='ocrx_word' id='word_1_316' title='bbox 2726 1960 2872 2029; x_wconf 92' lang='lat' dir='ltr'><strong>quod</strong></span> <span class='ocrx_word' id='word_1_317' title='bbox 2906 1961 2958 2013; x_wconf 93' lang='lat' dir='ltr'><strong>in</strong></span> <span class='ocrx_word' id='word_1_318' title='bbox 2993 1962 3142 2014; x_wconf 90' lang='lat' dir='ltr'><strong>omni</strong></span> <span class='ocrx_word' id='word_1_319' title='bbox 3189 1977 3405 2017; x_wconf 90' lang='lat' dir='ltr'><strong>morum</strong></span> 
     </span>
    </p>
   </div>
   <div class='ocr_carea' id='block_1_49' title="bbox 1834 2053 3406 2127">
    <p class='ocr_par' dir='ltr' id='par_1_49' title="bbox 1834 2053 3406 2127">
     <span class='ocr_line' id='line_1_49' title="bbox 1834 2053 3406 2127; baseline 0.004 -21"><span class='ocrx_word' id='word_1_320' title='bbox 1834 2053 2121 2108; x_wconf 87' lang='lat' dir='ltr'><strong>honestate</strong></span> <span class='ocrx_word' id='word_1_321' title='bbox 2168 2053 2459 2123; x_wconf 89' lang='lat' dir='ltr'><strong>pollerent,</strong></span> <span class='ocrx_word' id='word_1_322' title='bbox 2498 2063 2551 2108; x_wconf 92' lang='lat' dir='ltr'><strong>et</strong></span> <span class='ocrx_word' id='word_1_323' title='bbox 2593 2054 2737 2124; x_wconf 83' lang='lat' dir='ltr'><strong>quod</strong></span> <span class='ocrx_word' id='word_1_324' title='bbox 2779 2053 2839 2109; x_wconf 83' lang='grc' dir='ltr'><strong>Β.</strong></span> <span class='ocrx_word' id='word_1_325' title='bbox 2893 2053 3116 2109; x_wconf 77' lang='lat' dir='ltr'><strong>Roberti</strong></span> <span class='ocrx_word' id='word_1_326' title='bbox 3160 2055 3406 2127; x_wconf 77' lang='lat' dir='ltr'><strong>exempla</strong></span> 
     </span>
    </p>
   </div>
   <div class='ocr_carea' id='block_1_50' title="bbox 1834 2143 3409 2215">
    <p class='ocr_par' dir='ltr' id='par_1_50' title="bbox 1834 2143 3409 2215">
     <span class='ocr_line' id='line_1_50' title="bbox 1834 2143 3409 2215; baseline 0.001 -17"><span class='ocrx_word' id='word_1_327' title='bbox 1834 2144 2050 2199; x_wconf 80' lang='lat' dir='ltr'><strong>formati</strong></span> <span class='ocrx_word' id='word_1_328' title='bbox 2103 2144 2160 2199; x_wconf 86' lang='lat' dir='ltr'><strong>S.</strong></span> <span class='ocrx_word' id='word_1_329' title='bbox 2206 2143 2485 2200; x_wconf 81' lang='lat' dir='ltr'><strong>Benedicti</strong></span> <span class='ocrx_word' id='word_1_330' title='bbox 2530 2144 2789 2215; x_wconf 77' lang='lat' dir='ltr'><strong>Regulam</strong></span> <span class='ocrx_word' id='word_1_331' title='bbox 2823 2144 3123 2200; x_wconf 87' lang='lat' dir='ltr'><strong>ferventius</strong></span> <span class='ocrx_word' id='word_1_332' title='bbox 3150 2146 3409 2202; x_wconf 88' lang='lat' dir='ltr'><strong>observa-</strong></span> 
     </span>
    </p>
   </div>
   <div class='ocr_carea' id='block_1_51' title="bbox 1834 2233 3412 2305">
    <p class='ocr_par' dir='ltr' id='par_1_51' title="bbox 1834 2233 3412 2305">
     <span class='ocr_line' id='line_1_51' title="bbox 1834 2233 3412 2305; baseline 0.003 -18"><span class='ocrx_word' id='word_1_333' title='bbox 1834 2243 1971 2289; x_wconf 90' lang='lat' dir='ltr'><strong>rent.</strong></span> <span class='ocrx_word' id='word_1_334' title='bbox 2029 2233 2230 2290; x_wconf 61' lang='lat' dir='ltr'><strong>\‘idens</strong></span> <span class='ocrx_word' id='word_1_335' title='bbox 2271 2245 2452 2289; x_wconf 90' lang='lat' dir='ltr'><strong>autem</strong></span> <span class='ocrx_word' id='word_1_336' title='bbox 2494 2236 2638 2305; x_wconf 87' lang='lat' dir='ltr'><strong>quod</strong></span> <span class='ocrx_word' id='word_1_337' title='bbox 2678 2234 3117 2291; x_wconf 76' lang='lat' dir='ltr'><strong>Molismensihus</strong></span> <span class='ocrx_word' id='word_1_338' title='bbox 3156 2236 3412 2291; x_wconf 84' lang='lat' dir='ltr'><strong>immine-</strong></span> 
     </span>
    </p>
   </div>
   <div class='ocr_carea' id='block_1_52' title="bbox 1833 2324 3404 2394">
    <p class='ocr_par' dir='ltr' id='par_1_52' title="bbox 1833 2324 3404 2394">
     <span class='ocr_line' id='line_1_52' title="bbox 1833 2324 3404 2394; baseline 0.002 -17"><span class='ocrx_word' id='word_1_339' title='bbox 1833 2332 1914 2378; x_wconf 89' lang='lat' dir='ltr'><strong>ret</strong></span> <span class='ocrx_word' id='word_1_340' title='bbox 1947 2324 2244 2389; x_wconf 73' lang='lat' dir='ltr'><strong>excidium,</strong></span> <span class='ocrx_word' id='word_1_341' title='bbox 2297 2325 2341 2380; x_wconf 91' lang='lat' dir='ltr'><strong>si</strong></span> <span class='ocrx_word' id='word_1_342' title='bbox 2392 2326 2492 2380; x_wconf 91' lang='lat' dir='ltr'><strong>viri</strong></span> <span class='ocrx_word' id='word_1_343' title='bbox 2525 2324 2615 2378; x_wconf 89' lang='lat' dir='ltr'><strong>Dei</strong></span> <span class='ocrx_word' id='word_1_344' title='bbox 2667 2326 2954 2394; x_wconf 72' lang='lat' dir='ltr'><strong>prazscntia</strong></span> <span class='ocrx_word' id='word_1_345' title='bbox 3002 2326 3404 2391; x_wconf 84' lang='lat' dir='ltr'><strong>fraudarcntur,</strong></span> 
     </span>
    </p>
   </div>
   <div class='ocr_carea' id='block_1_53' title="bbox 1833 2414 3406 2487">
    <p class='ocr_par' dir='ltr' id='par_1_53' title="bbox 1833 2414 3406 2487">
     <span class='ocr_line' id='line_1_53' title="bbox 1833 2414 3406 2487; baseline 0.003 -20"><span class='ocrx_word' id='word_1_346' title='bbox 1833 2414 2051 2483; x_wconf 85' lang='lat' dir='ltr'><strong>scripsit</strong></span> <span class='ocrx_word' id='word_1_347' title='bbox 2092 2417 2349 2486; x_wconf 90' lang='lat' dir='ltr'><strong>episcopo</strong></span> <span class='ocrx_word' id='word_1_348' title='bbox 2400 2417 2512 2484; x_wconf 90' lang='lat' dir='ltr'><strong>(l8)</strong></span> <span class='ocrx_word' id='word_1_349' title='bbox 2557 2416 2902 2473; x_wconf 88' lang='lat' dir='ltr'><strong>Cabilonensi</strong></span> <span class='ocrx_word' id='word_1_350' title='bbox 2954 2428 3245 2487; x_wconf 84' lang='lat' dir='ltr'><strong>quatenus,</strong></span> <span class='ocrx_word' id='word_1_351' title='bbox 3298 2420 3406 2473; x_wconf 90' lang='lat' dir='ltr'><strong>alio</strong></span> 
     </span>
    </p>
   </div>
   <div class='ocr_carea' id='block_1_54' title="bbox 1833 2499 3408 2565">
    <p class='ocr_par' dir='ltr' id='par_1_54' title="bbox 1833 2499 3408 2565">
     <span class='ocr_line' id='line_1_54' title="bbox 1833 2499 3408 2565; baseline 0.002 -13"><span class='ocrx_word' id='word_1_352' title='bbox 1833 2499 2026 2554; x_wconf 87' lang='lat' dir='ltr'><strong>abbate</strong></span> <span class='ocrx_word' id='word_1_353' title='bbox 2072 2499 2528 2556; x_wconf 85' lang='lat' dir='ltr'><strong>Cisterciensibus</strong></span> <span class='ocrx_word' id='word_1_354' title='bbox 2568 2501 2840 2565; x_wconf 90' lang='lat' dir='ltr'><strong>ordinato,</strong></span> <span class='ocrx_word' id='word_1_355' title='bbox 2889 2500 2947 2554; x_wconf 82' lang='grc' dir='ltr'><strong>Β.</strong></span> <span class='ocrx_word' id='word_1_356' title='bbox 2982 2500 3279 2557; x_wconf 80' lang='lat' dir='ltr'><strong>Robertum</strong></span> <span class='ocrx_word' id='word_1_357' title='bbox 3309 2518 3408 2558; x_wconf 76' lang='lat' dir='ltr'><strong>co—</strong></span> 
     </span>
    </p>
   </div>
   <div class='ocr_carea' id='block_1_55' title="bbox 1833 2589 3405 2661">
    <p class='ocr_par' dir='ltr' id='par_1_55' title="bbox 1833 2589 3405 2661">
     <span class='ocr_line' id='line_1_55' title="bbox 1833 2589 3405 2661; baseline 0.001 -17"><span class='ocrx_word' id='word_1_358' title='bbox 1833 2599 1983 2660; x_wconf 83' lang='lat' dir='ltr'><strong>geret</strong></span> <span class='ocrx_word' id='word_1_359' title='bbox 2012 2592 2210 2646; x_wconf 89' lang='lat' dir='ltr'><strong>reverti</strong></span> <span class='ocrx_word' id='word_1_360' title='bbox 2248 2589 2579 2647; x_wconf 76' lang='lat' dir='ltr'><strong>Molismum.</strong></span> <span class='ocrx_word' id='word_1_361' title='bbox 2612 2591 2733 2657; x_wconf 85' lang='lat' dir='ltr'><strong>Quo</strong></span> <span class='ocrx_word' id='word_1_362' title='bbox 2757 2601 3058 2661; x_wconf 91' lang='lat' dir='ltr'><strong>comperto,</strong></span> <span class='ocrx_word' id='word_1_363' title='bbox 3104 2591 3164 2647; x_wconf 80' lang='grc' dir='ltr'><strong>Β.</strong></span> <span class='ocrx_word' id='word_1_364' title='bbox 3196 2592 3405 2647; x_wconf 83' lang='lat' dir='ltr'><strong>Rober-</strong></span> 
     </span>
    </p>
   </div>
   <div class='ocr_carea' id='block_1_56' title="bbox 1835 2683 3406 2753">
    <p class='ocr_par' dir='ltr' id='par_1_56' title="bbox 1835 2683 3406 2753">
     <span class='ocr_line' id='line_1_56' title="bbox 1835 2683 3406 2753; baseline 0.003 -18"><span class='ocrx_word' id='word_1_365' title='bbox 1835 2693 1941 2747; x_wconf 86' lang='lat' dir='ltr'><strong>tus,</strong></span> <span class='ocrx_word' id='word_1_366' title='bbox 1960 2685 2141 2739; x_wconf 91' lang='lat' dir='ltr'><strong>sciens</strong></span> <span class='ocrx_word' id='word_1_367' title='bbox 2167 2684 2292 2753; x_wconf 91' lang='lat' dir='ltr'><strong>quia</strong></span> <span class='ocrx_word' id='word_1_368' title='bbox 2315 2702 2334 2733; x_wconf 76' lang='lat' dir='ltr'><strong>r</strong></span> <span class='ocrx_word' id='word_1_369' title='bbox 2360 2683 2551 2738; x_wconf 91' lang='lat' dir='ltr'><strong>melior</strong></span> <span class='ocrx_word' id='word_1_370' title='bbox 2572 2692 2653 2739; x_wconf 84' lang='lat' dir='ltr'><strong>est</strong></span> <span class='ocrx_word' id='word_1_371' title='bbox 2675 2684 2978 2737; x_wconf 86' lang='lat' dir='ltr'><strong>obedientia</strong></span> <span class='ocrx_word' id='word_1_372' title='bbox 2996 2700 3160 2753; x_wconf 90' lang='lat' dir='ltr'><strong>quam</strong></span> <span class='ocrx_word' id='word_1_373' title='bbox 3186 2685 3406 2739; x_wconf 81' lang='lat' dir='ltr'><strong>victima</strong></span> 
     </span>
    </p>
   </div>
   <div class='ocr_carea' id='block_1_57' title="bbox 1835 2774 3407 2846">
    <p class='ocr_par' dir='ltr' id='par_1_57' title="bbox 1835 2774 3407 2846">
     <span class='ocr_line' id='line_1_57' title="bbox 1835 2774 3407 2846; baseline -0.001 -18"><span class='ocrx_word' id='word_1_374' title='bbox 1835 2775 2030 2846; x_wconf 82' lang='lat' dir='ltr'><strong>(IReg.</strong></span> <span class='ocrx_word' id='word_1_375' title='bbox 2063 2776 2178 2843; x_wconf 78' lang='lat' dir='ltr'><strong>xv),</strong></span> <span class='ocrx_word' id='word_1_376' title='bbox 2221 2795 2239 2826; x_wconf 76' lang='grc' dir='ltr'><strong><em>ι</em></strong></span> <span class='ocrx_word' id='word_1_377' title='bbox 2280 2786 2335 2830; x_wconf 90' lang='lat' dir='ltr'><strong>et</strong></span> <span class='ocrx_word' id='word_1_378' title='bbox 2373 2776 2518 2845; x_wconf 92' lang='lat' dir='ltr'><strong>quod</strong></span> <span class='ocrx_word' id='word_1_379' title='bbox 2564 2794 2582 2825; x_wconf 73' lang='grc' dir='ltr'>ι</span> <span class='ocrx_word' id='word_1_380' title='bbox 2612 2774 2768 2844; x_wconf 91' lang='lat' dir='ltr'><strong>quasi</strong></span> <span class='ocrx_word' id='word_1_381' title='bbox 2809 2774 2989 2829; x_wconf 90' lang='lat' dir='ltr'><strong>scelus</strong></span> <span class='ocrx_word' id='word_1_382' title='bbox 3019 2794 3036 2826; x_wconf 84' lang='grc'><strong>›</strong></span> <span class='ocrx_word' id='word_1_383' title='bbox 3070 2783 3155 2830; x_wconf 91' lang='lat' dir='ltr'><strong>est</strong></span> <span class='ocrx_word' id='word_1_384' title='bbox 3188 2794 3206 2825; x_wconf 70' lang='grc' dir='ltr'><strong>ε</strong></span> <span class='ocrx_word' id='word_1_385' title='bbox 3234 2775 3407 2829; x_wconf 88' lang='lat' dir='ltr'><strong>idolo-</strong></span> 
     </span>
    </p>
   </div>
   <div class='ocr_carea' id='block_1_58' title="bbox 1833 2865 3405 2936">
    <p class='ocr_par' dir='ltr' id='par_1_58' title="bbox 1833 2865 3405 2936">
     <span class='ocr_line' id='line_1_58' title="bbox 1833 2865 3405 2936; baseline -0.001 -16"><span class='ocrx_word' id='word_1_386' title='bbox 1833 2867 2007 2921; x_wconf 65' lang='lat' dir='ltr'><strong>latriae</strong></span> <span class='ocrx_word' id='word_1_387' title='bbox 2035 2866 2175 2921; x_wconf 91' lang='lat' dir='ltr'><strong>nolle</strong></span> <span class='ocrx_word' id='word_1_388' title='bbox 2213 2866 2559 2936; x_wconf 88' lang='lat' dir='ltr'><strong>acquiescere</strong></span> <span class='ocrx_word' id='word_1_389' title='bbox 2583 2865 2783 2935; x_wconf 60' lang='lat' dir='ltr'><strong>(ibid),</strong></span> <span class='ocrx_word' id='word_1_390' title='bbox 2818 2885 2836 2917; x_wconf 76' lang='grc' dir='ltr'><strong><em>ι</em></strong></span> <span class='ocrx_word' id='word_1_391' title='bbox 2871 2865 3155 2935; x_wconf 86' lang='lat' dir='ltr'><strong>dispositis</strong></span> <span class='ocrx_word' id='word_1_392' title='bbox 3183 2866 3405 2930; x_wconf 88' lang='lat' dir='ltr'><strong>ibidem,</strong></span> 
     </span>
    </p>
   </div>
   <div class='ocr_carea' id='block_1_59' title="bbox 1834 2957 3406 3028">
    <p class='ocr_par' dir='ltr' id='par_1_59' title="bbox 1834 2957 3406 3028">
     <span class='ocr_line' id='line_1_59' title="bbox 1834 2957 3406 3028; baseline -0.001 -18"><span class='ocrx_word' id='word_1_393' title='bbox 1834 2974 1956 3028; x_wconf 73' lang='lat' dir='ltr'><strong>qua:</strong></span> <span class='ocrx_word' id='word_1_394' title='bbox 1975 2959 2040 3013; x_wconf 92' lang='lat' dir='ltr'><strong>ad</strong></span> <span class='ocrx_word' id='word_1_395' title='bbox 2064 2973 2214 3013; x_wconf 65' lang='lat' dir='ltr'><strong>novre</strong></span> <span class='ocrx_word' id='word_1_396' title='bbox 2236 2958 2596 3012; x_wconf 90' lang='lat' dir='ltr'><strong>institutionis</strong></span> <span class='ocrx_word' id='word_1_397' title='bbox 2617 2958 3018 3014; x_wconf 87' lang='lat' dir='ltr'><strong>observantiam</strong></span> <span class='ocrx_word' id='word_1_398' title='bbox 3043 2957 3406 3026; x_wconf 87' lang='lat' dir='ltr'><strong>pertinebant,</strong></span> 
     </span>
    </p>
   </div>
   <div class='ocr_carea' id='block_1_60' title="bbox 1835 3049 3410 3120">
    <p class='ocr_par' dir='ltr' id='par_1_60' title="bbox 1835 3049 3410 3120">
     <span class='ocr_line' id='line_1_60' title="bbox 1835 3049 3410 3120; baseline -0.002 -16"><span class='ocrx_word' id='word_1_399' title='bbox 1835 3051 2082 3104; x_wconf 89' lang='lat' dir='ltr'><strong>abbatem</strong></span> <span class='ocrx_word' id='word_1_400' title='bbox 2102 3051 2215 3117; x_wconf 86' lang='lat' dir='ltr'><strong>(l9)</strong></span> <span class='ocrx_word' id='word_1_401' title='bbox 2236 3050 2317 3105; x_wconf 88' lang='lat' dir='ltr'><strong>eis</strong></span> <span class='ocrx_word' id='word_1_402' title='bbox 2340 3050 2576 3119; x_wconf 64' lang='lat' dir='ltr'><strong>praefecit</strong></span> <span class='ocrx_word' id='word_1_403' title='bbox 2602 3051 2777 3104; x_wconf 90' lang='lat' dir='ltr'><strong>virum</strong></span> <span class='ocrx_word' id='word_1_404' title='bbox 2798 3049 2909 3104; x_wconf 87' lang='lat' dir='ltr'><strong>Deo</strong></span> <span class='ocrx_word' id='word_1_405' title='bbox 2923 3050 3166 3120; x_wconf 88' lang='lat' dir='ltr'><strong>dignum,</strong></span> <span class='ocrx_word' id='word_1_406' title='bbox 3189 3049 3410 3103; x_wconf 89' lang='lat' dir='ltr'><strong>nomine</strong></span> 
     </span>
    </p>
   </div>
   <div class='ocr_carea' id='block_1_61' title="bbox 149 3139 3410 3232">
    <p class='ocr_par' dir='ltr' id='par_1_61' title="bbox 149 3139 3410 3232">
     <span class='ocr_line' id='line_1_61' title="bbox 149 3139 3410 3232; baseline 0.001 -39"><span class='ocrx_word' id='word_1_407' title='bbox 149 3155 233 3193; x_wconf 85' lang='lat' dir='ltr'><strong>tur</strong></span> <span class='ocrx_word' id='word_1_408' title='bbox 257 3140 390 3211; x_wconf 85' lang='lat' dir='ltr'><strong>(l6),</strong></span> <span class='ocrx_word' id='word_1_409' title='bbox 417 3140 984 3196; x_wconf 77' lang='lat' dir='ltr'><strong>excommunicationi</strong></span> <span class='ocrx_word' id='word_1_410' title='bbox 1010 3142 1329 3195; x_wconf 90' lang='lat' dir='ltr'><strong>sententiam</strong></span> <span class='ocrx_word' id='word_1_411' title='bbox 1354 3153 1728 3212; x_wconf 86' lang='lat' dir='ltr'><strong>susceperunt.</strong></span> <span class='ocrx_word' id='word_1_412' title='bbox 1760 3176 1801 3232; x_wconf 63' lang='grc' dir='ltr'>α</span> <span class='ocrx_word' id='word_1_413' title='bbox 1836 3141 2274 3210; x_wconf 86' lang='lat' dir='ltr'><strong>Alberieum,qui</strong></span> <span class='ocrx_word' id='word_1_414' title='bbox 2292 3139 2624 3195; x_wconf 88' lang='lat' dir='ltr'><strong>fuitunusde</strong></span> <span class='ocrx_word' id='word_1_415' title='bbox 2636 3141 2826 3210; x_wconf 91' lang='lat' dir='ltr'><strong>primis</strong></span> <span class='ocrx_word' id='word_1_416' title='bbox 2850 3141 3135 3197; x_wconf 83' lang='lat' dir='ltr'><strong>monachis</strong></span> <span class='ocrx_word' id='word_1_417' title='bbox 3151 3140 3410 3197; x_wconf 65' lang='lat' dir='ltr'><strong>Ecclesia:</strong></span> 
     </span>
    </p>
   </div>
   <div class='ocr_carea' id='block_1_62' title="bbox 147 3229 1735 3302">
    <p class='ocr_par' dir='ltr' id='par_1_62' title="bbox 147 3229 1735 3302">
     <span class='ocr_line' id='line_1_62' title="bbox 147 3229 1735 3302; baseline 0.003 -18"><span class='ocrx_word' id='word_1_418' title='bbox 147 3231 426 3301; x_wconf 78' lang='lat' dir='ltr'><strong>Compulsi</strong></span> <span class='ocrx_word' id='word_1_419' title='bbox 468 3247 612 3301; x_wconf 84' lang='lat' dir='ltr'><strong>ergo</strong></span> <span class='ocrx_word' id='word_1_420' title='bbox 658 3229 940 3301; x_wconf 70' lang='lat' dir='ltr'><strong>praefatum</strong></span> <span class='ocrx_word' id='word_1_421' title='bbox 984 3231 1163 3285; x_wconf 88' lang='lat' dir='ltr'><strong>locum</strong></span> <span class='ocrx_word' id='word_1_422' title='bbox 1205 3232 1535 3302; x_wconf 89' lang='lat' dir='ltr'><strong>relinquere,</strong></span> <span class='ocrx_word' id='word_1_423' title='bbox 1570 3248 1735 3288; x_wconf 82' lang='lat' dir='ltr'><strong>vene-</strong></span> 
     </span>
    </p>
   </div>
   <div class='ocr_carea' id='block_1_63' title="bbox 146 3322 1734 3394">
    <p class='ocr_par' dir='ltr' id='par_1_63' title="bbox 146 3322 1734 3394">
     <span class='ocr_line' id='line_1_63' title="bbox 146 3322 1734 3394; baseline 0.002 -17"><span class='ocrx_word' id='word_1_424' title='bbox 146 3333 272 3379; x_wconf 88' lang='lat' dir='ltr'><strong>runt</strong></span> <span class='ocrx_word' id='word_1_425' title='bbox 318 3323 389 3378; x_wconf 88' lang='lat' dir='ltr'><strong>ad</strong></span> <span class='ocrx_word' id='word_1_426' title='bbox 439 3324 746 3394; x_wconf 69' lang='lat' dir='ltr'><strong>quamdam</strong></span> <span class='ocrx_word' id='word_1_427' title='bbox 779 3324 996 3386; x_wconf 89' lang='lat' dir='ltr'><strong>silvam,</strong></span> <span class='ocrx_word' id='word_1_428' title='bbox 1045 3322 1370 3379; x_wconf 86' lang='lat' dir='ltr'><strong>Cistercium</strong></span> <span class='ocrx_word' id='word_1_429' title='bbox 1421 3324 1489 3379; x_wconf 91' lang='lat' dir='ltr'><strong>ab</strong></span> <span class='ocrx_word' id='word_1_430' title='bbox 1538 3324 1734 3380; x_wconf 87' lang='lat' dir='ltr'><strong>incolis</strong></span> 
     </span>
    </p>
   </div>
   <div class='ocr_carea' id='block_1_64' title="bbox 147 3412 1736 3484">
    <p class='ocr_par' dir='ltr' id='par_1_64' title="bbox 147 3412 1736 3484">
     <span class='ocr_line' id='line_1_64' title="bbox 147 3412 1736 3484; baseline 0.001 -17"><span class='ocrx_word' id='word_1_431' title='bbox 147 3422 525 3484; x_wconf 86' lang='lat' dir='ltr'><strong>nuncupatam</strong></span> <span class='ocrx_word' id='word_1_432' title='bbox 564 3454 578 3477; x_wconf 95' lang='lat'><strong>,</strong></span> <span class='ocrx_word' id='word_1_433' title='bbox 612 3413 703 3465; x_wconf 92' lang='lat' dir='ltr'><strong>ubi</strong></span> <span class='ocrx_word' id='word_1_434' title='bbox 734 3414 787 3467; x_wconf 93' lang='lat' dir='ltr'><strong>in</strong></span> <span class='ocrx_word' id='word_1_435' title='bbox 818 3412 1081 3467; x_wconf 89' lang='lat' dir='ltr'><strong>honorem</strong></span> <span class='ocrx_word' id='word_1_436' title='bbox 1114 3414 1283 3468; x_wconf 67' lang='lat' dir='ltr'><strong>beatae</strong></span> <span class='ocrx_word' id='word_1_437' title='bbox 1314 3414 1406 3467; x_wconf 87' lang='lat' dir='ltr'><strong>Dei</strong></span> <span class='ocrx_word' id='word_1_438' title='bbox 1445 3413 1736 3469; x_wconf 87' lang='lat' dir='ltr'><strong>Genitricis</strong></span> 
     </span>
    </p>
   </div>
   <div class='ocr_carea' id='block_1_65' title="bbox 143 3503 1736 3575">
    <p class='ocr_par' dir='ltr' id='par_1_65' title="bbox 143 3503 1736 3575">
     <span class='ocr_line' id='line_1_65' title="bbox 143 3503 1736 3575; baseline 0.001 -17"><span class='ocrx_word' id='word_1_439' title='bbox 143 3504 326 3560; x_wconf 71' lang='lat' dir='ltr'><strong>Maria:</strong></span> <span class='ocrx_word' id='word_1_440' title='bbox 349 3503 667 3560; x_wconf 82' lang='lat' dir='ltr'><strong>oratorium</strong></span> <span class='ocrx_word' id='word_1_441' title='bbox 692 3512 1093 3569; x_wconf 87' lang='lat' dir='ltr'><strong>construentes,</strong></span> <span class='ocrx_word' id='word_1_442' title='bbox 1134 3519 1234 3557; x_wconf 91' lang='lat' dir='ltr'><strong>nee</strong></span> <span class='ocrx_word' id='word_1_443' title='bbox 1260 3504 1446 3568; x_wconf 90' lang='lat' dir='ltr'><strong>minis,</strong></span> <span class='ocrx_word' id='word_1_444' title='bbox 1492 3520 1593 3560; x_wconf 91' lang='lat' dir='ltr'><strong>nec</strong></span> <span class='ocrx_word' id='word_1_445' title='bbox 1613 3521 1736 3575; x_wconf 82' lang='lat' dir='ltr'><strong>pre-</strong></span> 
     </span>
    </p>
   </div>
   <div class='ocr_carea' id='block_1_66' title="bbox 145 3594 1735 3664">
    <p class='ocr_par' dir='ltr' id='par_1_66' title="bbox 145 3594 1735 3664">
     <span class='ocr_line' id='line_1_66' title="bbox 145 3594 1735 3664; baseline -0.001 -14"><span class='ocrx_word' id='word_1_446' title='bbox 145 3597 297 3650; x_wconf 88' lang='lat' dir='ltr'><strong>cibus</strong></span> <span class='ocrx_word' id='word_1_447' title='bbox 333 3611 364 3650; x_wconf 92' lang='lat' dir='ltr'><strong>a</strong></span> <span class='ocrx_word' id='word_1_448' title='bbox 396 3611 507 3651; x_wconf 91' lang='lat' dir='ltr'><strong>suo</strong></span> <span class='ocrx_word' id='word_1_449' title='bbox 548 3594 804 3662; x_wconf 90' lang='lat' dir='ltr'><strong>deinceps</strong></span> <span class='ocrx_word' id='word_1_450' title='bbox 834 3600 1127 3663; x_wconf 89' lang='lat' dir='ltr'><strong>potuerunt</strong></span> <span class='ocrx_word' id='word_1_451' title='bbox 1161 3595 1441 3664; x_wconf 90' lang='lat' dir='ltr'><strong>proposito</strong></span> <span class='ocrx_word' id='word_1_452' title='bbox 1468 3596 1735 3662; x_wconf 88' lang='lat' dir='ltr'><strong>revocari,</strong></span> 
     </span>
    </p>
   </div>
   <div class='ocr_carea' id='block_1_67' title="bbox 210 3767 1740 3839">
    <p class='ocr_par' dir='ltr' id='par_1_67' title="bbox 210 3767 1740 3839">
     <span class='ocr_line' id='line_1_67' title="bbox 210 3767 1740 3839; baseline 0 -14"><span class='ocrx_word' id='word_1_453' title='bbox 210 3772 325 3839; x_wconf 79' lang='lat' dir='ltr'><strong>(l5)</strong></span> <span class='ocrx_word' id='word_1_454' title='bbox 358 3769 661 3827; x_wconf 79' lang='lat' dir='ltr'><strong>Alberieus</strong></span> <span class='ocrx_word' id='word_1_455' title='bbox 681 3769 750 3824; x_wconf 80' lang='grc'><strong>26</strong></span> <span class='ocrx_word' id='word_1_456' title='bbox 780 3767 1048 3834; x_wconf 73' lang='lat' dir='ltr'><strong>Januarii,</strong></span> <span class='ocrx_word' id='word_1_457' title='bbox 1090 3769 1400 3839; x_wconf 84' lang='lat' dir='ltr'><strong>Stephanus</strong></span> <span class='ocrx_word' id='word_1_458' title='bbox 1430 3769 1492 3823; x_wconf 83' lang='lat' dir='ltr'><strong>l7</strong></span> <span class='ocrx_word' id='word_1_459' title='bbox 1536 3769 1740 3838; x_wconf 81' lang='lat' dir='ltr'><strong>Aprilis</strong></span> 
     </span>
    </p>
   </div>
   <div class='ocr_carea' id='block_1_68' title="bbox 143 3838 1735 3911">
    <p class='ocr_par' dir='ltr' id='par_1_68' title="bbox 143 3838 1735 3911">
     <span class='ocr_line' id='line_1_68' title="bbox 143 3838 1735 3911; baseline -0.001 -17"><span class='ocrx_word' id='word_1_460' title='bbox 143 3838 428 3908; x_wconf 80' lang='lat' dir='ltr'><strong>coluntur,</strong></span> <span class='ocrx_word' id='word_1_461' title='bbox 459 3842 689 3911; x_wconf 88' lang='lat' dir='ltr'><strong>quando</strong></span> <span class='ocrx_word' id='word_1_462' title='bbox 739 3842 1024 3911; x_wconf 78' lang='lat' dir='ltr'><strong>utriusque</strong></span> <span class='ocrx_word' id='word_1_463' title='bbox 1055 3838 1252 3911; x_wconf 64' lang='lat' dir='ltr'><strong>Vitam</strong></span> <span class='ocrx_word' id='word_1_464' title='bbox 1297 3840 1691 3895; x_wconf 89' lang='lat' dir='ltr'><strong>illustravimus</strong></span> <span class='ocrx_word' id='word_1_465' title='bbox 1722 3858 1735 3893; x_wconf 89' lang='lat'><strong>:</strong></span> 
     </span>
    </p>
   </div>
   <div class='ocr_carea' id='block_1_69' title="bbox 138 3908 1738 3977">
    <p class='ocr_par' dir='ltr' id='par_1_69' title="bbox 138 3908 1738 3977">
     <span class='ocr_line' id='line_1_69' title="bbox 138 3908 1738 3977; baseline 0.001 -13"><span class='ocrx_word' id='word_1_466' title='bbox 138 3911 229 3966; x_wconf 84' lang='lat' dir='ltr'><strong>alii</strong></span> <span class='ocrx_word' id='word_1_467' title='bbox 253 3914 371 3967; x_wconf 90' lang='lat' dir='ltr'><strong>duo</strong></span> <span class='ocrx_word' id='word_1_468' title='bbox 396 3908 764 3966; x_wconf 79' lang='lat' dir='ltr'><strong>nominantur</strong></span> <span class='ocrx_word' id='word_1_469' title='bbox 783 3911 852 3965; x_wconf 90' lang='lat' dir='ltr'><strong>ab</strong></span> <span class='ocrx_word' id='word_1_470' title='bbox 875 3908 1136 3965; x_wconf 81' lang='lat' dir='ltr'><strong>orderico</strong></span> <span class='ocrx_word' id='word_1_471' title='bbox 1163 3909 1321 3964; x_wconf 85' lang='lat' dir='ltr'><strong>Vitali</strong></span> <span class='ocrx_word' id='word_1_472' title='bbox 1348 3926 1471 3965; x_wconf 81' lang='lat' dir='ltr'><strong>mox</strong></span> <span class='ocrx_word' id='word_1_473' title='bbox 1502 3911 1738 3977; x_wconf 89' lang='lat' dir='ltr'><strong>citando,</strong></span> 
     </span>
    </p>
   </div>
   <div class='ocr_carea' id='block_1_70' title="bbox 132 3978 783 4038">
    <p class='ocr_par' dir='ltr' id='par_1_70' title="bbox 132 3978 783 4038">
     <span class='ocr_line' id='line_1_70' title="bbox 132 3978 783 4038; baseline -0.002 -3"><span class='ocrx_word' id='word_1_474' title='bbox 132 3978 384 4038; x_wconf 79' lang='lat' dir='ltr'><strong>Joannes</strong></span> <span class='ocrx_word' id='word_1_475' title='bbox 408 3993 463 4037; x_wconf 89' lang='lat' dir='ltr'><strong>et</strong></span> <span class='ocrx_word' id='word_1_476' title='bbox 498 3980 783 4035; x_wconf 81' lang='lat' dir='ltr'><strong>Hilbodus.</strong></span> 
     </span>
    </p>
   </div>
   <div class='ocr_carea' id='block_1_71' title="bbox 206 4048 1743 4123">
    <p class='ocr_par' dir='ltr' id='par_1_71' title="bbox 206 4048 1743 4123">
     <span class='ocr_line' id='line_1_71' title="bbox 206 4048 1743 4123; baseline 0 -18"><span class='ocrx_word' id='word_1_477' title='bbox 206 4053 327 4123; x_wconf 75' lang='lat' dir='ltr'><strong>(M)</strong></span> <span class='ocrx_word' id='word_1_478' title='bbox 390 4050 691 4123; x_wconf 54' lang='lat' dir='ltr'><strong>Maurique</strong></span> <span class='ocrx_word' id='word_1_479' title='bbox 744 4050 977 4123; x_wconf 66' lang='lat' dir='ltr'><strong>Unicum</strong></span> <span class='ocrx_word' id='word_1_480' title='bbox 1039 4049 1270 4123; x_wconf 82' lang='lat' dir='ltr'><strong>scribit:</strong></span> <span class='ocrx_word' id='word_1_481' title='bbox 1311 4050 1499 4123; x_wconf 77' lang='lat' dir='ltr'><strong>Codex</strong></span> <span class='ocrx_word' id='word_1_482' title='bbox 1559 4048 1743 4105; x_wconf 84' lang='lat' dir='ltr'><strong>Ultra-</strong></span> 
     </span>
    </p>
   </div>
   <div class='ocr_carea' id='block_1_72' title="bbox 124 4119 1741 4192">
    <p class='ocr_par' dir='ltr' id='par_1_72' title="bbox 124 4119 1741 4192">
     <span class='ocr_line' id='line_1_72' title="bbox 124 4119 1741 4192; baseline -0.001 -16"><span class='ocrx_word' id='word_1_483' title='bbox 124 4119 375 4192; x_wconf 76' lang='lat' dir='ltr'><strong>jectiuus</strong></span> <span class='ocrx_word' id='word_1_484' title='bbox 409 4120 734 4175; x_wconf 84' lang='lat' dir='ltr'><strong>Vivilicnm.</strong></span> <span class='ocrx_word' id='word_1_485' title='bbox 769 4119 1027 4175; x_wconf 81' lang='lat' dir='ltr'><strong>Neutrius</strong></span> <span class='ocrx_word' id='word_1_486' title='bbox 1069 4122 1447 4190; x_wconf 83' lang='lat' dir='ltr'><strong>appellationis</strong></span> <span class='ocrx_word' id='word_1_487' title='bbox 1474 4131 1600 4175; x_wconf 90' lang='lat' dir='ltr'><strong>nota</strong></span> <span class='ocrx_word' id='word_1_488' title='bbox 1635 4123 1741 4175; x_wconf 90' lang='lat' dir='ltr'><strong>ulla</strong></span> 
     </span>
    </p>
   </div>
   <div class='ocr_carea' id='block_1_73' title="bbox 132 4210 382 4249">
    <p class='ocr_par' dir='ltr' id='par_1_73' title="bbox 132 4210 382 4249">
     <span class='ocr_line' id='line_1_73' title="bbox 132 4210 382 4249; baseline -0.004 -1"><span class='ocrx_word' id='word_1_489' title='bbox 132 4210 382 4249; x_wconf 80' lang='lat' dir='ltr'><strong>usmam.</strong></span> 
     </span>
    </p>
   </div>
   <div class='ocr_carea' id='block_1_74' title="bbox 203 4211 1745 4335">
    <p class='ocr_par' dir='ltr' id='par_1_74' title="bbox 203 4211 1745 4335">
     <span class='ocr_line' id='line_1_74' title="bbox 203 4211 1745 4335; baseline -0.003 -16"><span class='ocrx_word' id='word_1_490' title='bbox 203 4211 746 4335; x_wconf 40' lang='lat' dir='ltr'><strong>ﬁg‘roloeerannus</strong></span> <span class='ocrx_word' id='word_1_491' title='bbox 794 4262 912 4335; x_wconf 88' lang='lat' dir='ltr'><strong>sive</strong></span> <span class='ocrx_word' id='word_1_492' title='bbox 960 4260 1396 4335; x_wconf 77' lang='lat' dir='ltr'><strong>Gaueeramnus,</strong></span> <span class='ocrx_word' id='word_1_493' title='bbox 1453 4261 1745 4335; x_wconf 89' lang='lat' dir='ltr'><strong>episcopus</strong></span> 
     </span>
    </p>
   </div>
   <div class='ocr_carea' id='block_1_75' title="bbox 131 4332 1741 4403">
    <p class='ocr_par' dir='ltr' id='par_1_75' title="bbox 131 4332 1741 4403">
     <span class='ocr_line' id='line_1_75' title="bbox 131 4332 1741 4403; baseline -0.002 -16"><span class='ocrx_word' id='word_1_494' title='bbox 131 4332 553 4403; x_wconf 79' lang='lat' dir='ltr'><strong>Lingonensis,</strong></span> <span class='ocrx_word' id='word_1_495' title='bbox 586 4332 727 4386; x_wconf 89' lang='lat' dir='ltr'><strong>sedit</strong></span> <span class='ocrx_word' id='word_1_496' title='bbox 755 4334 826 4386; x_wconf 89' lang='lat' dir='ltr'><strong>ah</strong></span> <span class='ocrx_word' id='word_1_497' title='bbox 853 4348 998 4386; x_wconf 91' lang='lat' dir='ltr'><strong>anno</strong></span> <span class='ocrx_word' id='word_1_498' title='bbox 1019 4333 1238 4386; x_wconf 84' lang='lat' dir='ltr'><strong>circiter</strong></span> <span class='ocrx_word' id='word_1_499' title='bbox 1266 4332 1417 4403; x_wconf 63' lang='grc'>1111</span> <span class='ocrx_word' id='word_1_500' title='bbox 1446 4333 1512 4384; x_wconf 89' lang='lat' dir='ltr'><strong>ad</strong></span> <span class='ocrx_word' id='word_1_501' title='bbox 1537 4346 1741 4385; x_wconf 84' lang='lat' dir='ltr'><strong>annum</strong></span> 
     </span>
    </p>
   </div>
   <div class='ocr_carea' id='block_1_76' title="bbox 135 4402 1745 4475">
    <p class='ocr_par' dir='ltr' id='par_1_76' title="bbox 135 4402 1745 4475">
     <span class='ocr_line' id='line_1_76' title="bbox 135 4402 1745 4475; baseline -0.002 -18"><span class='ocrx_word' id='word_1_502' title='bbox 135 4402 305 4459; x_wconf 84' lang='grc' dir='ltr'>1ι27.</span> <span class='ocrx_word' id='word_1_503' title='bbox 336 4404 447 4460; x_wconf 85' lang='lat' dir='ltr'><strong>Est</strong></span> <span class='ocrx_word' id='word_1_504' title='bbox 475 4403 640 4475; x_wconf 83' lang='lat' dir='ltr'><strong>igitur</strong></span> <span class='ocrx_word' id='word_1_505' title='bbox 669 4403 721 4475; x_wconf 85' lang='lat' dir='ltr'><strong>in</strong></span> <span class='ocrx_word' id='word_1_506' title='bbox 748 4404 993 4475; x_wconf 69' lang='lat' dir='ltr'><strong>nomine,</strong></span> <span class='ocrx_word' id='word_1_507' title='bbox 1019 4403 1062 4456; x_wconf 90' lang='lat' dir='ltr'><strong>si</strong></span> <span class='ocrx_word' id='word_1_508' title='bbox 1086 4418 1192 4475; x_wconf 84' lang='lat' dir='ltr'><strong>non</strong></span> <span class='ocrx_word' id='word_1_509' title='bbox 1221 4402 1382 4454; x_wconf 85' lang='lat' dir='ltr'><strong>etiam</strong></span> <span class='ocrx_word' id='word_1_510' title='bbox 1408 4402 1460 4455; x_wconf 93' lang='lat' dir='ltr'><strong>in</strong></span> <span class='ocrx_word' id='word_1_511' title='bbox 1490 4416 1567 4475; x_wconf 80' lang='lat' dir='ltr'><strong>re,</strong></span> <span class='ocrx_word' id='word_1_512' title='bbox 1591 4417 1745 4454; x_wconf 88' lang='lat' dir='ltr'><strong>error</strong></span> 
     </span>
    </p>
   </div>
   <div class='ocr_carea' id='block_1_77' title="bbox 126 4471 1743 4545">
    <p class='ocr_par' dir='ltr' id='par_1_77' title="bbox 126 4471 1743 4545">
     <span class='ocr_line' id='line_1_77' title="bbox 126 4471 1743 4545; baseline -0.002 -18"><span class='ocrx_word' id='word_1_513' title='bbox 126 4475 331 4545; x_wconf 84' lang='lat' dir='ltr'><strong>gravis</strong></span> <span class='ocrx_word' id='word_1_514' title='bbox 369 4492 385 4528; x_wconf 90' lang='lat'><strong>:</strong></span> <span class='ocrx_word' id='word_1_515' title='bbox 419 4471 528 4528; x_wconf 78' lang='lat' dir='ltr'><strong>nec</strong></span> <span class='ocrx_word' id='word_1_516' title='bbox 555 4480 639 4527; x_wconf 91' lang='lat' dir='ltr'><strong>est</strong></span> <span class='ocrx_word' id='word_1_517' title='bbox 664 4473 806 4527; x_wconf 84' lang='lat' dir='ltr'><strong>alius</strong></span> <span class='ocrx_word' id='word_1_518' title='bbox 831 4473 882 4525; x_wconf 91' lang='lat' dir='ltr'><strong>in</strong></span> <span class='ocrx_word' id='word_1_519' title='bbox 910 4473 1067 4541; x_wconf 91' lang='lat' dir='ltr'><strong>cujus</strong></span> <span class='ocrx_word' id='word_1_520' title='bbox 1089 4472 1460 4545; x_wconf 63' lang='lat' dir='ltr'><strong>epjsgipatum</strong></span> <span class='ocrx_word' id='word_1_521' title='bbox 1495 4471 1608 4525; x_wconf 81' lang='lat' dir='ltr'><strong>haec</strong></span> <span class='ocrx_word' id='word_1_522' title='bbox 1630 4486 1743 4545; x_wconf 88' lang='lat' dir='ltr'><strong>_ac-</strong></span> 
     </span>
    </p>
   </div>
   <div class='ocr_carea' id='block_1_78' title="bbox 127 4539 1740 4615">
    <p class='ocr_par' dir='ltr' id='par_1_78' title="bbox 127 4539 1740 4615">
     <span class='ocr_line' id='line_1_78' title="bbox 127 4539 1740 4615; baseline -0.002 -18"><span class='ocrx_word' id='word_1_523' title='bbox 127 4539 210 4598; x_wconf 81' lang='grc' dir='ltr'><strong>ῐίο</strong></span> <span class='ocrx_word' id='word_1_524' title='bbox 255 4544 812 4615; x_wconf 75' lang='lat' dir='ltr'><strong>possit_i_ncurrei&#39;e,</strong></span> <span class='ocrx_word' id='word_1_525' title='bbox 865 4539 1028 4612; x_wconf 86' lang='lat' dir='ltr'><strong>quain</strong></span> <span class='ocrx_word' id='word_1_526' title='bbox 1090 4539 1173 4595; x_wconf 83' lang='lat' dir='ltr'><strong>vel</strong></span> <span class='ocrx_word' id='word_1_527' title='bbox 1220 4539 1547 4615; x_wconf 74' lang='lat' dir='ltr'><strong>Bainardus,</strong></span> <span class='ocrx_word' id='word_1_528' title='bbox 1595 4541 1740 4615; x_wconf 74' lang='lat' dir='ltr'><strong>circa</strong></span> 
     </span>
    </p>
   </div>
   <div class='ocr_carea' id='block_1_79' title="bbox 125 4611 1743 4669">
    <p class='ocr_par' dir='ltr' id='par_1_79' title="bbox 125 4611 1743 4669">
     <span class='ocr_line' id='line_1_79' title="bbox 125 4611 1743 4669; baseline -0.002 -1"><span class='ocrx_word' id='word_1_529' title='bbox 125 4611 358 4669; x_wconf 74' lang='lat' dir='ltr'><strong>annum</strong></span> <span class='ocrx_word' id='word_1_530' title='bbox 428 4612 574 4668; x_wconf 80' lang='grc'>1065</span> <span class='ocrx_word' id='word_1_531' title='bbox 614 4611 969 4669; x_wconf 79' lang='lat' dir='ltr'><strong>consecratus</strong></span> <span class='ocrx_word' id='word_1_532' title='bbox 1011 4619 1064 4665; x_wconf 91' lang='lat' dir='ltr'><strong>et</strong></span> <span class='ocrx_word' id='word_1_533' title='bbox 1116 4627 1261 4666; x_wconf 90' lang='lat' dir='ltr'><strong>anno</strong></span> <span class='ocrx_word' id='word_1_534' title='bbox 1314 4611 1452 4665; x_wconf 87' lang='grc'>1080</span> <span class='ocrx_word' id='word_1_535' title='bbox 1508 4611 1743 4665; x_wconf 89' lang='lat' dir='ltr'><strong>concilio</strong></span> 
     </span>
    </p>
   </div>
   <div class='ocr_carea' id='block_1_80' title="bbox 122 4680 1747 4751">
    <p class='ocr_par' dir='ltr' id='par_1_80' title="bbox 122 4680 1747 4751">
     <span class='ocr_line' id='line_1_80' title="bbox 122 4680 1747 4751; baseline -0.002 -13"><span class='ocrx_word' id='word_1_536' title='bbox 122 4683 500 4738; x_wconf 77' lang='lat' dir='ltr'><strong>Sautonensi</strong></span> <span class='ocrx_word' id='word_1_537' title='bbox 530 4686 907 4751; x_wconf 81' lang='lat' dir='ltr'><strong>subscriptus;</strong></span> <span class='ocrx_word' id='word_1_538' title='bbox 957 4683 1039 4736; x_wconf 86' lang='lat' dir='ltr'><strong>vel</strong></span> <span class='ocrx_word' id='word_1_539' title='bbox 1077 4683 1197 4750; x_wconf 87' lang='lat' dir='ltr'><strong>ejus</strong></span> <span class='ocrx_word' id='word_1_540' title='bbox 1221 4696 1506 4735; x_wconf 78' lang='lat' dir='ltr'><strong>successor</strong></span> <span class='ocrx_word' id='word_1_541' title='bbox 1542 4680 1747 4735; x_wconf 80' lang='lat' dir='ltr'><strong>Rober—</strong></span> 
     </span>
    </p>
   </div>
   <div class='ocr_carea' id='block_1_81' title="bbox 119 4752 1745 4819">
    <p class='ocr_par' dir='ltr' id='par_1_81' title="bbox 119 4752 1745 4819">
     <span class='ocr_line' id='line_1_81' title="bbox 119 4752 1745 4819; baseline -0.001 -12"><span class='ocrx_word' id='word_1_542' title='bbox 119 4765 221 4807; x_wconf 81' lang='lat' dir='ltr'><strong>tus</strong></span> <span class='ocrx_word' id='word_1_543' title='bbox 261 4753 641 4819; x_wconf 76' lang='lat' dir='ltr'><strong>Burgundus,</strong></span> <span class='ocrx_word' id='word_1_544' title='bbox 664 4752 952 4805; x_wconf 82' lang='lat' dir='ltr'><strong>Joceranni</strong></span> <span class='ocrx_word' id='word_1_545' title='bbox 986 4753 1258 4806; x_wconf 82' lang='lat' dir='ltr'><strong>decessor.</strong></span> <span class='ocrx_word' id='word_1_546' title='bbox 1287 4752 1423 4804; x_wconf 77' lang='lat' dir='ltr'><strong>Cum</strong></span> <span class='ocrx_word' id='word_1_547' title='bbox 1450 4761 1631 4805; x_wconf 89' lang='lat' dir='ltr'><strong>autem</strong></span> <span class='ocrx_word' id='word_1_548' title='bbox 1678 4752 1745 4805; x_wconf 89' lang='lat' dir='ltr'><strong>de</strong></span> 
     </span>
    </p>
   </div>
   <div class='ocr_carea' id='block_1_82' title="bbox 116 4820 1743 4884">
    <p class='ocr_par' dir='ltr' id='par_1_82' title="bbox 116 4820 1743 4884">
     <span class='ocr_line' id='line_1_82' title="bbox 116 4820 1743 4884; baseline -0.002 -7"><span class='ocrx_word' id='word_1_549' title='bbox 116 4825 225 4877; x_wconf 85' lang='lat' dir='ltr'><strong>tali</strong></span> <span class='ocrx_word' id='word_1_550' title='bbox 256 4834 481 4875; x_wconf 86' lang='lat' dir='ltr'><strong>eorum</strong></span> <span class='ocrx_word' id='word_1_551' title='bbox 508 4823 812 4881; x_wconf 84' lang='lat' dir='ltr'><strong>coaetione,</strong></span> <span class='ocrx_word' id='word_1_552' title='bbox 864 4822 997 4874; x_wconf 87' lang='lat' dir='ltr'><strong>nihil</strong></span> <span class='ocrx_word' id='word_1_553' title='bbox 1043 4823 1286 4875; x_wconf 89' lang='lat' dir='ltr'><strong>scribant</strong></span> <span class='ocrx_word' id='word_1_554' title='bbox 1331 4820 1743 4884; x_wconf 83' lang='lat' dir='ltr'><strong>Cistercienses,</strong></span> 
     </span>
    </p>
   </div>
   <div class='ocr_carea' id='block_1_83' title="bbox 109 4887 1745 4956">
    <p class='ocr_par' dir='ltr' id='par_1_83' title="bbox 109 4887 1745 4956">
     <span class='ocr_line' id='line_1_83' title="bbox 109 4887 1745 4956; baseline -0.001 -11"><span class='ocrx_word' id='word_1_555' title='bbox 109 4906 171 4948; x_wconf 74' lang='lat' dir='ltr'><strong>et</strong></span> <span class='ocrx_word' id='word_1_556' title='bbox 205 4892 311 4946; x_wconf 91' lang='lat' dir='ltr'><strong>hic</strong></span> <span class='ocrx_word' id='word_1_557' title='bbox 346 4887 459 4956; x_wconf 86' lang='lat' dir='ltr'><strong>qui</strong></span> <span class='ocrx_word' id='word_1_558' title='bbox 493 4890 683 4943; x_wconf 83' lang='lat' dir='ltr'><strong>scribit</strong></span> <span class='ocrx_word' id='word_1_559' title='bbox 711 4891 784 4942; x_wconf 90' lang='lat' dir='ltr'><strong>ita</strong></span> <span class='ocrx_word' id='word_1_560' title='bbox 812 4900 1062 4955; x_wconf 84' lang='lat' dir='ltr'><strong>cxerret,</strong></span> <span class='ocrx_word' id='word_1_561' title='bbox 1107 4906 1359 4943; x_wconf 90' lang='lat' dir='ltr'><strong>veremur</strong></span> <span class='ocrx_word' id='word_1_562' title='bbox 1402 4906 1469 4943; x_wconf 90' lang='lat' dir='ltr'><strong>ne</strong></span> <span class='ocrx_word' id='word_1_563' title='bbox 1504 4907 1592 4945; x_wconf 88' lang='lat' dir='ltr'><strong>res</strong></span> <span class='ocrx_word' id='word_1_564' title='bbox 1634 4901 1745 4945; x_wconf 89' lang='lat' dir='ltr'><strong>tota</strong></span> 
     </span>
    </p>
   </div>
   <div class='ocr_carea' id='block_1_84' title="bbox 115 4959 1747 5032">
    <p class='ocr_par' dir='ltr' id='par_1_84' title="bbox 115 4959 1747 5032">
     <span class='ocr_line' id='line_1_84' title="bbox 115 4959 1747 5032; baseline -0.001 -17"><span class='ocrx_word' id='word_1_565' title='bbox 115 4962 400 5032; x_wconf 70' lang='lat' dir='ltr'><strong>roiilicta</strong></span> <span class='ocrx_word' id='word_1_566' title='bbox 429 4959 528 5019; x_wconf 88' lang='lat' dir='ltr'><strong>sit,</strong></span> <span class='ocrx_word' id='word_1_567' title='bbox 561 4960 797 5032; x_wconf 75' lang='lat' dir='ltr'><strong>nec___nisi</strong></span> <span class='ocrx_word' id='word_1_568' title='bbox 820 4976 942 5032; x_wconf 84' lang='lat' dir='ltr'><strong>cum</strong></span> <span class='ocrx_word' id='word_1_569' title='bbox 968 4976 1076 5032; x_wconf 79' lang='lat' dir='ltr'><strong>suo</strong></span> <span class='ocrx_word' id='word_1_570' title='bbox 1094 4961 1287 5032; x_wconf 85' lang='lat' dir='ltr'><strong>abbate</strong></span> <span class='ocrx_word' id='word_1_571' title='bbox 1338 4959 1575 5032; x_wconf 70' lang='lat' dir='ltr'><strong>Reberto</strong></span> <span class='ocrx_word' id='word_1_572' title='bbox 1624 4961 1747 5015; x_wconf 90' lang='lat' dir='ltr'><strong>illo-</strong></span> 
     </span>
    </p>
   </div>
   <div class='ocr_carea' id='block_1_85' title="bbox 117 5028 1616 5098">
    <p class='ocr_par' dir='ltr' id='par_1_85' title="bbox 117 5028 1616 5098">
     <span class='ocr_line' id='line_1_85' title="bbox 117 5028 1616 5098; baseline -0.003 -12"><span class='ocrx_word' id='word_1_573' title='bbox 117 5049 257 5087; x_wconf 82' lang='lat' dir='ltr'><strong>rum</strong></span> <span class='ocrx_word' id='word_1_574' title='bbox 290 5028 612 5098; x_wconf 72' lang='lat' dir='ltr'><strong>quisquam</strong></span> <span class='ocrx_word' id='word_1_575' title='bbox 640 5028 1337 5083; x_wconf 64' lang='lat' dir='ltr'><strong>Cistercium&#39;habitaturus</strong></span> <span class='ocrx_word' id='word_1_576' title='bbox 1368 5030 1616 5084; x_wconf 79' lang='lat' dir='ltr'><strong>adiverit.</strong></span> 
     </span>
    </p>
   </div>
   <div class='ocr_carea' id='block_1_86' title="bbox 209 5096 1748 5171">
    <p class='ocr_par' dir='ltr' id='par_1_86' title="bbox 209 5096 1748 5171">
     <span class='ocr_line' id='line_1_86' title="bbox 209 5096 1748 5171; baseline 0 -17"><span class='ocrx_word' id='word_1_577' title='bbox 209 5096 348 5171; x_wconf 22' lang='lat'><strong>(16‘)</strong></span> <span class='ocrx_word' id='word_1_578' title='bbox 381 5096 535 5153; x_wconf 85' lang='lat' dir='ltr'><strong>Hinc</strong></span> <span class='ocrx_word' id='word_1_579' title='bbox 554 5099 868 5171; x_wconf 76' lang='lat' dir='ltr'><strong>intulimus,</strong></span> <span class='ocrx_word' id='word_1_580' title='bbox 894 5100 1059 5171; x_wconf 75' lang='lat' dir='ltr'><strong>quod</strong></span> <span class='ocrx_word' id='word_1_581' title='bbox 1103 5100 1525 5171; x_wconf 44' lang='lat' dir='ltr'><strong>etiarnsiliuiido</strong></span> <span class='ocrx_word' id='word_1_582' title='bbox 1551 5101 1748 5171; x_wconf 88' lang='lat' dir='ltr'><strong>proba-</strong></span> 
     </span>
    </p>
   </div>
   <div class='ocr_carea' id='block_1_87' title="bbox 117 5168 1748 5237">
    <p class='ocr_par' dir='ltr' id='par_1_87' title="bbox 117 5168 1748 5237">
     <span class='ocr_line' id='line_1_87' title="bbox 117 5168 1748 5237; baseline -0.001 -11"><span class='ocrx_word' id='word_1_583' title='bbox 117 5168 334 5229; x_wconf 75' lang='lat' dir='ltr'><strong>batur.</strong></span> <span class='ocrx_word' id='word_1_584' title='bbox 410 5184 483 5223; x_wconf 87' lang='lat' dir='ltr'><strong>cx</strong></span> <span class='ocrx_word' id='word_1_585' title='bbox 554 5168 744 5224; x_wconf 74' lang='lat' dir='ltr'><strong>Viuico</strong></span> <span class='ocrx_word' id='word_1_586' title='bbox 803 5169 1109 5222; x_wconf 79' lang='lat' dir='ltr'><strong>Molismnm</strong></span> <span class='ocrx_word' id='word_1_587' title='bbox 1165 5168 1394 5222; x_wconf 84' lang='lat' dir='ltr'><strong>rediisse</strong></span> <span class='ocrx_word' id='word_1_588' title='bbox 1462 5170 1748 5237; x_wconf 77' lang='lat' dir='ltr'><strong>praedictos</strong></span> 
     </span>
    </p>
   </div>
   <div class='ocr_carea' id='block_1_88' title="bbox 119 5238 1709 5299">
    <p class='ocr_par' dir='ltr' id='par_1_88' title="bbox 119 5238 1709 5299">
     <span class='ocr_line' id='line_1_88' title="bbox 119 5238 1709 5299; baseline -0.002 -2"><span class='ocrx_word' id='word_1_589' title='bbox 119 5252 423 5299; x_wconf 76' lang='lat' dir='ltr'><strong>sanctos.</strong></span> <span class='ocrx_word' id='word_1_590' title='bbox 462 5255 572 5293; x_wconf 90' lang='lat' dir='ltr'><strong>non</strong></span> <span class='ocrx_word' id='word_1_591' title='bbox 600 5251 780 5293; x_wconf 89' lang='lat' dir='ltr'><strong>autem</strong></span> <span class='ocrx_word' id='word_1_592' title='bbox 808 5240 1114 5292; x_wconf 84' lang='lat' dir='ltr'><strong>immediate</strong></span> <span class='ocrx_word' id='word_1_593' title='bbox 1136 5238 1459 5293; x_wconf 79' lang='lat' dir='ltr'><strong>Cistercium</strong></span> <span class='ocrx_word' id='word_1_594' title='bbox 1488 5239 1709 5294; x_wconf 82' lang='lat' dir='ltr'><strong>abiisse.</strong></span> 
     </span>
    </p>
   </div>
   <div class='ocr_carea' id='block_1_89' title="bbox 205 5307 1749 5383">
    <p class='ocr_par' dir='ltr' id='par_1_89' title="bbox 205 5307 1749 5383">
     <span class='ocr_line' id='line_1_89' title="bbox 205 5307 1749 5383; baseline -0.001 -18"><span class='ocrx_word' id='word_1_595' title='bbox 205 5312 344 5383; x_wconf 82' lang='lat' dir='ltr'><strong>(l_7)</strong></span> <span class='ocrx_word' id='word_1_596' title='bbox 378 5307 645 5365; x_wconf 87' lang='lat' dir='ltr'><strong>Urbanus</strong></span> <span class='ocrx_word' id='word_1_597' title='bbox 668 5308 710 5362; x_wconf 90' lang='grc'><strong>11</strong></span> <span class='ocrx_word' id='word_1_598' title='bbox 740 5311 824 5364; x_wconf 85' lang='lat' dir='ltr'><strong>hic</strong></span> <span class='ocrx_word' id='word_1_599' title='bbox 849 5310 970 5374; x_wconf 85' lang='lat' dir='ltr'><strong>fuit,</strong></span> <span class='ocrx_word' id='word_1_600' title='bbox 994 5310 1084 5378; x_wconf 80' lang='lat' dir='ltr'><strong>qui</strong></span> <span class='ocrx_word' id='word_1_601' title='bbox 1108 5308 1175 5362; x_wconf 91' lang='lat' dir='ltr'><strong>ab</strong></span> <span class='ocrx_word' id='word_1_602' title='bbox 1199 5323 1343 5362; x_wconf 89' lang='lat' dir='ltr'><strong>anno</strong></span> <span class='ocrx_word' id='word_1_603' title='bbox 1366 5308 1497 5360; x_wconf 82' lang='lat' dir='ltr'><strong>l088</strong></span> <span class='ocrx_word' id='word_1_604' title='bbox 1518 5310 1585 5362; x_wconf 84' lang='lat' dir='ltr'><strong>ad</strong></span> <span class='ocrx_word' id='word_1_605' title='bbox 1613 5309 1749 5364; x_wconf 86' lang='grc'>1090</span> 
     </span>
    </p>
   </div>
   <div class='ocr_carea' id='block_1_90' title="bbox 144 5381 404 5437">
    <p class='ocr_par' dir='ltr' id='par_1_90' title="bbox 144 5381 404 5437">
     <span class='ocr_line' id='line_1_90' title="bbox 144 5381 404 5437; baseline 0 -4"><span class='ocrx_word' id='word_1_606' title='bbox 144 5381 321 5437; x_wconf 69' lang='lat' dir='ltr'><strong>irqu</strong></span> <span class='ocrx_word' id='word_1_607' title='bbox 332 5384 346 5434; x_wconf 81' lang='lat' dir='ltr'><strong>i</strong></span> <span class='ocrx_word' id='word_1_608' title='bbox 357 5389 404 5434; x_wconf 84' lang='grc' dir='ltr'><strong>ι.</strong></span> 
     </span>
    </p>
   </div>
   <div class='ocr_carea' id='block_1_91' title="bbox 123 5402 1750 5522">
    <p class='ocr_par' dir='ltr' id='par_1_91' title="bbox 123 5402 1750 5522">
     <span class='ocr_line' id='line_1_91' title="bbox 123 5402 1750 5522; baseline 0.017 -4"><span class='ocrx_word' id='word_1_609' title='bbox 123 5402 1005 5522; x_wconf 50' lang='grc' dir='ltr'><strong>νγῗίἓςιόυαῑιενυε0915001³08</strong></span> <span class='ocrx_word' id='word_1_610' title='bbox 1026 5448 1403 5522; x_wconf 59' lang='grc' dir='ltr'><strong>(Ξειιιίιοῐιοηδ18</strong></span> <span class='ocrx_word' id='word_1_611' title='bbox 1430 5465 1591 5522; x_wconf 65' lang='grc' dir='ltr'><strong>⁸ῙΨΓ²¹</strong></span> <span class='ocrx_word' id='word_1_612' title='bbox 1638 5465 1750 5503; x_wconf 51' lang='grc' dir='ltr'><strong>ἠδ’</strong></span> 
     </span>
    </p>
   </div>
   <div class='ocr_carea' id='block_1_92' title="bbox 125 5519 1749 5585">
    <p class='ocr_par' dir='ltr' id='par_1_92' title="bbox 125 5519 1749 5585">
     <span class='ocr_line' id='line_1_92' title="bbox 125 5519 1749 5585; baseline -0.002 -6"><span class='ocrx_word' id='word_1_613' title='bbox 125 5519 423 5579; x_wconf 76' lang='lat' dir='ltr'><strong>moratus</strong></span> <span class='ocrx_word' id='word_1_614' title='bbox 478 5537 630 5575; x_wconf 89' lang='lat' dir='ltr'><strong>num.</strong></span> <span class='ocrx_word' id='word_1_615' title='bbox 686 5521 796 5585; x_wconf 88' lang='grc'>21,</span> <span class='ocrx_word' id='word_1_616' title='bbox 861 5536 889 5572; x_wconf 90' lang='lat' dir='ltr'><strong>a</strong></span> <span class='ocrx_word' id='word_1_617' title='bbox 948 5519 1380 5574; x_wconf 88' lang='lat' dir='ltr'><strong>Sammarthanis</strong></span> <span class='ocrx_word' id='word_1_618' title='bbox 1456 5519 1749 5575; x_wconf 80' lang='lat' dir='ltr'><strong>Walterius</strong></span> 
     </span>
    </p>
   </div>
   <div class='ocr_carea' id='block_1_93' title="bbox 130 5589 1569 5668">
    <p class='ocr_par' dir='ltr' id='par_1_93' title="bbox 130 5589 1569 5668">
     <span class='ocr_line' id='line_1_93' title="bbox 130 5589 1569 5668; baseline -0.007 -20"><span class='ocrx_word' id='word_1_619' title='bbox 130 5593 516 5668; x_wconf 34' lang='lat' dir='ltr'><strong>nori‘iinat‘ur,</strong></span> <span class='ocrx_word' id='word_1_620' title='bbox 546 5591 865 5668; x_wconf 65' lang='lat' dir='ltr'><strong>praefuitque</strong></span> <span class='ocrx_word' id='word_1_621' title='bbox 892 5591 961 5644; x_wconf 78' lang='lat' dir='ltr'><strong>ab</strong></span> <span class='ocrx_word' id='word_1_622' title='bbox 995 5589 1304 5668; x_wconf 53' lang='lat' dir='ltr'><strong>aiitio_‘l080</strong></span> <span class='ocrx_word' id='word_1_623' title='bbox 1325 5590 1391 5643; x_wconf 87' lang='lat' dir='ltr'><strong>ad</strong></span> <span class='ocrx_word' id='word_1_624' title='bbox 1417 5590 1471 5643; x_wconf 86' lang='grc'><strong>11</strong></span> <span class='ocrx_word' id='word_1_625' title='bbox 1493 5591 1569 5668; x_wconf 53' lang='lat' dir='ltr'><strong>ili:</strong></span> 
     </span>
    </p>
   </div>
   <div class='ocr_carea' id='block_1_94' title="bbox 215 5658 1746 5731">
    <p class='ocr_par' dir='ltr' id='par_1_94' title="bbox 215 5658 1746 5731">
     <span class='ocr_line' id='line_1_94' title="bbox 215 5658 1746 5731; baseline -0.001 -15"><span class='ocrx_word' id='word_1_626' title='bbox 215 5662 351 5731; x_wconf 83' lang='grc'>(19)</span> <span class='ocrx_word' id='word_1_627' title='bbox 376 5658 633 5731; x_wconf 10' lang='lat' dir='ltr'><strong>rEcun&#39;tra</strong></span> <span class='ocrx_word' id='word_1_628' title='bbox 659 5658 939 5717; x_wconf 72' lang='lat' dir='ltr'><strong>osteiisum</strong></span> <span class='ocrx_word' id='word_1_629' title='bbox 979 5662 1230 5729; x_wconf 85' lang='lat' dir='ltr'><strong>superius</strong></span> <span class='ocrx_word' id='word_1_630' title='bbox 1258 5668 1359 5718; x_wconf 89' lang='lat' dir='ltr'><strong>est,</strong></span> <span class='ocrx_word' id='word_1_631' title='bbox 1388 5671 1509 5729; x_wconf 91' lang='lat' dir='ltr'><strong>post</strong></span> <span class='ocrx_word' id='word_1_632' title='bbox 1640 5659 1746 5714; x_wconf 55' lang='lat' dir='ltr'><strong>Ro-</strong></span> 
     </span>
    </p>
   </div>
   <div class='ocr_carea' id='block_1_95' title="bbox 133 5730 1466 5793">
    <p class='ocr_par' dir='ltr' id='par_1_95' title="bbox 133 5730 1466 5793">
     <span class='ocr_line' id='line_1_95' title="bbox 133 5730 1466 5793; baseline -0.004 -6"><span class='ocrx_word' id='word_1_633' title='bbox 133 5733 292 5789; x_wconf 83' lang='lat' dir='ltr'><strong>berti</strong></span> <span class='ocrx_word' id='word_1_634' title='bbox 321 5730 665 5793; x_wconf 84' lang='lat' dir='ltr'><strong>discessum,</strong></span> <span class='ocrx_word' id='word_1_635' title='bbox 692 5748 720 5785; x_wconf 92' lang='lat' dir='ltr'><strong>a</strong></span> <span class='ocrx_word' id='word_1_636' title='bbox 751 5730 1006 5785; x_wconf 86' lang='lat' dir='ltr'><strong>fratribus</strong></span> <span class='ocrx_word' id='word_1_637' title='bbox 1034 5733 1258 5786; x_wconf 84' lang='lat' dir='ltr'><strong>electum</strong></span> <span class='ocrx_word' id='word_1_638' title='bbox 1282 5731 1466 5784; x_wconf 83' lang='lat' dir='ltr'><strong>fuisse.</strong></span> 
     </span>
    </p>
   </div>
   <div class='ocr_carea' id='block_1_96' title="bbox 216 5797 1746 5873">
    <p class='ocr_par' dir='ltr' id='par_1_96' title="bbox 216 5797 1746 5873">
     <span class='ocr_line' id='line_1_96' title="bbox 216 5797 1746 5873; baseline 0.004 -22"><span class='ocrx_word' id='word_1_639' title='bbox 216 5801 357 5873; x_wconf 60' lang='grc'>(20)</span> <span class='ocrx_word' id='word_1_640' title='bbox 412 5797 523 5853; x_wconf 90' lang='lat' dir='ltr'><strong>lmo</strong></span> <span class='ocrx_word' id='word_1_641' title='bbox 548 5803 1045 5870; x_wconf 69' lang='lat' dir='ltr'><strong>postdeeennium;</strong></span> <span class='ocrx_word' id='word_1_642' title='bbox 1073 5802 1151 5855; x_wconf 80' lang='lat' dir='ltr'><strong>sic</strong></span> <span class='ocrx_word' id='word_1_643' title='bbox 1190 5800 1333 5855; x_wconf 87' lang='lat' dir='ltr'><strong>enim</strong></span> <span class='ocrx_word' id='word_1_644' title='bbox 1364 5818 1616 5871; x_wconf 72' lang='lat' dir='ltr'><strong>expresse</strong></span> <span class='ocrx_word' id='word_1_645' title='bbox 1646 5801 1746 5856; x_wconf 78' lang='lat' dir='ltr'><strong>0r-</strong></span> 
     </span>
    </p>
   </div>
   <div class='ocr_carea' id='block_1_97' title="bbox 1836 3233 3407 3302">
    <p class='ocr_par' dir='ltr' id='par_1_97' title="bbox 1836 3233 3407 3302">
     <span class='ocr_line' id='line_1_97' title="bbox 1836 3233 3407 3302; baseline 0.002 -16"><span class='ocrx_word' id='word_1_646' title='bbox 1836 3233 2200 3287; x_wconf 83' lang='lat' dir='ltr'><strong>lllolismensis</strong></span> <span class='ocrx_word' id='word_1_647' title='bbox 2233 3250 2246 3286; x_wconf 91' lang='lat'><strong>:</strong></span> <span class='ocrx_word' id='word_1_648' title='bbox 2292 3233 2479 3302; x_wconf 89' lang='lat' dir='ltr'><strong>sicque</strong></span> <span class='ocrx_word' id='word_1_649' title='bbox 2501 3233 2758 3287; x_wconf 91' lang='lat' dir='ltr'><strong>omnibus</strong></span> <span class='ocrx_word' id='word_1_650' title='bbox 2787 3233 3080 3288; x_wconf 88' lang='lat' dir='ltr'><strong>salubriter</strong></span> <span class='ocrx_word' id='word_1_651' title='bbox 3120 3233 3407 3299; x_wconf 89' lang='lat' dir='ltr'><strong>ordinatis,</strong></span> 
     </span>
    </p>
   </div>
   <div class='ocr_carea' id='block_1_98' title="bbox 1835 3325 3408 3395">
    <p class='ocr_par' dir='ltr' id='par_1_98' title="bbox 1835 3325 3408 3395">
     <span class='ocr_line' id='line_1_98' title="bbox 1835 3325 3408 3395; baseline 0.001 -16"><span class='ocrx_word' id='word_1_652' title='bbox 1835 3326 1900 3379; x_wconf 89' lang='lat' dir='ltr'><strong>ad</strong></span> <span class='ocrx_word' id='word_1_653' title='bbox 1930 3325 2320 3381; x_wconf 88' lang='lat' dir='ltr'><strong>monasterium</strong></span> <span class='ocrx_word' id='word_1_654' title='bbox 2350 3325 2717 3391; x_wconf 79' lang='lat' dir='ltr'><strong>Molismense,</strong></span> <span class='ocrx_word' id='word_1_655' title='bbox 2743 3325 2888 3395; x_wconf 89' lang='lat' dir='ltr'><strong>quod</strong></span> <span class='ocrx_word' id='word_1_656' title='bbox 2916 3326 3106 3395; x_wconf 86' lang='lat' dir='ltr'><strong>ipsein</strong></span> <span class='ocrx_word' id='word_1_657' title='bbox 3142 3326 3408 3380; x_wconf 87' lang='lat' dir='ltr'><strong>honorem</strong></span> 
     </span>
    </p>
   </div>
   <div class='ocr_carea' id='block_1_99' title="bbox 1837 3415 3413 3483">
    <p class='ocr_par' dir='ltr' id='par_1_99' title="bbox 1837 3415 3413 3483">
     <span class='ocr_line' id='line_1_99' title="bbox 1837 3415 3413 3483; baseline 0.001 -13"><span class='ocrx_word' id='word_1_658' title='bbox 1837 3417 2012 3471; x_wconf 74' lang='lat' dir='ltr'><strong>Beata:</strong></span> <span class='ocrx_word' id='word_1_659' title='bbox 2057 3415 2239 3473; x_wconf 76' lang='lat' dir='ltr'><strong>Marize</strong></span> <span class='ocrx_word' id='word_1_660' title='bbox 2297 3416 2639 3483; x_wconf 86' lang='lat' dir='ltr'><strong>fundaverat,</strong></span> <span class='ocrx_word' id='word_1_661' title='bbox 2694 3434 2949 3473; x_wconf 89' lang='lat' dir='ltr'><strong>reversus</strong></span> <span class='ocrx_word' id='word_1_662' title='bbox 2996 3425 3098 3473; x_wconf 87' lang='lat' dir='ltr'><strong>est.</strong></span> <span class='ocrx_word' id='word_1_663' title='bbox 3148 3416 3413 3473; x_wconf 89' lang='lat' dir='ltr'><strong>Defuncto</strong></span> 
     </span>
    </p>
   </div>
   <div class='ocr_carea' id='block_1_100' title="bbox 1837 3507 3413 3578">
    <p class='ocr_par' dir='ltr' id='par_1_100' title="bbox 1837 3507 3413 3578">
     <span class='ocr_line' id='line_1_100' title="bbox 1837 3507 3413 3578; baseline 0.002 -16"><span class='ocrx_word' id='word_1_664' title='bbox 1837 3524 1967 3563; x_wconf 84' lang='lat' dir='ltr'><strong>vero</strong></span> <span class='ocrx_word' id='word_1_665' title='bbox 2002 3517 2126 3578; x_wconf 89' lang='lat' dir='ltr'><strong>post</strong></span> <span class='ocrx_word' id='word_1_666' title='bbox 2176 3508 2457 3563; x_wconf 91' lang='lat' dir='ltr'><strong>biennium</strong></span> <span class='ocrx_word' id='word_1_667' title='bbox 2503 3508 2615 3578; x_wconf 87' lang='grc'>(20)</span> <span class='ocrx_word' id='word_1_668' title='bbox 2659 3509 2932 3574; x_wconf 84' lang='lat' dir='ltr'><strong>Albcrieo,</strong></span> <span class='ocrx_word' id='word_1_669' title='bbox 2968 3510 3235 3565; x_wconf 90' lang='lat' dir='ltr'><strong>successit</strong></span> <span class='ocrx_word' id='word_1_670' title='bbox 3287 3507 3413 3565; x_wconf 79' lang='lat' dir='ltr'><strong>Ste-</strong></span> 
     </span>
    </p>
   </div>
   <div class='ocr_carea' id='block_1_101' title="bbox 1837 3600 3415 3672">
    <p class='ocr_par' dir='ltr' id='par_1_101' title="bbox 1837 3600 3415 3672">
     <span class='ocr_line' id='line_1_101' title="bbox 1837 3600 3415 3672; baseline 0 -17"><span class='ocrx_word' id='word_1_671' title='bbox 1837 3602 2050 3672; x_wconf 87' lang='lat' dir='ltr'><strong>phanus</strong></span> <span class='ocrx_word' id='word_1_672' title='bbox 2086 3618 2115 3658; x_wconf 90' lang='lat' dir='ltr'><strong>a</strong></span> <span class='ocrx_word' id='word_1_673' title='bbox 2144 3601 2204 3656; x_wconf 87' lang='lat' dir='ltr'><strong>B.</strong></span> <span class='ocrx_word' id='word_1_674' title='bbox 2238 3600 2478 3657; x_wconf 80' lang='lat' dir='ltr'><strong>Roberto</strong></span> <span class='ocrx_word' id='word_1_675' title='bbox 2508 3602 2620 3672; x_wconf 87' lang='grc'>(21)</span> <span class='ocrx_word' id='word_1_676' title='bbox 2651 3602 2818 3658; x_wconf 89' lang='lat' dir='ltr'><strong>abbas</strong></span> <span class='ocrx_word' id='word_1_677' title='bbox 2845 3601 3302 3658; x_wconf 86' lang='lat' dir='ltr'><strong>Cistcrciensihus</strong></span> <span class='ocrx_word' id='word_1_678' title='bbox 3322 3615 3415 3656; x_wconf 86' lang='lat' dir='ltr'><strong>or-</strong></span> 
     </span>
    </p>
   </div>
   <div class='ocr_carea' id='block_1_102' title="bbox 1838 3773 3411 3843">
    <p class='ocr_par' dir='ltr' id='par_1_102' title="bbox 1838 3773 3411 3843">
     <span class='ocr_line' id='line_1_102' title="bbox 1838 3773 3411 3843; baseline 0.001 -13"><span class='ocrx_word' id='word_1_679' title='bbox 1838 3776 2055 3830; x_wconf 85' lang='lat' dir='ltr'><strong>dericus</strong></span> <span class='ocrx_word' id='word_1_680' title='bbox 2086 3773 2277 3829; x_wconf 72' lang='lat' dir='ltr'><strong>Vitalis</strong></span> <span class='ocrx_word' id='word_1_681' title='bbox 2298 3776 2392 3828; x_wconf 91' lang='lat' dir='ltr'><strong>lib.</strong></span> <span class='ocrx_word' id='word_1_682' title='bbox 2424 3791 2521 3829; x_wconf 84' lang='lat' dir='ltr'><strong>vui</strong></span> <span class='ocrx_word' id='word_1_683' title='bbox 2553 3790 2719 3843; x_wconf 84' lang='lat' dir='ltr'><strong>agens</strong></span> <span class='ocrx_word' id='word_1_684' title='bbox 2747 3776 2813 3832; x_wconf 91' lang='lat' dir='ltr'><strong>de</strong></span> <span class='ocrx_word' id='word_1_685' title='bbox 2844 3775 2902 3830; x_wconf 88' lang='lat' dir='ltr'><strong>S.</strong></span> <span class='ocrx_word' id='word_1_686' title='bbox 2954 3775 3192 3831; x_wconf 81' lang='lat' dir='ltr'><strong>Roberto</strong></span> <span class='ocrx_word' id='word_1_687' title='bbox 3224 3775 3411 3832; x_wconf 81' lang='lat' dir='ltr'><strong>Molis-</strong></span> 
     </span>
    </p>
   </div>
   <div class='ocr_carea' id='block_1_103' title="bbox 1840 3844 3413 3916">
    <p class='ocr_par' dir='ltr' id='par_1_103' title="bbox 1840 3844 3413 3916">
     <span class='ocr_line' id='line_1_103' title="bbox 1840 3844 3413 3916; baseline 0.001 -18"><span class='ocrx_word' id='word_1_688' title='bbox 1840 3859 1989 3898; x_wconf 91' lang='lat' dir='ltr'><strong>mum</strong></span> <span class='ocrx_word' id='word_1_689' title='bbox 2027 3860 2246 3916; x_wconf 71' lang='lat' dir='ltr'><strong>reverso</strong></span> <span class='ocrx_word' id='word_1_690' title='bbox 2274 3862 2287 3896; x_wconf 89' lang='lat'><strong>:</strong></span> <span class='ocrx_word' id='word_1_691' title='bbox 2323 3844 2673 3916; x_wconf 57' lang='lat' dir='ltr'><strong>rAlbericum</strong></span> <span class='ocrx_word' id='word_1_692' title='bbox 2704 3861 2912 3916; x_wconf 72' lang='lat' dir='ltr'><strong>magna:</strong></span> <span class='ocrx_word' id='word_1_693' title='bbox 2935 3846 3210 3916; x_wconf 81' lang='lat' dir='ltr'><strong>religionis</strong></span> <span class='ocrx_word' id='word_1_694' title='bbox 3233 3849 3413 3901; x_wconf 87' lang='lat' dir='ltr'><strong>virum</strong></span> 
     </span>
    </p>
   </div>
   <div class='ocr_carea' id='block_1_104' title="bbox 1840 3912 3415 3982">
    <p class='ocr_par' dir='ltr' id='par_1_104' title="bbox 1840 3912 3415 3982">
     <span class='ocr_line' id='line_1_104' title="bbox 1840 3912 3415 3982; baseline 0.002 -15"><span class='ocrx_word' id='word_1_695' title='bbox 1840 3916 1905 3967; x_wconf 90' lang='lat' dir='ltr'><strong>ad</strong></span> <span class='ocrx_word' id='word_1_696' title='bbox 1933 3929 2071 3982; x_wconf 87' lang='lat' dir='ltr'><strong>opus</strong></span> <span class='ocrx_word' id='word_1_697' title='bbox 2110 3912 2357 3966; x_wconf 84' lang='lat' dir='ltr'><strong>Cistercii</strong></span> <span class='ocrx_word' id='word_1_698' title='bbox 2392 3914 2654 3966; x_wconf 83' lang='lat' dir='ltr'><strong>vicarium</strong></span> <span class='ocrx_word' id='word_1_699' title='bbox 2681 3914 2784 3967; x_wconf 88' lang='lat' dir='ltr'><strong>sibi</strong></span> <span class='ocrx_word' id='word_1_700' title='bbox 2802 3912 3000 3982; x_wconf 53' lang='lat' dir='ltr'><strong>&#39;elegit,</strong></span> <span class='ocrx_word' id='word_1_701' title='bbox 3032 3912 3084 3968; x_wconf 79' lang='lat' dir='ltr'><strong>et</strong></span> <span class='ocrx_word' id='word_1_702' title='bbox 3123 3914 3319 3969; x_wconf 86' lang='lat' dir='ltr'><strong>Joanni</strong></span> <span class='ocrx_word' id='word_1_703' title='bbox 3350 3933 3415 3971; x_wconf 88' lang='lat' dir='ltr'><strong>ac</strong></span> 
     </span>
    </p>
   </div>
   <div class='ocr_carea' id='block_1_105' title="bbox 1842 3982 3413 4053">
    <p class='ocr_par' dir='ltr' id='par_1_105' title="bbox 1842 3982 3413 4053">
     <span class='ocr_line' id='line_1_105' title="bbox 1842 3982 3413 4053; baseline 0.001 -15"><span class='ocrx_word' id='word_1_704' title='bbox 1842 3982 2072 4038; x_wconf 77' lang='lat' dir='ltr'><strong>Hilhodo</strong></span> <span class='ocrx_word' id='word_1_705' title='bbox 2100 3982 2550 4053; x_wconf 71' lang='lat' dir='ltr'><strong>Atrebatensilms</strong></span> <span class='ocrx_word' id='word_1_706' title='bbox 2564 3982 2803 4053; x_wconf 83' lang='lat' dir='ltr'><strong>aliisque</strong></span> <span class='ocrx_word' id='word_1_707' title='bbox 2826 3983 3040 4053; x_wconf 87' lang='lat' dir='ltr'><strong>duobus</strong></span> <span class='ocrx_word' id='word_1_708' title='bbox 3072 3985 3266 4053; x_wconf 85' lang='lat' dir='ltr'><strong>viginti</strong></span> <span class='ocrx_word' id='word_1_709' title='bbox 3298 3985 3413 4039; x_wconf 83' lang='lat' dir='ltr'><strong>fra-</strong></span> 
     </span>
    </p>
   </div>
   <div class='ocr_carea' id='block_1_106' title="bbox 1842 4051 3412 4121">
    <p class='ocr_par' dir='ltr' id='par_1_106' title="bbox 1842 4051 3412 4121">
     <span class='ocr_line' id='line_1_106' title="bbox 1842 4051 3412 4121; baseline 0.001 -13"><span class='ocrx_word' id='word_1_710' title='bbox 1842 4055 2018 4108; x_wconf 86' lang='lat' dir='ltr'><strong>tribus</strong></span> <span class='ocrx_word' id='word_1_711' title='bbox 2047 4052 2296 4107; x_wconf 86' lang='lat' dir='ltr'><strong>abbatem</strong></span> <span class='ocrx_word' id='word_1_712' title='bbox 2327 4051 2573 4106; x_wconf 82' lang='lat' dir='ltr'><strong>Cistercii</strong></span> <span class='ocrx_word' id='word_1_713' title='bbox 2606 4052 2888 4106; x_wconf 86' lang='lat' dir='ltr'><strong>constituit</strong></span> <span class='ocrx_word' id='word_1_714' title='bbox 2928 4071 2941 4106; x_wconf 87' lang='lat'><strong>:</strong></span> <span class='ocrx_word' id='word_1_715' title='bbox 2990 4052 3081 4121; x_wconf 90' lang='lat' dir='ltr'><strong>qui</strong></span> <span class='ocrx_word' id='word_1_716' title='bbox 3114 4051 3165 4106; x_wconf 79' lang='lat' dir='ltr'><strong>in</strong></span> <span class='ocrx_word' id='word_1_717' title='bbox 3213 4069 3412 4121; x_wconf 77' lang='lat' dir='ltr'><strong>magna</strong></span> 
     </span>
    </p>
   </div>
   <div class='ocr_carea' id='block_1_107' title="bbox 1841 4122 3413 4193">
    <p class='ocr_par' dir='ltr' id='par_1_107' title="bbox 1841 4122 3413 4193">
     <span class='ocr_line' id='line_1_107' title="bbox 1841 4122 3413 4193; baseline -0.001 -14"><span class='ocrx_word' id='word_1_718' title='bbox 1841 4132 2079 4193; x_wconf 89' lang='lat' dir='ltr'><strong>egestate</strong></span> <span class='ocrx_word' id='word_1_719' title='bbox 2105 4122 2426 4193; x_wconf 24' lang='lat' dir='ltr'><strong>perndecein</strong></span> <span class='ocrx_word' id='word_1_720' title='bbox 2462 4137 2638 4193; x_wconf 82' lang='lat' dir='ltr'><strong>annos</strong></span> <span class='ocrx_word' id='word_1_721' title='bbox 2682 4122 2752 4174; x_wconf 88' lang='lat' dir='ltr'><strong>ibi</strong></span> <span class='ocrx_word' id='word_1_722' title='bbox 2786 4122 2990 4193; x_wconf 86' lang='lat' dir='ltr'><strong>deguit,</strong></span> <span class='ocrx_word' id='word_1_723' title='bbox 3038 4130 3091 4175; x_wconf 91' lang='lat' dir='ltr'><strong>et</strong></span> <span class='ocrx_word' id='word_1_724' title='bbox 3126 4138 3257 4193; x_wconf 72' lang='lat' dir='ltr'><strong>eum</strong></span> <span class='ocrx_word' id='word_1_725' title='bbox 3292 4124 3413 4179; x_wconf 91' lang='lat' dir='ltr'><strong>suis</strong></span> 
     </span>
    </p>
   </div>
   <div class='ocr_carea' id='block_1_108' title="bbox 1843 4190 3415 4259">
    <p class='ocr_par' dir='ltr' id='par_1_108' title="bbox 1843 4190 3415 4259">
     <span class='ocr_line' id='line_1_108' title="bbox 1843 4190 3415 4259; baseline 0.001 -14"><span class='ocrx_word' id='word_1_726' title='bbox 1843 4190 2324 4249; x_wconf 82' lang='lat' dir='ltr'><strong>contubernaliluis</strong></span> <span class='ocrx_word' id='word_1_727' title='bbox 2367 4190 2473 4245; x_wconf 87' lang='lat' dir='ltr'><strong>Deo</strong></span> <span class='ocrx_word' id='word_1_728' title='bbox 2502 4191 2734 4259; x_wconf 85' lang='lat' dir='ltr'><strong>gloriose</strong></span> <span class='ocrx_word' id='word_1_729' title='bbox 2757 4192 3027 4245; x_wconf 90' lang='lat' dir='ltr'><strong>militavit.</strong></span> <span class='ocrx_word' id='word_1_730' title='bbox 3071 4211 3089 4242; x_wconf 74' lang='grc' dir='ltr'><strong><em>ι</em></strong></span> <span class='ocrx_word' id='word_1_731' title='bbox 3125 4191 3333 4246; x_wconf 85' lang='lat' dir='ltr'><strong>Floruit</strong></span> <span class='ocrx_word' id='word_1_732' title='bbox 3359 4202 3415 4247; x_wconf 92' lang='lat' dir='ltr'><strong>et</strong></span> 
     </span>
    </p>
   </div>
   <div class='ocr_carea' id='block_1_109' title="bbox 1849 4259 3414 4333">
    <p class='ocr_par' dir='ltr' id='par_1_109' title="bbox 1849 4259 3414 4333">
     <span class='ocr_line' id='line_1_109' title="bbox 1849 4259 3414 4333; baseline 0.002 -17"><span class='ocrx_word' id='word_1_733' title='bbox 1849 4263 2068 4333; x_wconf 81' lang='lat' dir='ltr'><strong>scripsit</strong></span> <span class='ocrx_word' id='word_1_734' title='bbox 2095 4260 2387 4333; x_wconf 83' lang='lat' dir='ltr'><strong>Ordericus</strong></span> <span class='ocrx_word' id='word_1_735' title='bbox 2435 4262 2582 4333; x_wconf 79' lang='lat' dir='ltr'><strong>circa</strong></span> <span class='ocrx_word' id='word_1_736' title='bbox 2637 4276 2840 4333; x_wconf 80' lang='lat' dir='ltr'><strong>annum</strong></span> <span class='ocrx_word' id='word_1_737' title='bbox 2898 4259 3054 4333; x_wconf 84' lang='grc'>1120,</span> <span class='ocrx_word' id='word_1_738' title='bbox 3112 4264 3414 4319; x_wconf 84' lang='lat' dir='ltr'><strong>monachus</strong></span> 
     </span>
    </p>
   </div>
   <div class='ocr_carea' id='block_1_110' title="bbox 1844 4331 3412 4393">
    <p class='ocr_par' dir='ltr' id='par_1_110' title="bbox 1844 4331 3412 4393">
     <span class='ocr_line' id='line_1_110' title="bbox 1844 4331 3412 4393; baseline -0.002 -6"><span class='ocrx_word' id='word_1_739' title='bbox 1844 4331 2116 4387; x_wconf 80' lang='lat' dir='ltr'><strong>Uticensis</strong></span> <span class='ocrx_word' id='word_1_740' title='bbox 2145 4332 2198 4384; x_wconf 91' lang='lat' dir='ltr'><strong>in</strong></span> <span class='ocrx_word' id='word_1_741' title='bbox 2223 4331 2444 4386; x_wconf 73' lang='lat' dir='ltr'><strong>dimcesi</strong></span> <span class='ocrx_word' id='word_1_742' title='bbox 2480 4331 2830 4393; x_wconf 76' lang='lat' dir='ltr'><strong>Lexoviensi;</strong></span> <span class='ocrx_word' id='word_1_743' title='bbox 2880 4341 2938 4385; x_wconf 90' lang='lat' dir='ltr'><strong>ut</strong></span> <span class='ocrx_word' id='word_1_744' title='bbox 2963 4332 3076 4385; x_wconf 78' lang='lat' dir='ltr'><strong>luce</strong></span> <span class='ocrx_word' id='word_1_745' title='bbox 3101 4333 3412 4386; x_wconf 87' lang='lat' dir='ltr'><strong>necessario</strong></span> 
     </span>
    </p>
   </div>
   <div class='ocr_carea' id='block_1_111' title="bbox 1847 4399 3413 4470">
    <p class='ocr_par' dir='ltr' id='par_1_111' title="bbox 1847 4399 3413 4470">
     <span class='ocr_line' id='line_1_111' title="bbox 1847 4399 3413 4470; baseline -0.002 -13"><span class='ocrx_word' id='word_1_746' title='bbox 1847 4403 2104 4458; x_wconf 89' lang='lat' dir='ltr'><strong>habuisse</strong></span> <span class='ocrx_word' id='word_1_747' title='bbox 2148 4400 2398 4455; x_wconf 85' lang='lat' dir='ltr'><strong>debuerit</strong></span> <span class='ocrx_word' id='word_1_748' title='bbox 2437 4418 2501 4456; x_wconf 79' lang='lat' dir='ltr'><strong>ex</strong></span> <span class='ocrx_word' id='word_1_749' title='bbox 2555 4401 2688 4470; x_wconf 87' lang='lat' dir='ltr'><strong>ipsis</strong></span> <span class='ocrx_word' id='word_1_750' title='bbox 2719 4399 3179 4465; x_wconf 75' lang='lat' dir='ltr'><strong>Molismensihus,</strong></span> <span class='ocrx_word' id='word_1_751' title='bbox 3221 4402 3413 4470; x_wconf 85' lang='lat' dir='ltr'><strong>primis</strong></span> 
     </span>
    </p>
   </div>
   <div class='ocr_carea' id='block_1_112' title="bbox 1845 4471 3413 4539">
    <p class='ocr_par' dir='ltr' id='par_1_112' title="bbox 1845 4471 3413 4539">
     <span class='ocr_line' id='line_1_112' title="bbox 1845 4471 3413 4539; baseline 0 -14"><span class='ocrx_word' id='word_1_752' title='bbox 1845 4474 1913 4527; x_wconf 88' lang='lat' dir='ltr'><strong>de</strong></span> <span class='ocrx_word' id='word_1_753' title='bbox 1942 4489 2039 4527; x_wconf 88' lang='lat' dir='ltr'><strong>sua</strong></span> <span class='ocrx_word' id='word_1_754' title='bbox 2070 4471 2407 4526; x_wconf 89' lang='lat' dir='ltr'><strong>institutione</strong></span> <span class='ocrx_word' id='word_1_755' title='bbox 2429 4472 2782 4539; x_wconf 75' lang='lat' dir='ltr'><strong>scriptoribus</strong></span> <span class='ocrx_word' id='word_1_756' title='bbox 2809 4489 2823 4537; x_wconf 90' lang='lat'><strong>;</strong></span> <span class='ocrx_word' id='word_1_757' title='bbox 2877 4472 2944 4524; x_wconf 90' lang='lat' dir='ltr'><strong>ah</strong></span> <span class='ocrx_word' id='word_1_758' title='bbox 2972 4472 3160 4525; x_wconf 84' lang='lat' dir='ltr'><strong>iisdem</strong></span> <span class='ocrx_word' id='word_1_759' title='bbox 3210 4471 3261 4523; x_wconf 88' lang='lat' dir='ltr'><strong>in</strong></span> <span class='ocrx_word' id='word_1_760' title='bbox 3307 4471 3413 4525; x_wconf 87' lang='lat' dir='ltr'><strong>hoc</strong></span> 
     </span>
    </p>
   </div>
   <div class='ocr_carea' id='block_1_113' title="bbox 1775 4527 3411 4612">
    <p class='ocr_par' dir='ltr' id='par_1_113' title="bbox 1775 4527 3411 4612">
     <span class='ocr_line' id='line_1_113' title="bbox 1775 4527 3411 4612; baseline -0.003 -15"><span class='ocrx_word' id='word_1_761' title='bbox 1775 4527 1817 4580; x_wconf 82' lang='grc' dir='ltr'><strong>Ῐ)</strong></span> <span class='ocrx_word' id='word_1_762' title='bbox 1847 4559 1957 4597; x_wconf 91' lang='lat' dir='ltr'><strong>uno</strong></span> <span class='ocrx_word' id='word_1_763' title='bbox 1978 4543 2254 4612; x_wconf 83' lang='lat' dir='ltr'><strong>deceptus.</strong></span> <span class='ocrx_word' id='word_1_764' title='bbox 2285 4541 2423 4612; x_wconf 84' lang='lat' dir='ltr'><strong>quod</strong></span> <span class='ocrx_word' id='word_1_765' title='bbox 2451 4527 2692 4596; x_wconf 73' lang='lat' dir='ltr'><strong>dicerent</strong></span> <span class='ocrx_word' id='word_1_766' title='bbox 2744 4527 3131 4595; x_wconf 52' lang='lat' dir='ltr'><strong>S.&#39;Robettum</strong></span> <span class='ocrx_word' id='word_1_767' title='bbox 3163 4541 3411 4612; x_wconf 85' lang='lat' dir='ltr'><strong>superio-</strong></span> 
     </span>
    </p>
   </div>
   <div class='ocr_carea' id='block_1_114' title="bbox 1845 4610 3413 4682">
    <p class='ocr_par' dir='ltr' id='par_1_114' title="bbox 1845 4610 3413 4682">
     <span class='ocr_line' id='line_1_114' title="bbox 1845 4610 3413 4682; baseline -0.003 -15"><span class='ocrx_word' id='word_1_768' title='bbox 1845 4614 2022 4667; x_wconf 89' lang='lat' dir='ltr'><strong>ritatis</strong></span> <span class='ocrx_word' id='word_1_769' title='bbox 2058 4610 2259 4682; x_wconf 87' lang='lat' dir='ltr'><strong>aliquid</strong></span> <span class='ocrx_word' id='word_1_770' title='bbox 2289 4612 2342 4665; x_wconf 91' lang='lat' dir='ltr'><strong>in</strong></span> <span class='ocrx_word' id='word_1_771' title='bbox 2370 4610 2762 4667; x_wconf 84' lang='lat' dir='ltr'><strong>Cistercienses</strong></span> <span class='ocrx_word' id='word_1_772' title='bbox 2787 4612 3078 4666; x_wconf 86' lang='lat' dir='ltr'><strong>retinuisse</strong></span> <span class='ocrx_word' id='word_1_773' title='bbox 3103 4627 3226 4666; x_wconf 90' lang='lat' dir='ltr'><strong>cum</strong></span> <span class='ocrx_word' id='word_1_774' title='bbox 3257 4610 3413 4663; x_wconf 84' lang='lat' dir='ltr'><strong>rediit</strong></span> 
     </span>
    </p>
   </div>
   <div class='ocr_carea' id='block_1_115' title="bbox 1847 4682 3411 4748">
    <p class='ocr_par' dir='ltr' id='par_1_115' title="bbox 1847 4682 3411 4748">
     <span class='ocr_line' id='line_1_115' title="bbox 1847 4682 3411 4748; baseline -0.003 -11"><span class='ocrx_word' id='word_1_775' title='bbox 1847 4683 2178 4746; x_wconf 83' lang='lat' dir='ltr'><strong>Molismum,</strong></span> <span class='ocrx_word' id='word_1_776' title='bbox 2212 4683 2370 4748; x_wconf 87' lang='lat' dir='ltr'><strong>cujus</strong></span> <span class='ocrx_word' id='word_1_777' title='bbox 2395 4683 2728 4737; x_wconf 84' lang='lat' dir='ltr'><strong>contrarium</strong></span> <span class='ocrx_word' id='word_1_778' title='bbox 2765 4682 3197 4735; x_wconf 81' lang='lat' dir='ltr'><strong>demonstratum</strong></span> <span class='ocrx_word' id='word_1_779' title='bbox 3237 4689 3411 4734; x_wconf 80' lang='lat' dir='ltr'><strong>estex</strong></span> 
     </span>
    </p>
   </div>
   <div class='ocr_carea' id='block_1_116' title="bbox 1848 4750 3413 4823">
    <p class='ocr_par' dir='ltr' id='par_1_116' title="bbox 1848 4750 3413 4823">
     <span class='ocr_line' id='line_1_116' title="bbox 1848 4750 3413 4823; baseline -0.002 -16"><span class='ocrx_word' id='word_1_780' title='bbox 1848 4755 1980 4823; x_wconf 89' lang='lat' dir='ltr'><strong>ipsis</strong></span> <span class='ocrx_word' id='word_1_781' title='bbox 2007 4754 2164 4823; x_wconf 88' lang='lat' dir='ltr'><strong>legati</strong></span> <span class='ocrx_word' id='word_1_782' title='bbox 2198 4753 2480 4823; x_wconf 77' lang='lat' dir='ltr'><strong>apostolici</strong></span> <span class='ocrx_word' id='word_1_783' title='bbox 2527 4762 2580 4807; x_wconf 90' lang='lat' dir='ltr'><strong>et</strong></span> <span class='ocrx_word' id='word_1_784' title='bbox 2602 4751 2820 4823; x_wconf 75' lang='lat' dir='ltr'><strong>Cameri</strong></span> <span class='ocrx_word' id='word_1_785' title='bbox 2865 4751 3241 4823; x_wconf 79' lang='lat' dir='ltr'><strong>Cabilonensis</strong></span> <span class='ocrx_word' id='word_1_786' title='bbox 3269 4750 3413 4817; x_wconf 84' lang='lat' dir='ltr'><strong>epis-</strong></span> 
     </span>
    </p>
   </div>
   <div class='ocr_carea' id='block_1_117' title="bbox 1845 4820 3415 4892">
    <p class='ocr_par' dir='ltr' id='par_1_117' title="bbox 1845 4820 3415 4892">
     <span class='ocr_line' id='line_1_117' title="bbox 1845 4820 3415 4892; baseline -0.002 -15"><span class='ocrx_word' id='word_1_787' title='bbox 1845 4820 1964 4892; x_wconf 79' lang='lat' dir='ltr'><strong>copi</strong></span> <span class='ocrx_word' id='word_1_788' title='bbox 1996 4820 2189 4877; x_wconf 76' lang='lat' dir='ltr'><strong>litteris</strong></span> <span class='ocrx_word' id='word_1_789' title='bbox 2225 4820 2241 4875; x_wconf 17' lang='lat'><strong>:7</strong></span> <span class='ocrx_word' id='word_1_790' title='bbox 2270 4824 2401 4892; x_wconf 89' lang='lat' dir='ltr'><strong>quin</strong></span> <span class='ocrx_word' id='word_1_791' title='bbox 2429 4822 2542 4890; x_wconf 92' lang='lat' dir='ltr'><strong>ipse</strong></span> <span class='ocrx_word' id='word_1_792' title='bbox 2566 4822 2684 4875; x_wconf 69' lang='lat' dir='ltr'><strong>vitae</strong></span> <span class='ocrx_word' id='word_1_793' title='bbox 2714 4823 2872 4888; x_wconf 86' lang='lat' dir='ltr'><strong>hujus</strong></span> <span class='ocrx_word' id='word_1_794' title='bbox 2898 4831 3084 4875; x_wconf 88' lang='lat' dir='ltr'><strong>auctor</strong></span> <span class='ocrx_word' id='word_1_795' title='bbox 3103 4820 3264 4890; x_wconf 90' lang='lat' dir='ltr'><strong>paulo</strong></span> <span class='ocrx_word' id='word_1_796' title='bbox 3289 4829 3415 4892; x_wconf 76' lang='lat' dir='ltr'><strong>ante</strong></span> 
     </span>
    </p>
   </div>
   <div class='ocr_carea' id='block_1_118' title="bbox 1848 4890 3414 4961">
    <p class='ocr_par' dir='ltr' id='par_1_118' title="bbox 1848 4890 3414 4961">
     <span class='ocr_line' id='line_1_118' title="bbox 1848 4890 3414 4961; baseline -0.002 -15"><span class='ocrx_word' id='word_1_797' title='bbox 1848 4890 2069 4956; x_wconf 84' lang='lat' dir='ltr'><strong>indicat,</strong></span> <span class='ocrx_word' id='word_1_798' title='bbox 2103 4907 2294 4961; x_wconf 89' lang='lat' dir='ltr'><strong>papam</strong></span> <span class='ocrx_word' id='word_1_799' title='bbox 2323 4891 2668 4945; x_wconf 71' lang='lat' dir='ltr'><strong>Gabilouensi</strong></span> <span class='ocrx_word' id='word_1_800' title='bbox 2703 4894 3011 4956; x_wconf 77' lang='lat' dir='ltr'><strong>mandasse,</strong></span> <span class='ocrx_word' id='word_1_801' title='bbox 3041 4899 3097 4945; x_wconf 90' lang='lat' dir='ltr'><strong>ut</strong></span> <span class='ocrx_word' id='word_1_802' title='bbox 3124 4892 3291 4943; x_wconf 89' lang='lat' dir='ltr'><strong>alium</strong></span> <span class='ocrx_word' id='word_1_803' title='bbox 3320 4890 3414 4943; x_wconf 88' lang='lat' dir='ltr'><strong>ab-</strong></span> 
     </span>
    </p>
   </div>
   <div class='ocr_carea' id='block_1_119' title="bbox 1846 4961 2623 5018">
    <p class='ocr_par' dir='ltr' id='par_1_119' title="bbox 1846 4961 2623 5018">
     <span class='ocr_line' id='line_1_119' title="bbox 1846 4961 2623 5018; baseline -0.005 0"><span class='ocrx_word' id='word_1_804' title='bbox 1846 4964 2022 5018; x_wconf 78' lang='lat' dir='ltr'><strong>batem</strong></span> <span class='ocrx_word' id='word_1_805' title='bbox 2053 4962 2299 5017; x_wconf 80' lang='lat' dir='ltr'><strong>Cisterrii</strong></span> <span class='ocrx_word' id='word_1_806' title='bbox 2326 4961 2623 5015; x_wconf 87' lang='lat' dir='ltr'><strong>ordinaret.</strong></span> 
     </span>
    </p>
   </div>
   <div class='ocr_carea' id='block_1_120' title="bbox 1919 5028 3416 5101">
    <p class='ocr_par' dir='ltr' id='par_1_120' title="bbox 1919 5028 3416 5101">
     <span class='ocr_line' id='line_1_120' title="bbox 1919 5028 3416 5101; baseline -0.001 -16"><span class='ocrx_word' id='word_1_807' title='bbox 1919 5033 2032 5101; x_wconf 90' lang='grc'>(21)</span> <span class='ocrx_word' id='word_1_808' title='bbox 2064 5031 2341 5085; x_wconf 75' lang='lat' dir='ltr'><strong>Vixeritne</strong></span> <span class='ocrx_word' id='word_1_809' title='bbox 2371 5032 2555 5084; x_wconf 88' lang='lat' dir='ltr'><strong>tamliu</strong></span> <span class='ocrx_word' id='word_1_810' title='bbox 2591 5030 2865 5101; x_wconf 79' lang='lat' dir='ltr'><strong>Rohertus</strong></span> <span class='ocrx_word' id='word_1_811' title='bbox 2886 5040 3150 5101; x_wconf 83' lang='lat' dir='ltr'><strong>incertum</strong></span> <span class='ocrx_word' id='word_1_812' title='bbox 3178 5039 3281 5093; x_wconf 84' lang='lat' dir='ltr'><strong>est,</strong></span> <span class='ocrx_word' id='word_1_813' title='bbox 3312 5028 3416 5101; x_wconf 88' lang='lat' dir='ltr'><strong>hoc</strong></span> 
     </span>
    </p>
   </div>
   <div class='ocr_carea' id='block_1_121' title="bbox 1828 5099 3417 5170">
    <p class='ocr_par' dir='ltr' id='par_1_121' title="bbox 1828 5099 3417 5170">
     <span class='ocr_line' id='line_1_121' title="bbox 1828 5099 3417 5170; baseline -0.004 -11"><span class='ocrx_word' id='word_1_814' title='bbox 1828 5099 2060 5159; x_wconf 86' lang='lat' dir='ltr'><strong>.eonstat</strong></span> <span class='ocrx_word' id='word_1_815' title='bbox 2086 5102 2217 5155; x_wconf 89' lang='lat' dir='ltr'><strong>nihil</strong></span> <span class='ocrx_word' id='word_1_816' title='bbox 2248 5101 2347 5170; x_wconf 87' lang='lat' dir='ltr'><strong>ipsi</strong></span> <span class='ocrx_word' id='word_1_817' title='bbox 2375 5101 2517 5168; x_wconf 90' lang='lat' dir='ltr'><strong>juris</strong></span> <span class='ocrx_word' id='word_1_818' title='bbox 2561 5100 2612 5153; x_wconf 91' lang='lat' dir='ltr'><strong>in</strong></span> <span class='ocrx_word' id='word_1_819' title='bbox 2645 5099 3033 5170; x_wconf 75' lang='lat' dir='ltr'><strong>Cistcrcicnscs</strong></span> <span class='ocrx_word' id='word_1_820' title='bbox 3073 5100 3260 5164; x_wconf 85' lang='lat' dir='ltr'><strong>fuisse,</strong></span> <span class='ocrx_word' id='word_1_821' title='bbox 3297 5100 3417 5167; x_wconf 86' lang='lat' dir='ltr'><strong>ejus</strong></span> 
     </span>
    </p>
   </div>
   <div class='ocr_carea' id='block_1_122' title="bbox 1849 5169 3417 5241">
    <p class='ocr_par' dir='ltr' id='par_1_122' title="bbox 1849 5169 3417 5241">
     <span class='ocr_line' id='line_1_122' title="bbox 1849 5169 3417 5241; baseline -0.003 -16"><span class='ocrx_word' id='word_1_822' title='bbox 1849 5182 2027 5226; x_wconf 91' lang='lat' dir='ltr'><strong>tamen</strong></span> <span class='ocrx_word' id='word_1_823' title='bbox 2052 5169 2282 5227; x_wconf 86' lang='lat' dir='ltr'><strong>consilio</strong></span> <span class='ocrx_word' id='word_1_824' title='bbox 2313 5171 2363 5224; x_wconf 90' lang='lat' dir='ltr'><strong>in</strong></span> <span class='ocrx_word' id='word_1_825' title='bbox 2406 5180 2634 5241; x_wconf 82' lang='lat' dir='ltr'><strong>utraun</strong></span> <span class='ocrx_word' id='word_1_826' title='bbox 2659 5169 2925 5223; x_wconf 87' lang='lat' dir='ltr'><strong>electione</strong></span> <span class='ocrx_word' id='word_1_827' title='bbox 2952 5171 3111 5235; x_wconf 84' lang='lat' dir='ltr'><strong>dirigi</strong></span> <span class='ocrx_word' id='word_1_828' title='bbox 3156 5172 3301 5241; x_wconf 89' lang='lat' dir='ltr'><strong>ipsos</strong></span> <span class='ocrx_word' id='word_1_829' title='bbox 3322 5186 3417 5238; x_wconf 84' lang='lat' dir='ltr'><strong>po-</strong></span> 
     </span>
    </p>
   </div>
   <div class='ocr_carea' id='block_1_123' title="bbox 1849 5239 3420 5311">
    <p class='ocr_par' dir='ltr' id='par_1_123' title="bbox 1849 5239 3420 5311">
     <span class='ocr_line' id='line_1_123' title="bbox 1849 5239 3420 5311; baseline -0.003 -15"><span class='ocrx_word' id='word_1_830' title='bbox 1849 5243 2018 5297; x_wconf 84' lang='lat' dir='ltr'><strong>tuisse</strong></span> <span class='ocrx_word' id='word_1_831' title='bbox 2060 5257 2166 5296; x_wconf 87' lang='lat' dir='ltr'><strong>non</strong></span> <span class='ocrx_word' id='word_1_832' title='bbox 2222 5239 2559 5311; x_wconf 67' lang='lat' dir='ltr'><strong>negaverim.</strong></span> <span class='ocrx_word' id='word_1_833' title='bbox 2601 5239 2747 5294; x_wconf 90' lang='lat' dir='ltr'><strong>Obiit</strong></span> <span class='ocrx_word' id='word_1_834' title='bbox 2796 5249 2974 5293; x_wconf 87' lang='lat' dir='ltr'><strong>autem</strong></span> <span class='ocrx_word' id='word_1_835' title='bbox 3025 5240 3312 5295; x_wconf 84' lang='lat' dir='ltr'><strong>Albericus</strong></span> <span class='ocrx_word' id='word_1_836' title='bbox 3365 5247 3420 5291; x_wconf 86' lang='lat' dir='ltr'><strong>et</strong></span> 
     </span>
    </p>
   </div>
   <div class='ocr_carea' id='block_1_124' title="bbox 1848 5311 3421 5380">
    <p class='ocr_par' dir='ltr' id='par_1_124' title="bbox 1848 5311 3421 5380">
     <span class='ocr_line' id='line_1_124' title="bbox 1848 5311 3421 5380; baseline -0.005 -13"><span class='ocrx_word' id='word_1_837' title='bbox 1848 5314 2054 5367; x_wconf 82' lang='lat' dir='ltr'><strong>electus</strong></span> <span class='ocrx_word' id='word_1_838' title='bbox 2099 5321 2180 5367; x_wconf 90' lang='lat' dir='ltr'><strong>cst</strong></span> <span class='ocrx_word' id='word_1_839' title='bbox 2242 5311 2549 5380; x_wconf 63' lang='lat' dir='ltr'><strong>Stephanus</strong></span> <span class='ocrx_word' id='word_1_840' title='bbox 2602 5311 2768 5379; x_wconf 89' lang='lat' dir='ltr'><strong>prior,</strong></span> <span class='ocrx_word' id='word_1_841' title='bbox 2829 5318 2959 5364; x_wconf 88' lang='lat' dir='ltr'><strong>tunc</strong></span> <span class='ocrx_word' id='word_1_842' title='bbox 3015 5312 3237 5380; x_wconf 82' lang='lat' dir='ltr'><strong>absens,</strong></span> <span class='ocrx_word' id='word_1_843' title='bbox 3273 5324 3421 5380; x_wconf 72' lang='lat' dir='ltr'><strong>anno</strong></span> 
     </span>
    </p>
   </div>
   <div class='ocr_carea' id='block_1_125' title="bbox 1851 5377 3419 5451">
    <p class='ocr_par' dir='ltr' id='par_1_125' title="bbox 1851 5377 3419 5451">
     <span class='ocr_line' id='line_1_125' title="bbox 1851 5377 3419 5451; baseline -0.004 -16"><span class='ocrx_word' id='word_1_844' title='bbox 1851 5383 2008 5447; x_wconf 86' lang='grc'>1109,</span> <span class='ocrx_word' id='word_1_845' title='bbox 2057 5383 2123 5435; x_wconf 90' lang='lat' dir='ltr'><strong>de</strong></span> <span class='ocrx_word' id='word_1_846' title='bbox 2161 5397 2270 5451; x_wconf 85' lang='lat' dir='ltr'><strong>quo</strong></span> <span class='ocrx_word' id='word_1_847' title='bbox 2294 5377 2659 5450; x_wconf 50' lang='lat' dir='ltr'><strong>plac-laudatus</strong></span> <span class='ocrx_word' id='word_1_848' title='bbox 2700 5380 2990 5435; x_wconf 89' lang='lat' dir='ltr'><strong>Ordericus</strong></span> <span class='ocrx_word' id='word_1_849' title='bbox 3020 5379 3230 5451; x_wconf 77' lang='lat' dir='ltr'><strong>scribit,</strong></span> <span class='ocrx_word' id='word_1_850' title='bbox 3273 5377 3419 5444; x_wconf 84' lang='lat' dir='ltr'><strong>quod</strong></span> 
     </span>
    </p>
   </div>
   <div class='ocr_carea' id='block_1_126' title="bbox 1850 5449 3418 5521">
    <p class='ocr_par' dir='ltr' id='par_1_126' title="bbox 1850 5449 3418 5521">
     <span class='ocr_line' id='line_1_126' title="bbox 1850 5449 3418 5521; baseline -0.006 -15"><span class='ocrx_word' id='word_1_851' title='bbox 1850 5452 1951 5506; x_wconf 91' lang='lat' dir='ltr'><strong>fuit</strong></span> <span class='ocrx_word' id='word_1_852' title='bbox 1978 5472 1997 5502; x_wconf 71' lang='grc' dir='ltr'>ι</span> <span class='ocrx_word' id='word_1_853' title='bbox 2028 5449 2247 5506; x_wconf 86' lang='lat' dir='ltr'><strong>natione</strong></span> <span class='ocrx_word' id='word_1_854' title='bbox 2270 5449 2552 5521; x_wconf 84' lang='lat' dir='ltr'><strong>Anglicus,</strong></span> <span class='ocrx_word' id='word_1_855' title='bbox 2586 5452 2670 5503; x_wconf 91' lang='lat' dir='ltr'><strong>vir</strong></span> <span class='ocrx_word' id='word_1_856' title='bbox 2693 5466 2902 5519; x_wconf 76' lang='lat' dir='ltr'><strong>magna:</strong></span> <span class='ocrx_word' id='word_1_857' title='bbox 2937 5449 3214 5521; x_wconf 85' lang='lat' dir='ltr'><strong>religionis</strong></span> <span class='ocrx_word' id='word_1_858' title='bbox 3243 5456 3418 5521; x_wconf 85' lang='lat' dir='ltr'><strong>et_sa-</strong></span> 
     </span>
    </p>
   </div>
   <div class='ocr_carea' id='block_1_127' title="bbox 1848 5515 3422 5592">
    <p class='ocr_par' dir='ltr' id='par_1_127' title="bbox 1848 5515 3422 5592">
     <span class='ocr_line' id='line_1_127' title="bbox 1848 5515 3422 5592; baseline -0.004 -17"><span class='ocrx_word' id='word_1_859' title='bbox 1848 5523 2092 5591; x_wconf 73' lang='lat' dir='ltr'><strong>picntize;</strong></span> <span class='ocrx_word' id='word_1_860' title='bbox 2148 5531 2202 5577; x_wconf 91' lang='lat' dir='ltr'><strong>et</strong></span> <span class='ocrx_word' id='word_1_861' title='bbox 2248 5515 2535 5592; x_wconf 65' lang='lat' dir='ltr'><strong>plusquam</strong></span> <span class='ocrx_word' id='word_1_862' title='bbox 2585 5515 3060 5592; x_wconf 33' lang='lat' dir='ltr'><strong>vigintifquatuor</strong></span> <span class='ocrx_word' id='word_1_863' title='bbox 3084 5518 3263 5581; x_wconf 89' lang='lat' dir='ltr'><strong>annis,</strong></span> <span class='ocrx_word' id='word_1_864' title='bbox 3290 5515 3422 5592; x_wconf 81' lang='lat' dir='ltr'><strong>doc—</strong></span> 
     </span>
    </p>
   </div>
   <div class='ocr_carea' id='block_1_128' title="bbox 1850 5585 3416 5663">
    <p class='ocr_par' dir='ltr' id='par_1_128' title="bbox 1850 5585 3416 5663">
     <span class='ocr_line' id='line_1_128' title="bbox 1850 5585 3416 5663; baseline -0.007 -18"><span class='ocrx_word' id='word_1_865' title='bbox 1850 5585 1989 5646; x_wconf 76' lang='lat' dir='ltr'><strong>trina</strong></span> <span class='ocrx_word' id='word_1_866' title='bbox 2022 5585 2086 5646; x_wconf 40' lang='lat' dir='ltr'><strong>et&#39;</strong></span> <span class='ocrx_word' id='word_1_867' title='bbox 2101 5585 2414 5663; x_wconf 73' lang='lat' dir='ltr'><strong>operatione</strong></span> <span class='ocrx_word' id='word_1_868' title='bbox 2451 5585 2892 5663; x_wconf 55' lang='lat' dir='ltr'><strong>sancta&#39;gloriose</strong></span> <span class='ocrx_word' id='word_1_869' title='bbox 2914 5585 3416 5663; x_wconf 66' lang='lat' dir='ltr'><strong>pollens,_tcnuit;r</strong></span> 
     </span>
    </p>
   </div>
   <div class='ocr_carea' id='block_1_129' title="bbox 1849 5659 3419 5732">
    <p class='ocr_par' dir='ltr' id='par_1_129' title="bbox 1849 5659 3419 5732">
     <span class='ocr_line' id='line_1_129' title="bbox 1849 5659 3419 5732; baseline -0.006 -16"><span class='ocrx_word' id='word_1_870' title='bbox 1849 5679 2014 5732; x_wconf 87' lang='lat' dir='ltr'><strong>seque</strong></span> <span class='ocrx_word' id='word_1_871' title='bbox 2077 5659 2220 5716; x_wconf 74' lang='lat' dir='ltr'><strong>anno</strong></span> <span class='ocrx_word' id='word_1_872' title='bbox 2266 5663 2401 5716; x_wconf 78' lang='lat' dir='ltr'><strong>H55</strong></span> <span class='ocrx_word' id='word_1_873' title='bbox 2442 5662 2701 5730; x_wconf 88' lang='lat' dir='ltr'><strong>regimine</strong></span> <span class='ocrx_word' id='word_1_874' title='bbox 2758 5660 3039 5723; x_wconf 78' lang='lat' dir='ltr'><strong>abdicans,</strong></span> <span class='ocrx_word' id='word_1_875' title='bbox 3091 5659 3225 5713; x_wconf 90' lang='lat' dir='ltr'><strong>obiit</strong></span> <span class='ocrx_word' id='word_1_876' title='bbox 3273 5669 3419 5710; x_wconf 81' lang='lat' dir='ltr'><strong>anno</strong></span> 
     </span>
    </p>
   </div>
   <div class='ocr_carea' id='block_1_130' title="bbox 1848 5733 2929 5803">
    <p class='ocr_par' dir='ltr' id='par_1_130' title="bbox 1848 5733 2929 5803">
     <span class='ocr_line' id='line_1_130' title="bbox 1848 5733 2929 5803; baseline -0.002 -17"><span class='ocrx_word' id='word_1_877' title='bbox 1848 5734 2114 5803; x_wconf 82' lang='lat' dir='ltr'><strong>sequenti,</strong></span> <span class='ocrx_word' id='word_1_878' title='bbox 2158 5744 2213 5787; x_wconf 92' lang='lat' dir='ltr'><strong>ut</strong></span> <span class='ocrx_word' id='word_1_879' title='bbox 2240 5749 2340 5787; x_wconf 78' lang='lat' dir='ltr'><strong>suo</strong></span> <span class='ocrx_word' id='word_1_880' title='bbox 2372 5733 2490 5786; x_wconf 87' lang='lat' dir='ltr'><strong>loco</strong></span> <span class='ocrx_word' id='word_1_881' title='bbox 2520 5740 2796 5795; x_wconf 79' lang='lat' dir='ltr'><strong>ostensum</strong></span> <span class='ocrx_word' id='word_1_882' title='bbox 2826 5740 2929 5787; x_wconf 72' lang='lat' dir='ltr'><strong>est.</strong></span> 
     </span>
    </p>
   </div>
  </div>
