3970 6454
607 364 744 421 1279

1497 368 1554 424 S.
1598 369 1894 425 llOBERTl
1933 367 2093 425 0RD.
2132 365 2445 423 ClSTERC.
2490 354 2934 424 FUNDATORIS

3622 376 3722 444 tesi

601 479 847 543 dinatus,
872 482 1060 548 sicque
1083 478 1229 534 illius
1258 481 1483 535 novella!
1519 484 1871 551 plantationis
1898 483 2176 538 institutor
2206 488 2252 540 Α
2281 488 2475 544 tantes,
2532 481 2585 534 in
2634 488 2869 547 quatuor
2912 487 3080 546 partes
3111 490 3259 537 terrae
3290 487 3502 553 protrahi
3528 491 3721 551 videban-

601 570 862 634 existens,
888 586 1010 625 cum
1036 570 1103 623 ad
1134 571 1254 639 ejus
1277 572 1561 627 arbitrium
1586 574 1871 644 utriusque
1902 583 2178 629 monaste-
2279 579 2386 636 tur,
2414 586 2647 639 quorum
2693 578 2830 623 alter
2867 568 2935 623 ab
2964 571 3206 639 aquilone
3252 575 3315 629 ad
3359 588 3587 645 austrum,
3625 588 3723 643 alter

603 663 669 716 rii
698 660 1067 717 Molismensis
1100 662 1354 717 videlicet
1393 672 1449 718 et
1475 663 1859 719 Cisterciensis
1907 664 2179 719 ordinatio
2278 680 2407 717 vero
2429 680 2457 716 a
2488 665 2852 732 septentrione
2880 663 2945 716 ad
2977 663 3292 719 occidentem
3322 679 3569 736 proteusus
3585 684 3661 732 est.
3682 680 3723 736 1n

605 753 918 822 pertineret,
945 767 1068 806 cum
1092 750 1310 808 duobus
1333 753 1616 808 monachis
1642 751 1954 808 Molismum
1988 753 2175 817 rediit;

602 842 1063 897 Cisterciensibus
1106 843 1326 912 quidem
1369 842 1436 897 de
1466 843 1640 912 ipsius
1668 844 2006 899 discessione
2039 860 2179 898 mce-

2281 754 2594 808 summitate
2630 770 2780 818 vero,
2822 753 2910 807 ttbi
2939 752 3045 807 duo
3084 771 3238 809 arcus
3270 757 3727 826 jungebautur,elm

2282 845 2396 908 lux,
2428 845 2493 898 ad
2530 844 2941 899 similitudinem
2970 844 3168 897 lunaris
3193 846 3394 909 circuli,
3430 850 3724 924 praefulgebat;

604 935 869 999 rentibus,
903 934 1347 989 Molismcnsibus
1370 949 1501 987 vero
1526 942 1751 988 econtra
1775 935 2182 989 exsultantibus
2282 952 2405 1005 qua:
2427 950 2485 990 se
2513 935 2565 989 in
2594 936 2762 991 altum
2792 935 3138 1004 protendens,
3171 938 3403 993 tenebras
3432 944 3574 998 noctis
3595 962 3617 999 a
3638 948 3726 1004 loco

604 1025 670 1078 de
723 1041 998 1095 regressu.
1045 1024 1399 1094 Fueruntque
1443 1024 1661 1078 obviam
1700 1024 1769 1078 de
1813 1023 2036 1079 Barensi
2068 1024 2181 1094 (2‘2)

606 1115 803 1185 oppido
831 1116 1223 1170 honoratorum
1262 1124 1317 1170 et
1362 1114 1535 1184 plebis
1589 1114 1882 1168 ntultitudo
1922 1116 2181 1180 maxima,

607 1207 700 1277 qui
723 1222 850 1261 eum
879 1222 1003 1261 cum
1028 1206 1218 1277 grandi
1244 1206 1481 1275 tripudio
1510 1216 1566 1260 ct
1585 1205 1785 1260 divinis
1813 1207 2064 1264 laudibus
2090 1221 2187 1261 ex-

608 1306 887 1369 ceperunt.
920 1297 989 1351 At
1033 1298 1122 1351 ille
1166 1312 1289 1352 cum
1320 1312 1442 1361 suo,
1492 1297 1602 1350 imo
1630 1296 1836 1351 Christi
1884 1312 2045 1367 grege
2080 1314 2185 1367 pu-

609 1390 755 1457 sillo,
785 1390 995 1445 scilicet
1036 1387 1371 1444 Molismensi
1420 1389 1666 1460 collegio,
1712 1400 1961 1458 paratum
2006 1389 2108 1443 sibi
2155 1404 2185 1442 a

611 1480 724 1535 Deo
749 1482 928 1536 locum
977 1481 1277 1551 ingressus,
1309 1481 1571 1547 divinam,
1604 1496 1727 1551 quae
1748 1491 1942 1536 cuneta
1964 1481 2187 1551 dispen-

612 1575 789 1639 sabat,
820 1574 1226 1630 Providentiam
1253 1582 1364 1628 tota
1389 1574 1588 1629 mentis
1623 1573 1907 1627 alacritate.
1938 1573 2190 1643 magnifi-

611 1685 766 1731 cans,
807 1684 1022 1739 gregem
1053 1667 1157 1723 sibi
1202 1668 1557 1723 commissum
1596 1675 1824 1736 paterno
1864 1665 2192 1721 confovcbat

615 1760 833 1824 allecto,
852 1759 1158 1828 disciplinis
1185 1759 1527 1829 regularibus
1546 1759 1668 1813 illos
1695 1759 2011 1823 instituens,
2030 1760 2192 1827 quiu-

2285 1027 2376 1081 illo
2419 1027 2634 1096 penitus
2658 1025 3000 1080 excludebat.
3032 1023 3087 1077 In
3119 1025 3217 1079 hac
3239 1042 3359 1078 vero
3392 1029 3495 1083 lucc
3515 1046 3616 1088 crux
3634 1041 3727 1092 ruti-

2286 1118 2405 1171 laus
2430 1118 2701 1187 apparuit,
2736 1117 2911 1185 primo
2939 1115 3154 1185 quidem
3197 1117 3410 1181 modica,
3442 1122 3519 1175 sed
3544 1126 3725 1191 paulatim

2286 1208 2652 1263 evcrcscendo
2684 1207 2823 1261 facta
2847 1217 2932 1261 est
2975 1222 3166 1275 magna
3192 1223 3205 1258 :
3229 1205 3364 1260 circa
3384 1224 3523 1278 quam
3547 1212 3725 1272 innume-

2287 1301 2488 1355 rabiles
2511 1301 2643 1354 varii
2670 1300 2872 1353 coloris
2901 1307 3059 1353 erant
3079 1298 3287 1361 circuli,
3317 1300 3365 1352 in
3388 1302 3550 1369 quibus
3569 1295 3727 1377 singulis

2290 1393 2518 1461 singulzc
2548 1400 2750 1447 exortae
2779 1399 2909 1445 sunt
2939 1389 3227 1444 crucieulze
3260 1391 3518 1459 rutilantes,
3536 1412 3627 1451 cum
3648 1402 3727 1457 suis

2290 1482 2509 1536 circulis
2542 1480 2860 1535 mirabiliter
2886 1488 3278 1545 excrescentes,
3305 1482 3504 1550 quicum
3525 1502 3570 1542 se
3590 1504 3729 1557 usque-

2289 1588 2507 1643 quaque
2542 1574 2597 1626 in
2639 1572 2981 1626 firmamento
3020 1571 3356 1635 dilatasseut,
3391 1581 3520 1628 tutum
3556 1575 3727 1635 Molisml

2293 1663 2472 1719 locum
2501 1663 2826 1718 mirabiliter
2850 1662 3217 1728 illustrabant,
3253 1671 3312 1716 ut
3335 1662 3465 1733 signis
3477 1668 3726 1727 evidentibus

2297 1768 2604 1829 appareret,
2636 1754 2782 1825 quod
2807 1755 2891 1808 vir
2915 1755 3132 1818 beatus,
3161 1754 3253 1822 qui
3279 1753 3331 1806 in
3351 1754 3502 1808 eodem
3528 1757 3615 1812 loca
3634 1776 3721 1815 cum

615 1854 727 1907 imo
764 1823 1071 1921 exemplum
1118 1823 1318 1922 regula:
1354 1851 1531 1906 factus
1570 1859 1654 1904 est
1701 1849 1828 1915 illis,
1872 1823 2193 1920 regulariter
2225 1823 2267 1878 Β
2295 1823 2497 1919 pietate
2533 1823 2921 1903 dorutitionent
2972 1853 3277 1915 acceperat,
3322 1845 3445 1901 ﬁlius
3482 1847 3583 1903 lueis
3614 1864 3729 1907 esset.

614 1945 758 2000 Inter
786 1960 882 1999 eos
915 1944 1120 1998 vivens.

1213 2054 1443 2109 CAPUT
1502 2055 1587 2109 lll.

620 2146 765 2201 Mors
790 2163 854 2201 ac
875 2146 1168 2218 sepultura,
1204 2145 1262 2201 S.
1292 2146 1501 2286 Rfoberti
1527 2147 1768 2217 quwdam
1818 2146 2079 2200 utiracula
2125 2145 2193 2199 ad

1348 2234 1507 2271 unus.

1348 2234 1507 2271 unus.

687 2308 796 2363 ηο.
825 2309 1072 2376 Qualiter
1100 2318 1280 2365 autem
1302 2309 1387 2363 vir
1417 2317 1644 2364 sanctus
1672 2307 1739 2365 de
1766 2309 2046 2379 ergastulo
2073 2324 2196 2363 car-

614 2401 702 2456 nis
725 2401 998 2473 migravit,
1025 2402 1227 2471 quibus
1257 2400 1419 2455 etiam
1448 2400 1621 2470 signis
1653 2400 1951 2469 pretiosam
1985 2401 2038 2455 in
2062 2416 2196 2455 con-

615 2501 805 2563 spectu
834 2510 935 2549 suo
961 2504 1192 2549 mortem
1224 2493 1345 2564 ejus
1382 2492 1643 2548 Dominus
1688 2493 2062 2561 illustraret-it,
2100 2510 2194 2549 vc-

536 2586 541 2593 ’
616 2592 743 2638 stne
773 2585 902 2641 libet
920 2585 1134 2655 plenius
1155 2586 1395 2656 pandere
1426 2585 1701 2641 charitati.
1747 2585 1886 2641 Cum
1935 2586 2103 2658 igitur
2132 2586 2193 2642 Β.

617 2674 891 2732 Robertus
914 2678 1102 2732 multis
1131 2678 1380 2733 laborum
1410 2677 1802 2733 certaminibus
1832 2677 2066 2732 Domino
2095 2678 2192 2732 mi—

618 2769 850 2832 litasset,
896 2770 1022 2824 vitae
1056 2769 1337 2839 praesentis
1368 2768 1529 2824 taedio
1582 2770 1880 2838 plurimum
1918 2756 2195 2841 fatigatus,

617 2860 843 2915 dissolvi
868 2870 922 2915 et
971 2877 1093 2917 esse
1136 2878 1260 2917 cum
1292 2861 1510 2917 Christo
1551 2863 1758 2918 ardenti
1800 2863 2071 2918 desiderio
2097 2881 2196 2919 eu-

621 2952 805 3021 piebat
827 2951 1047 3023 (Philip.
1077 2954 1138 3023 ι).
1163 2952 1336 3023 Cujus
1357 2955 1686 3010 desiderium
1714 2954 1857 3009 Deus
1879 2955 2196 3019 exaudiens,

616 3043 669 3095 ei
709 3044 793 3099 sui
838 3043 1018 3100 exitus
1056 3045 1247 3099 horam
1292 3061 1402 3101 non
1444 3047 1635 3116 paucis
1682 3055 1807 3101 ante
1849 3046 2061 3111 diebus,
2094 3046 2200 3101 sic-

2292 1939 2401 1996 Nec
2427 1939 2808 2003 dubitandum,
2834 1937 2967 2007 quin
3008 1938 3076 1990 ad
3127 1936 3479 1992 declarandum
3518 1944 3735 1998 sanctitatis

2293 2033 2413 2103 ejus
2438 2031 2717 2094 meritum,
2741 2030 2925 2084 lumen
2951 2043 3074 2083 cum
3103 2028 3350 2083 crucibus
3372 2029 3546 2084 ruditus
3561 2031 3615 2086 sit
3627 2035 3735 2089 emis-

2294 2138 2438 2185 sum,
2470 2129 2530 2175 ut
2558 2136 2654 2189 per
2674 2120 2780 2175 hoc
2801 2120 3021 2173 daretur
3060 2118 3284 2189 intelligi
3320 2118 3449 2188 quod
3472 2134 3643 2176 sanctus
3660 2122 3736 2189 Dei,

2297 2214 2509 2284 fugiens
2535 2227 2699 2284 Opera
2726 2211 3102 2276 tenebrarum,
3133 2225 3342 2265 carnem
3376 2227 3508 2266 suam
3529 2215 3738 2271 crucibus-

2296 2318 2379 2363 set
2422 2321 2544 2361 eum
2588 2306 2733 2360 vitiis
2762 2315 2818 2360 et
2845 2302 3740 2375 concupiscentiis:quaeidcircoplu-

2297 2417 2384 2456 res
2422 2408 2793 2469 apparuerunt
2854 2405 2914 2450 ut
2943 2395 3234 2451 manifeste
3270 2396 3476 2452 clareret
3500 2398 3615 2466 quod
3631 2397 3741 2453 futuri

2296 2500 2481 2548 essent
2525 2491 2833 2545 imitatores
2868 2488 2989 2559 ejus
3037 2486 3283 2558 plurimi,
3327 2488 3452 2542 sicut
3481 2497 3526 2542 et
3563 2489 3648 2559 ipse
3678 2488 3745 2544 luit

2297 2584 2525 2641 Christi.
2561 2582 2703 2650 Quid
2734 2597 2866 2639 vero
2896 2582 2964 2636 de
2988 2581 3233 2636 arcubus
3256 2580 3437 2646 dicam,
3464 2581 3549 2637 nisi
3574 2581 3675 2652 quod
3695 2583 3745 2637 si-

2299 2692 2404 2749 gna
2439 2685 2597 2731 erant
2644 2673 2869 2730 fmderis
2912 2673 3054 2728 inter
3086 2672 3259 2726 Deum
3301 2682 3351 2727 et
3385 2673 3625 2736 hominem,
3654 2673 3745 2726 inter

2298 2777 2605 2823 creaturam
2640 2777 2691 2821 et
2720 2765 3036 2820 Creatorem
3075 2783 3090 2818 :
3125 2773 3185 2818 ttt
3214 2764 3351 2818 enim
3372 2764 3542 2833 aliquid
3561 2765 3612 2819 de
3631 2764 3744 2819 reteri

2300 2871 2516 2930 tangant
2549 2860 2796 2925 historia,
2820 2873 2944 2914 cum
2969 2857 3036 2911 de
3059 2856 3239 2911 sancti
3284 2855 3389 2911 Noe
3421 2856 3665 2926 patriarcha
3678 2857 3743 2910 ob-

2300 2952 2594 3007 lationibus
2628 2952 2889 3006 odoratus
2924 2959 3071 3005 esset
3116 2948 3375 3005 Dominus
3409 2948 3585 3005 odorem
3618 2951 3747 3003 suavi-

2300 3042 2429 3096 tatis
2458 3040 2610 3110 (Geu.
2641 3052 2763 3108 vtu)
2791 3057 2803 3092 :
2835 3059 2853 3090 ‹
2889 3038 3124 3103 Ponam,
3159 3038 3349 3108 inquit,
3376 3052 3528 3093 arcum
3555 3053 3684 3092 metiar
3707 3038 3745 3090 in

619 3143 680 3188 ut
749 3136 866 3205 ipsc
921 3146 1314 3206 pramptaverat
1375 3140 1669 3203 revelavit;
1726 3153 1892 3208 quam
1946 3139 2062 3207 ipse
2098 3138 2199 3191 im-
2226 3157 2268 3214 α
2302 3134 2538 3189 nubibus
2557 3132 2773 3195 cmli,ct
2795 3131 3128 3216 recordabar
3158 3129 3370 3186 findet-is
3390 3129 3748 3201 mi,quodpcpigi

620 3227 829 3282 minere
867 3243 1235 3298 praenoscens,
1293 3229 1553 3286 fratribus
1601 3232 1878 3287 indicavit.
1934 3232 2200 3301 Aliquan-

620 3316 714 3371 diu
758 3319 939 3389 itaque
992 3322 1242 3391 corporis
1299 3321 1613 3378 infirmitate
1661 3323 1944 3389 detentus,
1998 3322 2202 3393 gratia-

621 3424 743 3462 rum
785 3411 978 3466 merita
1011 3412 1212 3468 virtute
1248 3414 1526 3483 patientiae
1560 3416 1879 3479 cumulavit,
1916 3423 1969 3469 et
2020 3415 2072 3468 in
2117 3414 2200 3468 in-

624 3500 974 3558 ﬁrmitatibus
1005 3506 1122 3560 suis
1152 3504 1415 3575 glorians,
1445 3515 1498 3561 et
1536 3506 1720 3561 virtuti
1753 3506 1957 3561 Christi
1990 3515 2203 3576 gratum

625 3592 998 3648 habitaculum
1032 3596 1086 3649 itt
1118 3610 1177 3650 se
1225 3610 1446 3665 parans.
1492 3598 1652 3650 Anno
1685 3596 1849 3666 igitur
1883 3598 2060 3651 aetatis
2092 3613 2205 3652 sua:

622 3685 957 3755 octagesimo
977 3687 1153 3748 tertio,
1173 3686 1385 3740 decimo
1409 3688 1601 3756 quinto
1636 3686 1905 3743 Kalendas
1924 3688 2046 3742 Maii
2067 3689 2203 3759 (25),

625 3790 825 3847 corpus
847 3786 1006 3833 terra:
1035 3777 1291 3846 reddidit,
1328 3778 1580 3849 spiritum
1609 3794 1743 3835 vero
1775 3780 1841 3833 ad
1879 3779 2070 3847 Deum,
2109 3795 2205 3835 cu«

623 3870 713 3940 jus
760 3870 982 3924 servitio
1030 3870 1335 3926 indefessus
1384 3870 1711 3935 adhtescrat,
1746 3881 1887 3927 terra
1936 3873 2201 3941 plorante,

626 3964 766 4020 caelo
800 3963 1091 4034 gaudente,
1133 3963 1364 4018 remisit.
1406 3962 1528 4017 Filii
1580 3973 1760 4019 autent
1806 3965 1946 4033 ejus,
1995 3965 2206 4020 scilicet

626 4057 880 4111 monachi
934 4055 1331 4120 Molismenses,
1382 4070 1619 4125 quorum
1651 4071 1815 4110 omne
1859 4056 2115 4127 gaudium
2151 4057 2203 4110 in

626 4148 746 4217 ipso
770 4155 886 4201 erat
922 4156 1083 4217 atque
1122 4148 1398 4212 solatium,
1437 4148 1783 4204 amarissime
1813 4148 2024 4212 ﬂentes,
2051 4164 2205 4204 reve-

626 4238 780 4292 reudi
826 4236 1005 4293 Patris
1050 4237 1325 4309 exsequiis
1372 4240 1658 4295 ardentius
1712 4240 2053 4295 insistebant.
2099 4241 2203 4308 Qui

629 4328 756 4383 licet
783 4327 851 4383 de
876 4342 1110 4397 superna
1153 4330 1474 4383 meritorum
1505 4329 1625 4399 ejus
1657 4330 2015 4386 retributione
2042 4332 2206 4386 mini-

628 4437 717 4475 me
738 4421 1067 4486 dubitarent,
1092 4429 1146 4475 et
1168 4422 1443 4493 suffragiis
1467 4423 1569 4478 sibi
1596 4439 1691 4493 per
1714 4423 1833 4493 ejus
1865 4423 2055 4479 merita
2078 4440 2206 4480 eon-

2304 3236 2483 3281 tecum
2519 3222 2670 3293 (Gen.
2706 3224 2803 3292 tx).
2842 3242 2861 3273 ι
2896 3221 3051 3288 Quod
3082 3222 3343 3277 nimirum
3386 3223 3612 3291 Scriptura
3631 3237 3751 3276 sacrae

2306 3319 2678 3375 testimonium
2710 3318 2843 3373 mihi
2872 3334 2979 3372 non
3010 3318 3314 3390 incongrue
3339 3320 3496 3374 videor
3517 3317 3751 3389 assumpsis-

2306 3427 2385 3477 se,
2416 3413 2538 3466 licct
2572 3411 2747 3481 magis
2780 3410 2850 3465 sit
2877 3411 2944 3465 ad
2975 3412 3303 3482 mysterium
3336 3412 3641 3476 referendum;
3666 3411 3752 3479 quia

2307 3516 2536 3573 pergens
2570 3502 2621 3556 in
2654 3501 2821 3556 Deum
2851 3502 3080 3572 spiritus
3106 3504 3212 3557 viri
3236 3504 3418 3568 sancti,
3436 3504 3564 3573 quasi
3585 3501 3752 3572 quaedam

2307 3592 2410 3648 fuit
2438 3594 2698 3648 delibatio
2720 3594 2998 3657 sacriﬁcii,
3022 3604 3076 3650 et
3103 3597 3265 3665 quasi
3293 3596 3489 3665 quidam
3510 3604 3654 3665 gustus
3668 3593 3755 3647 odo-

2307 3687 2383 3741 ris
2412 3687 2747 3742 suavissimi.
2789 3685 2856 3740 Et
2883 3701 3007 3741 cum
3042 3688 3231 3743 nullus
3282 3688 3470 3743 dubitet
3500 3703 3578 3758 per
3608 3694 3754 3742 sancto-

2307 3794 2429 3833 rum
2477 3779 2671 3833 merita
2703 3789 2848 3834 stare
2876 3779 3169 3846 mundum,
3198 3781 3501 3835 credendum
3527 3790 3592 3833 est
3612 3778 3755 3832 indubi-

2308 3878 2477 3924 tanter
2520 3871 2700 3924 virum
2744 3879 2995 3926 sanetum
3032 3876 3145 3941 jam
3183 3887 3345 3927 carne
3389 3872 3588 3927 solutum
3610 3868 3681 3923 sibi
3700 3870 3757 3923 dc-

2307 3962 2452 4016 votis
2500 3962 2714 4015 veniam
2765 3961 3011 4016 obtinere
3044 3963 3439 4033 peccaminum,
3469 3972 3516 4017 et
3553 3961 3756 4032 gratiarum

2308 4071 2536 4111 munera
2573 4055 2913 4127 frequentius
2940 4057 3235 4127 impetrare
3257 4056 3387 4129 (24).

2380 4148 2466 4202 14.
2500 4147 2582 4201 Ad
2612 4148 2771 4218 cujus
2818 4149 3164 4204 sanctitatem
3212 4148 3455 4203 humanis
3482 4144 3690 4200 mentibus
3715 4139 3761 4191 al-

2307 4240 2417 4297 tius
2448 4239 2889 4310 imprimendam,
2920 4241 3084 4296 etiam
3113 4241 3261 4297 circa
3291 4243 3572 4311 languentes
3589 4242 3759 4305 cperatus

2307 4341 2392 4387 est
2418 4332 2650 4388 salutem
2680 4331 3055 4389 universitatis
3084 4333 3369 4399 Conditor,
3403 4331 3488 4402 qui
3526 4330 3672 4384 devote
3698 4322 3760 4374 viri

2309 4423 2483 4478 sancti
2532 4424 2807 4495 exsequiis
2859 4425 3208 4493 assistebant,
3253 4424 3417 4496 quod,
3446 4414 3760 4491 adjuvanth

628 4511 900 4579 ferendis;
949 4512 1016 4568 de
1067 4512 1248 4568 Patris
1294 4522 1477 4569 tamen
1508 4515 1797 4584 praesentia
1830 4516 1933 4571 sibi
1984 4517 2054 4571 ab
2098 4514 2203 4573 hac
2236 4504 2279 4558 Ῑ)
2309 4514 2480 4581 mino,
2514 4529 2748 4584 sequens
2777 4514 2939 4570 lectio
2964 4515 3282 4571 declarabit.
3315 4514 3428 4569 Duo
3459 4512 3572 4581 aegri
3604 4504 3763 4563 ﬁdeiu-

626 4606 750 4661 lucc
797 4607 1075 4661 subtracta
1125 4607 1504 4662 vehementius
1558 4608 1919 4678 angebantur.
1965 4608 2033 4662 Et
2074 4609 2203 4679 quia

627 4698 767 4752 lucis
806 4696 977 4751 lilium
1021 4713 1079 4752 se
1130 4696 1323 4764 fuisse,
1354 4698 1484 4753 dum
1533 4698 1712 4754 adhuc
1742 4708 1888 4754 esset
1932 4699 1987 4753 in
2035 4707 2203 4766 terra,

623 4788 789 4859 justis
829 4789 1086 4858 operibus
1127 4790 1530 4860 comprobavit,
1581 4790 1773 4861 quanti
1830 4791 1972 4861 apud
2024 4792 2204 4863 ipsum

629 4889 774 4935 esset
801 4880 1002 4946 meriti,
1034 4879 1175 4936 Deus
1204 4881 1259 4935 in
1291 4881 1412 4951 ejus
1448 4881 1683 4937 transitu
1710 4881 2026 4938 declaravit.

702 4970 789 5025 15.
818 4969 955 5026 Nam
999 4988 1162 5043 super
1186 4973 1579 5038 habitaculum,
1630 4974 1684 5028 in
1727 4989 1839 5045 quo
1881 4974 1943 5029 Β.
1982 4974 2207 5031 Roberti

629 5078 831 5133 corpus
872 5065 1089 5133 jacebat
1138 5068 1408 5136 exanime,
1452 5068 1629 5139 primo
1660 5069 1837 5124 noctis
1884 5071 2208 5141 crepusculo

630 5154 742 5209 duo
789 5155 1114 5213 lucidissimi
1158 5167 1214 5213 et
1242 5160 1446 5217 diversi
1496 5161 1697 5219 coloris
1727 5176 1890 5217 arcus
1941 5179 2209 5233 apparue-

631 5258 780 5317 runt,
820 5250 913 5320 qui
949 5248 1018 5305 ad
1072 5250 1487 5322 amplitudinem
1519 5269 1732 5325 magna:
1769 5255 1963 5324 platea:
1993 5270 2052 5311 se
2075 5256 2210 5311 dila-

700 5493 814 5566 (22)
843 5493 1069 5550 Burrum
1095 5497 1161 5551 ad
1196 5495 1504 5566 Sequanam
1537 5496 1666 5566 (hoc
1694 5497 1839 5550 enim
1890 5496 2075 5552 addito
2096 5497 2207 5553 dis-

625 5562 896 5632 tinguitur
919 5567 987 5621 ab
1009 5567 1178 5621 altero
1219 5562 1392 5621 Barro
1417 5565 1484 5621 ad
1536 5562 1750 5635 Albam)
1802 5566 2036 5622 duarum
2084 5569 2204 5622 lett-

627 5647 817 5703 earutn
848 5635 1130 5690 intervallo
1154 5636 1651 5703 adjacetMolismo,
1680 5637 1746 5691 ad
1775 5637 1979 5692 ostium
2016 5638 2211 5692 ﬂuvio-

628 5702 665 5754 li
717 5704 793 5826 iub
798 5774 808 5784 _
827 5703 1134 5774 Sequanam
1182 5702 1481 5775 influentis,
1542 5708 1631 5761 cui
1683 5707 2071 5765 monasterium
2125 5708 2208 5763 in—

631 5786 753 5825 cum
796 5785 851 5826 tt.
1406 5784 1413 5793 '

631 5784 851 5827 ειιιηυιι.
1406 5784 1413 5793 ⁸

2306 4605 2416 4661 vidi
2445 4607 2513 4661 ad
2562 4607 2766 4675 locum,
2812 4608 2867 4661 in
2900 4622 3011 4677 quo
3044 4608 3218 4663 sancti
3259 4606 3492 4676 corporis
3528 4601 3651 4674 gleba
3669 4593 3764 4649 vitali

2308 4697 2502 4768 Spiritu
2524 4707 2754 4754 vacuata
2781 4699 3018 4768 jacebat,
3051 4698 3396 4763 accedentes;
3425 4704 3663 4767 postquam
3684 4701 3765 4753 sup-

2306 4790 2435 4861 poni
2466 4789 2663 4846 feretro
2707 4791 2936 4862 ejusque
2980 4791 3261 4847 sudarium
3311 4789 3593 4857 contingere
3620 4792 3764 4836 metue

2308 4890 2457 4948 runt,
2486 4883 2669 4937 statim
2703 4893 3028 4953 receperunt
3057 4884 3339 4953 pristinam
3370 4870 3768 4941 sanitatem;th-

2308 4982 2570 5048 clumque
2605 4976 2839 5032 fratrum
2876 4977 3221 5032 mcerentium
3252 4977 3305 5031 in
3334 4975 3558 5031 solemne
3591 4963 3769 5039 gaudium

2306 5083 2409 5141 pro
2442 5078 2656 5140 patrato
2698 5085 2796 5139 per
2835 5085 3052 5124 servum
3073 5066 3443 5123 Deimiraculo
3466 5060 3769 5118 converterunt.

2309 5159 2419 5216 Sed
2441 5170 2494 5216 et
2520 5162 2659 5217 sicut
2690 5158 2967 5232 quondam
3004 5178 3101 5233 per
3144 5162 3375 5233 puellam
3404 5158 3635 5227 captivam
3657 5150 3772 5201 virttis

2310 5254 2490 5311 Elisrei
2518 5256 2796 5326 propheta:
2840 5257 3079 5311 innotuit
3108 5256 3216 5327 regi
3246 5255 3432 5325 Syria,
3457 5252 3528 5306 sic
3562 5248 3690 5302 etiam
3714 5251 3774 5309 per

2383 5497 2496 5567 (2'5)
2529 5497 2745 5570 Surtus,
2768 5505 2921 5570 ratus
2957 5510 3199 5570 errorem
3230 5491 3604 5570 obrepsissehiﬂ
3644 5492 3774 5570 “2'2:

2311 5557 2656 5691 agisléeSravit
2695 5557 2830 5636 ipse,
2861 5568 2989 5622 dum
3038 5568 3317 5637 corrigens
3359 5557 3578 5631 scripsit,
3628 5572 3644 5605 ι
3672 5557 3776 5605 tertio

2359 5653 2389 5691 a
2436 5654 2477 5690 .n
2519 5652 2599 5692 as.
2636 5656 2655 5687 ι

2314 5685 2784 5833 ξῇᾶῖξέὲᾲιιθηε
2838 5716 2985 5764 totus
3032 5708 3173 5778 apud
3218 5704 3432 5761 Surium
3480 5701 3530 5755 in
3573 5697 3659 5751 line
3691 5685 3775 5738 Υἱίὲ

2314 5792 2489 5833 inveni
2522 5794 2601 5831 ur.

2312 5792 2601 5835 IﬂVCllllUl‘.
