3970 6486
231 387 359 444 1ἳ81

1745 380 1923 436 νιτΑ.

3337 382 3356 435 l
3373 382 3473 436 28‘)

228 512 415 557 sexum
473 495 793 551 muliebrem
844 494 987 564 apud
1034 494 1401 567 Fraucigenas
1455 494 1792 552 innotescere
1820 504 1867 558 Α
1895 494 2035 549 visio
2080 494 2412 565 corporalis;
2464 490 2509 547 si
2558 493 2778 563 quando
2824 500 3007 548 essent
3042 491 3094 545 in
3129 490 3218 546 Dei
3250 494 3472 548 servit-io

227 588 392 646 voluit
414 603 630 643 servum
665 586 778 641 Dei.
824 585 1176 642 Niverueusis
1203 589 1317 658 (25)
1341 587 1486 642 enim
1509 588 1793 644 comitissa

226 696 345 736 cum
372 679 428 733 in
455 678 692 749 quodam
717 677 918 747 oppido
948 692 1072 732 cum
1103 678 1410 747 puellarum
1447 677 1795 748 militumque

225 769 524 841 frequentia
553 777 890 835 moraretur;
920 784 1044 823 cum
1073 769 1417 824 ﬁrmaculum
1444 783 1671 823 aureum
1697 770 1794 823 ha-

223 864 375 919 beret
405 860 471 916 ad
500 860 703 915 collum
734 875 917 927 suum,
946 869 1056 915 tam
1093 861 1215 916 auri
1262 861 1488 917 materia
1516 877 1680 931 quam
1709 864 1793 915 in-

224 954 428 1011 cisione
475 951 716 1021 lapidum
773 953 1100 1021 pretiosum,
1151 955 1395 1024 contigit,
1433 963 1493 1008 ut
1526 955 1592 1009 ad
1624 957 1790 1010 deco-

216 1044 335 1102 rem
366 1042 485 1111 ejus
514 1042 909 1097 ostendendum
934 1052 989 1098 et
1028 1045 1284 1112 pretium,
1329 1044 1507 1113 ipsum
1549 1045 1790 1099 ablatum

225 1136 290 1191 de
318 1135 458 1190 collo
498 1149 600 1188 suo
645 1142 857 1189 teneret
904 1134 958 1187 in
995 1135 1253 1190 manibus
1281 1135 1511 1204 aliisque
1556 1137 1792 1191 traderet

224 1226 593 1305 bajulandum.
622 1224 874 1292 Quicum
906 1240 1069 1294 super
1094 1225 1361 1280 ﬁrmaculi
1387 1226 1791 1296 pulchritudine

225 1319 568 1384 mirarentur,
603 1317 893 1387 ipsumque
920 1316 1165 1372 vicissim
1212 1318 1487 1373 traderent
1525 1328 1791 1375 contuen-

225 1411 387 1475 dum,
437 1407 663 1478 contigit
711 1416 790 1472 ut,
844 1423 967 1462 cum
1021 1407 1090 1462 de
1135 1409 1299 1462 rebus
1345 1408 1467 1464 aliis
1497 1411 1791 1464 miscerent

223 1500 510 1570 colloquia,
534 1499 984 1554 obliviscerentur
1018 1498 1307 1566 ﬁrmaculi,
1336 1501 1481 1569 quod
1512 1502 1785 1557 tenebant.

221 1587 511 1642 Comitissa
558 1602 689 1642 vero
724 1602 948 1641 manum
1003 1602 1160 1642 suam
1211 1589 1434 1645 mittens
1490 1589 1558 1645 ad
1586 1590 1787 1646 collum

222 1693 404 1744 suum,
426 1687 615 1746 postea
642 1692 808 1747 quam
839 1676 972 1732 illud
1007 1679 1274 1748 comperit
1310 1690 1633 1746 reseratum,
1679 1680 1788 1736 sol-

221 1770 368 1824 licite
390 1768 554 1838 erepit
573 1768 868 1838 inquirere,
889 1769 1106 1823 cuinam
1134 1769 1419 1840 praefatum
1442 1772 1783 1827 firmaculum

1894 584 2246 655 negligentes,
2273 597 2367 640 aut
2406 584 2474 639 ad
2517 582 2811 638 Matutiuas
2851 583 3060 638 tardius
3086 583 3472 651 surrexissent,

1895 675 2172 732 multoties
2198 677 2485 730 consuevit
2505 675 2744 730 excitare
2770 676 3079 740 sacristam,
3117 690 3354 745 arguens
3385 692 3476 730 ue—

1893 767 2156 838 gligentes
2204 776 2259 821 et
2284 768 2512 824 hortans
2548 771 2612 824 ad
2646 769 2871 823 meliora
2912 768 3158 823 devotos.
3198 766 3326 823 llaec
3368 781 3471 823 au-

1893 866 1999 913 tem
2023 859 2090 914 de
2116 859 2226 912 vita
2250 868 2304 913 et
2323 858 2568 914 moribus
2599 859 2741 914 beati
2771 860 2871 913 viri
2904 859 3043 930 stylo
3070 859 3190 913 rudi
3225 859 3327 914 sub
3356 859 3473 913 bre-

1890 951 2058 1006 vitate
2103 953 2552 1017 transcurrimus,
2594 953 2668 1006 ita
2701 961 2958 1006 curantes
2998 951 3209 1005 devotis
3251 951 3473 1005 satisfa-

1891 1057 2035 1106 cere,
2087 1058 2155 1097 ne
2199 1043 2513 1099 fastidiosos
2564 1045 2850 1098 verborum
2896 1043 3051 1112 copia
3093 1057 3468 1112 gravaremus.

1891 1134 2084 1188 Omnia
2146 1149 2279 1189 vero
2336 1135 2639 1190 sanctitatis
2690 1135 2812 1204 ejus
2874 1145 3228 1191 monumenta
3285 1135 3472 1190 nullus

1889 1225 2123 1278 aestimet
2158 1225 2405 1294 potuisse
2443 1227 2750 1290 conscribi;
2794 1225 2890 1280 sed
2927 1228 3061 1281 mihi
3094 1227 3305 1281 noverit
3344 1241 3474 1280 eve-

1891 1316 2061 1380 uisse,
2113 1318 2260 1385 quod
2310 1320 2484 1387 poetis
2530 1319 2798 1374 inertibus
2854 1322 3103 1377 accidere
3158 1321 3471 1384 consuevit,

1890 1415 1952 1460 ut
1996 1422 2117 1461 cum
2163 1410 2446 1463 materiam
2476 1409 2621 1464 vires
2647 1426 2779 1466 suas
2827 1411 3176 1466 excedentem
3203 1425 3468 1479 praesum-

1889 1498 2116 1568 pserint,
2178 1499 2421 1568 ejusdem
2483 1500 2625 1554 mole
2681 1501 2947 1570 depressi,
3007 1517 3115 1556 non
3183 1501 3473 1570 perficiant

1888 1588 2034 1657 quod
2101 1598 2386 1659 coeperunt
2427 1609 2440 1644 :
2476 1590 2674 1660 sicque
2724 1605 2833 1644 non
2895 1590 3072 1646 solum
3129 1588 3323 1655 Judaei,
3375 1605 3469 1643 ve-

1888 1696 2009 1735 rum
2042 1680 2204 1734 etiam
2239 1681 2535 1741 Christiani
2589 1683 2763 1737 nostri
2813 1683 3074 1751 temporis
3132 1682 3284 1750 signa
3320 1696 3471 1750 qua:-

1888 1778 2036 1836 runt,
2092 1787 2215 1826 cum
2261 1787 2371 1826 non
2426 1773 2497 1827 sit
2543 1773 2808 1828 sanctitas
2855 1772 2908 1826 in
2952 1772 3340 1826 miraculorum
3373 1787 3463 1825 os-

225 1861 573 1917 tradidisset:
604 1877 838 1931 cumque
863 1862 1137 1932 sigillatim
1167 1864 1417 1934 requisiti
1453 1864 1587 1919 illud
1619 1880 1678 1919 se
1710 1865 1789 1920 di-
1817 1851 1861 1906 Β
1892 1862 2156 1928 tensione,
2210 1863 2304 1918 sed
2357 1864 2539 1933 potius
2598 1866 2653 1917 in
2715 1863 3032 1933 operatione
3082 1862 3320 1918 virtutis.
3385 1862 3466 1916 Ad

224 1961 409 2006 ccrent
445 1967 550 2006 non
577 1952 794 2016 habere,
825 1953 990 2021 carpit
1018 1961 1266 2008 matrona
1300 1955 1498 2010 nobilis
1522 1956 1696 2025 magis
1721 1971 1787 2012 ac

226 2049 397 2119 magis
427 2048 609 2102 animo
632 2047 966 2102 conturbari.
1003 2048 1134 2103 Erat
1165 2058 1346 2103 autem
1379 2051 1608 2105 multum
1640 2060 1785 2107 stra-

226 2139 386 2194 minis
429 2139 484 2192 in
513 2139 656 2204 loco,
684 2139 830 2209 quod
860 2141 1116 2210 praecepit
1162 2141 1351 2196 eadem
1385 2141 1582 2195 mulier
1611 2142 1787 2196 venti-

223 2230 343 2293 lari,
368 2230 643 2284 lucernam
688 2231 1012 2299 accendens,
1037 2243 1092 2287 et
1138 2233 1465 2304 inquirendo
1492 2243 1661 2288 totam
1689 2234 1788 2289 do-

224 2337 368 2375 mum
394 2331 661 2377 evertens.
697 2321 802 2378 Sed
838 2338 962 2378 cum
988 2324 1117 2379 illud
1149 2325 1292 2394 quod
1323 2326 1618 2396 quaerebat,
1646 2325 1789 2381 inve-

224 2410 337 2464 nire
366 2425 473 2465 non
521 2420 726 2481 posset,
781 2412 959 2482 puella
991 2414 1261 2483 quazdam,
1289 2430 1412 2484 quae
1454 2414 1508 2469 in
1539 2415 1659 2485 ejus
1684 2415 1786 2469 ob-

222 2501 406 2571 sequio
427 2509 568 2564 erat,
601 2503 831 2557 accessit
861 2504 925 2558 ad
956 2503 1127 2569 illam,
1159 2505 1605 2560 constantissime
1638 2520 1788 2561 asse-

220 2607 341 2645 rens
373 2591 523 2660 quod
552 2592 599 2647 si
646 2593 866 2647 beatum
899 2593 1197 2650 Robertum
1244 2594 1475 2650 fideliter
1522 2596 1786 2666 implora-

221 2692 315 2749 ret,
363 2683 509 2738 idem
548 2694 769 2739 sanctus
797 2685 846 2738 ei
879 2686 998 2740 sine
1042 2686 1211 2741 dubio
1256 2686 1505 2741 redderet
1531 2687 1789 2743 ﬁrmaeu-

218 2773 324 2829 lum
346 2790 533 2830 suum.
562 2774 733 2845 Cujus
763 2776 993 2832 consilio
1015 2777 1295 2834 comitissa
1318 2779 1550 2835 fideliter
1574 2781 1791 2850 acquie—

215 2878 389 2932 locus,
420 2881 646 2921 cereum
701 2867 757 2920 in
799 2868 1060 2923 honorem
1108 2869 1253 2924 beati
1300 2868 1524 2926 Roberti
1574 2872 1788 2927 abbatis

217 2958 428 3013 accendi
457 2959 644 3028 jussit.
680 2958 835 3025 Quod
863 2976 987 3015 cum
1013 2960 1214 3016 factum
1240 2961 1453 3028 fuisset,
1481 2969 1664 3018 statim
1695 2978 1789 3019 co-

216 3065 327 3103 ram
355 3066 555 3120 magna
585 3049 757 3120 plebis
797 3051 1144 3107 multitudine
1186 3052 1529 3107 ﬁrmaculum
1566 3053 1634 3108 de
1662 3068 1786 3124 gre-

215 3143 320 3197 mio
346 3142 474 3212 ejus
498 3143 777 3196 inventum
806 3151 908 3196 est.
942 3142 1328 3198 Convenerunt
1353 3151 1459 3197 tam
1489 3142 1593 3198 viri
1622 3159 1785 3214 quam

212 3236 491 3301 mulieres,
518 3251 618 3305 pro
645 3244 795 3290 tanto
822 3235 1087 3290 miraculo
1120 3234 1289 3290 Deum
1321 3235 1706 3306 gloriﬁcantes,
1734 3245 1788 3291 et

213 3329 382 3397 ipsum
410 3329 490 3383 de
516 3327 576 3381 Β.
608 3327 845 3383 Roberto
886 3326 1094 3382 famulo
1137 3342 1240 3382 suo
1264 3328 1565 3383 mirabilem
1593 3328 1790 3397 praedi-

212 3429 406 3477 cantes.
441 3419 564 3475 Hoe
588 3429 769 3474 autem
811 3419 1136 3473 miraculum
1179 3427 1287 3473 tam
1327 3418 1539 3473 celebre
1582 3416 1785 3474 factum

212 3524 308 3581 est,
345 3525 405 3571 ut
458 3517 777 3587 quicunque
820 3515 877 3569 in
927 3522 1035 3569 tota
1090 3512 1314 3584 regione
1348 3512 1439 3566 illa
1486 3513 1784 3582 quidquam

211 3611 475 3672 amiserit,
506 3609 574 3663 ad
620 3608 721 3662 viri
770 3607 860 3662 Dei
899 3607 1162 3661 auxilium
1208 3603 1504 3676 confugere
1529 3620 1638 3659 non
1671 3620 1788 3658 mo-

211 3712 373 3770 retur,
402 3713 467 3759 et
496 3702 575 3758 sic
619 3716 755 3766 rem,
792 3715 956 3770 quam
1004 3700 1157 3769 prius
1186 3697 1464 3763 amiserat,
1497 3697 1617 3751 sine
1646 3697 1786 3750 dila-

208 3796 351 3850 tione
378 3795 635 3865 recipiat.
667 3792 776 3848 Nec
809 3791 1005 3846 mirum
1033 3790 1079 3845 si
1109 3791 1195 3843 vir
1224 3797 1447 3844 sanctus
1471 3787 1525 3841 in
1570 3795 1787 3842 restau-

209 3888 413 3944 ratione
473 3903 654 3942 rerum
688 3887 1014 3941 amissarum
1058 3883 1268 3952 accepit
1310 3897 1341 3936 a
1390 3880 1622 3936 Domino
1666 3896 1790 3951 gra-

211 3978 336 4033 tiam
366 3978 728 4047 singularem,
755 3992 879 4032 cum
926 3976 1042 4045 ipse
1064 3974 1283 4029 lucerna
1311 3972 1382 4027 sit
1411 3970 1465 4025 in
1490 3971 1654 4026 domo
1680 3972 1789 4027 Do--

214 4069 342 4124 mini
376 4070 581 4126 ardens
617 4079 670 4124 et
694 4069 908 4134 lucens,
935 4076 995 4122 ut.
1022 4067 1226 4137 quique
1248 4064 1316 4119 ad
1357 4065 1509 4118 illum
1538 4056 1788 4120 accesse-

211 4162 300 4228 rit,
325 4163 687 4227 illuminetur,
720 4169 773 4215 et
797 4175 892 4230 per
922 4160 1071 4213 illum
1104 4158 1363 4213 drachma
1393 4157 1601 4227 perdita
1633 4172 1789 4226 repa-

212 4261 363 4308 ratur
393 4256 465 4330 [f.
497 4254 827 4324 reperiatur;
860 4251 963 4317 sin,
994 4248 1321 4321 reparetur].

280 4347 370 4401 15.
397 4346 638 4415 Explctis
662 4354 843 4399 autem
876 4360 943 4399 ex
970 4356 1122 4398 more
1159 4341 1303 4396 circa
1347 4340 1491 4395 beati
1530 4340 1630 4394 viri
1672 4354 1791 4394 cor-

208 4451 313 4506 pus
347 4439 648 4507 exsequiis,
676 4438 828 4506 gleba
856 4437 945 4490 illa
974 4431 1319 4490 sanctissima
1343 4449 1371 4488 a
1405 4431 1599 4498 vicinis
1621 4431 1789 4485 abba-

1889 1954 2333 2011 satisfaciendum
2391 1957 2638 2025 utrisque
2686 1973 2859 2027 pauca
2911 1958 2980 2011 de
3024 1958 3294 2027 pluribus,
3342 1972 3467 2025 qua:

1888 2046 2145 2115 perillum
2168 2055 2425 2116 operatus
2459 2056 2542 2102 est
2564 2046 2848 2113 Dominus,
2866 2046 3097 2101 breviter
3113 2047 3461 2117 attingemus.

1960 2137 2048 2191 16.
2088 2135 2384 2207 Postquam
2434 2148 2616 2193 autem
2652 2140 2736 2192 vir
2777 2148 3000 2193 sanctus
3052 2137 3190 2192 felici
3232 2138 3463 2193 transitu

1889 2227 2142 2297 migravit
2168 2229 2237 2284 ad
2282 2228 2584 2295 Christum,
2617 2229 2781 2298 coepit
2823 2230 3086 2283 virtutum
3127 2229 3245 2299 ejus
3277 2229 3465 2298 opinio

1888 2318 2047 2390 longe
2074 2320 2289 2392 lateque
2338 2301 2587 2387 dili'uudi,
2625 2331 2679 2375 et
2726 2337 2893 2392 prope
2928 2331 3046 2377 erat
3088 2321 3352 2377 Dominus
3383 2322 3467 2374 in-

1888 2411 2211 2467 vocantibus
2240 2428 2437 2468 nomen
2474 2413 2672 2468 sancti.
2706 2412 2867 2469 Beata
2912 2429 3132 2484 quoque
3175 2413 3267 2466 Dei
3307 2414 3464 2484 geni-

1889 2503 2018 2569 trix,
2042 2519 2165 2573 qua:
2190 2504 2295 2559 sibi
2323 2504 2747 2573 desponsaverat
2781 2506 2958 2560 virum
2987 2506 3104 2573 Dei,
3130 2506 3258 2561 dum
3287 2506 3467 2560 adhuc

1889 2594 2030 2649 uteri
2054 2595 2284 2650 materni
2319 2595 2665 2652 clauderetur
2708 2597 2997 2667 angustiis,
3026 2598 3276 2667 gratiam,
3300 2612 3465 2668 quam

1892 2687 2244 2758 singulariter
2283 2691 2496 2759 accepit
2535 2707 2566 2745 a
2607 2690 2860 2757 Domino,
2907 2693 3316 2749 communicare
3357 2708 3469 2746 non

1889 2778 2104 2835 desistit
2127 2796 2284 2837 servo
2313 2797 2436 2838 suo.
2483 2780 2618 2836 Nam
2656 2799 2686 2836 a
2718 2782 2806 2837 die
2840 2783 3019 2837 exitus
3048 2783 3193 2838 beati
3242 2782 3470 2838 Roberti

1890 2882 2173 2940 coeperunt
2236 2873 2498 2928 miracula
2561 2874 2891 2929 creberrime
2944 2875 3062 2929 fieri
3121 2875 3177 2929 in
3236 2874 3469 2929 ecclesia

1890 2961 2246 3030 Molismensi,
2278 2981 2442 3034 quam
2477 2965 2617 3018 idem
2663 2966 2747 3018 vir
2788 2976 3009 3020 sanctus
3062 2974 3466 3030 construxerat,

1892 3053 1946 3107 in
1970 3054 2233 3109 honorem
2258 3055 2503 3125 ejusdem
2534 3054 2796 3127 Virginis,
2824 3057 2911 3111 cui
2951 3074 2980 3110 a
3021 3058 3274 3127 primaeva
3310 3067 3467 3113 aetate

1891 3156 2065 3201 totum
2099 3161 2158 3200 se
2199 3147 2442 3214 dederat,
2473 3156 2528 3202 et
2571 3147 2863 3203 devotione
2917 3149 3182 3204 serviezat
3220 3150 3463 3219 speciali.

1889 3236 2095 3293 Divina:
2153 3238 2318 3307 igitur
2392 3239 2815 3308 dispensationis
2881 3240 3051 3309 gratia
3128 3237 3179 3293 in
3247 3254 3464 3292 onmem

1892 3319 2090 3381 terram
2152 3329 2533 3399 promulgante
2598 3328 2882 3395 miracula,
2949 3344 3071 3398 quae
3137 3316 3279 3384 Deus
3346 3345 3469 3383 om-

1889 3420 2141 3490 nipotens
2204 3421 2458 3490 precibus
2522 3438 2635 3477 suae
2685 3424 2877 3478 matris
2930 3431 2986 3477 et
3045 3422 3186 3477 beati
3243 3422 3468 3478 Roberti

1888 3509 2099 3566 meritis
2149 3510 2362 3580 operari
2413 3510 2666 3579 dignatus
2719 3521 2804 3565 cst
2858 3511 2913 3566 in
2983 3509 3223 3566 Ecclesia
3279 3510 3469 3567 Molis-

1889 3603 2086 3668 mensi,
2115 3603 2281 3673 carpit
2323 3603 2687 3674 undequaque
2734 3604 2976 3675 gentium
3022 3604 3296 3658 conﬂuere
3327 3605 3471 3660 iuui-

1889 3694 2086 3749 titudo.

1960 3785 2046 3838 17.
2083 3785 2293 3839 Accidit
2317 3796 2497 3840 autem
2523 3786 2668 3856 quod
2700 3786 2949 3855 quaedam
2995 3787 3194 3842 mulier
3235 3802 3473 3858 pauper-

1891 3877 2034 3939 cula,
2068 3877 2274 3930 caduco
2326 3877 2582 3932 laborans
2639 3878 3010 3944 incommodo,
3064 3879 3131 3932 ad
3180 3880 3467 3934 ecclesiam

1889 3956 2291 4023 Molismensem
2337 3969 2525 4021 venire
2560 3967 2895 4036 disponeret,
2929 3970 3191 4022 auxilium
3227 3986 3257 4023 a
3294 3970 3470 4026 Matre

1891 4058 2107 4114 Domini
2135 4069 2189 4113 et
2235 4060 2397 4114 beato
2428 4058 2669 4113 Roberto
2709 4057 2830 4126 ejus
2879 4059 3086 4112 famqu
3143 4062 3468 4129 quaesitura.

1890 4149 2203 4218 Assumptis
2252 4148 2419 4219 igitur
2464 4164 2651 4203 secum
2689 4148 2904 4202 duobus
2934 4149 3198 4217 puerulis,
3230 4165 3471 4220 quorum

1888 4241 2026 4295 alter
2048 4240 2114 4295 ad
2145 4241 2263 4310 ejus
2297 4240 2566 4310 pendebat
2596 4241 2786 4306 ubera,
2835 4241 2971 4293 alter
2993 4256 3123 4295 vero
3150 4257 3339 4309 gressu
3374 4244 3470 4298 de-

1891 4332 1982 4387 bili
2016 4331 2204 4387 matris
2228 4332 2456 4401 vestigia
2498 4330 2847 4401 sequebatur,
2875 4331 2977 4384 iter
3005 4334 3354 4402 prosequitur
3374 4334 3470 4388 dc-

1892 4425 2173 4480 stinatum.
2206 4423 2466 4479 lnelinata
2510 4433 2689 4478 autem
2712 4424 2825 4492 jam
2853 4424 2960 4490 die,
3008 4424 3153 4477 venit
3179 4425 3245 4478 ad
3277 4442 3468 4481 mona-

207 4529 381 4596 tibus,
417 4531 647 4600 aliisque
692 4526 1002 4583 reverendis
1047 4524 1297 4594 personis
1340 4523 1405 4577 ad
1455 4523 1558 4576 hoc
1606 4522 1785 4591 ipsum
1818 4513 1862 4568 D
1892 4516 2116 4571 sterium
2139 4515 2362 4582 Quincei
2386 4514 2522 4584 (26),
2548 4514 2841 4584 hospitium
2877 4513 3193 4567 mendicans
3221 4530 3251 4571 a
3277 4531 3468 4573 ruont!-

206 4624 574 4694 congregatis,
613 4620 993 4676 venerabiliter
1027 4626 1109 4673 est
1130 4617 1326 4671 tradita
1371 4613 1697 4684 sepulturae;
1736 4622 1791 4668 ct

206 4714 263 4767 in
302 4717 537 4769 ecclesia
568 4715 628 4767 Β.
656 4713 913 4783 Virginis,
942 4725 1105 4780 quam
1149 4710 1265 4778 ipse
1295 4709 1346 4762 in
1377 4706 1640 4760 honorem
1668 4703 1789 4774 ejus

208 4801 557 4866 fundaverat,
603 4801 903 4855 honorifice
947 4799 1233 4854 tumulata.
1284 4797 1427 4851 Deus
1461 4803 1643 4849 autem
1672 4810 1787 4849 om-

204 4892 491 4960 nipotens,
550 4900 611 4946 ut
658 4900 782 4960 post
837 4892 1018 4946 carnis
1066 4890 1458 4959 depositionem
1519 4885 1784 4940 famulum

207 5001 375 5041 suum
420 4986 480 5040 B.
515 4984 809 5039 Robertum
854 4985 1035 5038 vivere
1060 4982 1454 5051 comprobaret,
1489 4979 1785 5033 multorum

208 5078 358 5131 enim
410 5076 798 5133 miraculorum
835 5075 1009 5143 gloria
1055 5072 1348 5128 decoravit.
1391 5069 1536 5125 fdem
1569 5083 1789 5139 quoque

208 5167 296 5221 vir
324 5182 574 5238 sanctus,
603 5179 657 5224 ut
683 5187 740 5224 se
759 5168 1067 5223 ostenderet
1097 5181 1282 5219 curam
1315 5178 1500 5232 gerere
1528 5162 1785 5225 filiorum,

207 5261 377 5317 etiam
402 5272 691 5333 postquam
728 5262 1004 5317 subtracta
1035 5267 1118 5313 est
1139 5257 1206 5310 ab
1229 5271 1421 5311 eorum
1444 5255 1637 5321 oculis,
1670 5254 1789 5325 ejus

280 5462 398 5535 (25)
429 5463 617 5518 Fuerit
636 5462 751 5535 haec
782 5473 920 5535 uxor
941 5455 1211 5535 Guillelmi
1244 5453 1331 5535 Ill,
1370 5453 1667 5535 quihujus
1699 5468 1791 5508 co-

211 5524 442 5590 mitatus
470 5536 612 5589 inter
636 5529 1010 5601 Burgundiam
1051 5541 1117 5581 ac
1152 5525 1397 5601 Ligerim
1424 5524 1539 5589 siti,
1569 5532 1622 5577 et
1646 5538 1791 5601 nunc

212 5601 267 5655 in
299 5606 561 5662 ducatum
587 5593 857 5663 conve'rsi,
892 5598 1109 5652 titulum
1149 5593 1325 5650 tenuit
1350 5595 1417 5648 ab
1446 5609 1591 5647 anno
1628 5593 1786 5647 circi-

212 5679 297 5725 tcr
329 5677 466 5731 11οΟ
496 5675 563 5730 ad
593 5672 752 5737 1148,
776 5685 885 5741 quo
928 5667 1251 5741 grandaevus
1298 5677 1350 5720 et
1392 5665 1534 5741 apud
1558 5663 1792 5718 Carthu-

214 5741 405 5801 siauos
435 5734 746 5802 conversus
779 5734 955 5794 obiit?
1007 5737 1197 5791 uxoris
1237 5751 1431 5790 nomen
1486 5734 1787 5803 ignoratur.

213 5807 330 5867 Nisi
362 5816 499 5873 forte
523 5816 700 5871 serius
738 5811 1062 5865 miraculum
1089 5807 1311 5875 contigit
1347 5802 1642 5860 comitissa:
1666 5802 1790 5876 Idae,

1892 4607 2054 4673 chis;
2105 4605 2198 4662 sed
2233 4607 2359 4675 quia
2414 4606 2632 4675 illorum
2693 4605 2912 4659 traditio
2956 4604 3095 4658 intra
3156 4607 3291 4661 lines
3336 4623 3469 4664 suos

1890 4714 2082 4754 sexum
2132 4698 2452 4753 muliebrem
2484 4712 2595 4751 nou
2643 4698 2900 4759 admittit,
2934 4698 3217 4768 compulsa
3250 4708 3330 4752 est
3361 4699 3467 4752 mi-

1890 4806 2011 4845 sera
2060 4790 2255 4844 mulier
2303 4791 2428 4844 inde
2476 4791 2737 4844 recedens
2770 4789 2824 4842 in
2870 4804 3094 4843 nemore
3121 4797 3465 4858 pernoctare.

1889 4879 2060 4936 Porro
2084 4897 2213 4936 casu
2244 4880 2467 4935 fortuito
2499 4880 2677 4935 focum
2704 4881 2929 4950 reperit,
2962 4895 3124 4950 quem
3179 4880 3246 4955 de
3290 4880 3470 4950 sopito

1889 4976 2072 5028 cinere
2110 4973 2494 5038 reaccendeus,
2527 4962 2651 5026 eum
2684 4972 2899 5027 duobus
2928 4970 3170 5042 parvulis
3202 4971 3275 5026 ibi
3305 4988 3467 5027 man-

1890 5066 1979 5121 sit.
2002 5065 2174 5119 Media
2199 5075 2379 5119 autem
2406 5072 2566 5118 nocte
2589 5064 2749 5132 lupus
2774 5063 3015 5131 advenit,
3040 5066 3095 5117 e't
3117 5077 3240 5117 cum
3272 5065 3470 5119 mulier

1888 5171 1954 5211 ex
1992 5170 2100 5209 una
2132 5155 2270 5224 ignis
2297 5162 2449 5224 parte
2475 5151 2709 5218 sederet,
2740 5152 2978 5208 crudelis
3006 5152 3182 5209 bestia
3212 5154 3266 5208 in
3298 5155 3467 5208 altera

1889 5247 2161 5303 recubuit.
2203 5246 2323 5312 Quo
2349 5246 2491 5312 viso,
2529 5245 2725 5299 mulier
2749 5244 2915 5299 fronti
2952 5260 3067 5301 suae
3096 5247 3311 5316 signum
3342 5261 3462 5300 cru-

1891 5450 2048 5505 nxori
2098 5447 2366 5505 Guillelmi
2413 5445 2505 5510 IV,
2564 5446 2858 5500 nominatae
2901 5445 2956 5498 in
3002 5441 3238 5514 quadam
3276 5439 3468 5496 charta

1891 5520 2288 5575 Pontiniaceusi
2317 5534 2460 5572 anno
2486 5517 2639 5571 1156.

1962 5591 2074 5659 (‘26)
2101 5589 2157 5644 lu
2185 5588 2407 5659 dim‘eesi
2440 5586 2770 5659 Liugouensi
2803 5582 3466 5659 Quinceiu_m__mona_ste-

1891 5651 2814 5728 rium,'vu|goQuincy,7fundatum
2872 5668 3017 5728 anno
3055 5651 3201 5728 _l153
3252 5651 3466 5705 ordinis

1892 5740 1975 5783 est
2033 5718 2774 5791 Cisterciensisfdiversum
2817 5737 2847 5776 a
2875 5718 3197 5787 Quinciaco,
3249 5730 3466 5775 vetusto

1895 5800 2050 5868 plane
2079 5797 2220 5867 apud
2247 5790 2496 5852 Pictavos
2518 5793 2788 5857 cwnobio,
2805 5792 2979 5873 vulgo
3008 5790 3268 5865 Quincay.
