3970 6492
1106 295 1263 313 οοηδφρ
1306 305 1399 313 -..ιη
1422 309 1437 319 ο
1509 316 1514 321 Ι

240 384 377 442 1285

1787 350 1966 420 vrrA.

3356 364 3498 419 £336

232 500 352 569 ejus
397 493 588 549 merita
618 491 821 561 gratias
855 488 1199 555 referentem,
1246 487 1568 543 anxiabatur
1611 485 1805 553 spiritu
1838 489 1883 542 Α
1979 477 2069 532 21.
2112 469 2248 533 Cum
2283 489 2464 534 autem
2496 478 2776 535 venissent
2810 476 2877 531 ad
2901 477 3103 543 locum,
3135 477 3190 532 in
3222 493 3357 569 quo,
3383 491 3500 533 erat

233 598 451 662 peccata
486 601 584 657 sua
610 585 898 648 confitens,
957 592 1011 637 et
1075 583 1356 652 prater-ita
1402 578 1809 640 vit-.emaeulas

233 681 446 739 fluentis
468 679 696 732 abluens
744 676 1135 744 lacrymarum.
1178 673 1284 738 Qui
1331 687 1455 726 cuin
1488 670 1686 723 ibidem
1717 684 1810 737 per

232 770 621 830 hebdomadam
665 783 790 822 cum
841 766 991 819 omni
1042 765 1301 818 comitatu
1334 780 1435 817 suo
1482 777 1689 815 moram
1734 760 1811 814 fe-

228 863 412 924 cisset,
442 874 541 913 nec
560 857 851 912 exauditus
881 854 1093 919 fuisset,
1126 854 1370 908 idatnans
1397 851 1462 906 ad
1495 850 1805 920 Dominum,

231 967 423 1008 rursus
453 967 482 1004 a
509 949 698 1003 liberis
725 958 779 1002 et
815 946 1024 1001 familia
1050 962 1148 1000 sua
1181 943 1550 1025 commonitus
1580 943 1808 1012 parabat

231 1046 353 1101 inde
390 1043 645 1097 recedere
677 1061 690 1095 :
730 1041 1010 1095 trahentes
1057 1047 1239 1092 autem
1287 1036 1439 1091 illum
1485 1034 1552 1089 ad
1587 1050 1803 1101 manus,

227 1148 399 1203 usque
427 1131 493 1186 ad
517 1130 761 1184 ecclesia:
800 1129 1029 1198 jauuam
1079 1127 1468 1196 perduxerunt.
1510 1124 1804 1195 Comperto

225 1238 351 1278 vero
373 1221 517 1291 quod
556 1221 610 1273 in
644 1219 854 1275 foribus
887 1228 1034 1275 esset
1081 1217 1345 1282 ecclesia,
1386 1217 1471 1270 vir
1517 1217 1806 1272 devotione

226 1316 417 1384 plenus
452 1320 506 1365 et
556 1310 660 1366 fide
703 1310 964 1377 fervidus,
993 1308 1257 1363 convertit
1307 1307 1501 1363 faciem
1537 1324 1693 1363 suam
1734 1308 1802 1363 ad

225 1405 530 1475 sepulcrum
562 1404 697 1458 ﬂens
725 1412 779 1457 et
798 1384 1030 1472 ejulans,
1063 1416 1261 1455 nomen
1300 1401 1473 1455 sancti
1492 1400 1802 1471 frequenter

224 1498 547 1552 inclamans.
574 1494 715 1561 Quid
740 1494 945 1548 multa?
973 1492 1108 1547 Dum
1135 1501 1444 1563 prostratus
1468 1493 1618 1546 humi
1652 1493 1802 1562 jace-

225 1599 328 1654 ret,
358 1588 550 1643 faciem
590 1586 847 1657 lacrymis
878 1586 1085 1654 rigans,
1115 1593 1170 1638 et
1212 1584 1380 1639 Deum
1407 1599 1573 1640 orans
1599 1594 1661 1640 ut
1690 1602 1799 1639 non

224 1679 518 1748 respiceret
538 1685 758 1746 peccata
785 1691 906 1741 sua,
935 1673 1029 1729 sed
1059 1689 1157 1743 per
1182 1674 1325 1729 beati
1360 1673 1581 1729 Roberti
1607 1675 1799 1729 merita

221 1767 659 1823 misericordiam
692 1764 891 1819 faceret
907 1765 1241 1834 postulanti:
1280 1767 1463 1821 subito
1497 1776 1796 1836 eruperunt

1913 570 2160 638 quadam
2208 572 2491 640 congeries
2542 569 2805 638 lapidum,
2860 584 2984 638 qua
3028 579 3257 623 vocatur
3312 568 3500 624 Mons-

1911 659 2262 727 Gaudii-Dei,
2302 660 2445 715 beati
2477 659 2699 715 Roberti
2732 660 2998 737 auxilium
3020 661 3274 729 petitura,
3315 662 3498 715 Statim

1910 753 2327 807 aservientibus
2374 751 2491 806 suis
2541 751 2809 820 deposita,
2854 751 2974 806 solo
3016 751 3398 820 prosternitur,
3445 758 3501 803 ct

1911 852 2022 898 tota
2047 842 2217 898 eﬂ'usa
2250 844 2303 897 in
2332 844 2601 914 lacrymas
2628 843 2860 899 salutem
2895 843 2996 898 sibi
3024 844 3236 899 restitui
3258 843 3500 899 devotis-

1910 931 2047 987 sime
2076 932 2369 1002 ﬂagitabat.
2416 930 2705 988 Multitudo
2736 942 2918 987 autem
2958 932 3355 1003 languentium,
3392 949 3497 988 ca-

1908 1041 2122 1090 corum,
2147 1026 2463 1092 surdorum,
2486 1024 2791 1091 aridorum,
2815 1027 2907 1096 qui
2933 1041 3029 1095 per
3050 1025 3226 1080 virum
3251 1025 3344 1081 Dei
3367 1042 3495 1082 cum

1906 1118 2105 1186 gaudio
2129 1126 2433 1173 remeantes
2459 1118 2526 1171 ad
2557 1118 2801 1187 propria,
2825 1133 2949 1172 eum
2975 1119 3202 1174 muliere
3214 1119 3281 1174 de
3303 1119 3495 1175 lectica

1878 1200 1882 1208 ’
1911 1208 2162 1278 deposita
2192 1209 2572 1274 substiterunt,
2599 1224 2784 1273 preces
2807 1225 2937 1264 suas
2962 1210 3107 1265 illius
3149 1211 3495 1267 orationibus

1905 1300 2262 1369 adjungeutes
2288 1319 2302 1365 ;
2327 1308 2378 1354 et
2403 1314 2526 1369 qua
2569 1300 2623 1353 in
2681 1301 2988 1369 semetipsis
3017 1302 3223 1371 experti
3254 1303 3490 1366 fuerant,

1911 1388 1965 1442 in
2000 1389 2122 1443 aliis
2179 1405 2399 1458 quoque
2452 1387 2700 1443 viderant
2745 1397 2798 1443 et
2845 1390 3133 1445 audierant
3178 1390 3490 1458 referendo,

1904 1487 2141 1534 mentem
2166 1480 2285 1549 ejus
2315 1481 2381 1535 ad
2418 1480 2805 1550 postulandum
2846 1480 3140 1535 instantius
3184 1480 3493 1537 inﬂamma-

1903 1572 2053 1627 bant.
2080 1572 2190 1628 Nec
2217 1588 2398 1639 mora;
2426 1573 2577 1627 nervi
2605 1571 2872 1626 femorum
2897 1571 3037 1641 ejus,
3064 1588 3203 1643 quos
3225 1575 3493 1645 agritudo
3580 1628 3585 1635 .

1902 1663 2062 1735 longa
2092 1674 2459 1730 contraxerat,
2510 1663 2772 1734 paulatim
2822 1674 3108 1732 eruperunt
3159 1666 3397 1733 extendi,
3438 1676 3494 1722 et

1905 1756 2188 1826 proprium
2215 1756 2384 1812 robur
2410 1771 2535 1811 ossa
2560 1755 2822 1825 recipere.
2852 1753 3049 1808 Mulier
3078 1771 3299 1826 quoque
3326 1757 3493 1813 virtu-

224 1859 293 1913 ab
319 1857 493 1912 oculis
515 1857 633 1926 ejus
665 1857 930 1926 pellicula
972 1856 1028 1909 in
1056 1856 1282 1910 modum
1328 1858 1792 1923 membranarum,
1831 1829 1870 1882 Β
1900 1858 2006 1905 tem
2038 1850 2130 1905 Dei
2161 1850 2296 1906 inse
2344 1850 2585 1905 sentiens
2626 1858 2966 1918 Operautem,
3002 1849 3332 1919 pedetentim
3366 1853 3482 1907 eri-

223 1965 397 2020 usque
427 1950 481 2003 in
513 1947 703 2003 faciem
742 1949 859 2018 ejus
900 1948 1310 2003 descendentes.
1344 1947 1502 2015 Quod
1555 1950 1644 2004 ille
1672 1965 1797 2004 sen-

226 2041 379 2095 tiens
404 2054 624 2096 mauum
656 2039 925 2109 apposuit,
948 2047 1002 2093 et
1027 2039 1258 2094 detersis
1284 2040 1458 2095 oculis
1481 2041 1662 2095 lumen
1694 2041 1796 2096 sibi

221 2131 486 2185 redditum
518 2129 795 2186 admirans
827 2129 1137 2201 gaudebat;
1164 2130 1309 2186 unde
1335 2131 1429 2201 qui
1453 2133 1605 2201 prius
1644 2133 1796 2187 luxe—

219 2226 304 2272 rat
329 2234 437 2287 pra
464 2217 672 2283 dolore,
709 2220 876 2288 capit
902 2221 1251 2288 postmodum
1274 2222 1405 2275 fiere
1430 2237 1540 2291 prze
1576 2222 1793 2291 gaudio,

218 2309 508 2365 ostendens
535 2309 811 2373 omnibus,
841 2310 934 2379 qui
977 2325 1101 2363 eum
1150 2312 1491 2381 conabantur
1535 2312 1787 2377 educere,

220 2399 319 2455 sibi
344 2399 607 2454 redditam
632 2400 854 2455 luminis
889 2401 1212 2473 claritatem;
1244 2403 1338 2472 qui
1392 2417 1490 2472 pro
1535 2412 1688 2458 tanto
1742 2412 1796 2458 et

216 2490 494 2559 inopinato
516 2491 780 2546 miraculo
802 2492 1091 2546 Dominum
1117 2493 1509 2559 collaudantes,
1538 2493 1603 2548 ad
1628 2495 1795 2549 eccle-

216 2581 348 2636 siam
372 2589 503 2636 sunt
530 2581 753 2648 reversi,
782 2582 889 2637 Deo
917 2585 1119 2654 gratias
1163 2582 1480 2651 referentes,
1528 2596 1582 2640 et
1611 2588 1793 2657 sepul-

214 2690 361 2730 crum
387 2674 493 2729 viri
526 2675 620 2730 Dei
663 2676 980 2731 muneribus
1005 2676 1359 2733 honorantes.
1394 2677 1521 2733 inde
1550 2695 1677 2734 vero
1705 2681 1791 2735 di-

214 2765 381 2835 gressi
401 2781 531 2820 cum
559 2766 776 2836 gaudio,
825 2766 1341 2837 peregrinationem,
1402 2784 1565 2839 quam
1609 2787 1809 2842 coepe»

214 2866 351 2923 rant,
377 2858 637 2913 alacriter
664 2867 1011 2928 peregerunt.

279 2948 364 3001 20.
404 2948 495 3003 Ad
546 2948 647 3003 hoc
672 2957 855 3002 autem
899 2949 1223 3004 miraculum
1267 2951 1481 3020 plenius
1520 2953 1785 3009 roboran-

213 3038 357 3103 dum,
384 3038 538 3092 aliud
561 3039 791 3094 accessit
815 3036 957 3095 forte
984 3057 1090 3095 non
1126 3040 1319 3110 impar.
1367 3043 1503 3098 Cum
1526 3047 1670 3101 enim
1720 3065 1785 3102 ex

208 3125 301 3182 Dei
327 3128 594 3184 beneficio
619 3145 729 3184 non
763 3131 1114 3188 mediocriter
1158 3133 1451 3190 confortati
1497 3152 1592 3205 per
1640 3138 1782 3192 viam

208 3233 354 3272 suam
383 3220 688 3289 gaudentes
716 3222 879 3287 irent,
921 3223 1150 3294 contigit
1190 3225 1313 3279 illos
1358 3225 1563 3295 ingredi
1596 3228 1784 3283 civita-

207 3321 329 3378 tem,
358 3313 448 3366 cui
486 3310 708 3368 Tutlella
738 3314 852 3383 (5|)
889 3314 1220 3368 vocabulum
1243 3324 1347 3369 est.
1387 3314 1562 3370 Porro
1605 3334 1634 3371 a
1664 3318 1784 3372 viro

205 3403 435 3471 quodam
482 3411 698 3472 potente
720 3404 854 3458 satis
878 3404 1273 3459 honorabiliter
1295 3405 1531 3475 hospitio
1558 3416 1685 3461 sunt
1707 3423 1786 3461 re-

204 3494 355 3562 cepti.
385 3493 643 3564 Cumque
680 3494 843 3549 simul
872 3495 1233 3550 amicabiliter
1276 3496 1650 3567 loquerentur,
1703 3500 1784 3554 vir

201 3584 392 3640 nobilis
415 3602 524 3655 per
549 3586 691 3640 beati
722 3585 944 3641 Roberti
974 3587 1167 3641 merita
1212 3587 1305 3643 Dei
1351 3590 1780 3647 misericordiam

200 3676 489 3733 referebat.
516 3677 756 3732 Audiens
778 3687 956 3732 autem
982 3678 1064 3732 vir
1084 3681 1224 3749 apud
1254 3696 1415 3750 quem
1441 3682 1784 3751 hospitaban-

201 3775 306 3833 tur,
351 3783 482 3839 qua
533 3767 673 3824 facta
728 3768 965 3836 fuerant,
1023 3770 1186 3826 altius
1243 3771 1606 3842 ingemiscens
1662 3775 1777 3829 ait:

207 3878 223 3908 ι
253 3858 411 3928 Ecce,
471 3862 669 3931 inquit,
714 3877 851 3915 uxor
903 3877 1024 3916 mea
1085 3879 1117 3916 a
1168 3864 1394 3919 renibus
1421 3874 1476 3919 et
1521 3865 1778 3922 deorsum

200 3952 347 4005 omni
370 3953 748 4007 membrorum
775 3952 951 4008 officio
974 3952 1233 4008 deStituta
1278 3954 1399 4010 loco
1424 3957 1630 4012 moveri
1670 3973 1777 4013 non

202 4054 396 4113 potest,
424 4046 534 4101 nisi
567 4061 847 4101 servorum
881 4059 970 4101 aut
1006 4050 1328 4105 ancillarum
1349 4051 1603 4105 manibus
1624 4051 1779 4122 baju-

200 4134 340 4190 letur
370 4157 382 4193 :
426 4139 521 4193 sed
552 4153 651 4193 nec
671 4156 862 4196 recens
891 4148 974 4196 est
997 4140 1152 4211 plaga
1183 4141 1311 4201 ista,
1356 4142 1487 4195 imo-
1494 4141 1606 4210 jam
1640 4143 1777 4214 lapsi

200 4236 327 4282 sunt
347 4230 535 4285 decem
561 4240 613 4285 et
643 4240 849 4301 septem
874 4232 1024 4298 anui,
1052 4247 1117 4285 ex
1142 4231 1284 4302 quod
1327 4232 1430 4287 hoc
1459 4233 1509 4287 ei
1536 4234 1731 4288 accidit
1760 4253 1772 4287 :

200 4329 573 4375 verumtamen
602 4321 648 4375 si
680 4322 813 4376 tanti
859 4321 1036 4376 meriti
1068 4330 1152 4376 est
1193 4333 1414 4377 sanctus
1458 4323 1565 4389 ille,
1613 4340 1774 4393 quem

197 4408 402 4478 dicitis,
434 4412 648 4466 conlido
696 4414 748 4467 in
781 4413 1035 4479 Domino,
1060 4414 1202 4483 quod
1234 4430 1373 4468 uxor
1388 4431 1504 4469 mea
1524 4417 1776 4486 precibus

198 4499 372 4568 ipsius
405 4505 737 4559 restituenda
781 4505 853 4560 sit
888 4506 1125 4561 sanitati.
1162 4526 1179 4557 ι
1225 4505 1549 4577 Peregrinus
1592 4516 1770 4562 autem
1808 4529 1869 4581 υ·

199 4590 468 4662 referens,
499 4612 606 4650 non
637 4596 816 4652 solum
841 4598 985 4668 quod
1012 4597 1067 4651 in
1093 4613 1150 4653 se
1178 4608 1434 4668 expertus
1456 4596 1652 4663 fuerat,
1679 4600 1772 4654 sed

195 4682 365 4738 etiam
404 4702 526 4755 qua}
565 4688 617 4740 in
663 4689 784 4743 aliis
810 4689 1020 4743 viderat
1072 4689 1281 4745 meritis
1329 4689 1468 4743 beati
1515 4688 1770 4756 Roberti;

196 4771 478 4840 hospitem
510 4790 691 4841 suum,
723 4778 789 4830 ad
819 4777 1092 4845 poscenda
1139 4778 1398 4832 beneficia
1437 4776 1550 4843 Dei,
1595 4794 1772 4848 quan-

196 4869 313 4914 tum
353 4873 585 4931 peterat,
617 4867 928 4921 animabat:
959 4868 1117 4936 cujus
1145 4868 1305 4924 dictis
1333 4870 1474 4924 idem
1508 4870 1592 4923 vir
1614 4870 1772 4924 fidem

193 4951 488 5020 adhibens,
519 4955 623 5009 hoc
654 4954 829 5024 ipsum
862 4957 1015 5010 uxori
1039 4974 1152 5011 sua
1171 4958 1457 5016 eliicaciter
1479 4961 1770 5030 persuasit.

192 5037 495 5111 Postquam
525 5061 654 5100 vero
699 5055 981 5102 nocturna
1030 5049 1260 5105 lenebra
1311 5063 1669 5117 recesserunt,
1722 5064 1774 5109 et

193 5129 451 5189 Plioebrra
501 5121 708 5208 lampas
732 5137 918 5192 orbem
956 5147 1222 5194 terrarqu
1265 5141 1382 5196 suis
1410 5142 1576 5196 radiis
1618 5143 1773 5198 illus-

194 5229 433 5292 trasset,
462 5229 839 5285 recedentibus
883 5232 1185 5303 peregrinis
1207 5233 1291 5285 vir
1330 5232 1503 5287 ﬁdelis
1547 5250 1771 5290 uxorem

194 5326 357 5368 suam
382 5316 669 5389 imponens
700 5322 925 5389 lectica,
951 5338 1074 5377 cum
1114 5333 1376 5393 apparatu
1410 5340 1608 5395 magno
1648 5326 1773 5380 Gal-

194 5399 300 5459 lias
329 5408 484 5474 adiit,
517 5412 687 5467 labori
726 5429 827 5468 suo
853 5414 1012 5467 linem
1064 5428 1169 5467 non
1214 5413 1443 5479 faciens,
1468 5415 1641 5468 donec
1675 5432 1740 5470 ve

194 5492 339 5551 niret
366 5500 433 5554 ad
462 5502 663 5569 locum,
690 5504 745 5557 in
775 5520 885 5574 quo
905 5514 1021 5559 erat
1061 5505 1203 5559 beati
1235 5506 1333 5559 viri
1377 5520 1576 5575 corpus
1606 5522 1769 5560 vene-

193 5584 441 5645 rabiliter
465 5595 808 5649 tumulatum.

267 5697 384 5779 (βε)
436 5702 511 5760 lta
574 5707 935 5779 correximus,
995 5705 1120 5761 licet
1162 5706 1214 5760 in
1264 5706 1535 5779 ecgrapho
1584 5718 1768 5764 nostro

197 5775 461 5839 scriptum
500 5787 645 5831 esset
668 5775 927 5832 Cudella:
975 5785 1057 5832 est
1081 5787 1259 5832 autem
1290 5775 1480 5832 Tutela
1530 5778 1659 5834 urbs
1698 5781 1763 5835 ad

1899 1942 2063 2011 gitur,
2089 1950 2142 1996 et
2165 1941 2283 1997 sine
2305 1941 2539 2011 alicujus
2561 1941 2765 1995 auxilio
2812 1942 2865 1995 iu
2897 1942 3061 2011 pedes
3088 1943 3330 2011 prosilit;
3363 1942 3479 2000 Deo

1895 2039 1949 2085 et
1972 2032 2133 2086 beato
2166 2030 2410 2086 Roberto
2438 2031 2644 2102 gratias
2667 2047 2855 2102 agens,
2887 2040 2940 2086 et
2964 2032 3148 2086 subito
3186 2033 3238 2086 in
3265 2033 3483 2089 laudem

1895 2121 1989 2176 Dei
2011 2131 2066 2178 et
2115 2122 2290 2177 sancti
2341 2122 2561 2177 Roberti
2607 2121 2878 2189 omnium,
2933 2122 3025 2192 qui
3076 2123 3327 2189 aderant,
3377 2139 3479 2180 ora

1893 2214 2170 2281 laxantur,
2202 2224 2256 2269 et
2277 2232 2381 2270 vox
2418 2214 2800 2271 cxsultationis
2828 2213 3240 2270 diffundebatur
3266 2217 3479 2286 procul.

1895 2305 2087 2361 Mulier
2114 2322 2332 2377 quoque
2354 2321 2477 2362 cum
2520 2321 2549 2360 a
2576 2305 2691 2359 viro
2738 2320 2840 2360 suo
2870 2315 3155 2375 rogaretur
3184 2314 3244 2360 ut
3282 2306 3481 2362 itermn

1895 2399 2144 2453 lecticam
2201 2397 2594 2454 conscenderet
2653 2397 2721 2451 ad
2777 2397 3067 2452 ecclesiam
3125 2397 3434 2467 profectura
3462 2441 3477 2465 ,

1894 2488 2071 2543 noluit
2098 2488 2481 2558 acquiescere,
2514 2488 2608 2543 sed
2646 2497 2773 2541 ante
2802 2488 2940 2541 alios
2970 2488 3084 2542 ibat
3109 2488 3401 2544 ambulans
3426 2499 3483 2544 et

1892 2578 2173 2645 cxsiliens,
2198 2579 2429 2634 laudans
2448 2578 2641 2644 Deum,
2670 2577 2900 2647 utjuxta
2924 2578 3160 2633 litteram
3201 2580 3481 2635 videretur

1892 2669 1947 2723 iu
1972 2686 2034 2724 ea
2063 2669 2344 2740 impletum
2370 2685 2491 2725 esse
2515 2670 2649 2725 illud
2671 2669 2824 2725 Isaia
2848 2670 3169 2726 vaticinium
3201 2690 3214 2725 :
3275 2691 3294 2723 ι
3323 2671 3479 2728 Tunc

1890 2762 2118 2816 claudus
2148 2762 2307 2818 saliet
2334 2762 2480 2818 sicut
2528 2778 2746 2829 cervus,
2798 2772 2853 2817 et
2906 2772 3093 2833 aperta
3142 2763 3247 2819 erit
3288 2765 3475 2837 lingua

1890 2861 2167 2907 imitorum
2200 2853 2334 2923 (Isa.
2374 2853 2563 2923 xxxv),
2603 2873 2622 2906 ι
2664 2869 2788 2924 qua
2819 2854 2963 2909 enim
3006 2856 3161 2925 prius
3207 2855 3479 2927 impotens

1889 2953 2025 3010 erat,
2055 2962 2180 3000 ecce
2212 2956 2337 3001 ante
2365 2946 2503 3001 alios
2534 2946 2687 3012 ibat;
2727 2955 2782 3000 et
2816 2946 2904 3000 cui
2940 2946 3093 3017 prius
3124 2963 3235 3016 pra
3282 2947 3479 3002 confu-

1889 3036 2044 3091 sione
2084 3053 2193 3090 nou
2225 3046 2344 3092 erat
2377 3053 2439 3093 os
2466 3039 2701 3108 aperire,
2736 3046 2846 3093 tota
2885 3039 2937 3092 in
2979 3037 3075 3093 Dei
3100 3039 3354 3095 laudibus
3393 3039 3477 3095 cf-

1887 3127 2106 3183 lluebat.
2145 3127 2381 3184 Veniens
2405 3140 2586 3184 autem
2643 3130 2709 3184 ad
2755 3130 3064 3196 ecclesiam,
3116 3131 3169 3185 in
3225 3147 3331 3202 qua
3368 3133 3474 3187 viri

1888 3220 1980 3274 Dei
2003 3236 2202 3291 corpus
2228 3221 2444 3292 jaeebat
2465 3222 2772 3289 butnatum,
2800 3239 2924 3292 qua
2954 3221 3067 3279 fere
3104 3223 3323 3280 duobus
3352 3226 3476 3280 mil—

1886 3309 2114 3366 liaribus
2137 3310 2421 3366 distabata
2440 3312 2582 3377 loco,
2614 3312 2668 3365 in
2691 3328 2800 3381 quo
2827 3312 3021 3366 mulier
3044 3321 3233 3368 sanata
3266 3313 3469 3382 fuerat;

1884 3403 2087 3473 gratias
2116 3403 2225 3472 egit
2256 3402 2364 3458 Deo
2412 3413 2466 3457 et
2512 3402 2674 3457 beato
2728 3402 2984 3470 Roberto,
3047 3405 3208 3474 cujus
3260 3421 3320 3462 se
3360 3422 3473 3462 non

1882 3492 2165 3548 dubitabat
2188 3494 2417 3560 meritis,
2450 3493 2521 3548 ab
2547 3494 2656 3560 illa,
2683 3510 2792 3564 qua
2824 3494 3040 3549 detenta
3078 3494 3276 3564 fuerat,
3307 3497 3470 3568 agri-

1884 3584 2070 3640 tudine
2100 3584 2407 3640 liberatam.
2441 3583 2602 3639 Humi
2638 3603 2770 3643 vero
2814 3595 3087 3655 prostrata
3114 3597 3239 3643 ante
3284 3592 3473 3658 sepul—

1883 3693 2036 3733 crum
2063 3677 2258 3744 sancti,
2306 3688 2528 3745 terram,
2575 3680 2627 3734 in
2677 3696 2784 3751 qua
2829 3680 3047 3750 jacebat
3098 3696 3300 3752 corpus
3348 3682 3474 3752 ejus

1882 3769 2235 3824 devotissime
2262 3770 2611 3837 deosculans,
2637 3773 2855 3827 cunctis
2878 3771 2971 3841 qui
3004 3771 3233 3827 aderant
3277 3771 3471 3826 minis-

1882 3862 2061 3915 trabat
2109 3863 2397 3916 materiam
2445 3862 2614 3917 Deum
2660 3864 2713 3917 in
2761 3850 2956 3919 sauct'o
2991 3880 3092 3918 suo
3145 3864 3471 3921 mirabiliter

1880 3951 2231 4020 praedicandi.
2303 3950 2564 4005 Oratione
2630 3968 2762 4007 vero
2815 3954 3109 4021 completa,
3169 3955 3470 4025 multisque

1880 4042 2201 4097 muneribus
2224 4042 2546 4097 honorando
2590 4042 2691 4096 viri
2746 4042 2839 4097 Dei
2888 4044 3141 4113 sepulcro
3194 4043 3461 4116 [oblatis],

1878 4150 2005 4188 cum
2062 4134 2262 4204 gaudio
2290 4142 2533 4187 remeant
2580 4134 2646 4188 ad
2689 4135 2930 4204 propria,
2982 4135 3231 4190 lecticam
3263 4136 3315 4189 in
3352 4152 3464 4206 qua

1879 4225 2060 4280 fuerat
2087 4226 2370 4294 deportata
2401 4226 2454 4279 in
2484 4226 2862 4281 testimonium
2896 4242 3009 4281 suze
3046 4227 3465 4284 deliberationis

1877 4317 2291 4387 derelinquens;
2329 4316 2474 4385 quod
2520 4315 2866 4382 miraculum,
2918 4326 2977 4371 ut
3016 4318 3181 4372 etiam
3210 4329 3460 4388 posteros

1878 4424 1986 4462 non
2016 4408 2228 4472 lateret,
2253 4406 2443 4461 eadem
2468 4407 2655 4463 lectica
2685 4417 2807 4462 ante
2832 4406 2981 4463 fores
3020 4407 3264 4464 basilica
3292 4409 3460 4482 longo

1879 4509 2118 4567 tempore
2137 4499 2407 4568 pependit.

1946 4590 2037 4644 22.
2080 4589 2351 4655 Quantam
2379 4589 2479 4645 iste
2501 4600 2723 4645 sanctus
2744 4590 2796 4645 in
2823 4590 3127 4662 eli‘ugandis
3158 4592 3460 4650 immundis

1875 4680 2160 4750 spiritibus
2187 4681 2460 4751 acceperit
2490 4697 2520 4735 a
2550 4680 2784 4747 Domino
2814 4692 3160 4753 potestatem,
3190 4684 3459 4755 ad‘ipsius

1876 4770 2277 4825 invocationem
2328 4769 2594 4827 miracula
2642 4769 2785 4826 facta
2852 4773 3157 4828 declarant.
3206 4773 3342 4829 Nam
3393 4783 3457 4832 ut

1875 4871 2067 4916 catera
2089 4862 2299 4928 sileam,
2334 4860 2530 4915 mulier
2552 4863 2955 4941 quadam‘cnm
2990 4867 3237 4935 ingressa
3263 4865 3457 4924 fuisset

1874 4968 2040 5008 causa
2079 4952 2346 5008 orationis
2395 4950 2684 5007 ecclesiam
2713 4952 3140 5025 Molismensem,
3185 4969 3240 5014 et
3267 4975 3453 5017 coram

1875 5044 2035 5099 altari
2057 5045 2371 5113 assisteret,
2412 5046 2629 5102 occulto
2657 5044 2751 5101 Dei
2770 5046 2980 5115 judicio
3020 5058 3237 5120 arrepta
3265 5068 3296 5106 a
3338 5053 3452 5107 da-

1874 5151 2035 5190 monc
2064 5136 2448 5192 miserabiliter
2472 5137 2794 5207 vexabatur.
2836 5140 2913 5195 Ad
2946 5144 3238 5199 consilium
3268 5155 3453 5201 autem

1874 5229 2128 5283 monachi
2154 5229 2405 5294 senioris,
2430 5228 2523 5298 qui
2554 5229 2765 5294 aderat,
2797 5232 3031 5289 maritus
3059 5237 3328 5303 mulieris,
3356 5240 3450 5308 qui

1872 5335 1997 5374 cum
2028 5321 2116 5375 illa
2142 5329 2379 5388 venerat,
2415 5321 2561 5376 illam
2593 5321 2839 5394 alligavit
2864 5326 2930 5379 ad
2959 5328 3272 5395 Sepulcrum
3296 5328 3449 5383 beati

1874 5411 2118 5467 Roberti.
2142 5412 2337 5468 Misera
2361 5430 2489 5469 vero
2513 5416 2709 5471 mulier
2732 5425 2840 5470 tam
2861 5417 3152 5471 crudeliter
3172 5417 3448 5486 saviebat,

1874 5509 1934 5555 ut
1983 5516 2195 5568 omnes,
2257 5504 2350 5574 qui
2410 5507 2845 5578 appropinquare
2890 5507 3104 5573 vellent,
3159 5516 3449 5565 conaretur

1872 5591 2127 5649 dentibus
2158 5603 2465 5663 attrectare,
2498 5600 2712 5652 tandem
2742 5613 2769 5650 a
2795 5597 2910 5651 viro
2952 5613 3052 5652 suo
3090 5601 3445 5669 commonita,

1862 5707 2087 5762 lberum
2137 5707 2361 5762 ﬂuvium
2406 5711 2705 5770 nominata.
2741 5725 2807 5764 ex
2854 5709 3026 5764 Gallia
3069 5709 3123 5762 in
3160 5708 3445 5770 Galliciaut

1871 5780 2129 5834 euntibus
2154 5780 2462 5848 commoda,
2502 5782 2643 5834 ltauzl
2671 5780 2863 5849 procul
2889 5780 3196 5854 Calagurri.
