3970 6440
547 348 688 403 1287

542 464 686 518 beati
711 462 931 518 Roberti
972 479 1168 518 nomen
1216 464 1493 529 inclamat,
1538 464 1726 518 dicens
1766 481 1780 516 ε

543 554 804 620 Roberte,
849 572 977 625 roga
1036 554 1248 609 beatam
1288 552 1587 625 Virginem,
1640 565 1700 609 ut
1748 555 1864 625 ipsa
1914 556 2048 610 mihi
2093 572 2124 610 a

542 646 688 700 Filio
718 662 819 701 suo
843 646 1094 714 impetret
1119 645 1517 701 liberationem.
1555 665 1573 697 ι
1602 646 1724 713 Quo
1745 647 1912 710 dicto.
1941 648 2125 702 statim

543 738 740 792 mulier
777 752 960 791 coram
1000 737 1258 791 omnibus
1287 737 1533 802 liberata,
1590 738 1795 807 gratias
1830 746 1941 807 egit
1990 737 2120 794 Deo.

542 830 724 884 Altera
749 844 969 899 quoque
999 828 1195 882 mulier
1217 828 1285 881 de
1331 829 1472 893 vico,
1519 828 1605 883 cui
1640 844 1837 882 nomen
1880 839 1964 883 est
2001 829 2127 884 Bai-

543 940 718 993 gnous
746 920 881 991 (52'),
919 939 1046 978 cum
1081 924 1133 977 in
1160 924 1413 978 cubiculo
1438 923 1759 994 peperisset,
1800 925 1987 978 nescio
2016 940 2126 994 quo

543 1014 637 1069 Dei
659 1015 867 1086 judicio
898 1016 952 1070 in
997 1016 1263 1069 insaniam
1291 1032 1467 1081 versa,
1510 1017 1684 1070 virum
1711 1031 1871 1071 suum
1907 1014 2124 1086 Evonga

542 1107 813 1178 percussit
839 1115 893 1161 et
913 1108 1152 1173 occidit;
1201 1123 1324 1177 qua:
1382 1107 1676 1161 constricta
1706 1106 1929 1163 funibus
1980 1116 2034 1161 et
2058 1106 2124 1162 ad

539 1197 830 1251 ecclesiam
865 1195 1266 1251 Molisniensem
1313 1196 1594 1265 perducta,
1622 1212 1787 1266 quam
1810 1197 1920 1251 cito
1942 1196 2123 1266 sepul-

543 1304 701 1342 crum
748 1288 892 1343 beati
939 1288 1042 1343 viri
1092 1287 1411 1359 contingere
1456 1287 1651 1357 potuit,
1701 1288 1929 1342 liberata
1974 1298 2059 1342 est
2094 1303 2125 1342 a

542 1381 811 1442 daemone,
843 1380 978 1434 nihil
1010 1380 1267 1451 deinceps
1326 1379 1431 1434 tale
1481 1394 1755 1449 perpessa.
1810 1378 1867 1433 In
1913 1395 1972 1435 se
1995 1394 2126 1434 vero

544 1487 784 1537 reversa,
808 1487 933 1527 cum
959 1487 1017 1527 se
1042 1470 1247 1525 videret
1276 1470 1501 1525 funibus
1533 1470 1909 1536 constrictam,
1933 1471 2125 1525 mirari

543 1565 744 1634 erepit;
779 1575 831 1619 et
860 1566 1100 1630 demum,
1130 1564 1316 1633 agnito
1342 1563 1584 1617 facinore
1625 1563 1770 1633 quod
1802 1573 1999 1633 patrat,
2028 1579 2127 1633 pro

507 1673 716 1733 'causa
754 1657 957 1726 duplici
1003 1656 1130 1710 flere
1189 1656 1400 1725 erepit:
1455 1655 1583 1710 hinc
1630 1664 1914 1724 peccatum
1962 1671 2123 1709 suum

544 1748 889 1801 amarissime
924 1746 1151 1812 deﬂens,
1205 1745 1331 1801 hinc
1372 1761 1502 1800 vero
1532 1762 1630 1815 pro
1660 1746 1980 1800 liberatione
2026 1761 2124 1800 sua

543 1841 749 1912 gratias
774 1854 940 1909 agens
988 1836 1118 1894 Deo.
1152 1836 1275 1892 llaec
1325 1847 1507 1891 antem
1538 1848 1592 1892 et
1631 1837 1716 1891 his
1757 1836 1959 1892 similia
1996 1852 2126 1906 ope-

543 1932 655 1986 tari
687 1948 796 1985 non
833 1930 1034 1986 desinit
1076 1931 1253 1986 virtus
1276 1930 1502 1995 Christi,
1559 1946 1655 2000 per
1685 1931 1877 1984 merita
1912 1929 1975 1983 B.
2023 1928 2128 1983 lto-

542 2024 703 2091 bcrti,
732 2025 797 2077 ad
825 2024 1038 2078 laudem
1060 2032 1112 2077 et
1144 2023 1370 2093 gloriam
1394 2023 1632 2077 nominis
1655 2023 1761 2090 sui,
1785 2023 1874 2077 cui
1900 2031 2125 2076 cstcum

540 2112 702 2169 Patre
729 2124 782 2168 et
809 2112 1017 2183 Spiritu
1046 2123 1234 2168 sancto
1277 2113 1452 2168 honor
1485 2123 1541 2168 et
1568 2114 1763 2185 gloria,
1813 2114 1867 2169 in
1923 2114 2125 2169 saecula

543 2204 893 2261 szecuiorum.
920 2205 1116 2261 Amen.

611 2296 701 2355 9.5.
761 2295 881 2351 Non
930 2298 1027 2352 abs
1078 2314 1135 2352 re
1195 2298 1432 2353 arbitror
1477 2300 1680 2355 omissa
1737 2308 2000 2369 repetere,
2075 2310 2130 2354 et

540 2406 707 2459 quam
757 2390 1013 2444 modestae
1056 2390 1359 2446 severitatis
1406 2392 1459 2445 in
1512 2393 1781 2458 subditos,
1830 2406 2113 2463 quamque

540 2482 778 2537 liberalis
820 2482 873 2535 in
929 2497 1193 2553 pauperes
1247 2482 1437 2537 beatus
1490 2482 1760 2539 Robertus
1818 2483 2107 2547 exstiterit,

543 2578 791 2647 apicibus
839 2579 1119 2633 adnotare.
1177 2575 1314 2632 Cum
1357 2578 1503 2632 enim
1551 2578 1792 2649 quodam
1857 2576 1948 2632 die
2020 2577 2130 2633 duo

542 2671 726 2726 clerici
760 2671 935 2724 virum
962 2669 1055 2725 Dei
1083 2686 1180 2741 pro
1208 2669 1418 2727 foribus
1460 2671 1704 2727 ecclesiae
1736 2670 2068 2741 reperissent
2114 2689 2127 2736 ;

543 2772 833 2831 coeperunt
866 2763 935 2815 ab
961 2778 1026 2815 eo
1053 2762 1319 2818 instanter
1358 2763 1672 2817 alimoniam
1708 2764 2002 2833 postulare.
2033 2761 2129 2817 Vir

544 2865 724 2910 autem
761 2853 878 2919 Dei,
923 2854 1064 2909 sicut
1107 2863 1253 2909 lotus
1306 2854 1693 2909 misericordiae
1719 2854 2022 2910 visceribus
2048 2853 2131 2911 af-

543 2946 769 3013 lluebat,
819 2946 1034 2999 illorum
1084 2946 1312 3015 cupiens
1353 2944 1547 3014 inopiae
1595 2945 1907 3011 subvenire,
1938 2945 2124 3000 statim

543 3040 834 3110 quemdam
881 3055 911 3093 e
937 3037 1218 3104 fratribus,
1241 3036 1399 3106 cujus
1419 3045 1536 3094 crat
1560 3038 1796 3093 cilicium
1818 3037 2131 3092 ministrare

544 3133 775 3198 mensis,
825 3131 1081 3187 accersiri
1128 3131 1401 3203 praecepit.
1441 3128 1541 3184 Cui
1585 3145 1709 3184 eum
1755 3128 2125 3199 praecepisset,

621 3286 736 3357 (52)
767 3284 943 3356 Vulgo
998 3284 1570 3357 Baigneur—les—Jnifs,
1631 3283 1682 3338 id
1727 3291 1823 3357 est
1874 3283 2117 3338 Balniola

544 3355 1171 3425 Judzem'nm,’oppidum
1216 3355 1541 3477 Din-«fundae
1596 3370 1761 3424 prope
1794 3355 2123 3425 Sequanam.

546 3427 627 3477 lla
657 3435 875 3477 nolatur
899 3427 953 3477 in
985 3427 1287 3477 Alnhabctu
1350 3425 1594 3477 ’rattcico
1644 3423 1703 3477 Ρ.
1759 3424 1951 3477 Duval.
1981 3425 2123 3477 vide-

546 3427 627 3482 lta
657 3435 875 3481 notatur
899 3423 963 3479 in»
985 3423 1287 3495 Alphabcto
1332 3423 1606 3495 lf‘rancico
1644 3423 1703 3478 P.
1759 3423 1951 3495 Duval,
1981 3425 2130 3477 vide-

549 3509 746 3567 turque
777 3498 915 3551 idem
944 3513 1064 3551 eSse
1085 3498 1229 3566 quod
1260 3496 1313 3567 in
1346 3494 1552 3567 Tabula
1603 3496 1834 3549 ducatus
1880 3494 2128 3567 Burgun—

546 3565 946 3623 dici'scribitur
984 3565 1192 3636 absque
1247 3565 1430 3619 addito
1480 3565 1759 3635 Bagnaux,
1818 3581 1922 3618 una
1977 3566 2128 3618 leuca

546 3639 760 3692 distans
809 3654 838 3692 a
889 3635 1159 3698 Molismo,
1207 3637 1273 3688 ad
1321 3651 1445 3688 eum
1506 3636 1739 3689 rivulum
1763 3636 1856 3704 qui
1904 3650 2026 3689 sese
2073 3635 2125 3688 in

549 3708 861 3793 Samaria-ni
885 3718 1149 3793 extulerat
1172 3705 1311 3786 infra
1338 3705 1565 3793 B't‘II‘I‘ullll
1598 3707 1935 3793 praedictum.

623 3774 737 3849 (‘55)
776 3776 999 3831 Michael
1044 3777 1312 3832 Antonius
1362 3775 1675 3842 Baudrand,
1736 3776 1830 3847 qui
1887 3774 2122 3830 chicon

1438 349 1495 403 S.
1540 347 1838 404 ROBERTI
1875 347 2037 403 0RD.
2076 346 2391 404 CISTERC.
2431 346 2873 404 FUNDATORIS

3674 353 3816 410 5388

1866 483 1883 515 ι
1930 463 2129 520 Sancte
2158 469 2203 525 Α
2232 472 2293 516 ut
2322 462 2529 533 aliquid
2556 464 2714 518 daret
2753 465 2960 535 egenis,
2988 480 3310 536 responsum
3357 468 3576 536 accepit
3617 434 3819 535 ab‘eo,

2227 568 2398 623 panes
2432 555 2648 623 penitus
2691 556 2744 608 in
2772 557 3100 611 monasterio
3148 574 3260 611 non
3315 558 3533 611 haberi.
3600 577 3622 610 ι
3662 556 3822 614 Unde

2226 659 2393 714 ergo,
2451 644 2526 698 ait
2570 655 2814 711 sanctus,
2863 647 3020 701 hodie
3059 650 3300 703 rellcient
3349 648 3607 704 fratres?
3642 670 3662 702 ι
3718 648 3823 706 Re-

2231 738 2454 808 spondit
2487 756 2501 791 :
2544 758 2563 789 i
2594 737 2812 794 Nescio.
2850 760 2869 791 ι
2918 738 3029 794 Nec
3077 757 3225 795 mura
3260 762 3274 795 :
3328 743 3484 796 venit
3516 743 3680 807 hora,
3712 760 3820 813 qua

2230 831 2445 896 fratres,
2470 832 2705 900 peractis
2722 846 2790 885 ex
2827 847 2978 885 more
2999 832 3290 887 missarum
3315 834 3634 899 solemniis,
3662 849 3821 903 para-

2229 923 2363 978 bant
2417 923 2742 993 appropiare
2788 924 3014 979 mensis.
3053 924 3188 979 Cum
3236 926 3484 981 sonitum
3558 928 3817 997 cymbali,

2229 1014 2372 1069 sicut
2400 1014 2488 1068 illa
2514 1014 2647 1069 hora
2681 1015 2854 1070 moris
2878 1015 3109 1079 est,-vir
3154 1027 3382 1071 sanctus
3435 1016 3702 1083 audisset,
3754 1019 3820 1071 ab

2229 1120 2517 1160 (econemo
2538 1105 2823 1175 requisivit
2853 1106 2999 1161 unde
3045 1122 3213 1177 panes
3257 1107 3514 1172 haberet,
3534 1123 3675 1178 quos
3702 1108 3815 1163 fra-

2229 1195 2407 1250 tribus
2448 1196 2733 1251 refecturis
2761 1206 3078 1266 apponeret.
3135 1216 3154 1249 ι
3192 1197 3308 1268 Ego
3358 1198 3562 1268 inquit,
3610 1214 3816 1269 paucos

2229 1287 2525 1351 reservavi,
2554 1302 2877 1358 procurans,
2899 1296 2963 1343 ut
2996 1288 3310 1344 refectionis
3367 1290 3506 1342 hora
3556 1290 3813 1347 fratribus

2231 1379 2440 1433 cibaria
2470 1393 2578 1433 non
2602 1378 2875 1435 deessent.
2913 1398 2933 1432 ι
2964 1378 3119 1435 Tunc
3141 1380 3227 1434 vir
3252 1379 3347 1434 Dei
3380 1382 3501 1434 zelo
3533 1381 3809 1449 incensus,

2230 1468 2470 1523 fremens
2494 1476 2549 1522 et
2570 1469 2881 1538 indignans,
2904 1470 3050 1539 quod
3081 1470 3135 1524 iu
3183 1485 3350 1541 grege
3383 1470 3490 1525 sibi
3518 1471 3812 1527 commisso

2231 1568 2506 1629 repertum
2544 1558 2740 1614 fuisset
2760 1559 3143 1615 inobedientia:
3182 1561 3378 1614 lolium
3414 1571 3467 1616 et
3504 1562 3813 1618 difﬁdentiae

2232 1652 2467 1717 zizania,
2499 1650 2780 1723 ingressus
2802 1649 3151 1706 refectorium
3179 1668 3353 1722 panes
3380 1655 3569 1710 mensis
3603 1670 3811 1725 super-

2232 1746 2440 1814 positos
2490 1745 2545 1799 in
2606 1752 2792 1813 sporta
2837 1745 3103 1815 suscepit,
3155 1746 3417 1815 ipsosque
3456 1746 3520 1799 de
3568 1749 3804 1816 quodam

2231 1837 2485 1892 colliculo
2510 1836 2692 1891 vicino
2714 1838 2980 1903 ecclesiae,
3006 1838 3061 1891 in
3085 1852 3228 1907 aqua
3274 1837 3414 1907 (55),
3446 1852 3565 1906 qua:
3594 1837 3809 1891 subter-

2233 1932 2433 1987 fluebat
2456 1931 2761 2001 praecipites
2782 1931 2959 1986 dedit:
2997 1930 3189 1985 nolens
3216 1930 3270 1983 in
3308 1931 3440 1984 filiis
3468 1928 3559 1984 Dei
3597 1931 3807 1999 culpant

2233 2024 2615 2080 inobedicntiae
2641 2023 2888 2092 reperiri.
2924 2023 2994 2077 At
3022 2038 3151 2077 vero
3167 2022 3341 2077 zelum
3372 2022 3549 2094 ipsius
3571 2020 3721 2079 Deus
3749 2041 3809 2081 ex

2231 2116 2343 2169 alto
2380 2115 2739 2184 prospiciens,
2760 2114 2872 2184 jam
2895 2112 3222 2183 quibusdam
3251 2114 3469 2170 devotis
3498 2116 3810 2171 mulieribus

2232 2210 2300 2265 de
2327 2208 2657 2263 Castellione
2680 2207 2793 2277 (5i)
2826 2207 3207 2277 inSpiraverat,
3237 2218 3297 2263 ut
3341 2224 3519 2278 panes
3547 2207 3809 2264 deferrent

2236 2300 2499 2356 fratribus
2526 2300 2843 2356 refecturis.
2874 2298 2970 2354 Vir
2993 2301 3140 2355 enim
3169 2298 3261 2354 Dei
3293 2298 3354 2353 Β.
3391 2299 3674 2355 Robertus
3697 2301 3807 2355 inde

2236 2392 2571 2465 regrediens,
2625 2395 2692 2449 ad
2744 2402 2957 2464 portam
3004 2392 3326 2447 monasterii
3375 2401 3490 2449 tres
3520 2392 3809 2463 quadrigas

2236 2485 2442 2539 invenit
2466 2485 2703 2555 panibus
2752 2492 3029 2547 oneratas,
3077 2499 3215 2553 quas
3244 2483 3311 2536 de
3340 2482 3679 2537 Castellione
3706 2483 3810 2552 jam

2236 2577 2395 2631 dicta:
2419 2577 2675 2632 mulieres
2704 2576 2769 2630 ad
2795 2574 3141 2630 refectionem
3179 2573 3412 2629 fratrum
3454 2574 3808 2629 adduxerant.

2237 2667 2394 2725 Tunc
2422 2668 2506 2722 vir
2535 2667 2653 2732 Dei,
2692 2665 2956 2723 fratribus
2996 2667 3333 2729 convocatis,
3392 2665 3722 2719 diuidentem
3761 2676 3810 2720 et

2238 2761 2637 2817 inobedientem
2665 2760 2886 2815 fratrem
2915 2773 3100 2813 coram
3124 2758 3338 2812 eunetis
3363 2758 3659 2828 redarguit,
3686 2772 3807 2812 cun-

2236 2863 2462 2923 ctosque
2502 2851 2720 2916 fratres,
2770 2850 2838 2904 ad
2889 2850 3327 2918 prtcsumendum
3373 2848 3440 2902 de
3495 2846 3585 2901 Dei
3644 2848 3805 2903 mise-

2238 2943 2470 2999 ricordia
2507 2942 2562 2996 in
2591 2940 3011 2997 necessitatibus
3070 2939 3295 2996 monitis
3337 2938 3664 2994 salutaribus
3691 2939 3802 2992 ani.

2238 3036 2407 3093 mavit
2422 3035 2561 3109 (55).

2162 1807 2201 1861 Β

2237 3276 2926 3353 geograpbieumi-‘errarii
2955 3274 3205 3353 dimidia_
3224 3282 3377 3342 parte
3399 3269 3613 3353 auctius
3633 3283 3802 3338 nuper

2235 3341 2503 3422 vulgavit,
2525 3350 2600 3422 de
2644 3348 2897 3422 Molismo
2923 3361 3139 3422 agens_,_
3163 3341 3439 3422 situm‘ait
3482 3341 3545 3422 ad
3570 3355 3799 3422 amnem

2236 3410 2933 3493 Lei'énejLatineLeniam
2958 3410 3054 3469 seu
3080 3413 3305 3493 Cineam
3327 3412 3549 3479 dixeris)
3570 3410 3654 3463 hic
3678 3425 3802 3462 vero

2237 3484 2401 3563 supra
2437 3484 2936 3563 HarumASequanze
2966 3501 3088 3539 sese
3113 3484 3330 3563 ingerit.

2308 3548 2425 3631 ἤδη
2462 3548 3131 3631 Castelliobppidumuad
3174 3548 3521 3624 Sequanam,
3550 3549 3717 3605 tribus
3742 3548 3805 3603 ad

2238 3626 2504 3687 orientem
2535 3630 2706 3684 leucis
2736 3628 2989 3681 Molismo
3015 3626 3252 3681 distans.

2300 3703 2415 3770 (55)
2475 3698 2647 3754 Tutus
2696 3699 2785 3752 hic
2807 3697 3181 3770 paragraphus
3231 3695 3469 3750 habetur
3525 3692 3613 3770 in.
3657 3688 3804 3743 Suria

2232 3766 2356 3843 post
2373 3766 2673 3826 numerum
2707 3776 2952 3823 nostrum
2990 3766 3069 3821 ll.
3604 3766 3615 3777 '

572 3934 3763 3973 Mm...

1277 4081 1938 4177 PROCESSUS
2021 4079 3082 4175 CANONIZATIONIS.

623 4477 716 4533 ΞΗ.
758 4474 1056 4537 Processus
1090 4474 1178 4529 hic
1223 4472 1657 4528 canonizationis
1687 4484 1794 4525 una
1838 4485 1961 4524 cum
2018 4469 2125 4524 ori.

556 4571 776 4644 ginibus
828 4568 1037 4623 ordinis
1104 4564 1483 4621 Cisterciensis
1549 4574 1728 4618 exstat
1783 4564 1837 4616 in
1902 4570 2051 4616 tumo
2117 4561 2136 4615 1

560 4663 910 4718 Bibliotheca:
935 4676 1066 4713 mss.
1108 4675 1137 4712 a
1166 4657 1418 4727 Philippo
1448 4656 1630 4710 Labbe
1676 4655 1874 4710 editus.
1922 4654 2136 4709 Conve—

557 4765 757 4812 nerunt
785 4754 991 4810 scilicet
1018 4768 1161 4806 anno
1186 4750 1314 4804 1221
1344 4749 1735 4804 Cistereienscs
1751 4748 1818 4803 ad
1843 4746 2138 4817 capitulum

558 4848 834 4921 generale,
884 4846 939 4900 in
986 4860 1162 4915 coque
1219 4853 1547 4909 statuerunt,
1606 4852 1666 4897 ut
1718 4841 2139 4896 intercessiones

562 4943 779 5004 ﬂerent,
831 4938 1106 5007 libellique
1134 4937 1407 5006 supplices
1445 4935 1771 4989 offerrentur
1805 4931 2047 4987 llonorio
2076 4929 2140 4984 Ill

560 5031 827 5103 pontifici,
854 5038 914 5083 ut
957 5030 1003 5084 is
1048 5029 1344 5082 “ubertum
1395 5027 1642 5098 catalogo
1689 5033 2002 5080 sanctorum
2046 5023 2141 5078 ad-

560 5122 843 5177 scriberet.
877 5120 1118 5175 Accessit
1141 5119 1571 5174 Molismensium
1613 5130 1833 5187 quoque
1877 5115 2139 5179 studium,

565 5213 777 5271 meritis
826 5212 1138 5269 communis
1195 5211 1372 5265 Patris
1441 5210 1678 5263 honores
1740 5206 2138 5277 quierentium;

555 5309 871 5380 junctisque
898 5307 1010 5361 sive
1036 5305 1228 5361 litteris
1246 5304 1359 5359 sive
1382 5303 1573 5372 legatis
1595 5301 1648 5356 id
1670 5300 1812 5370 apud
1833 5299 2139 5369 pontificem

562 5401 863 5455 eﬂ'ccerunt
896 5399 1133 5469 utrique,
1179 5403 1240 5450 ut
1272 5411 1488 5464 tequum
1520 5410 1751 5449 censens
1793 5392 1940 5462 quod
1990 5399 2142 5460 pete-

563 5492 746 5557 batur,
790 5500 1082 5560 autequani
1124 5486 1181 5541 S.
1219 5484 1457 5540 lloberto
1479 5485 1759 5555 publicum
1789 5484 1995 5539 cultum
2042 5482 2141 5537 de-

563 5589 844 5646 cerneret,
878 5581 946 5633 ad
982 5576 1371 5648 explorandam
1418 5577 1541 5631 vitae
1567 5575 1687 5646 ejus
1724 5573 2141 5629 sanctimoniam

563 5685 633 5727 ac
672 5670 931 5724 miracula
984 5666 1383 5738 cognoscenda,
1437 5676 1498 5721 ut
1561 5684 1682 5722 mos
1731 5665 1990 5721 Ecclesia:
2038 5673 2141 5728 est,

568 5770 749 5818 certos
774 5760 1104 5828 idoneusque
1126 5758 1273 5812 viros
1294 5756 1572 5829 delegarit.
1598 5758 1772 5813 Fuere
1798 5758 1833 5811 ii
1854 5756 2144 5826 episcopus

2141 4297 2207 4308 σ-ιι

2163 4480 2205 4537 C
2241 4471 2600 4541 Lingonensis
2648 4467 2802 4537 llugo
2839 4465 2904 4533 ll,
2951 4475 3005 4521 et
3046 4465 3372 4520 Valentinus
3406 4464 3680 4520 Girondus
3705 4462 3799 4519 sive

2241 4562 2516 4627 Giraldus,
2543 4578 2609 4616 ex
2636 4558 2970 4615 Molismensi
2993 4574 3057 4613 ac
3081 4559 3206 4612 dein
3229 4557 3590 4612 Cluniacensi
3634 4556 3801 4611 abbate

2242 4655 2349 4711 huc
2372 4664 2675 4724 promotus,
2728 4653 3006 4723 abbasque
3043 4650 3430 4706 Cluniacensis
3477 4649 3750 4705 Rolandus
3789 4664 3801 4677 ·

2241 4745 2308 4799 ad
2353 4760 2494 4815 quos
2546 4741 2791 4813 pontifex
2817 4760 2983 4813 super
3032 4742 3284 4797 faciendo
3336 4742 3657 4811 bujusmodi
3692 4755 3805 4794 exa-

2243 4834 2389 4889 mine
2411 4844 2705 4904 sequentes
2749 4834 2957 4890 litteras
2981 4834 3162 4888 dedit:
3222 4851 3242 4883 r
3283 4830 3570 4887 Honorius
3617 4831 3809 4901 episcoo

2243 4942 2366 4995 pus,
2397 4941 2589 4981 servus
2617 4941 2900 4981 servorum
2943 4924 3058 4989 Dei,
3112 4923 3523 4979 venerabilibus
3564 4922 3809 4977 fratribus

2243 5012 2575 5088 Lingonensi
2617 5026 2671 5071 ct
2701 5016 2987 5071 Valentino
3015 5016 3309 5085 episcopis,
3363 5025 3420 5069 et
3464 5016 3667 5070 dilecto
3713 5014 3811 5066 lilio

2243 5108 2421 5163 abbati
2453 5108 2823 5173 Cluniacensi,
2852 5106 3265 5161 Matisconensis
3285 5099 3568 5171 dimsis,
3597 5105 3811 5159 salutem

2241 5209 2295 5255 et
2310 5199 2663 5269 apostolicam
2683 5198 3136 5253 benedictionem.
3159 5196 3475 5252 Gaudemus
3494 5199 3554 5251 in
3576 5196 3813 5259 Domino,

2243 5292 2382 5345 etin
2420 5291 2541 5360 ejus
2567 5290 2820 5344 laudibus
2845 5290 3200 5356 delectamur,
3253 5290 3406 5360 quod
3455 5290 3605 5346 sicut
3646 5287 3814 5344 dilecti

2244 5384 2340 5438 lilii
2372 5383 2609 5437 universi
2642 5382 2868 5437 abbates
2889 5380 3272 5437 Cisterciensis
3321 5380 3534 5436 ordinis
3554 5414 3561 5421 -
3582 5381 3640 5435 in
3682 5378 3817 5446 capi-

2247 5477 2360 5530 tulo
2382 5475 2619 5547 generali
2647 5474 2984 5546 congregati,
3010 5489 3110 5529 nec
3133 5488 3243 5529 non
3281 5482 3338 5527 et
3378 5474 3553 5529 abbas
3590 5486 3817 5529 conven-

2246 5576 2334 5622 tus
2380 5564 2744 5621 Molismensis
2794 5568 2910 5621 suis
2968 5565 3127 5620 nobis
3199 5565 3400 5619 litteris
3446 5564 3814 5623 insinuarnnt,

2248 5659 2420 5714 felicis
2444 5656 2838 5713 recordationis
2866 5655 3138 5710 Robertus
3180 5656 3299 5726 (qui
3342 5656 3559 5725 primus
3609 5668 3819 5709 monas-

2249 5751 2368 5807 tcrii
2426 5749 2792 5804 Molismensis
2860 5748 2962 5803 fuit
3008 5748 3217 5815 abbas,
3301 5749 3634 5819 primusque
3703 5743 3812 5817 iecit
