3970 6438
221 357 381 426 1289

1655 350 2138 410 CANONIZATIO.

3358 361 3496 416 1290

218 465 620 540 Cistereiensis
677 475 898 534 Ordinis
937 471 1378 539 fundamentum,
1428 467 1575 541 quod
1631 467 1815 523 divina
1845 467 1892 524 A
1920 471 2142 540 recepit.
2193 470 2332 530 Huic
2379 472 2522 531 facto
2567 475 2816 550 ipterfnit
2856 475 2994 532 idem
3039 476 3209 533 abbas
3250 488 3304 533 et
3337 479 3491 536 vidit.

220 571 456 632 favente
479 574 650 646 gratia
689 569 860 626 crevit
902 567 957 621 in
1000 567 1263 637 templum
1304 572 1553 621 sanctum
1603 561 1659 614 in
1709 559 1817 614 Do-

218 668 410 737 mino)
434 667 687 738 religiose
713 663 922 728 vivens,
941 670 1089 716 tanta
1117 657 1449 729 fulsitgratia
1473 653 1813 716 meritorum,

217 759 382 831 quod
425 757 692 811 Dominus
731 764 864 809 tunc
905 752 1077 807 multa
1103 759 1157 806 et
1182 764 1377 819 magna
1416 743 1679 800 miracula
1722 757 1816 812 per

215 868 359 907 eum
395 858 674 920 operatus,
698 846 878 902 adhuc
925 853 1052 916 post
1095 842 1215 913 ejus
1252 840 1465 896 felicem
1506 837 1716 892 obitum
1746 833 1814 888 ad

219 944 546 1014 sepulcrum
589 941 782 1010 ipsius,
836 938 904 994 ad
938 937 1307 992 ostensionem
1339 928 1642 986 sanctitatis
1668 927 1814 996 ejus-

219 1033 380 1100 dem,
413 1033 668 1104 dignatur
695 1029 911 1102 operari
936 1026 1166 1096 majora,
1211 1032 1270 1077 ut
1303 1037 1464 1092 quem
1496 1021 1668 1073 virtus
1696 1032 1813 1072 mo-

220 1141 357 1182 rum
403 1124 710 1179 honestavit
759 1123 814 1176 in
855 1121 963 1186 via,
1012 1117 1402 1173 miraculorum
1449 1112 1620 1184 gloria
1655 1111 1811 1166 nobis

220 1219 475 1274 insinuet
521 1218 576 1271 in
627 1216 800 1286 patria
851 1210 1134 1268 honorari.
1193 1207 1375 1273 Quare
1436 1202 1598 1257 iidem
1650 1201 1808 1256 nobis

221 1312 609 1382 supplicarunt
642 1310 940 1372 instanter;
985 1312 1045 1358 ut
1079 1317 1203 1357 cum
1229 1301 1349 1353 luce
1378 1299 1578 1352 clarius
1607 1304 1805 1365 pateat,

220 1407 412 1476 ipsum
462 1405 516 1458 in
564 1403 752 1456 ordine
796 1398 1173 1452 eonfessorum
1216 1408 1444 1462 regnare
1489 1392 1542 1444 in
1577 1388 1805 1444 ecclesia

218 1498 618 1566 triumphante,
650 1495 812 1549 etiam
847 1491 900 1544 in
929 1489 1196 1543 militante
1220 1492 1532 1539 sanctorum
1560 1479 1806 1580 catalogo

219 1592 505 1648 ascribere
530 1591 870 1645 deberemus.
900 1583 1127 1645 Verum,
1159 1578 1287 1647 quia
1330 1577 1383 1630 in
1411 1581 1562 1628 tanto
1591 1577 1805 1641 negotio

220 1699 340 1738 non
369 1691 454 1736 est
503 1681 609 1734 nisi
639 1693 763 1732 cum
794 1675 1059 1745 gravitate
1101 1669 1337 1741 plurima
1377 1665 1800 1737 procedendum,

221 1789 334 1829 nos
357 1773 423 1827 de
449 1771 554 1826 fide
585 1786 648 1825 ac
691 1767 1021 1824 discretione
1042 1773 1220 1818 vestra
1242 1761 1457 1831 plenam
1489 1759 1545 1812 in
1573 1756 1802 1811 Domino

1919 559 2068 616 Vidit
2136 565 2300 620 etiam
2372 566 2514 622 idem
2571 569 2759 634 abbas,
2823 578 3066 637 tempore
3137 569 3495 626 dedicationis

1917 653 2174 712 Ecclesiae
2203 656 2587 726 Molismensis,
2607 671 2896 730 postquam
2921 661 3164 716 habitum
3198 664 3495 718 monacha-

1917 746 2020 802 lem
2066 757 2122 804 et
2175 752 2422 807 ordinem
2478 754 2867 808 sacerdotalem
2931 763 3275 824 susceperat;
3347 757 3494 826 quod

1914 855 2037 895 cum
2068 844 2337 912 sepulcra,
2367 855 2586 915 propter
2613 847 2970 901 reverentiam
3012 849 3392 916 dedicationis,
3425 852 3495 905 ab

1913 935 2141 990 ecclesia
2172 937 2506 1002 tollerentur,
2544 947 2596 993 et
2645 947 2866 994 ventum
2898 948 3042 995 esset
3070 939 3136 994 ad
3179 942 3492 1010 sepulcrum

1911 1027 2158 1096 ejusdem
2210 1031 2536 1087 venerabilis
2586 1031 2798 1099 Patris;
2851 1034 2919 1088 ad
2974 1043 3184 1088 motum
3253 1037 3494 1106 sepulcri

1911 1121 2164 1190 proprios
2189 1123 2377 1179 oculos
2402 1125 2468 1178 de
2505 1133 2646 1180 terra
2677 1126 2893 1192 Iiniens,
2931 1128 3133 1198 recepit
3172 1128 3244 1182 ibi
3296 1130 3493 1185 mulier

1909 1212 2158 1279 quaedam
2188 1213 2388 1268 visum.

1977 1301 2067 1354 26.
2117 1319 2135 1352 ι
2165 1303 2347 1358 Altera
2395 1306 2462 1360 de
2510 1308 2698 1363 eadem
2725 1319 2866 1364 terra
2902 1313 3216 1376 comedens,
3263 1329 3492 1384 recupe-

1909 1391 2048 1444 ravit
2078 1392 2370 1461 loquelam,
2421 1413 2544 1450 cum
2591 1413 2684 1466 per
2735 1401 3027 1454 triennium
3079 1413 3226 1456 muta
3275 1404 3488 1473 fuisset,

1907 1481 2296 1540 sicutmaritus
2322 1487 2440 1554 ejus
2471 1496 2524 1542 et
2546 1489 2664 1557 ipsa
2693 1490 2922 1544 ﬁrmiter
2945 1494 3282 1549 asserebant.
3329 1497 3489 1552 Acci»-

1904 1572 1983 1626 dit
2001 1582 2208 1642 postea,
2235 1578 2474 1632 nondum
2500 1595 2529 1634 a
2556 1583 2812 1649 praesenti
2845 1583 3062 1638 testium
3087 1587 3490 1643 examinatione

1905 1663 2118 1720 duobus
2143 1668 2303 1722 annis
2335 1667 2557 1738 elapsis,
2607 1670 2753 1740 quod
2799 1672 3050 1740 quaadam
3105 1691 3268 1731 vacca
3296 1677 3489 1732 vulne-

1907 1765 2024 1812 rata
2056 1757 2210 1814 fuita
2242 1761 2390 1830 lupo,
2435 1761 2581 1830 quod
2635 1763 2876 1820 sentiens
2907 1765 3101 1821 mulier
3146 1767 3304 1837 cujus
3348 1780 3485 1837 erat,
3545 1796 3549 1800 ·

519 1862 848 1924 obtinentes,
874 1855 1194 1913 discretioni
1236 1826 1430 1908 vestra:
1454 1865 1548 1921 per
1585 1857 1806 1918 aposto-
1837 1826 1880 1882 Β
1909 1851 2104 1906 vulnus
2131 1867 2270 1920 aqua
2302 1853 2584 1908 benedicta
2637 1857 2917 1924 respersit,
2961 1859 3256 1930 statimque
3309 1861 3486 1932 ipsam

221 1955 335 2010 lica
367 1955 570 2024 scripta
597 1953 944 2016 mandamus,
978 1956 1250 2018 quatenus
1268 1955 1379 2000 tam
1412 1944 1478 1998 de
1507 1942 1616 1996 vita
1639 1954 1803 2010 quam

217 2047 294 2103 de
320 2046 601 2102 miraculis
640 2043 814 2099 sancti
852 2040 1093 2112 praedicti
1137 2037 1512 2110 perquirentes
1552 2033 1802 2098 sollicite,

219 2140 534 2203 veritatem,
592 2152 759 2207 quam
815 2132 1159 2198 inveneritis,
1226 2147 1323 2202 per
1381 2139 1594 2185 vestras
1644 2126 1802 2183 nobis

217 2229 434 2284 litteras
459 2227 688 2283 fideliter
713 2226 995 2291 intimetis,
1018 2233 1078 2278 ut
1102 2239 1169 2280 ex
1197 2232 1374 2278 vestra
1402 2219 1660 2276 relatione
1687 2216 1803 2271 suf-

216 2319 468 2374 ﬁcienter
491 2316 767 2383 instructi,
795 2315 1156 2385 procedamus
1178 2312 1394 2378 exinde,
1423 2317 1584 2380 prout
1613 2322 1804 2362 secun-

217 2409 355 2465 dum
379 2410 549 2464 Deum
595 2408 894 2464 viderimus
927 2405 1353 2477 procedendum.
1399 2400 1556 2469 Quod
1597 2400 1644 2454 si
1690 2415 1799 2454 non

218 2519 416 2558 omnes
448 2502 533 2557 bis
561 2499 926 2571 exsequendis
953 2497 1199 2568 poteritis
1228 2496 1511 2559 interesse,
1550 2493 1659 2547 duo
1707 2507 1801 2547 ve-

216 2607 398 2655 strum
432 2613 495 2652 ea
519 2595 875 2651 nihilominus
895 2598 1284 2662 exsequantur.
1317 2587 1514 2642 Datum
1543 2583 1798 2640 Laterani

215 2701 416 2746 octavo
445 2688 716 2743 Kalendas
749 2681 1428 2754 Februarii,:pontiﬁcatus
1454 2677 1626 2734 nostri
1653 2691 1798 2732 anno

215 2784 430 2854 quinto.
465 2801 483 2834 ι

292 2878 383 2933 25.
425 2875 697 2931 llacteuus
734 2870 976 2942 pontifex
1021 2869 1089 2925 de
1131 2868 1277 2924 dicto
1315 2865 1564 2922 examine
1625 2862 1794 2934 (quod

215 2977 450 3038 uterque
473 2967 778 3037 cpiscopus,
805 2965 998 3020 abbate
1019 2958 1389 3025 Cluniacensi,
1412 2957 1535 3012 aliis
1564 2956 1796 3028 negotiis

216 3059 502 3129 impedito,
525 3059 666 3127 apud
694 3057 1003 3112 Molismum
1032 3053 1287 3122 instituit)
1319 3049 1633 3120 Manriquez
1659 3047 1795 3103 scri-

1907 1943 2104 2013 capitis
2139 1952 2195 1998 et
2216 1945 2426 2000 brachii
2456 1955 2658 2001 tremor
2696 1949 2992 2005 continuus
3020 1959 3073 2005 et
3109 1953 3354 2008 enormis
3397 1954 3482 2006 in-

1905 2033 2078 2100 vasit;
2115 2049 2238 2104 quae
2267 2034 2382 2104 ipsa
2416 2035 2504 2090 die
2524 2035 2594 2090 ad
2632 2045 2996 2092 memoratum
3038 2040 3346 2109 sepulcrum
3393 2059 3483 2097 re-

1903 2123 2079 2192 diens,
2133 2125 2318 2181 statim
2361 2138 2548 2182 curata
2595 2137 2650 2183 et
2686 2130 2903 2198 penitus
2949 2140 3031 2186 est
3094 2143 3307 2188 sanata.
3368 2133 3484 2190 Hoc

1902 2215 2037 2270 vidit
2065 2217 2204 2272 idem
2229 2216 2346 2273 Odo
2369 2221 2704 2290 temporibus
2725 2221 2862 2288 istis,
2883 2223 2996 2292 jam
3022 2224 3191 2280 abbas
3214 2225 3268 2279 in
3289 2227 3481 2282 eadem

1903 2307 2144 2365 Ecclesia
2170 2312 2519 2369 constitutus.
2553 2312 2699 2369 Vidit
2729 2323 2988 2385 prazterea
3039 2317 3328 2386 quemdam
3362 2333 3482 2373 mo-

1902 2404 2140 2459 nachum
2195 2403 2525 2475 Ragnerium
2572 2409 2831 2473 nomine,
2900 2411 2993 2479 qui
3063 2410 3241 2466 factus
3302 2411 3484 2468 fuerat

1901 2491 2167 2561 furiosus,
2215 2495 2283 2550 ad
2319 2497 2630 2567 sepulcrum
2658 2499 2903 2568 ejusdem
2954 2502 3277 2558 venerabilis
3301 2502 3479 2560 Patris

1899 2584 2079 2656 ligari,
2111 2585 2420 2658 ibidemque
2466 2605 2787 2661 recuperare
2833 2607 2928 2662 per
2955 2592 3195 2648 divinam
3245 2595 3478 2665 gratiam

1901 2681 2208 2740 sanitatem.
2264 2682 2572 2740 Willelmus
2611 2685 2893 2756 presbyter
2947 2686 3167 2755 juratus
3222 2688 3361 2742 dixit
3410 2689 3478 2746 de

1899 2775 2147 2844 muliere,
2173 2791 2294 2847 quae
2334 2776 2502 2831 risum
2527 2786 2807 2846 receperat
2829 2786 3072 2848 tempore
3092 2779 3474 2848 dedicationis,

1900 2865 2043 2922 idem
2065 2869 2212 2937 quod
2254 2867 2425 2924 abbas
2455 2888 2468 2923 :
2506 2870 2572 2924 de
2600 2870 2827 2924 muliere
2854 2885 3004 2937 vero,
3029 2886 3153 2942 quae
3199 2872 3476 2943 loquelam

1898 2970 2332 3030 recuperaverat,
2366 2962 2640 3018 audivisse
2671 2979 2730 3018 se
2753 2963 2973 3033 saepius,
3001 2964 3096 3019 sed
3119 2979 3227 3019 non
3249 2965 3472 3022 vidisse.

1900 3052 1976 3108 De
1998 3055 2246 3121 muliere,
2294 3071 2416 3125 qua:
2445 3066 2735 3110 tremorem
2772 3057 2966 3126 capitis
3007 3065 3062 3112 et
3113 3057 3324 3114 brachii
3372 3076 3472 3130 pa-

212 3152 296 3206 bit
323 3149 557 3221 quod,S.
593 3149 831 3204 Roberto
872 3154 998 3202 ante
1025 3154 1245 3202 centum
1290 3158 1465 3198 annos
1508 3141 1724 3197 sublato
1763 3155 1795 3196 e
1822 3157 1864 3214 ο
1899 3144 2155 3211 tiebatur,
2190 3145 2330 3200 idem
2365 3145 2510 3216 quod
2539 3146 2728 3202 abbas.
2782 3146 2929 3203 Vidit
2975 3155 3232 3217 praeterea
3277 3165 3475 3219 quam-

211 3243 375 3310 vivis,
419 3258 544 3298 cum
587 3241 720 3295 nulli
761 3256 828 3295 ex
875 3237 1176 3309 mqualibus
1218 3237 1538 3305 superstites
1584 3242 1790 3300 essent,

209 3336 310 3406 qui
355 3335 422 3389 de
477 3332 760 3388 miraculis
807 3347 838 3384 a
886 3331 1102 3384 vivente
1148 3328 1376 3399 patratis
1417 3326 1791 3383 testimonium

132 3481 148 3492 ,
209 3427 477 3491 dicerent,
527 3423 931 3478 examinatores
983 3420 1227 3475 contenti
1265 3418 1519 3483 historia,
1570 3433 1693 3488 qua:
1725 3417 1794 3473 de

210 3521 323 3575 vita
358 3516 636 3588 signisque
665 3515 786 3584 ejus
817 3513 1020 3582 scripta
1055 3512 1303 3566 exstabat
1332 3527 1450 3566 eam
1494 3512 1561 3564 ad
1607 3509 1793 3565 Hono-

210 3615 358 3669 rium
388 3608 734 3672 destinarint,
761 3621 979 3675 unaque
1009 3620 1154 3668 eam,
1194 3619 1360 3672 quam
1383 3603 1789 3672 subjungimus,

211 3719 445 3777 quaeque
519 3698 948 3756 canonizationis
1010 3709 1328 3766 processum
1394 3692 1790 3760 complectitur,

209 3796 522 3869 epistolam.
584 3792 720 3848 Vitae
774 3799 1055 3846 auctorem
1106 3787 1242 3857 ipse,
1317 3794 1554 3853 ereptum
1621 3783 1790 3838 semel

210 3905 453 3947 errorem
490 3899 849 3957 prosequens,
899 3881 1142 3938 Odonem
1196 3878 1474 3943 nominat;
1506 3892 1633 3933 cum
1687 3877 1792 3932 hoc

210 3981 380 4037 fuerit
408 3995 607 4034 nomen
657 3975 890 4040 abbatis,
931 3973 1090 4042 cujus
1127 3971 1288 4041 jussu
1329 3985 1393 4024 ea
1439 3969 1640 4039 scripta
1683 3976 1787 4035 est,

209 4089 322 4129 non
355 4071 616 4128 auctoris.
644 4067 886 4139 Epistola
937 4065 1053 4136 ipsa
1076 4071 1162 4119 est
1193 4061 1509 4133 hujusmodi
1537 4079 1549 4116 :
1595 4080 1614 4113 ι
1650 4059 1790 4116 San-

209 4165 456 4222 ctissimo
480 4163 628 4218 Patri
665 4177 729 4216 ac
757 4159 980 4215 domino
1027 4156 1290 4223 Honorio,
1323 4154 1419 4210 Dei
1457 4155 1629 4226 gratia
1661 4169 1789 4210 san-

208 4268 309 4314 cta:
329 4266 384 4312 et
428 4254 741 4327 apostolicae
779 4251 926 4307 sedis
968 4263 1183 4305 summo
1209 4256 1262 4303 et
1291 4247 1584 4303 universali
1609 4245 1788 4316 ponti-

207 4351 318 4415 fici,
362 4348 428 4402 ll.
480 4347 669 4402 eadem
717 4344 891 4415 gratia
931 4341 1296 4413 Lingonensis
1342 4349 1396 4395 et
1446 4339 1510 4395 G.
1547 4338 1787 4393 Valenti-

207 4442 418 4498 niensis
464 4438 727 4510 epiSCOpi,
781 4453 906 4492 cum
955 4436 1154 4506 pedum
1201 4433 1390 4490 osculo
1444 4434 1672 4488 salutem
1731 4439 1784 4486 et

205 4534 400 4590 debitae
428 4531 742 4587 reverentiae
770 4529 1112 4585 famulatum.
1143 4527 1453 4583 Mandatum
1480 4525 1782 4581 sanctitatis

205 4634 403 4680 vestrae
445 4623 759 4694 accepimus
798 4623 902 4678 sub
945 4622 1051 4676 hac
1103 4620 1301 4687 forma,
1352 4617 1621 4672 Honorius
1669 4617 1781 4687 epi-

201 4733 416 4786 scapus,
461 4724 566 4770 etc.
613 4714 786 4784 Hujus
821 4714 988 4786 igitur
1029 4713 1351 4769 auctoritate
1399 4709 1660 4775 mandati,
1711 4709 1779 4764 ad

199 4812 384 4864 locum
455 4805 816 4874 personaliter
875 4805 1196 4859 accedentes
1257 4802 1512 4875 (Domino
1584 4803 1778 4858 abbate

197 4898 550 4958 Cluniacensi
586 4897 790 4968 collega
835 4906 1044 4964 nostro,
1075 4897 1234 4951 nobis
1274 4897 1531 4966 episcopo
1581 4893 1776 4949 Valen-

198 4990 422 5049 tiniensi
473 4987 845 5046 committente
877 4987 1022 5043 vices
1050 4987 1200 5057 suas)
1250 4995 1412 5042 testes
1451 4985 1773 5055 recepimus,

198 5100 437 5158 quorum
488 5082 859 5153 depositiones
907 5081 974 5136 de
1011 5081 1177 5136 verbo
1225 5079 1293 5134 ad
1347 5081 1572 5135 verbum
1608 5079 1774 5135 scribi

197 5180 433 5237 fecimus
455 5179 511 5232 in
543 5177 692 5231 hunc
738 5173 982 5229 modum.
1021 5171 1174 5228 Oddo
1222 5171 1585 5228 Molismensis
1608 5173 1775 5228 abbas

193 5277 413 5347 juratus
452 5271 611 5338 dixit,
661 5284 773 5341 quo
841 5283 966 5323 cum
1009 5277 1154 5324 esset
1188 5268 1243 5322 in
1290 5267 1476 5322 habitu
1527 5269 1774 5324 saeculari

197 5370 256 5424 in
303 5365 536 5436 pueritia
577 5362 928 5425 constitutus,
976 5360 1110 5415 vidit
1150 5362 1443 5430 quamdam
1489 5361 1772 5417 mulierem

195 5473 396 5517 exeam
447 5471 477 5511 a
531 5455 834 5520 nativitate,
886 5453 1174 5508 habentem
1230 5451 1418 5519 filiam,
1460 5451 1600 5507 sicut
1655 5452 1771 5522 ipsa

194 5558 372 5608 mater
397 5549 622 5604 firmiter
645 5547 942 5612 asserebat,
975 5561 1140 5616 quam
1172 5546 1287 5616 ipse
1331 5546 1399 5602 ad
1446 5546 1772 5606 venerabilis

191 5642 376 5700 Patria
403 5641 646 5708 Roberti,
667 5641 735 5696 de
761 5655 872 5711 quo
917 5639 1116 5712 agitur,
1161 5639 1386 5694 adduxit
1430 5640 1767 5710 sepulcrum;

194 5745 247 5792 et
266 5753 391 5793 cum
417 5735 492 5792 ibi
518 5751 642 5791 cum
667 5742 840 5790 matre
866 5734 1101 5804 quadam
1125 5746 1284 5798 nocte
1305 5733 1549 5805 vigilaret
1594 5733 1769 5791 visum

514 5832 787 5892 Ρλτιιοι..
836 5829 1071 5892 CLV".

1896 3235 2022 3289 dam
2053 3235 2360 3302 mulierem,
2389 3252 2512 3306 quae
2539 3245 2781 3308 tempore
2803 3237 2998 3294 festivo
3025 3238 3205 3294 fuerat
3227 3250 3471 3310 operata,

1894 3335 2116 3396 propter
2137 3329 2282 3398 quod
2312 3329 2428 3398 ipsa
2450 3330 2557 3395 die,
2585 3331 2726 3385 sicut
2759 3331 3020 3398 creditur,
3048 3331 3102 3386 in
3139 3347 3306 3387 manu
3348 3349 3473 3404 per-

1895 3430 2077 3481 cussa,
2102 3424 2156 3469 et
2184 3432 2359 3487 usque
2389 3419 2526 3473 adeo
2547 3420 2680 3474 orba
2724 3419 2825 3474 fuit
2855 3437 3044 3488 manu,
3075 3430 3135 3476 ut
3155 3423 3473 3492 desperare-

1896 3516 1986 3562 tur
2011 3509 2188 3578 ipsam
2224 3526 2386 3580 posse
2417 3513 2635 3580 sanari;
2683 3515 2776 3568 sed
2813 3530 2909 3583 per
2957 3515 3196 3570 divinam
3234 3517 3472 3572 clemen-

1893 3602 2025 3657 tiam
2048 3612 2103 3658 et
2129 3605 2304 3660 sancti
2332 3606 2548 3673 merita,
2591 3607 2657 3661 ad
2694 3609 3005 3678 sepulcrum
3034 3610 3156 3680 ejus
3183 3612 3466 3676 accedens,

1892 3696 2074 3750 statim
2099 3706 2287 3752 sanata
2313 3708 2414 3754 est.
2442 3692 2761 3755 Viditetiain
2786 3703 2858 3757 ibi
2884 3702 3175 3773 quemdam
3201 3703 3470 3762 furiosum

1893 3787 2096 3841 sanari.
2136 3788 2420 3846 Albericus
2471 3795 2774 3849 monachus
2823 3803 2876 3850 et
2933 3797 3217 3869 presbyter
3253 3799 3470 3868 juratus

1891 3877 2048 3942 dixit,
2069 3878 2135 3933 de
2163 3880 2441 3936 miraculis
2474 3881 2634 3938 factis
2661 3884 2716 3937 in
2754 3885 3113 3955 dedicatione,
3147 3889 3289 3945 idem
3321 3892 3469 3962 quod

1890 3968 2098 4023 abbas:
2128 3969 2195 4025 de
2218 3970 2446 4025 muliere
2469 3987 2590 4042 quae
2635 3975 2974 4042 recuperavit
3020 3977 3312 4033 sanitatem
3351 3996 3469 4034 ma-

1889 4077 2014 4129 nus,
2039 4062 2180 4117 idem
2211 4061 2357 4132 quod
2380 4062 2707 4120 Willelmus.

1957 4155 2046 4211 27.
2095 4155 2382 4213 (Jacobus
2436 4158 2742 4214 monachus
2799 4167 2855 4215 et
2911 4160 3195 4233 presbyter
3245 4163 3464 4234 juratus

1887 4248 2044 4315 dixit,
2092 4249 2239 4320 quod
2286 4249 2510 4319 quidam
2545 4248 2713 4305 frater
2747 4251 2868 4320 ejus
2895 4253 3152 4320 carnalis,
3196 4254 3253 4309 in
3305 4264 3464 4312 aetate

1885 4341 2078 4410 puerili
2106 4341 2454 4409 constitutus,
2500 4342 2572 4396 ita
2597 4345 2896 4398 enormiter
2942 4345 3105 4402 laesus
3131 4345 3233 4401 fuit
3262 4347 3319 4402 in
3362 4365 3462 4404 ca-

1887 4435 2013 4504 pite,
2044 4436 2188 4505 quod
2215 4436 2408 4492 oculus
2439 4437 2505 4491 de
2547 4439 2769 4507 proprio
2821 4447 3011 4495 erutus
3056 4441 3179 4496 loco
3226 4441 3296 4496 ab
3339 4445 3459 4514 ejus

1814 4499 1858 4553 D
1886 4499 2023 4581 facie
2047 4499 2400 4598 dependebat.
2427 4499 2667 4597 Qui-ad-
2693 4530 2865 4600 ipsius
2911 4531 3097 4588 Jacobi
3142 4499 3459 4594 instantiam

1882 4619 1950 4674 ad
1988 4636 2128 4690 saepe
2171 4622 2378 4678 dictum
2429 4624 2699 4678 tumulum
2750 4625 3088 4695 deportatus,
3126 4629 3309 4684 statim
3361 4647 3458 4702 per

1880 4713 2121 4767 divinam
2157 4714 2500 4769 clementiam
2552 4725 2777 4771 sanatus
2819 4725 2920 4784 est,
2961 4727 3013 4772 et
3042 4720 3250 4790 absque
3305 4726 3456 4780 omni

1880 4805 2100 4861 laesione
2140 4807 2331 4862 oculus
2359 4809 2426 4862 ad
2450 4808 2630 4863 locum
2655 4808 2896 4864 debitum
2929 4819 3017 4881 est,
3033 4826 3304 4869 reversus.
3331 4813 3456 4872 flare

1878 4898 2025 4953 enim
2057 4899 2241 4953 omnia
2283 4899 2416 4954 vidit
2451 4902 2752 4956 monachus
2778 4899 3014 4958 Jacobus
3045 4904 3190 4958 circa
3229 4905 3452 4964 fratrem

1879 5007 2060 5046 suum.
2101 4990 2176 5047 De
2200 4991 2322 5046 aliis
2367 5005 2548 5047 autem
2597 4993 2812 5048 duobus
2839 4995 3138 5064 miraculis,
3189 4997 3352 5056 factis
3396 5003 3452 5057 in

1876 5080 2235 5147 dedicatione,
2263 5081 2404 5136 idem
2431 5083 2577 5151 quod
2621 5082 2733 5138 alii.
2768 5081 2912 5138 Vidit
2948 5084 3114 5140 etiam
3161 5089 3452 5157 praedictus

1875 5175 2114 5232 Jacobus
2139 5175 2431 5246 quamdam
2458 5175 2739 5230 mulierem
2765 5177 2832 5232 de
2862 5177 3177 5249 longinquis
3203 5184 3451 5250 partibus

1874 5269 2171 5340 ‘deportari,
2226 5285 2349 5339 qua:
2389 5269 2549 5339 longo
2606 5280 2848 5339 tempore
2904 5269 3083 5326 fuerat
3134 5282 3446 5343 contracta;

1875 5366 2166 5435 statimque
2193 5363 2312 5418 viso
2342 5363 2693 5430 monasterio,
2716 5363 2772 5418 in
2795 5379 2904 5435 quo
2945 5364 3237 5435 requiescit
3279 5368 3448 5426 abbas

1873 5458 2223 5522 venerabilis,
2261 5456 2349 5511 cui
2376 5470 2436 5511 se
2467 5455 2522 5509 in
2566 5471 2661 5525 spe
2688 5455 3074 5525 recuperandae
3117 5456 3314 5512 salutis
3347 5459 3446 5515 de-

1871 5561 2114 5618 voverat,
2153 5558 2340 5604 curata
2376 5555 2459 5604 est
2503 5555 2558 5603 et
2586 5547 2809 5603 omnino
2841 5555 3053 5602 sanata.
3101 5546 3228 5605 Milo
3272 5549 3446 5608 laicus

1867 5647 2086 5718 juratus
2108 5644 2264 5711 dixit,
2296 5642 2363 5698 de
2385 5641 2546 5697 oculo
2571 5650 2728 5696 eruto
2747 5648 2804 5695 et
2827 5641 3100 5708 restituto,
3128 5642 3267 5699 idem
3296 5644 3444 5714 quod

1871 5737 2144 5795 Jacobus:
2180 5736 2248 5792 de
2269 5731 2552 5790 miraculis
2581 5729 2740 5787 factis
2775 5731 2829 5787 in
2878 5731 3243 5801 dedicatione,
3287 5743 3341 5793 et
3375 5733 3443 5790 de

3062 5826 3135 5888 Μ
