3970 6436
528 347 678 407 1291

1315 344 1372 400 S.
1415 341 1713 399 ROBERTI
1756 340 1915 399 ΟΝ).
1959 339 2272 398 CISTERC.
2318 339 2757 398 FUNDATORIS
2807 339 2980 396 VITA.

3635 345 3763 402 1292

523 466 755 520 muliere
778 480 900 535 qua:
922 461 1212 519 tremorem
1244 459 1436 528 capitis
1459 469 1511 513 et
1533 458 1742 513 brachii
1767 458 2090 527 patiebatur,
2124 462 2167 516 Α
2198 471 2360 525 quam
2391 457 2619 519 dubitat,
2650 458 2826 526 ipsum
2857 467 3162 514 sanctorum
3193 458 3452 529 catalogo
3488 459 3760 517 miraculis

517 551 670 612 idem
707 557 850 626 quod
881 555 1048 609 abbas
1075 560 1129 607 et
1162 549 1273 605 alii.
1327 549 1757 604 Bartholomazus
1793 551 2096 606 monachus

511 657 577 704 et
604 648 884 718 presbyter
907 645 1124 714 jnratus
1159 642 1314 707 dixit,
1346 641 1413 695 de
1443 641 1656 695 duobus
1697 641 1975 696 miraculis
2011 639 2094 695 fa-

523 739 626 795 ctis
675 739 730 791 in
762 736 1104 790 dedicatione
1134 741 1185 788 et
1209 733 1442 787 muliere
1488 744 1744 801 percussa
1801 731 1855 785 in
1905 747 2092 797 manu,

519 831 662 886 idem
686 828 830 899 quod
857 827 970 883 alii.

590 920 682 974 28.
730 938 747 970 ι
782 917 937 987 [lngo
967 917 1248 987 presbyter
1273 923 1327 969 et
1360 914 1665 968 monachus
1687 915 1905 983 juratus
1932 912 2089 980 dixit,

517 1011 665 1081 quod
696 1009 830 1065 vidit
853 1009 1143 1079 quemdam
1194 1008 1366 1064 civem
1392 1006 1685 1062 Metenscm
1724 1021 1949 1070 caecum,
2001 1021 2094 1060 ve-

518 1104 758 1158 nientem
785 1117 950 1157 causa
974 1100 1279 1155 devotionis
1308 1109 1361 1154 et
1389 1114 1485 1167 spe
1538 1099 1894 1168 recuperandi
1939 1099 2091 1153 visus

518 1195 585 1248 ad
611 1209 752 1264 saepe
799 1194 1004 1248 dictum
1049 1192 1359 1262 sepulcrum
1395 1209 1406 1243 :
1457 1190 1551 1260 qui
1577 1191 1799 1244 veniens
1841 1191 1908 1244 ad
1959 1189 2091 1244 illud

517 1286 695 1341 visum
723 1283 1066 1352 recuperavit
1091 1290 1145 1336 et
1190 1281 1323 1335 vidit
1355 1295 1668 1350 squammas
1699 1279 1768 1332 ab
1801 1279 1920 1349 ejus
1962 1294 2092 1333 ocu-

516 1377 586 1432 lis
615 1377 901 1431 visibiliter
930 1375 1247 1429 defluentes.
1277 1373 1381 1438 Qui
1413 1373 1574 1426 citius
1605 1371 1729 1425 inde
1758 1371 1824 1425 ad
1850 1369 1905 1424 S.
1933 1369 2092 1424 Jaco-

516 1470 646 1524 bum
678 1467 1049 1536 proﬁciscens,
1071 1465 1372 1533 hospitatus
1397 1471 1481 1518 est
1512 1462 1565 1515 in
1593 1462 1804 1526 itinere,
1843 1462 1897 1514 in
1928 1463 2090 1517 domo

518 1560 766 1614 mulieris
793 1556 1100 1625 cujusdam,
1127 1569 1248 1624 quae
1274 1562 1552 1606 contracta
1579 1553 1794 1622 jacebat
1825 1553 1876 1606 in
1901 1554 2040 1608 lecto
2073 1571 2086 1606 :

517 1652 614 1706 sed
647 1651 713 1704 ad
737 1647 1028 1704 consilium
1053 1645 1200 1699 illius
1227 1645 1295 1698 ad
1323 1643 1634 1713 sepulcrum
1683 1644 1854 1698 sancti
1877 1659 1935 1700 se
1962 1659 2089 1713 por—

517 1744 621 1797 tari
648 1741 877 1803 faciens,
901 1742 1091 1793 Sanata
1117 1745 1218 1791 est.
1245 1734 1374 1790 Hrec
1405 1745 1486 1790 est
1517 1744 1698 1790 autem
1745 1736 1854 1801 illa,
1887 1736 1952 1790 de
1979 1753 2085 1805 qua

2198 557 2558 617 coaequatum.
2586 547 2852 603 Caeterum
2877 550 2980 603 vita
3013 551 3182 619 ipsius
3232 550 3518 605 sanctitati
3558 562 3757 619 vestras,

2196 652 2292 706 per
2345 639 2567 694 nuntios
2601 637 2857 694 Ecclesiae
2884 637 3296 709 ,MoliSmensis,
3340 640 3656 713 porrigetur
3709 647 3758 700 in

2197 728 2434 796 seriptis,
2475 743 2596 798 (una:
2639 730 2774 783 satis
2821 729 3056 784 ostendit
3097 729 3278 800 ipsum
3329 732 3526 786 multis
3570 736 3760 791 meritis

2195 818 2476 873 claruisse.
2506 820 2574 873 At
2595 835 2717 888 qua:
2745 819 3073 888 audivimus,
3095 838 3222 876 cum
3246 837 3469 877 summa
3495 823 3759 896 diligentia

2195 908 2425 963 ﬁdeliter
2468 910 2824 979 inquirentes,
2854 912 3176 966 beatitudini
3216 923 3416 969 vestrae
3443 931 3543 984 per
3574 920 3759 988 scripta

2194 1000 2479 1070 praesentia
2518 1001 2882 1069 declaramus,
2920 1012 2977 1057 ut
3015 1015 3194 1059 vestra
3239 1015 3428 1062 sancta
3469 1011 3761 1076 paternitas

2193 1091 2394 1157 videat,
2432 1091 2561 1161 quid
2592 1093 2792 1149 talibus
2825 1095 2896 1150 sit
2924 1097 3214 1164 agendum.
3250 1117 3269 1148 ι

2264 1182 2352 1234 ³50.
2395 1181 2665 1238 Hactenus
2698 1185 2891 1240 litterae
2917 1187 3297 1257 episcoporum
3326 1190 3395 1245 ad
3428 1195 3756 1261 pontificem.

2192 1283 2247 1328 et
2267 1290 2492 1330 examen
2523 1276 2588 1330 de
2619 1275 2675 1330 S.
2705 1276 2930 1332 Roberti
2961 1281 3249 1336 sanctitate
3278 1298 3343 1337 ac
3373 1285 3677 1354 miraculis,
3698 1291 3757 1345 de

2192 1367 2393 1436 quibus
2418 1377 2472 1421 et
2502 1369 2867 1424 testimonium
2895 1387 3053 1426 suum
3079 1375 3264 1442 plures
3291 1376 3346 1430 in
3375 1378 3579 1434 vicinia
3603 1384 3756 1438 abba-

2193 1467 2272 1513 tes
2299 1458 2368 1513 ad
2396 1457 2696 1514 Honorium
2726 1463 3170 1532 perscripserunt
3193 1466 3280 1522 his
3305 1470 3508 1524 verbis.
3574 1493 3594 1523 ε
3631 1474 3754 1530 San-

2191 1552 2438 1607 ctissimo
2462 1554 2607 1608 Patri
2627 1564 2680 1608 et
2707 1555 2927 1613 domino
2953 1557 3253 1612 universali
3293 1559 3544 1630 llonorio,
3577 1567 3748 1622 divina

2191 1643 2530 1712 providentia
2555 1654 2758 1699 sanctae
2779 1647 2924 1701 sedis
2948 1645 3265 1716 apostolica:
3292 1655 3537 1721 pontiﬁci,
3568 1656 3625 1712 S.
3652 1659 3745 1715 Be-

2191 1733 2339 1804 nigni
2401 1734 2762 1803 Divionensis,
2833 1748 2889 1793 et
2952 1738 3008 1794 S.
3081 1724 3343 1810 Stephani
3407 1741 3737 1812 Rhemensis.

516 1835 770 1906 superius
793 1831 1035 1901 loquitur
1074 1828 1310 1884 Jacobus
1363 1828 1668 1882 monachus
1713 1837 1767 1882 et
1806 1797 2082 1897 sacerdos,
2118 1797 2160 1852 Β
2192 1823 2249 1879 S.
2283 1825 2564 1882 Michaelis
2593 1827 3047 1900 Tornodorensis,
3080 1843 3133 1888 et
3291 1835 3512 1893 Martini
3551 1797 3750 1898 Mein;-

514 1925 865 1998 qniJacobus
893 1923 1147 1978 convenit
1187 1936 1310 1975 cum
1355 1919 1600 1990 l‘lugone,
1636 1921 1729 1974 sed
1761 1921 1828 1974 de
1876 1923 2082 1976 auditu.

514 2012 1184 2084 Guillelmusﬁmonachus
1232 2020 1287 2065 ct
1328 2012 1607 2082 presbyter
1658 2012 1873 2081 juratus
1928 2013 2083 2083 dixit,

511 2109 656 2179 quod
680 2107 814 2161 vidit
858 2104 1148 2176 quemdam
1172 2103 1453 2169 clericum,
1501 2102 1595 2172 qui
1639 2103 1801 2173 longo
1846 2113 2086 2174 tempore

511 2210 826 2259 contractus
862 2197 1059 2260 fuerat,
1107 2197 1174 2249 ad
1201 2195 1340 2249 idem
1369 2194 1677 2264 sepulcrum
1728 2197 1910 2250 sanari
1944 2216 1956 2251 :
2008 2207 2081 2262 et,

511 2297 578 2350 de
610 2294 824 2349 duabus
866 2289 1188 2344 mulieribus
1237 2288 1292 2341 in
1338 2287 1698 2354 dedicatione,
1745 2289 1886 2344 idem
1937 2292 2081 2360 quod

511 2388 626 2443 alii.
658 2385 933 2440 Licelinus
958 2383 1261 2437 monachus
1302 2391 1355 2435 ct
1377 2380 1659 2452 presbyter
1677 2382 1892 2452 juratus
1925 2386 2080 2450 dixit,

510 2482 578 2536 de
633 2479 848 2533 duobus
901 2474 1179 2529 miraculis
1229 2473 1283 2526 in
1337 2473 1693 2539 dedicatione,
1748 2474 1890 2529 idem
1935 2477 2082 2545 quod

509 2572 622 2628 alii.
653 2567 1156 2636 Martinusjuratus
1179 2563 1334 2630 dixit,
1387 2564 1453 2618 de
1497 2566 1777 2620 miraculis
1824 2565 1982 2621 factis
2025 2568 2078 2622 in

507 2661 868 2726 dedicatione,
927 2667 979 2712 et
1036 2657 1102 2711 de
1145 2655 1371 2710 muliere
1425 2671 1546 2725 quae
1593 2669 1783 2713 sanata
1827 2659 2002 2714 fuerat
2049 2677 2080 2714 a

507 2755 731 2820 laesione
754 2765 971 2815 manus,
1012 2747 1152 2802 idem
1199 2745 1343 2816 quod
1368 2747 1481 2801 alii.
1529 2746 1739 2820 llaymo
1777 2751 2081 2806 monachus

506 2857 563 2903 et
618 2846 875 2902 sacerdos
920 2843 1136 2913 juratns
1187 2841 1345 2907 dixit,
1415 2843 1558 2912 quod
1605 2844 1742 2898 vidit
1791 2845 2080 2914 quemdam

505 2937 776 2992 furiosum
809 2935 881 2990 ibi
909 2934 1112 2988 sanari.
1132 2930 1386 3002 Magister
1411 2932 1599 2990 Simon
1624 2936 1906 3007 presbyter
1927 2936 2080 3005 jura-

505 3039 596 3083 tus
621 3028 778 3093 dixit,
813 3027 880 3081 de
919 3023 1198 3081 miraculis
1239 3025 1396 3081 factis
1429 3026 1483 3081 in
1528 3027 1891 3094 dedicatione,
1935 3027 2079 3082 idem

2188 1917 2375 1973 densis
2397 1920 2639 1986 abbates,
2665 1919 3028 1992 Lingonensis
3062 1925 3338 1993 ditecesis,
3391 1947 3516 1986 cum
3565 1934 3750 2002 pedum

2188 2009 2377 2064 osculo
2423 2012 2654 2066 salutem
2707 2021 2762 2067 et
2809 2014 3001 2069 debita:
3049 2021 3367 2076 reverentiae
3415 2020 3749 2081 famulatum.

2186 2098 2323 2153 Cum
2357 2099 2721 2158 Molismensis
2745 2100 3008 2170 Ecclesia,
3041 2115 3096 2160 et
3130 2107 3235 2164 illa:
3267 2112 3524 2168 ecclesiae
3551 2115 3605 2166 in
3643 2117 3752 2185 qui-

2186 2192 2288 2247 bus
2335 2193 2601 2248 habemus
2641 2195 2972 2264 ministrare,
3022 2201 3279 2267 proxima:
3313 2205 3428 2258 sint
3476 2207 3585 2260 sibi
3626 2210 3752 2262 invi-

2185 2301 2327 2348 cem,
2360 2296 2414 2340 et
2442 2287 2578 2341 adeo
2602 2287 2812 2353 vicinae,
2840 2299 2899 2343 ut
2921 2291 3009 2344 vix
3032 2300 3125 2345 aut
3155 2294 3471 2353 nullatenus
3495 2298 3550 2352 in
3583 2302 3753 2372 aliqua

2185 2395 2373 2433 earum
2418 2379 2621 2448 aliquid
2660 2397 2915 2451 magnum
2971 2384 3268 2456 contingat,
3315 2392 3465 2458 quod
3513 2395 3585 2447 ad
3631 2395 3754 2451 alias

2185 2469 2328 2524 fama
2365 2471 2520 2525 velox
2551 2473 2658 2526 cito
2688 2488 2795 2527 non
2819 2474 3056 2542 deferat;
3091 2478 3157 2532 de
3176 2483 3351 2535 sancti
3382 2482 3568 2540 Patris
3589 2489 3751 2544 nostri

2189 2563 2430 2626 Roberti,
2476 2564 2840 2621 Molismensis
2891 2566 3146 2624 Ecclesia:
3204 2573 3366 2640 primi
3417 2577 3654 2646 abbatis,
3704 2595 3752 2638 et

2183 2655 2566 2709 Cistereiensis
2619 2655 2828 2710 ordinis
2878 2658 3206 2726 fundatoris,
3259 2663 3394 2730 vita,
3447 2667 3749 2738 quaainnu—

2185 2745 2350 2799 meris
2377 2747 2682 2801 veneranda
2708 2748 3002 2804 virtutibus
3023 2751 3326 2825 cffulsitﬁet
3355 2758 3425 2813 de
3458 2756 3743 2834 miraculis,

2182 2851 2304 2905 qute
2331 2837 2570 2906 quotidie
2599 2838 2668 2892 ad
2703 2841 3013 2908 sepulcrum
3054 2844 3248 2913 ipsius,
3283 2848 3472 2905 divina
3500 2869 3743 2924 operante

2183 2929 2491 2993 clementia,
2550 2930 2708 2997 ﬁunt,
2780 2932 3006 3003 dignum
3071 2936 3331 2996 duximus
3388 2944 3445 2997 in
3503 2953 3740 3016 praesenti

2183 3020 2411 3074 articulo
2460 3022 2673 3076 veritati
2729 3025 3100 3082 testimonium
3133 3033 3440 3099 perhibere.
3471 3036 3604 3093 Nam
3653 3043 3735 3096 in-

503 3122 649 3192 quod
679 3121 803 3188 alii;
834 3121 1118 3191 adjicicns,
1147 3122 1295 3191 quod
1333 3121 1555 3191 quidam
1581 3121 1755 3175 laicus
1780 3121 1922 3188 apud
1964 3120 2078 3175 Μο-
2106 3129 2146 3186 C
2181 3122 2460 3168 cessanter
2509 3099 2678 3169 totius
2725 3117 2964 3185 regionis
3005 3119 3251 3190 ejusdem
3287 3130 3463 3197 populi
3488 3137 3583 3184 vox
3614 3134 3722 3187 cla-

502 3215 724 3269 lismum
775 3213 1007 3269 illudens
1053 3214 1306 3268 convitiis
1341 3212 1702 3267 venerabilem
1748 3212 1986 3282 Patrem,
2029 3223 2082 3269 ct

503 3303 624 3372 ejus
648 3303 911 3357 miracula
937 3303 1194 3368 irridens,
1222 3303 1347 3357 inde
1377 3303 1657 3368 recedens,
1715 3304 1960 3372 sequenti
1993 3305 2079 3359 die

503 3397 646 3452 infra
673 3397 809 3451 ﬁnes
830 3396 1073 3466 ejusdem
1103 3396 1244 3450 villa:
1268 3411 1297 3449 a
1322 3396 1535 3451 duobus
1577 3396 1841 3449 militibus
1867 3405 1950 3449 est
1987 3411 2078 3450 oc~

497 3490 668 3546 cisus.
724 3487 842 3542 Hoc
893 3487 1054 3541 etiam
1103 3488 1239 3541 dixit
1287 3487 1523 3543 Jacobus
1570 3502 1629 3542 se
1665 3487 1883 3543 vidisse.
1934 3488 2077 3544 Vidit

497 3591 762 3652 prazterea
808 3582 1099 3649 quemdam
1139 3579 1361 3645 laicnm,
1416 3579 1509 3648 qui
1560 3587 1872 3635 contractus
1900 3581 2077 3638 fuerat

497 3690 596 3744 per
642 3671 897 3727 undecim
943 3685 1136 3737 annos,
1195 3670 1263 3723 ad
1308 3684 1451 3740 saepe
1506 3671 1708 3726 dictum
1764 3674 2074 3742 sepulcrum

496 3766 706 3821 sanari.

566 3856 658 3909 29.
707 3876 724 3908 ι
761 3854 929 3911 Fulco
966 3866 1013 3911 et
1065 3855 1318 3923 Jacobus,
1363 3856 1614 3912 monachi
1641 3867 1696 3914 et
1739 3861 2069 3927 sacerdotes,

493 3947 660 4018 iurati
690 3948 962 4013 dixerunt,
987 3948 1130 4016 quod
1171 3963 1294 4002 cum
1312 3949 1548 4018 quadam
1581 3950 1668 4004 die
1695 3961 1879 4006 essent
1915 3951 2069 4022 juxta

495 4041 768 4095 tumulum
798 4055 940 4108 saepe
966 4039 1193 4104 dictum,
1237 4049 1290 4094 et
1337 4039 1455 4095 viro
1494 4051 1682 4097 sancto
1712 4045 2069 4098 reverentiam

495 4134 814 4189 exhiberent
855 4132 1032 4200 capita
1086 4131 1430 4198 inclinando;
1485 4134 1708 4202 quidam
1767 4137 2070 4191 monachus

496 4224 670 4280 astitit
697 4237 822 4279 cum
845 4223 1152 4289 eisdem,in
1184 4224 1300 4277 haec
1337 4224 1499 4278 verba
1537 4225 1668 4294 ipsis
1711 4228 2070 4296 praesentibus

495 4325 550 4371 et
631 4315 977 4370 audientibus
1048 4316 1443 4371 contumeliose
1497 4333 1857 4388 prorumpens
1914 4338 1925 4371 :
2001 4320 2070 4374 Ut

491 4407 620 4463 auid
645 4409 692 4460 ei
716 4409 894 4476 capita
918 4405 1230 4460 inclinatis?
1252 4405 1446 4462 Sciatis
1467 4425 1559 4478 pro
1580 4419 1749 4476 certo,
1779 4411 1917 4480 quod
1939 4429 2068 4464 mm—

495 4517 654 4570 quam
707 4507 918 4553 sanctus
960 4491 1083 4568 fuit.
1137 4498 1248 4553 lmo
1283 4501 1503 4569 quidam
1541 4503 1778 4556 rusticus
1836 4504 2063 4558 multum

494 4591 778 4656 delbrmis,
813 4589 1123 4659 sepulcrum
1159 4590 1294 4659 pede
1332 4593 1662 4660 percutiens,
1696 4594 1892 4648 similia
1936 4612 2065 4664 pro-

494 4683 767 4740 clamabat
791 4701 804 4738 :
831 4682 1012 4737 statim
1038 4689 1218 4735 autem
1247 4689 1428 4735 tumor
1450 4683 1677 4753 arripuit
1702 4685 1892 4754 pedem
1915 4686 2064 4740 illum

493 4793 590 4848 per
631 4785 804 4831 totum
858 4790 1057 4845 corpus
1116 4775 1493 4829 universaliter
1566 4777 1938 4844 ascendendo;
1993 4779 2064 4832 ita

494 4869 639 4937 quod
665 4867 805 4922 infra
827 4868 1158 4937 quindenam
1193 4866 1281 4921 illa
1312 4867 1624 4922 inﬁrmitate
1666 4878 1921 4939 gravatus
1956 4871 2066 4940 spi-

494 4962 662 5015 ritum
691 4960 982 5014 exhalavit.
1034 4959 1108 5013 De
1157 4957 1379 5013 furiosis
1410 4968 1465 5013 et
1494 4959 1927 5016 febricitantibus
1971 4977 2060 5014 sa-

491 5053 638 5110 natis
662 5052 870 5106 infinita
897 5051 1187 5105 multitudo
1213 5052 1483 5105 clamabat
1506 5066 1690 5106 coram
1723 5052 1901 5117 nobis,
1929 5062 1981 5105 et
2004 5067 2062 5106 se

491 5158 615 5200 esse
638 5151 859 5197 sanatos
884 5140 1107 5194 ﬁrmiter
1131 5142 1464 5196 asserebant.
1483 5140 1558 5195 lta
1579 5141 1725 5210 quod
1753 5142 2062 5197 communis

490 5234 678 5305 opinio
709 5230 876 5287 tOtius
899 5231 1139 5301 regionis
1171 5233 1222 5285 in
1251 5240 1456 5286 tantum
1500 5232 1728 5286 invaluit
1757 5233 1900 5287 circa
1933 5234 2056 5300 ista,

491 5325 637 5396 quod
663 5323 960 5394 plurimum
1015 5321 1193 5392 ipsum
1246 5329 1486 5375 tenorem
1520 5323 1928 5377 attestationum
1959 5338 2058 5376 ex-

491 5416 649 5470 tollit.
680 5414 806 5469 llzec
851 5413 1054 5469 nostris
1096 5412 1430 5482 temporibus
1482 5414 1745 5469 accidisse
1779 5414 2056 5481 dicuntur,

492 5508 635 5560 sicut
682 5505 932 5574 superius
982 5512 1067 5560 est
1121 5505 1538 5573 expressum.-A
1589 5513 1832 5575 tempore
1875 5518 2057 5562 autem

493 5596 673 5650 obitus
704 5596 896 5665 ipsius,
941 5595 1100 5665 cujus
1140 5611 1249 5649 non
1295 5601 1471 5648 exstat
1514 5597 1796 5664 memoria,
1847 5599 2058 5654 inﬁnita

493 5687 757 5743 miracula
785 5686 1128 5767 referuntur;
1170 5687 1242 5741 ita
1291 5685 1437 5756 quod
1480 5695 1591 5743 tota
1621 5687 1819 5746 vicinia
1848 5705 2057 5761 nequa-

2184 3215 2296 3259 mat
2338 3204 2393 3258 in
2445 3206 2672 3259 auribus
2720 3209 2942 3273 nostris,
2979 3214 3126 3279 quod
3176 3211 3733 3278 multitudo'maxima

2181 3306 2622 3362 contractorum,
2696 3313 2960 3352 caecorum
2990 3344 3004 3368 ,
3070 3313 3345 3360 mutorum
3408 3319 3461 3364 et
3516 3313 3739 3370 aliorum

2180 3389 2347 3443 variis
2385 3389 2740 3459 languoribus
2785 3393 3148 3463 detentorum,
3191 3400 3437 3467 quotidie
3467 3404 3532 3457 ad
3565 3411 3744 3476 sepul-

2179 3498 2331 3536 crum
2355 3482 2482 3536 dicti
2517 3483 2689 3537 saneti
2720 3484 2775 3538 in
2825 3486 3054 3542 ecclesia
3087 3487 3427 3549 Molismensi
3476 3500 3744 3554 confluen-

2182 3577 2336 3640 tium,
2389 3575 2528 3631 facta
2576 3578 2823 3632 oratione
2865 3587 2919 3634 et
2972 3581 3145 3636 sancti
3203 3587 3429 3641 nomine
3483 3589 3744 3659 invocato,

2177 3669 2402 3740 pristina
2425 3669 2657 3724 sanitate
2684 3679 2919 3740 recepta,
2949 3672 3239 3729 incolumis
3260 3676 3480 3732 videtur
3505 3696 3744 3738 remeare

2176 3763 2242 3817 ad
2266 3762 2504 3832 propria.
2537 3761 2664 3817 lnde
2691 3772 2790 3829 est,
2819 3763 2961 3834 quod
2995 3764 3166 3834 ipsius
3206 3770 3384 3823 sancti
3431 3772 3742 3830 inflammati

2176 3855 2476 3921 miraculis,
2505 3857 2866 3910 sanctissimae
2891 3859 3200 3926 paternitati
3233 3871 3452 3927 vestrm,
3485 3865 3539 3919 in
3577 3882 3735 3936 quan-

2174 3954 2287 3999 tum
2338 3961 2651 4014 possumus,
2697 3946 2974 4001 humiliter
3003 3957 3057 4003 et
3109 3949 3301 4005 devote
3355 3956 3729 4024 supplicamus,

2173 4044 2442 4106 quatenus
2481 4051 2622 4107 saepe
2659 4036 2865 4092 dictum
2923 4037 2980 4092 S.
3026 4038 3349 4109 Robertum,
3396 4061 3559 4114 quem
3601 4048 3727 4104 Deus

2173 4127 2312 4182 inter
2337 4127 2538 4183 electos
2571 4144 2701 4184 suos
2735 4130 3149 4186 coruscantibus
3184 4133 3397 4191 meritis
3443 4149 3541 4207 per
3580 4141 3726 4194 mira-

2173 4219 2293 4274 cula
2324 4219 2552 4274 miriﬁce
2582 4221 2953 4291 magniﬁcavit
2976 4223 3028 4276 in
3058 4225 3307 4292 partibus
3329 4229 3557 4294 nostris,
3585 4247 3728 4285 cano-

2172 4312 2344 4366 nizari
2383 4322 2437 4366 et
2470 4321 2782 4368 sanctorum
2814 4314 3059 4385 catalogo
3073 4320 3680 4388 aggregaridecer‘natis.
3701 4341 3720 4372 ι

2172 4401 2245 4457 Ita
2281 4402 2522 4458 abbates.

2241 4495 2328 4548 51.
2372 4493 2642 4550 Honorius
2673 4496 2759 4550 his
2800 4497 2994 4552 litteris
3041 4506 3204 4570 atque
3246 4507 3563 4562 memoratis
3591 4509 3727 4562 testi-

2172 4586 2371 4640 moniis
2395 4585 2665 4654 perlectis,
2710 4603 2834 4641 cum
2867 4589 2934 4642 ad
2986 4591 3350 4648 universalem
3397 4597 3598 4652 cultum
3641 4613 3728 4667 per

2171 4688 2337 4733 totam
2382 4677 2679 4734 Ecclesiam
2706 4679 2783 4747 ,S.
2850 4680 3088 4738 Roberto
3131 4687 3567 4756 deCernendum,
3615 4704 3729 4743 san-

2169 4781 2423 4842 ctumque
2441 4789 2562 4827 cum
2587 4775 3049 4841 pronuntiandum
3074 4777 3320 4847 quaedam
3345 4780 3452 4834 alia
3468 4781 3729 4836 desidera-

2169 4877 2284 4933 ret;
2335 4877 2656 4938 potcstatem
2703 4867 2919 4922 interim
2960 4868 3084 4923 fecit
3129 4868 3570 4929 Molismensibus
3612 4888 3726 4928 eum

2171 4960 2483 5026 venerandi,
2512 4968 2673 5030 atque
2703 4959 2937 5012 ollicium
2989 4960 3055 5013 de
3091 4959 3183 5014 illo
3222 4961 3549 5032 celebrandi,
3588 4964 3636 5017 in
3665 4978 3724 5018 ea

2170 5057 2377 5104 tantum
2410 5051 2659 5114 ecclesia,
2680 5050 2733 5103 in
2757 5067 2864 5120 qua
2893 5065 3047 5106 sacra
3070 5052 3188 5120 ejus
3222 5069 3346 5109 ossa
3374 5055 3729 5111 recondeban-

2168 5148 2276 5204 tur,
2311 5156 2416 5209 qua
2447 5141 2514 5195 de
2543 5156 2602 5195 re
2641 5140 2955 5209 hujusmodi
2999 5143 3268 5211 pontiﬁcis
3317 5143 3552 5214 diploma
3599 5155 3678 5199 est
3709 5161 3723 5195 :

2171 5249 2189 5282 ε
2227 5230 2501 5286 Honorius
2525 5232 2830 5302 cpiscopus,
2857 5237 3050 5288 ser'vns
3071 5247 3354 5288 servorum
3388 5235 3504 5301 Dei,
3528 5235 3728 5289 dilectis

2165 5322 2288 5377 ﬁliis
2313 5323 2493 5377 abbati
2550 5332 2604 5377 et
2651 5324 2942 5377 convcntui
2989 5323 3345 5391 Molismensi,
3407 5326 3631 5379 salutem
3675 5333 3730 5378 et

2164 5415 2518 5484 apostolicam
2542 5415 2992 5470 benedictionem.
3022 5416 3160 5471 Cum
3209 5417 3339 5471 olim
3388 5429 3481 5486 per
3526 5417 3729 5471 litteras

2163 5517 2217 5562 et
2261 5507 2482 5562 nuntios
2511 5517 2722 5562 vestros
2769 5509 3179 5578 supplicassetis
3230 5510 3523 5576 instanter,
3560 5507 3730 5578 adjuti

2163 5597 2486 5653 testimoniis
2504 5598 3047 5654 etintercessionibu‘s
3063 5600 3443 5670 plurimorum,
3465 5609 3734 5655 utsanctte

2151 5689 2440 5761 memoria:
2486 5688 2546 5745 Β.
2582 5687 2899 5759 Robertum,
2941 5691 3096 5762 cujus
3127 5708 3326 5762 corpus
3357 5693 3412 5747 in
3439 5701 3614 5748 vestra
3645 5705 3732 5745 re-
