3970 6432
226 370 356 447 £293

1197 388 1570 445 MATHILDIS
1607 389 1839 450 COMlT.
1879 392 2037 447 VITA
2080 391 2166 446 ET
2207 390 2479 475 DiPLOM.

3331 387 3467 444 1294

217 494 499 576 (ιἰιῖεξὲςρηε
530 499 757 554 ecclesia
787 498 971 556 multis
994 510 1046 556 et
1068 505 1281 573 magnis
1304 506 1583 561 miraculis
1606 522 1793 563 corus—
1822 511 1867 565 A
1896 506 2052 576 plene
2073 505 2454 576 rescripserint
2476 510 2777 567 veritatem,
2803 501 2952 572 quia,
2982 501 3108 555 licet
3136 499 3297 556 nobis
3323 516 3469 570 qua.»

217 596 391 660 cubat,
447 601 762 648 sanctorum
817 594 1063 665 catalogo
1112 597 1384 653 ascribere
1428 599 1785 667 deberemus;

215 702 334 752 nos,
360 699 427 739 ne
459 684 512 738 in
562 692 713 738 tanto
737 685 959 755 negotio
986 686 1300 743 videremur
1332 689 1410 743 uti
1442 690 1621 759 aliqua
1659 692 1783 747 levi-

214 785 343 841 tate,
376 784 482 828 tam
508 775 574 828 de
602 775 708 829 vita
734 776 928 845 ipsius,
954 793 1118 847 quam
1154 779 1221 834 de
1248 780 1547 846 miraculis,
1577 798 1672 851 per
1697 799 1788 839 ve-

214 867 481 924 nerabiles
504 860 700 924 fratres
730 878 947 926 nostros
996 871 1394 944 Lingonensem
1446 884 1500 929 et
1546 869 1786 932 Valenti-

214 973 435 1013 nensem
462 959 768 1029 episcopos,
798 963 1178 1020 mandavimus
1211 966 1431 1035 inquiri,
1470 984 1593 1022 eum
1638 970 1703 1024 ad
1735 971 1788 1026 id

214 1059 274 1106 ut
300 1051 507 1120 aliquis
526 1050 791 1106 habeatur
812 1062 874 1115 ut
903 1063 1127 1111 sanctus
1156 1055 1209 1110 in
1243 1055 1480 1112 Ecclesia
1513 1060 1786 1127 militanti,

215 1156 439 1197 necesse
461 1141 551 1209 sit,
588 1151 649 1197 ut
685 1151 740 1197 et
764 1160 906 1200 verae
954 1145 1099 1211 fidei,
1147 1163 1267 1217 quae
1303 1164 1400 1217 per
1445 1145 1789 1207 dilectionem

215 1240 491 1302 operatur,
548 1235 740 1289 merita
770 1251 894 1290 cum
938 1239 1345 1307 perseverantia
1394 1239 1538 1294 ﬁnali
1589 1258 1790 1311 prince-

216 1324 366 1391 dant,
408 1334 462 1379 et
500 1326 645 1382 clara
671 1330 834 1383 etiam
862 1314 1124 1384 miracula
1151 1331 1583 1400 subsequantur;
1618 1349 1791 1404 neque

216 1413 321 1468 alia
359 1415 476 1469 sine
500 1416 622 1472 aliis
652 1418 808 1487 plene
850 1417 1118 1473 sufﬁciant
1140 1421 1205 1472 ad
1238 1419 1497 1475 indicium
1529 1425 1789 1477 sanctita-

215 1507 324 1571 tis;
358 1522 424 1561 eo
446 1509 593 1577 quod
637 1510 880 1564 nonnulli
915 1509 1120 1564 faciunt
1147 1525 1310 1580 epera
1339 1527 1459 1578 sua,
1486 1522 1543 1566 ut
1571 1512 1792 1566 videan-

184 1616 193 1623 ·
216 1601 305 1649 tur
328 1595 396 1649 ab
417 1595 766 1665 hominibus;
790 1607 844 1651 et
869 1600 1265 1668 nonnunquam
1308 1600 1533 1670 angelus
1555 1598 1793 1655 ~Satanae

217 1690 617 1759 ttanstigurans
675 1705 734 1745 se
790 1690 846 1744 in
920 1690 1172 1760 angelum
1223 1690 1403 1755 lucis,
1478 1691 1792 1746 hominibus

218 1776 533 1846 frequenter
558 1779 752 1846 illudit,
791 1779 931 1835 sicut
962 1780 1026 1834 de
1043 1780 1215 1851 magis
1245 1780 1441 1851 legitur
1469 1779 1789 1836 Pharaonis.

1890 597 2015 652 dam
2040 597 2299 651 miracula
2325 611 2446 667 qua:
2476 602 2599 664 post
2640 588 2868 649 mortem
2893 591 3093 647 fecerat
3121 590 3465 659 intimarunt,

1888 687 1955 741 de
1976 686 2061 741 his
2084 695 2262 740 tamen
2284 702 2406 756 quze
2430 687 2484 739 in
2507 685 2619 740 vita
2639 683 2832 740 fecisse
2861 683 3082 748 dicitur,
3101 682 3257 736 fidem
3280 682 3470 752 plena-

1890 777 2026 831 riam
2046 792 2153 830 non
2176 776 2418 832 fecerunt
2438 795 2451 831 ε
2471 791 2570 831 nos
2591 791 2658 831 ne
2678 776 2932 846 precibus
2946 773 3144 829 vestris
3159 773 3467 851 videremur

1891 869 2115 923 omnino
2143 868 2353 935 deesse,
2376 868 2727 923 concedimus
2750 867 2925 933 vobis,
2950 874 3007 921 ut
3050 880 3175 920 eum
3206 873 3464 934 tanquam

1892 969 2139 1015 sanetum
2197 960 2250 1014 in
2295 970 2473 1016 vestra
2506 960 2736 1016 ecclesia
2779 967 3118 1025 venerantes,
3158 956 3276 1025 ejus
3324 957 3467 1026 apud

1891 1052 2061 1107 Deum
2097 1050 2352 1124 sullragia
2381 1052 2702 1110 ﬁducialiter
2730 1053 3049 1123 imploretis.
3083 1052 3277 1106 Datum
3309 1048 3472 1104 Late-

1891 1144 2092 1209 rani,vt
2118 1141 2244 1199 ldus
2258 1143 2523 1211 Januarii,
2543 1144 2887 1215 pontificatus
2902 1143 3075 1198 nostri
3097 1157 3241 1197 anno
3257 1149 3429 1196 sexto.
3447 1160 3464 1190 υ

1896 1233 2005 1291 llas
2046 1236 2255 1291 litteras
2283 1253 2342 1291 se
2362 1253 2425 1291 ex
2448 1235 2713 1291 Vaticano
2739 1235 3297 1306 decerptashabuisse
3317 1232 3469 1285 Man—

1891 1326 2078 1395 riquez
2110 1325 2211 1390 ait;
2245 1327 2520 1395 additque,
2558 1326 2664 1382 hoc
2691 1328 2878 1381 eodem
2916 1342 3059 1381 anno
3083 1334 3174 1379 aut
3199 1324 3353 1377 initio
3384 1338 3472 1377 se-

1893 1416 2132 1484 quentis,
2155 1431 2279 1469 eum
2314 1417 2387 1481 id,
2414 1416 2560 1484 quod
2600 1417 2776 1485 primo
2800 1430 3063 1485 processu
3095 1415 3297 1477 deerat,
3343 1426 3471 1480 sup-

1892 1507 2095 1576 pletum
2124 1505 2334 1572 fuisset,
2362 1505 2732 1560 S.Robcrtum
2763 1505 3011 1559 absolute
3036 1511 3348 1558 sanctorum
3375 1516 3471 1555 ca-

1894 1595 2020 1649 noni
2053 1596 2349 1664 ascriptum
2402 1594 2591 1662 fuisse,
2618 1596 3003 1664 decretumque
3032 1593 3086 1646 in
3118 1592 3351 1663 generali
3382 1606 3474 1645 ca-

1892 1687 2065 1758 pitulo
2084 1685 2463 1742 Cistereiensis
2504 1685 2742 1753 familiae,
2785 1695 2846 1740 ut
2879 1685 3078 1740 festum
3107 1684 3227 1755 ejus
3261 1683 3475 1754 quinto-

1893 1779 2106 1834 decimo
2132 1778 2405 1835 Kalendas
2430 1778 2555 1833 Maii
2582 1795 2707 1834 cum
2739 1778 2915 1833 officio
2945 1777 3054 1832 duo
3084 1776 3256 1831 decim
3292 1776 3475 1831 lectio-

220 1867 359 1921 Cum
411 1870 593 1940 itaque
634 1871 988 1942 inquisitores
1015 1873 1257 1942 praedicti
1292 1874 1449 1930 nobis
1494 1890 1661 1943 super
1704 1874 1792 1930 his
1824 1846 1866 1901 Β
1898 1887 2027 1926 num
2057 1886 2153 1940 per
2190 1872 2504 1927 universum
2528 1871 2713 1926 orbem
2757 1870 3053 1926 solemnius
3086 1867 3469 1924 celebraretur.

1912 2106 2103 2139 ,"t;j
2176 2106 2249 2127 ,τε
2297 2106 2337 2131 .1-

960 2163 1078 2275 s.
1184 2082 2710 2337 ΕΟΒΕΒΤῇἘῦῙέῨῧΜ.

701 2390 1036 2448 EPISTULA
1071 2334 1305 2448 PlthtA.

743 2503 810 2540 AD
833 2502 1043 2543 ODONE!
1069 2503 1263 2543 DUCEH.

288 2573 661 2646 lllnstrissimo
689 2578 815 2634 duci
836 2580 1028 2646 Ooour,
1063 2578 1351 2635 ROBBRTUS
1386 2581 1556 2637 abbas
1608 2581 1791 2637 Molis-

214 2643 801 2723 mensis_-Ecclesite,_et
822 2651 913 2721 qui
941 2643 1077 2723 cum
1092 2666 1157 2723 eo
1202 2651 1421 2706 Domini
1468 2652 1790 2723 obsequium

214 2720 630 2787 concupiscunt,
666 2720 895 2775 salutem
932 2731 984 2775 et
1014 2720 1344 2776 felicitatem.

286 2789 548 2844 Pietatem
600 2800 655 2844 et
699 2792 929 2863 gratiam
974 2792 1230 2863 donatam
1280 2792 1436 2846 vobis
1490 2807 1517 2846 a
1556 2792 1790 2849 Domino
1817 2806 1859 2863 ο

213 2868 594 2932 agnoscentes,
626 2861 882 2917 nolumus
931 2862 1136 2931 absque
1174 2862 1511 2932 beneplaeito
1570 2864 1792 2918 celsitu-

211 2930 359 3004 dinis
396 2940 593 2985 vestrae
623 2931 826 3004 aliquid
873 2930 1161 3004 innovare;
1198 2930 1449 3004 quamvis
1500 2934 1789 3004 antiquum

217 3002 289 3052 sit
309 3010 361 3054 et
391 3015 504 3071 non
538 3016 737 3054 novum
779 3001 831 3055 in
858 3002 1072 3057 virtutis
1127 3001 1790 3071 apprehensimtetn'cur-

213 3083 353 3124 rere.
383 3068 726 3140 Quapmpter
757 3072 1037 3137 noveritis,
1068 3072 1134 3127 de
1160 3068 1476 3139 aliquorum
1512 3075 1787 3128 sociorum

209 3146 528 3214 nostrorum
560 3155 852 3214 consensu,
880 3143 1079 3214 quibus
1114 3143 1240 3214 data
1256 3151 1364 3214 _est
1406 3144 1578 3214 gratia
1618 3148 1790 3214 agno-

208 3208 393 3282 scendi
425 3207 662 3276 seipsos,
689 3210 844 3278 juxta
876 3207 1235 3267 sanctissimae
1256 3207 1475 3281 Regulze
1497 3207 1785 3282 prtecepta,

206 3279 261 3361 in
294 3293 417 3361 vera
440 3288 763 3361 paupertate
785 3290 839 3335 et
864 3282 1211 3361 conscientiae
1268 3279 1580 3361 sinceritate
1606 3279 1787 3361 vivere

205 3346 488 3419 statuisse.
536 3346 602 3402 Ει
634 3349 763 3418 quia
804 3351 1041 3419 reliquos
1081 3350 1134 3403 in
1170 3356 1418 3409 eamdem
1463 3354 1786 3407 sententiam

204 3417 493 3493 adducere
532 3417 986 3493 non’potuimtis,
1020 3430 1073 3475 et
1094 3420 1311 3493 eosdem
1349 3432 1404 3476 et
1426 3438 1614 3477 eorum
1648 3424 1789 3493 regi-

202 3506 324 3563 men
356 3488 741 3563 dimittcrc,_et
774 3491 1023 3563 cum_his
1061 3489 1402 3563 quivestigia
1439 3504 1646 3558 nostra,
1679 3488 1790 3563 imo

201 3559 383 3631 potius
431 3556 616 3631 sancti
675 3556 850 3631 Patris
899 3556 1171 3631 Benedicti
1213 3556 1366 3631 sequi
1402 3556 1694 3625 voluerint,
1721 3562 1787 3616 ad

202 3627 447 3685 ercmum
483 3627 722 3696 migrare
749 3627 1107 3683 decrevimus.
1141 3627 1435 3694 Quia—vero
1466 3641 1706 3685 vestrum
1734 3632 1785 3683 in

201 3713 304 3756 nos
360 3700 619 3753 animum
662 3698 963 3767 saepissime
1011 3701 1217 3768 experti
1271 3714 1484 3763 sumus,
1545 3709 1598 3754 et
1644 3714 1791 3754 nunc

199 3779 391 3841 contra
452 3768 805 3841 insurgentes
860 3769 1123 3841 procellas
1172 3770 1407 3841 experiri
1446 3769 1787 3841 oportet,de

200 3840 459 3895 omnibus
502 3852 596 3892 vos
632 3839 895 3894 certiores
957 3838 1206 3907 fecimus,
1231 3838 1450 3896 orantes
1484 3838 1789 3894 Dominum

199 3918 252 3964 et
290 3920 508 3979 patrem
553 3909 848 3977 gratiarum
880 3909 1025 3979 quod
1070 3925 1169 3966 vos
1210 3921 1265 3966 et
1301 3912 1520 3967 domum
1552 3918 1789 3965 vestram

200 3979 513 4036 incolumes
544 3988 848 4035 conservet.
875 3982 1069 4034 Amen.

779 4070 1116 4127 EPISTOLA
1156 4072 1218 4128 ll.

673 4178 862 4220 ODONIS
901 4182 967 4220 Αι)
1007 4181 1315 4221 ROBERTUM.

1900 2406 2062 2465 Seue,
2098 2398 2362 2470 qmdquid
2395 2395 2681 2470 volueritis
2716 2391 3287 2470 impetrabo._Loc_um
3321 2390 3474 2470 _soli-

1898 2463 2103 2526 tudinis
2118 2463 2322 2525 vestra:
2349 2469 2551 2539 eligite,
2575 2479 2628 2524 et
2655 2483 2755 2538 pro
2776 2463 2879 2539 jne
2914 2465 3145 2539 assidue
3180 2463 3474 2518 Dominum

1896 2550 2069 2594 orate.
2107 2539 2353 2595 Vestram
2376 2535 2743 2596 sinceritatem
2772 2535 3036 2592 Deminus
3080 2543 3384 2601 conservet,
3417 2541 3476 2590 et

1897 2626 2091 2681 puram
2122 2610 2476 2666 intentionem
2507 2618 2723 2680 augeat.

2458 2723 2797 2779 EPISTOLA
2831 2715 2917 2778 Ili.

2278 2854 2342 2893 AD
2381 2853 2619 2893 FRATRES
2656 2850 3080 2892 ClSTERClENSES.

1964 2931 2268 2996 Fratribus,
2294 2931 2388 3002 qui
2436 2932 2492 2986 in
2527 2931 2806 3002 montibus
2833 2927 3080 2983 Cistercii
3114 2927 3181 2980 ad
3221 2934 3463 2980 montem

1893 3001 2240 3070 perfectionis
2290 2999 2680 3063 conscendunt,
2710 2999 3018 3070 Ronen'ros,
3053 3011 3243 3070 eorum
3291 3011 3470 3065 quon—

1894 3066 2017 3125 dam
2053 3072 2256 3136 socius,
2292 3070 2515 3124 nuncin
2544 3070 2735 3123 vallem
2779 3067 3122 3123 miseriarum
3159 3066 3467 3136 demersus,

1894 3144 2018 3265 gest
2041 3135 2330 3197 ascensUm
2356 3141 2613 3210 palmam,
2637 3150 2691 3194 et
2718 3138 2803 3194 sui
2832 3138 2886 3191 in
2912 3135 3255 3192 ascendendo
3284 3149 3470 3190 recor-

1933 3221 2190 3265 attonem.

1933 3213 2190 3266 ationem.

1966 3282 2021 3335 Si
2047 3282 2227 3351 lingua
2263 3280 2478 3347 calami,
2508 3282 2762 3352 lacr‘ymze
2791 3276 3101 3352 atramenti,
3151 3290 3245 3331 eor
3282 3275 3472 3345 papyri

1893 3351 2040 3406 vices
2075 3350 2260 3406 subire
2284 3360 2555 3425 possent,
2605 3350 3034 3425 fortencalamus
3084 3353 3474 3425 aures,_atra-

1896 3430 2137 3492 mentum
2176 3416 2387 3487 oculos,
2418 3437 2656 3492 papyrus
2712 3420 3043 3492 affectiones,
3076 3425 3131 3470 et
3167 3416 3351 3492 omnia
3390 3416 3470 3468 si-

1898 3491 2030 3554 mul,
2070 3492 2235 3546 simul
2281 3500 2336 3545 et
2376 3486 2472 3545 vos
2493 3486 2709 3545 'omncs
2733 3490 2798 3543 ad
2828 3489 3082 3543 affectum
3112 3486 3472 3540 commisera-

1897 3560 2062 3617 tionis
2116 3561 2563 3616 commovisscnt.
2614 3560 2913 3628 Postquam
2971 3557 3120 3628 enim
3157 3555 3311 3609 vobis
3362 3570 3473 3608 non

1897 3631 2122 3696 adhaesi,
2146 3632 2374 3686 adhaesit
2399 3632 2579 3701 lingua
2604 3645 2722 3684 mea
2746 3626 3156 3701 faucibusmeis
3183 3646 3196 3679 :
3229 3639 3352 3680 cum
3377 3639 3475 3678 vos

1899 3716 2006 3753 non
2040 3702 2291 3755 viderunt
2326 3698 2500 3756 oculi'
2524 3701 2652 3765 mei,
2678 3701 2860 3754 lumen
2893 3698 3179 3753 oculorum
3223 3710 3476 3750 meorum

1897 3778 1953 3822 et
1998 3771 2174 3837 ipsum
2229 3784 2337 3822 non
2383 3779 2466 3824 est
2497 3785 2733 3824 meeum.
2787 3769 2924 3823 Dum
2978 3767 3336 3837 coravobis,
3369 3766 3477 3820 sia

1898 3836 2055 3893 vobis
2108 3853 2347 3906 unquam
2391 3839 2606 3907 poterit,
2659 3837 2762 3891 nm
2808 3839 3082 3902 avulsum,
3122 3836 3334 3907 factum
3373 3845 3476 3907 _cst

1898 3918 2157 3977 tanquam
2189 3903 2311 3961 cera
2336 3903 2641 3975 liquescens
2671 3907 2725 3959 in
2756 3908 2934 3960 medio
2960 3906 3164 3959 ventris
3195 3906 3319 3977 mei.
3367 3903 3476 3977 Sed

1898 3995 1927 4034 a
1960 3975 2109 4032 vobis
2131 3978 2322 4031 avulso
2355 3991 2462 4029 non
2496 3984 2675 4030 tamen
2717 3990 3045 4043 quemquam
3077 3989 3144 4027 ex
3173 3975 3330 4028 vobis
3349 3975 3475 4043 ista

1897 4048 2177 4118 separavit
2198 4047 2407 4101 avnisio
2423 4060 2606 4118 aquas
2645 4041 2788 4099 eniin
2822 4041 3003 4114 jungit
3058 4043 3308 4118 charitas
3342 4041 3473 4118 ._lesu

1897 4110 2125 4179 Christi,
2159 4117 2359 4171 frustra
2418 4110 2666 4169 dividunt
2716 4110 2983 4169 terrarum
3031 4113 3224 4182 spatia.
3266 4110 3473 4165 Habeat

1895 4185 2181 4243 Molismus
2216 4185 2556 4257 praesentiam
2582 4184 2857 4257 corporis,
2895 4181 3107 4257 legibus
3146 4181 3471 4257 obedientia:

268 4249 386 4307 Odo
421 4252 755 4324 Burgundiaa
803 4255 935 4321 dux,
967 4266 1096 4322 etc.,
1130 4257 1433 4313 venerabili
1478 4257 1626 4312 Patri
1682 4258 1789 4314 Ro-
1820 4254 1864 4309 D
1894 4260 2195 4324 astrictam,
2216 4249 2532 4309 'dummodo
2568 4249 2890 4310 Cistercium
2919 4249 3114 4306 animm
3136 4252 3469 4324 desiderium

194 4337 377 4378 nemo
427 4323 616 4398 abbati
657 4323 1023 4398 polismensi,
1067 4336 1122 4382 et
1156 4329 1379 4398 reliquis
1411 4329 1504 4396 qui
1552 4344 1678 4383 cum
1721 4344 1787 4383 eo

194 4408 369 4465 unum
401 4401 538 4448 sunt
566 4394 619 4446 in
655 4393 905 4461 Domino,
937 4412 1039 4465 pax
1076 4393 1289 4452 aeterna
1326 4401 1380 4453 in
1422 4393 1626 4454 aeterno
1651 4399 1780 4454 Deo.

269 4464 464 4517 Allata:
504 4472 633 4538 sunt
657 4465 829 4538 nobis
867 4464 1058 4538 litterae
1093 4469 1641 4524 sinceritatis'vestrte
1690 4484 1785 4538 per

196 4548 398 4608 manus
418 4535 828 4608 modestissimi
855 4537 956 4590 viri
980 4536 1236 4608 Stephani
1265 4540 1398 4594 socii
1434 4539 1630 4605 vestri;
1661 4535 1785 4608 q'ui-

196 4602 304 4657 bus
328 4604 489 4678 visis,
511 4612 576 4678 et
603 4605 955 4678 intentionem
1006 4602 1302 4678 probamus
1329 4619 1383 4664 et
1408 4625 1561 4678 opus.
1600 4602 1783 4663 Facite

190 4674 345 4752 quod
375 4672 616 4753 Spiritus
643 4675 958 4753 jub_et_,nego
1006 4672 1121 4753 non
1183 4679 1346 4733 deero
1376 4672 1669 4753 vobis,_sed
1714 4679 1783 4732 ah

195 4745 477 4811 episcopis
509 4745 934 4811 prouincialibus
953 4788 968 4813 ,
994 4756 1048 4802 et
1072 4749 1115 4802 si
1149 4751 1450 4818 oportuerit
1475 4766 1507 4804 a
1536 4750 1781 4803 Romana

1896 4322 2189 4400 possideat.
2231 4325 2346 4382 Hoc
2391 4326 2666 4400 disposuit
2711 4322 3227 4400 Altissinius,_cujus
3255 4322 3469 4375 inseru-

1891 4392 2076 4454 tahilia
2106 4411 2234 4452 sunt
2276 4392 2504 4461 secreta,
2549 4404 2609 4450 ut
2654 4396 2711 4449 in
2751 4395 2965 4449 diversa
3014 4392 3331 4452 distraetus,
3362 4406 3464 4443 nec

1892 4471 2073 4525 anima
2096 4483 2192 4537 per
2218 4465 2464 4536 corporis
2489 4464 2955 4521 conversationem
2983 4461 3339 4537 distrahatur,
3368 4475 3468 4537 nee

1891 4528 2114 4607 corpus'
2129 4528 2449 4610 distractum
2481 4544 2826 4610 tamsancta
2846 4531 3258 4610 conversatione
3309 4528 3465 4610 [non]

1891 4602 2106 4663 fruatur
2128 4626 2143 4662 :
2171 4625 2270 4677 pro
2289 4608 2468 4679 anima
2494 4607 2774 4679 vobiscum
2796 4605 3024 4679 degente
3045 4602 3320 4654 orationes
3343 4602 3468 4679 fun-

1889 4680 2031 4745 dite;
2056 4674 2275 4749 corpus,
2290 4677 2448 4746 cujus
2468 4677 2703 4731 animum
2722 4674 3030 4750 possidet-is,
3045 4680 3302 4750 tanquam
3324 4674 3465 4749 opti-

1890 4765 1993 4806 ma:
2020 4740 2196 4820 partis
2238 4740 2744 4816 shaipossessores,
2769 4759 2863 4799 vos
2893 4743 3093 4798 salutat
3131 4741 3184 4794 in
3214 4740 3461 4795 Domino.

308 4894 3395 4946 Μ

1373 5049 1545 5095 ANNO
1588 5049 1819 5097 DOMINI
1858 5048 2283 5095 MXLVI-MCXV

706 5086 1819 5337 ΜΑΤΗΠζῦῐέ
1859 5086 2950 5355 eoMITISSE

1077 5446 1429 5566 VITA
1489 5450 1669 5562 ET
1731 5446 2553 5565 DIPLOMATA

754 5642 912 5717 (Vide
935 5646 1260 5720 Pati-elogia:
1286 5658 1417 5708 ιοτη.
1446 5621 1721 5715 CXLVIII,
1762 5650 1867 5706 col.
1901 5650 2026 5717 939,
2053 5651 2107 5705 in
2144 5649 2497 5707 Monumentis
2531 5646 2916 5722 Gregorianis.)

1431 5817 2216 5858 -—---.<>.—-——
