4266 6438
705 389 764 449 Si
1915 378 2176 440 (IUIHNI
2248 381 2766 442 CUROPALATE
3875 374 3948 437 5‘2

698 505 1080 570 iuipelutorcm
1102 501 1342 566 equitare
1370 503 1601 563 oportet,
1623 494 1736 546 calc
1773 506 1832 546 os
1853 491 2029 546 adfert
2053 507 2180 561 puer
2205 507 2270 547 ex
2301 501 2343 557 Α
2375 497 2383 546 ἑ

2261 501 2343 557 LA
2375 495 2546 558 ζεται.
2593 495 2860 565 Ὀπηνίκα
2908 493 3035 558 γοῦν
3079 492 3262 562 δεήσει
3291 490 3379 546 τὸν
3416 489 3638 560 βασιλέα
3687 487 3946 540 καϐαλλι-

697 592 979 654 γοειίαείο,
1018 592 1164 660 quod
1206 590 1364 657 vulgo
1395 596 1594 642 vocant
1623 587 2046 640 allaximarium.
2075 585 2268 638 Pal-ato

690 688 802 754 jam
830 695 883 740 ct
912 686 1193 754 cquitantc
1256 684 1586 750 imperatore
1636 680 1969 750 ryml-alistaa
2015 677 2266 747 cymbala

694 783 931 848 pulsant,
957 778 1223 830 tubicines
1243 777 1477 840 tubis,et
1509 775 1889 828 buccinatorcs
1915 771 2162 825 buccinis
2186 786 2270 823 ar-

694 873 898 941 genteis
917 882 1133 926 canunt.
1163 870 1253 925 Ha:
1280 885 1408 924 vero
1427 871 1566 923 tubae
1587 869 1710 922 huic
1727 867 1847 922 usui
1867 865 2144 920 destinatae
2164 879 2268 918 non

700 967 940 1018 rcfcrnut
963 965 1188 1017 aliarum
1223 964 1473 1017 tubarum
1513 960 1764 1023 formam,
1791 960 1882 1014 sed
1907 957 2008 1012 alia
2038 957 2268 1025 quadam

696 1057 869 1124 figura
900 1057 1136 1124 prardita:
1165 1065 1311 1109 sunt.
1349 1055 1555 1108 Iudicat
1603 1055 1701 1107 hoc
1733 1055 1847 1121 ipse
1894 1052 2052 1105 etiam
2105 1065 2272 1104 sonus

700 1149 888 1200 talium
923 1151 1450 1211 instrumentorum;
1487 1147 1579 1215 qui
1605 1156 1709 1206 est,
1741 1155 1793 1199 ut
1824 1145 1867 1199 si
1898 1144 2018 1214 quis
2050 1158 2115 1197 ex
2174 1157 2271 1210 pn-

701 1242 825 1307 pulo
865 1240 1068 1308 aliquid
1097 1239 1202 1308 32
1233 1249 1377 1305 petat
1406 1241 1484 1292 vel
1521 1239 1718 1305 injuria
1754 1236 2043 1299 adiciatur,
2077 1235 2268 1289 audito

700 1336 800 1383 hoc
863 1345 1005 1390 sono,
1069 1339 1322 1384 accurrat
1396 1337 1450 1383 et
1504 1331 1571 1382 ad
1635 1330 2017 1398 imperat-irem
2100 1327 2271 1381 libi-re

702 1420 928 1474 referat.

773 1598 859 1652 Fit
889 1609 1070 1653 autem
1107 1600 1231 1661 hor,
1270 1597 1313 1652 si
1341 1599 1636 1666 imperator
1664 1611 1821 1650 mane
1856 1594 2084 1663 equitet.
2109 1595 2176 1648 At
2223 1594 2267 1647 si

700 1702 816 1758 post
851 1689 1136 1757 prandium
1175 1689 1405 1756 equitet,
1445 1686 1498 1740 id
1540 1687 1690 1739 nullo
1718 1686 1879 1740 modo
1923 1684 2266 1738 observatur.

699 1783 875 1834 tjausa
912 1781 1156 1834 nescitur
1187 1797 1198 1831 :
1233 1787 1286 1832 at
1327 1780 1370 1832 si
1396 1778 1724 1844 conjecturae
1750 1777 1905 1830 locus
1926 1776 2109 1839 datur,
2134 1775 2264 1829 dico

2372 589 2581 648 κεῦσαι,
2607 589 2763 658 φέρει
2787 591 2850 641 τὰ
2876 589 3192 656 ὑποδήματα
3223 584 3579 639 παιδόπουλον
3602 582 3694 634 τοῦ
3721 583 3934 652 βεστια-

2374 683 2488 751 ρίου
2511 681 2842 747 mag,an
2874 682 3066 743 κοινῶς
3092 678 3492 748 ὀνομαζομένου
3521 677 3936 746 ἁλλαξιμαρίου.

2383 776 2834 845 Ἐτοιμασθέντος
2867 775 2958 828 οὖν
2991 776 3085 829 καὶ
3131 771 3662 829 καδαλλικεύσαντος
3693 769 3784 821 τοῦ
3841 768 3939 837 βα-

2375 871 2600 934 σιλέως.
2657 871 2704 924 oi
2769 871 3132 940 ἁνακαρισταὶ
3197 866 3456 938 κρούουσι
3519 865 3590 917 τὰ
3648 865 3938 929 ἀνάκαρα,

2373 963 2698 1026 σαλπίζουσι
2751 963 2806 1016 δὲ
2856 964 2949 1015 καὶ
2999 966 3045 1014 οἱ
3100 959 3429 1025 σαλπιγκταὶ
3476 957 3680 1026 ὁμοίως
3731 953 3826 1006 καὶ
3892 953 3940 1004 οἱ

2373 1055 2793 1124 βουκκινάτορες
2825 1054 2890 1108 δι’
2921 1054 3164 1123 ὀργάνων
3193 1050 3471 1122 ἀργυρῶν.
3496 1050 3563 1102 Al.
3590 1048 3768 1117 μέντοι
3802 1045 3942 1098 κατὰ

2370 1150 2469 1217 τὴν
2508 1149 2764 1215 τοιαύτην
2792 1146 3098 1215 ὑπηρεσίαν
3130 1144 3495 1207 σαλπίζουσαι
3545 1140 3844 1202 σάλπιγγες
3880 1136 3943 1187 ού

2371 1241 2512 1292 κατᾶ
2571 1241 2670 1301 τὰς
2724 1238 2890 1300 ἄλλας
2935 1237 3040 1290 sla‘.
3104 1235 3433 1301 σάλπιγγας,
3485 1230 3603 1285 ἀλλ’
3656 1227 3840 1296 ἕτερόν
3890 1241 3945 1277 τι

2373 1331 2580 1401 σχῆμα.
2638 1330 2798 1398 Δηλοῖ
2861 1329 2916 1382 δὲ
2967 1328 3061 1380 καὶ
3120 1327 3152 1394 ἡ
3206 1324 3315 1377 τῶν
3383 1321 3645 1375 τοιούτων
3694 1317 3947 1386 ὀργάνων

2371 1423 2544 1492 φωνὴ.
2577 1422 2636 1472 τὸ
2670 1421 2871 1487 ὲάνπερ
2920 1436 2971 1472 τι
3007 1419 3128 1487 αίτῇ
3158 1435 3241 1479 τις
3293 1415 3389 1468 τοῦ
3422 1411 3551 1467 λαοῦ
3603 1411 3634 1481 ἢ
3669 1409 3943 1478 ἀδικῆται,

2371 1515 2614 1576 ἀκούσας
2639 1513 2842 1566 τούτων
2868 1509 3094 1581 δραμὼν
3131 1509 3424 1578 ἀνενέγκῃ.

2441 1602 2695 1672 Γίγνεται
2744 1605 2926 1672 μέντοι
2956 1601 3017 1653 τὸ
3051 1599 3312 1660 τοιοῦτον,
3344 1599 3392 1649 εί
3429 1593 3569 1648 κατὰ
3599 1591 3699 1662 τὴν
3734 1588 3948 1660 πρωῖαν

2371 1697 2524 1766 τύχοι
2555 1694 2967 1748 καϐαλλικεύων
3001 1695 3028 1746 6
3059 1688 3313 1760 βασιλεύς
3339 1704 3354 1719 ο
3397 1687 3535 1756 μετὰ.
3579 1684 3635 1737 δὲ
3680 1684 3742 1736 τὸ
3766 1679 3949 1749 γεῦμα

2375 1786 2826 1844 καὸαλλικεύσειν
2861 1785 3147 1855 μέλλοντος
3177 1782 3428 1850 οὐδαμῶς
3480 1779 3728 1846 γίγνεται
3762 1773 3946 1827 τοῦτο.

701 1887 820 1924 ι;ιι;ιι
847 1869 1039 1939 plebeii
1073 1884 1229 1924 mane
1253 1869 1471 1938 quidem
1507 1868 1674 1922 sobrii
1734 1867 1868 1928 sint,
1922 1876 2045 1934 post
2103 1880 2269 1933 pran-
2302 1906 2343 1960 Β
2382 1885 2386 1898 ε

2265 1893 2269 1904 ’
2302 1906 2343 1960 Β
2382 1883 2448 1935 'H
2491 1882 2639 1934 αίτία
2686 1881 2982 1948 ἀγνοεῖται.
3033 1874 3416 1946 Στοχαστικῶς
3465 1889 3526 1939 γε
3561 1872 3670 1938 μὴν
3703 1868 3846 1934 λέγω
3875 1866 3950 1925 ὡς

705 1966 854 2018 dium
886 1965 1207 2033 plerumque
1238 1963 1372 2016 ebrii
1400 1971 1452 2015 et
1489 1960 1662 2030 magis
1726 1957 2022 2023 temerarii,
2070 1957 2270 2010 merito

705 2071 865 2109 mane
899 2054 1042 2109 tubis
1072 2063 1277 2108 canum
1326 2066 1392 2107 eo
1453 2068 1563 2122 quo
1622 2052 1858 2106 diximus
1907 2049 2092 2112 modo,
2148 2055 2272 2118 post

702 2148 992 2216 prandium
1055 2163 1185 2202 vero
1245 2161 1618 2215 nequaquam,
1677 2159 1745 2198 ne
1803 2145 1926 2213 quis
1978 2144 2164 2198 ebrius
2189 2142 2274 2194 in-

700 2240 1002 2310 composite
1077 2248 1128 2292 et
1203 2244 1405 2291 temere
1479 2236 1547 2289 ad
1636 2235 2024 2303 imperatorem
2119 2247 2275 2288 acce—

700 2336 811 2386 dat.

773 2517 997 2584 Insuper
1033 2519 1394 2582 protostrator
1423 2517 1512 2564 est
1535 2507 1792 2562 defrusor
1813 2520 2001 2560 eorum
2033 2505 2123 2572 qui
2183 2518 2275 2557 ex-

703 2610 980 2664 cursiones
1016 2606 1218 2660 faciunt
1243 2615 1295 2661 et
1334 2605 1541 2673 praedas
1579 2611 1745 2670 agunt
1777 2617 1789 2652 :
1822 2614 1944 2652 cum
1972 2598 2120 2649 enim
2182 2594 2276 2650 isti

702 2716 879 2770 neque
909 2709 1120 2752 certum
1184 2698 1431 2751 ordinem
1476 2710 1647 2762 neque
1689 2695 1968 2762 proprium
2022 2687 2276 2741 ﬂammu-

703 2793 809 2845 lum
834 2791 1091 2852 habeant,
1121 2790 1215 2845 sed
1271 2786 1494 2842 confuse
1522 2786 1713 2839 etsiue
1761 2785 1952 2836 ordine
2007 2781 2275 2843 ferantur,

702 2893 1060 2953 protostrator
1087 2897 1224 2951 pone
1260 2881 1565 2934 consistens
1599 2875 1839 2931 defendit
1871 2875 2015 2936 illos,
2070 2874 2116 2928 si
2165 2872 2280 2926 bel-

702 2979 812 3031 lum
843 2977 1079 3045 ingruat.
1115 2973 1238 3026 Ideo
1261 2971 1425 3025 etiam
1454 2975 1818 3038 prolostrator
1852 2963 2176 3032 appellatur.
2201 2962 2284 3014 ni-

702 3069 901 3123 mirum
939 3069 1080 3137 quod
1114 3065 1586 3121 autecedattotum
1622 3060 1872 3128 στρατόν,
1895 3059 1998 3110 hoc
2015 3065 2099 3110 est
2129 3070 2284 3108 exer-

703 3165 894 3217 citum.
933 3161 1007 3214 Ex
1038 3159 1364 3213 animalibus
1393 3171 1520 3209 vero
1551 3154 1726 3221 paeda
1762 3152 1989 3211 abactis,
2021 3165 2283 3217 quamnu-

2373 1973 2606 2041 ἐπείπερ
2653 1973 2701 2024 oi
2752 1970 2846 2024 τοῦ
2878 1969 3113 2038 πλήθους
3146 1966 3424 2035 ἄνθρωποι
3470 1960 3686 2031 πρωῖας
3721 1957 3820 2026 μιν
3857 1955 3952 2025 νή-

2375 2076 2591 2130 φουσιν,
2626 2060 2763 2129 μετὰ
2791 2059 2846 2111 δὲ
2873 2058 2931 2110 τὸ
2966 2054 3145 2124 γεῦμα
3180 2053 3470 2124 μεθύουσιν
3492 2050 3566 2113 ὡς
3598 2050 3689 2102 ἐπὶ
3715 2048 3778 2100 τὸ
3805 2045 3953 2098 πλεῖ-

2377 2172 2502 2208 στον
2547 2154 2640 2207 καὶ
2689 2152 3123 2222 προπετέστεροι
3169 2150 3430 2217 γίνονται,
3458 2142 3687 2204 είκότως
3737 2139 3953 2210 πρωτας

2380 2246 2478 2315 μὲν
2515 2243 2838 2308 σαλπίζουσι
2889 2240 2960 2294 δι’
3006 2239 3065 2292 ὃν
3114 2240 3340 2306 εἴπομεν
3373 2237 3596 2305 τρόπον,
3633 2232 3774 2300 μετὰ
3808 2228 3864 2282 δὲ
3892 2228 3954 2280 τὸ

2378 2337 2559 2405 γεῦμα
2590 2335 2860 2404 οὐδαμῶς,
2893 2334 2982 2386 ἵνα
3036 2331 3110 2402 μή
3168 2348 3252 2392 τις
3308 2325 3523 2399 μεθύων
3555 2323 3806 2384 ἀτάκτως
3857 2318 3956 2374 καὶ

2378 2428 2664 2498 προπετῶς
2699 2426 2973 2497 προσέλθῃ
3013 2425 3089 2494 τῷ
3121 2421 3352 2490 βασιλεῖ.

2454 2519 2574 2572 "Et:
2608 2521 2635 2571 6
2672 2517 3118 2589 πρωτοστράτωρ
3142 2515 3221 2567 ενι
3247 2513 3339 2567 καὶ
3361 2511 3637 2579 δεφένσωρ
3661 2505 3770 2560 τῶν
3794 2517 3956 2571 κουρ-

2382 2613 2668 2666 σευόντων.
2703 2612 2922 2664 Τούτων
2970 2611 3078 2677 γὰρ
3139 2609 3275 2678 μήτε
3334 2605 3490 2665 τάξιν
3535 2603 3766 2672 ἐχόντων
3819 2599 3956 2666 μήτε

2382 2703 2696 2774 φλάμουλον
2733 2704 2884 2768 ῖδιον,
2913 2701 3027 2754 ἀλλ’
3061 2699 3308 2760 ἀτάκτως
3335 2694 3508 2756 οὕτως
3542 2689 3951 2758 ἁπολυομένων,

2381 2799 2410 2850 6
2438 2798 2878 2864 πρωτοστράτωρ
2905 2794 3079 2846 ὀπίσω
3113 2789 3319 2843 τούτων
3347 2787 3734 2857 εύρισκόμενος
3762 2782 3956 2851 δεφεν-

2382 2889 2527 2942 δεύει
2564 2889 2813 2952 τούτους,
2842 2889 2936 2940 ἐὰν
2965 2887 3069 2955 ἄρα
3104 2884 3341 2950 πόλεμον
3375 2879 3609 2947 εὕρωσιν
3632 2894 3646 2909 ·
3675 2875 3764 2929 διὰ
3797 2873 3958 2926 τοῦτο

2382 2983 2476 3038 καὶ
2521 2985 2631 3049 γὰρ
2665 2979 3108 3051 πρωτοστρατωρ
3156 2975 3426 3034 καλεῖται,
3463 2970 3550 3023 διὰ
3581 2968 3640 3021 τὸ
3691 2965 3958 3036 προηγεῖ-

2386 3075 2508 3128 σθαι
2533 3072 2734 3135 παντὸς
2765 3071 2930 3124 αὑτοῦ
2961 3068 3054 3123 τοῦ
3104 3065 3353 3136 στρατοῦ.
3398 3062 3530 3116 Ἀπὸ
3566 3060 3620 3113 δὲ
3650 3059 3765 3112 τῶν
3794 3072 3960 3126 κουρ-

2388 3163 2695 3234 σευομένων
2726 3165 2903 3216 πάντα
2926 3163 2993 3214 τὰ
3019 3159 3256 3221 ποικίλα,
3273 3157 3308 3210 ἃ.
3327 3151 3684 3223 ὀνομάζονται
3713 3147 3956 3216 φυτίλια,

703 3271 810 3325 que
828 3255 1011 3310 colore
1031 3261 1160 3306 sunt
1189 3252 1360 3312 varia,
1382 3264 1500 3318 quae
1521 3248 1875 3301 nominantur
1896 3242 2142 3312 pbytilia,
2169 3257 2286 3298 mos
2313 3237 2355 3293 C

1935 3242 2142 3312 "iulia:
2169 3257 2286 3298 “‘09
2313 3237 2355 3293 θ
2390 3258 2506 3320 ἔθος
2541 3259 2653 3310 έστὶ
2685 3255 2982 3325 λαμϐάνειν
3016 3266 3105 3303 τον
3138 3245 3620 3317 πρωτοστράτορα.

704 3359 784 3407 est
805 3355 1258 3419 protostratorem
1292 3343 1556 3411 accipere.

775 3444 1009 3510 Magnus
1039 3439 1312 3509 logotbeta
1347 3443 1504 3489 curat
1550 3434 1715 3487 missa
1750 3433 2001 3487 mandata
2029 3442 2082 3488 et
2128 3433 2288 3503 chry-

707 3534 948 3589 sobullas
971 3545 1063 3583 seu
1093 3542 1288 3583 aureas
1311 3527 1518 3580 litteras
1537 3525 1602 3577 ad
1629 3538 1804 3593 reges,
1824 3524 2089 3587 sultanos,
2108 3534 2289 3591 t0par-

706 3626 860 3680 cbas.
927 3622 988 3676 Et
1019 3622 1123 3676 hoc
1191 3632 1394 3672 munus
1432 3616 1716 3685 pr0prium
1751 3623 1833 3668 est
1884 3617 2064 3684 magni
2130 3615 2285 3684 logo-

707 3719 891 3774 thetae.

776 3832 882 3903 33
904 3828 1191 3884 Domestici
1231 3825 1468 3882 olllcium
1491 3831 1576 3880 est
1602 3830 1661 3876 ut
1691 3819 1956 3892 quidquid
1988 3821 2288 3890 imperator

709 3923 1029 3997 prmccpcrit
1079 3929 1430 3990 exsequatur.

783 4040 1008 4109 Magnus
1044 4034 1492 4103 stratopedarcha
1531 4035 1854 4098 procurator
1895 4035 1979 4080 est
2040 4028 2284 4081 omnium

709 4135 904 4204 quibus
924 4133 1193 4186 exercitus
1217 4129 1440 4198 indiget,
1464 4134 1520 4180 ut
1540 4131 1665 4178 sunt
1680 4121 1982 4181 esculenta,
1999 4122 2287 4189 poculenta

709 4236 763 4282 et
781 4226 963 4279 omnia
989 4223 1054 4277 ad
1071 4224 1235 4275 vitam
1263 4219 1600 4275 necessaria.

781 4339 1009 4405 Magnus
1044 4334 1411 4404 primicerius,
1443 4333 1830 4402 quandointra
1894 4331 2158 4400 palatium
2207 4328 2286 4381 fa-

712 4430 894 4484 mulus
922 4442 989 4481 ex
1025 4425 1305 4488 vestiario,
1344 4425 1734 4477 circumstante
1781 4421 2083 4475 aulicorum
2117 4429 2282 4480 cmtn.

713 4517 1055 4586 imperatoris
1094 4523 1366 4582 sceptrum
1396 4513 1559 4565 etiam
1588 4526 1760 4580 usque
1789 4511 1856 4564 ad
1895 4509 2114 4578 duplam
2185 4507 2281 4560 tri-

713 4612 860 4666 clinii
895 4619 1099 4678 partem
1144 4606 1314 4664 alTert.
1347 4605 1414 4659 ab
1452 4607 1642 4658 eodem
1703 4611 1988 4672 acceptum
2049 4601 2282 4670 impera-

715 4705 819 4757 tori
854 4701 1119 4771 porrigit;
1153 4709 1202 4753 et
1242 4697 1462 4768 quando
1495 4697 1626 4750 illud
1664 4695 1730 4749 ab
1753 4696 2082 4762 imperatore
2146 4688 2283 4743 reci-

717 4794 814 4862 pit,
858 4807 999 4860 saepe
1037 4800 1357 4860 potestatem
1399 4789 1559 4842 habet
1586 4785 1861 4840 retinendi
1889 4784 2022 4838 illud
2048 4781 2280 4836 honoris

719 4887 912 4955 gratia.
955 4884 1233 4953 Proprium
1279 4897 1408 4937 vero
1465 4882 1722 4936 baCulum
1786 4879 1955 4933 tradit
2025 4874 2288 4946 prmclicto

722 4975 1210 5038 restiariil‘amulo,
1249 4972 1494 5044 quiillud
1537 4970 1693 5024 eﬂcrt
1748 4970 1939 5025 eadem
1981 4962 2290 5021 ceremonia

722 5085 828 5139 qua
856 5066 1222 5136 imperatoris.

794 5181 908 5235 Mos
942 5192 1162 5248 quoque
1202 5175 1411 5230 obtinet
1449 5182 1505 5228 ut
1536 5185 1732 5240 magno
1757 5168 2070 5239 primicerio
2103 5165 2294 5233 singu-

725 5277 795 5329 lis
820 5274 1011 5326 diebus
1029 5270 1339 5330 dominicis.
1364 5275 1588 5335 propter
1629 5265 1907 5324 baculum,
1938 5262 2094 5314 detur
2125 5272 2292 5311 unum

730 5371 1092 5437 Iiypcrpyrum
1129 5381 1141 5416 :
1180 5369 1410 5415 monetae
1471 5360 1519 5412 id
1548 5373 1718 5426 genus
1775 5364 1879 5409 est.
1939 5352 1995 5407 Si
2043 5350 2296 5406 fortassis

730 5458 835 5512 iste
858 5455 1018 5516 absit,
1054 5463 1166 5506 tum
1193 5449 1502 5518 imperatori
1557 5447 1810 5502 baculum
1870 5442 2099 5512 porrigit
2141 5441 2296 5510 quis-

737 5547 861 5616 quis
903 5561 962 5600 cx
1003 5544 1449 5600 bonoratioribus
1484 5538 1803 5609 proceribus
1832 5534 2004 5588 adest.
2029 5533 2125 5587 Est
2161 5532 2300 5584 idem

738 5643 790 5692 in
821 5641 1061 5693 exercitu
1101 5649 1316 5705 quoque
1376 5630 1711 5700 imperatorii
1769 5636 2055 5682 comitatus
2110 5633 2294 5690 caput.

737 5731 911 5786 Habet
943 5744 1068 5782 vero
1091 5727 1371 5797 proprium
1408 5724 1567 5779 etiam
1595 5718 1931 5776 ﬂammulam
1991 5718 2043 5770 in
2104 5715 2298 5784 hujus-

736 5824 880 5880 modi
917 5832 1110 5876 turma.

2475 3433 2532 3487 Ὀ
2564 3432 2734 3501 μέγας
2762 3427 3050 3496 λογοθέτης
3073 3422 3348 3478 διατάττει
3381 3417 3449 3472 τὰ
3481 3415 3637 3486 παρὰ
3669 3411 3762 3467 τοῦ
3800 3411 3954 3480 βασιο

2391 3528 2524 3590 λέως
2554 3523 2993 3591 ἀποστελλόμενα
3031 3518 3430 3588 προστάγματα
3458 3513 3551 3566 καὶ
3582 3507 3960 3581 χρυσόδουλλα

2391 3621 2525 3691 πρός
2551 3637 2607 3672 τε
2633 3619 2827 3689 ρῆγας,
2853 3615 3174 3674 σουλτάνους
3207 3611 3304 3663 καὶ
3333 3607 3640 3675 τοπάρχας.
3667 3602 3774 3656 Καὶ
3799 3597 3960 3653 τοῦτο

2393 3712 2494 3781 μὲν
2528 3711 2656 3762 [διον
2688 3707 2781 3760 τοῦ
2817 3706 3054 3777 μεγάλου
3083 3702 3370 3770 λογοθέτου
3409 3696 3765 3766 ὑπηρέτημα.

2461 3823 2534 3875 Τὸ
2559 3821 2613 3874 δὲ
2648 3821 2741 3873 τοῦ
2791 3818 3135 3888 δομεστικίου
3186 3812 3429 3883 ἐνεργεῖν
3479 3809 3507 3862 6
3554 3809 3619 3863 ἂν
3655 3803 3902 3869 ιπιτάξοι
3933 3801 3962 3854 6

2391 3913 2667 3984 βασιλεύς.

2467 4023 2526 4075 '0
2567 4023 2739 4090 μέγας
2776 4018 3256 4090 στρατοπεδάρχης
3287 4014 3433 4066 ἐστὶν
3470 4009 3812 4080 ἐπιμελητὴς
3849 4007 3961 4061 τῶν

2389 4117 2489 4185 τῆς
2513 4115 2774 4184 στρατιᾶς
2805 4111 3144 4180 ἐπιτηδείων,
3176 4109 3294 4176 ἦτοι
3318 4105 3628 4179 τροφίμων,
3665 4102 3843 4156 ποτῶν
3867 4100 3964 4153 καὶ

2392 4211 2610 4264 πάντων
2641 4207 2750 4259 τῶν
2780 4203 3078 4274 χρειωδῶν.

2467 4325 2528 4378 Ὀ
2567 4324 2738 4394 μέγας
2788 4319 3192 4390 πριμμικήριος
3221 4314 3372 4374 ἐντος
3422 4310 3517 4364 τοῦ
3573 4307 3837 4362 παλατίου
3881 4308 3964 4367 είς

2389 4416 2487 4484 τὴν
2515 4415 2865 4482 παράστασιν
2900 4404 3262 4460 παιδοπούλου
3313 4400 3405 4454 τοῦ
3441 4399 3750 4469 βεστιαρίου
3803 4394 3964 4463 κομί-

2391 4483 2575 4569 ζοντος
2604 4503 2664 4556 τὸ
2693 4497 2967 4572 βασιλικὸν
3009 4494 3333 4555 δικανίκιον,
3371 4492 3532 4560 μέχρι
3581 4489 3673 4540 καὶ
3719 4483 3815 4537 τοῦ
3850 4501 3966 4551 τρι-

2388 4595 2572 4650 κλίνου
2602 4592 2872 4660 διμοίρου,
2906 4580 3060 4647 οὗτος
3093 4579 3256 4634 τοῦτο
3288 4579 3597 4646 λαμϐάνων.
3637 4574 3715 4644 τῷ
3751 4573 3966 4642 βασιλεῖ

2393 4687 2575 4756 φέρων
2619 4683 2856 4736 δίδωσιν.
2895 4679 3068 4730 Ὅταν
3105 4674 3149 4727 δ’
3180 4672 3248 4726 αὖ
3287 4669 3446 4724 τοῦτο
3477 4665 3629 4736 παρὰ
3678 4663 3773 4716 τοῦ
3807 4664 3968 4732 βασι-

2392 4755 2533 4840 λέως
2561 4776 2722 4845 λάϐῃ,
2757 4772 2846 4826 ἐπ’
2882 4771 3067 4833 ἁδείας
3094 4767 3210 4837 ἔχει
3244 4763 3508 4824 πολλάκις
3539 4759 3794 4828 κατέχειν
3832 4755 3968 4809 αὐτὸ

2391 4873 2558 4941 τιμῆς
2604 4869 2789 4921 ἕνεκα.
2817 4866 2890 4918 Τὸ
2940 4864 2998 4915 δὲ
3047 4862 3247 4914 οίκείον
3285 4857 3473 4909 δίδωσι
3512 4853 3649 4922 πρὸς
3699 4851 3760 4902 τὸ
3799 4847 3967 4918 ῥηθὲν

2396 4938 2489 5016 τοῦ
2517 4938 2831 5030 νβεστιαρίου
2866 4951 3251 5011 παιδύπουλον,
3283 4947 3340 5007 ὃς
3371 4945 3466 4998 καὶ
3496 4941 3680 5008 εξάγει
3709 4938 3868 4993 τοῦτο
3909 4941 3968 4991 ὲν

2396 5055 2473 5125 τῷ
2507 5055 2763 5124 σχήματι,
2801 5049 2940 5102 κατὰ
2967 5047 3061 5100 καὶ
3099 5042 3158 5096 τὸ
3191 5036 3491 5111 βασιλικόν.

2473 5169 2592 5221 Ἔνι
2617 5167 2674 5220 δὲ
2703 5165 2797 5218 καὶ
2844 5159 3176 5228 τεταγμένον
3202 5154 3440 5208 δίδοσθαι
3477 5152 3614 5220 πρὸς
3648 5149 3741 5203 τὸν
3789 5147 3968 5217 μέγαν

2400 5259 2807 5331 πριμμικήριον
2858 5252 3000 5306 κατὰ
3045 5247 3352 5318 κυριακὴν.
3407 5244 3568 5313 χάριν
3616 5239 3967 5303 δικανικίου,

2403 5329 2720 5422 ὑπέρπυρον
2765 5347 2844 5399 ἓν.
2881 5346 2978 5397 Ἂν
3013 5341 3057 5394 δ’
3093 5343 3224 5401 ἴσως
3267 5332 3419 5397 οὗτος
3465 5333 3759 5411 ἀποδημεῖ,
3789 5329 3970 5383 δίδωσι

2405 5448 2467 5499 τδ
2495 5442 2793 5496 δικανίκιον
2819 5439 2847 5489 6
2875 5433 3221 5503 ἐντιμότερος
3250 5428 3358 5482 τῶν
3391 5425 3831 5493 καθευρεθέντων
3865 5422 3971 5490 ἀρ-

2400 5538 2628 5608 χόντων.
2658 5532 2982 5600 Εὑρίσκεται
3010 5528 3102 5578 καὶ
3133 5526 3209 5586 εἰς
3236 5523 3295 5573 τὸ
3320 5519 3606 5587 φωσσάτον
3637 5513 3844 5583 κεφαλὴ
3873 5514 3971 5579 τῆς

2410 5601 2692 5696 βασιλικῆς
2743 5618 3066 5682 συντάξεως.
3120 5615 3272 5682 Ἔχει
3329 5611 3383 5663 δὲ
3435 5609 3529 5661 καὶ
3585 5604 3752 5662 ίδικὸν
3803 5601 3970 5657 αὑτοῦ

2409 5715 2718 5787 φλάμουλον
2753 5713 2810 5766 έν
2844 5713 2909 5780 τῇ
2944 5706 3164 5775 τοιαύτῃ
3207 5701 3478 5766 συντάξει.
