4266 6438
266 411 330 474 57
1216 418 1312 478 DE
1363 418 1693 481 OFFlCilS
1750 422 2201 486 CPOLITANIS
2267 426 2427 489 CAP.
2472 428 2538 489 V.
3438 425 3506 487 58

269 529 444 592 λεται,
474 528 501 581 6
531 529 630 597 τῆς
659 530 1133 600 λειτουργίας,καὶ
1171 535 1199 587 6
1231 536 1324 588 τοῦ
1360 537 1674 606 ὲσπερινοῦ,
1697 541 1836 593 κατά
1867 548 1911 604 Α
1943 562 1954 613 ι

1821 547 1911 604 ιΑ
1943 545 2251 613 primicerio
2284 547 2419 600 aulae
2453 545 2599 613 ipsos
2660 543 2711 598 in
2760 542 3007 599 ordinem
3073 541 3352 596 decentem
3412 559 3506 597 co-

265 622 422 687 τᾱξιν
466 623 731 690 ἵστανται,
770 625 1157 687 εὐτακτοῦντος
1207 628 1407 693 αὐτοὺς
1452 630 1546 683 τοῦ
1601 648 1837 702 πριμμι-

269 716 467 785 κηρίον
494 718 590 785 τῆς
622 718 814 787 αὐλῆς,
852 719 993 772 καθά
1019 719 1257 790 εἴρηται.

353 810 716 879 ’Υπηρετοῦσι
752 811 805 864 δὲ
838 813 884 865 οί
920 814 1268 885 Κορτινάριοι
1300 817 1379 878 είς
1414 814 1512 887 τὴν
1544 818 1638 870 τοῦ
1685 818 1838 888 βασι-

271 903 404 966 λέως
457 903 682 974 σκηνὴν,
715 905 834 976 ἥτις
885 907 1052 976 κόρτη
1128 907 1480 978 ὀνομάζεται.
1527 911 1585 964 '0
1651 912 1838 980 μέντοι

1940 645 2120 709 gente,
2156 649 2212 693 ut
2237 639 2443 693 dictum
2488 648 2599 693 est.

2011 818 2120 889 38
2146 819 2440 875 Cortinarii
2469 818 2783 874 ministrant
2837 817 2902 871 ad
2953 816 3297 886 imperatoris
3334 815 3511 868 taber-

1944 915 2224 978 naculum,
2264 916 2407 983 quod
2473 914 2642 968 cortis
2683 910 3038 974 nominatur;
3072 925 3299 978 quorum
3330 923 3512 962 comes

278 998 454 1064 κόμης
495 996 675 1049 αὐτῶν
702 999 793 1049 καὶ
822 998 976 1050 αὐτοὶ
1010 997 1054 1050 δ’
1086 991 1229 1052 οῦτοι
1265 1001 1433 1054 πανία
1459 1002 1686 1071 φοροῦσι
1714 1004 1845 1056 κόκ·
1946 1022 1963 1061 t

1825 1032 1845 1045 -
1946 1016 2002 1061 et
2035 1006 2137 1075 ipsi
2167 1006 2349 1060 ferunt
2389 1021 2597 1074 pannos
2621 1004 2909 1060 coccineos
2943 1017 3006 1056 ex
3039 1002 3204 1056 cortis
3237 1002 3510 1055 veteribus

276 1104 400 1138 κινα
440 1088 503 1140 ἐκ
550 1088 658 1141 τῶν
699 1090 800 1159 τῆς
852 1090 1055 1160 κόρτης
1106 1093 1357 1146 παλαιῶν
1404 1096 1623 1157 πανίων,
1665 1098 1723 1163 ἐξ
1770 1094 1845 1153 ὧν

278 1181 372 1232 καὶ
406 1179 497 1233 ἰπὶ
526 1182 769 1253 κεφαλῆς
800 1184 1064 1252 σκονφίας
1099 1186 1260 1254 μόνον
1292 1186 1529 1256 ὲρυθρὰς
1560 1191 1708 1253 ὲντδς
1745 1193 1844 1260 μὲν

278 1271 377 1338 τῆς
417 1273 602 1343 αὐλῆς,
658 1275 716 1326 οὐ
761 1275 867 1344 μὴν
925 1276 979 1328 δὲ
1034 1279 1126 1329 καὶ
1177 1278 1463 1329 καπάσιαο
1509 1278 1586 1331 ἔτι
1636 1297 1695 1333 τε
1752 1284 1848 1337 καὶ

283 1368 517 1431 κάλτζας
588 1369 861 1433 τοιαύτας,
927 1370 1065 1439 μετὰ
1146 1371 1503 1436 παπουτζιῶν
1581 1374 1845 1442 μελάνων.

297 1460 482 1520 Ἐκτὸς
534 1462 590 1514 δὲ
640 1464 865 1533 φοροῦσι
918 1468 1015 1528 τὰς
1072 1466 1324 1527 τοιαύτας
1400 1470 1663 1536 σκουφίας
1712 1470 1851 1538 μετὰ

286 1551 588 1604 καπασίων.

350 1641 591 1697 Τοιαῦτα
637 1645 910 1715 ἐνδύματα
956 1651 1159 1721 ἐρυθρὰ
1196 1654 1469 1707 ινδύονται
1524 1653 1622 1721 μὲν
1675 1638 1770 1704 καὶ
1804 1651 1853 1703 oi

285 1732 677 1803 Βαρδαριῶται,
708 1738 795 1791 διὰ
842 1742 1069 1803 πανίων,
1106 1744 1202 1797 οὐκ
1244 1747 1303 1797 ὲκ
1331 1746 1427 1814 τῆς
1466 1745 1695 1813 χάρτης,
1740 1743 1852 1795 ἀλλ’

285 1823 342 1886 ἐξ
368 1823 603 1888 οἰκείων,
643 1828 734 1879 ἐπὶ
764 1832 1003 1896 κεφαλῆς
1030 1832 1085 1885 δὲ
1110 1834 1374 1904 Περσικὸν
1396 1836 1631 1903 φόρεμα,
1657 1834 1855 1899 ἀγγου-

292 1921 459 1986 ρωτῦν
490 1918 910 1988 ὀνομαζόμενον,
957 1922 1076 1992 ἔχον
1128 1925 1248 1977 ἀντὶ
1285 1923 1631 1992 μαργε).ὶίων
1665 1922 1856 1974 πάνιον

288 2011 549 2078 κίτρινον.
590 2015 910 2082 Κρέμανται
951 2014 1001 2066 δὲ
1037 2016 1130 2067 ἐπὶ
1175 2014 1349 2085 ζώνης
1393 2014 1625 2067 ἑκάστου
1652 2015 1857 2065 τούτων

284 2102 467 2171 λῶροι,
523 2102 613 2164 οὓς
661 2105 885 2157 καλοῦσι
957 2106 1309 2173 μαγκλὰσια,
1375 2104 1660 2175 μαστίζειν
1724 2102 1856 2166 τοῦς

287 2195 471 2259 ἀξίους
523 2196 903 2263 μαστίξεσθαι,
944 2198 1201 2267 φέροντες
1242 2199 1329 2252 ἀεὶ
1381 2197 1676 2252 δικανίκιιι.
1727 2196 1858 2248 Ὀτε

286 2288 343 2341 ὁὶ
392 2287 801 2358 καϐαλλικεύσῃ
833 2291 859 2342 ὀ
895 2288 1172 2357 βασιλεὺς,
1215 2287 1607 2359 προηγοῦνται,
1633 2290 1728 2342 καὶ
1758 2287 1858 2356 φέ-

291 2396 475 2447 ροντες
510 2381 646 2432 αὐτὰ
700 2380 857 2449 ὄρθια
892 2381 1217 2434 εὐτακτοῦσι
1248 2381 1338 2434 τὸν
1365 2380 1513 2435 λαόν.
1544 2381 1770 2450 Ἔχουσι
1801 2378 1858 2432 ὁὶ

289 2462 432 2522 οῦτοι
463 2470 557 2523 καὶ
585 2473 1259 2540 πριμμικήριον.Τούτονς
1286 2473 1449 2526 πάλαι
1474 2473 1690 2541 Πέρσας
1723 2470 1862 2523 κατὰ

290 2562 447 2627 γένος
494 2562 651 2624 ὄντας
702 2565 729 2614 6
763 2562 1015 2631 βασιλεὺς
1049 2564 1366 2631 μετοικίσας
1399 2563 1609 2616 ἐκεῖθεν
1656 2567 1736 2625 είς
1768 2563 1859 2615 τὸν

292 2652 591 2721 Βαρόαριον
613 2652 835 2708 ἐκάθισε
862 2653 1124 2723 ποταμὸν,
1150 2654 1242 2723 ἀφ’
1270 2649 1330 2707 οῦ
1356 2655 1450 2708 καὶ
1479 2653 1859 2723 Βαρδαριῶται

295 2743 610 2799 καλοῦνται.

379 2835 437 2888 '0
486 2837 979 2907 πρωτοσπαοάριος
1026 2837 1243 2906 λέγεται
1274 2838 1355 2892 ὅτι
1386 2832 1451 2907 ἦν
1480 2836 1621 2890 κατὰ
1677 2836 1776 2906 μὲν
1805 2835 1864 2888 τὸ

295 2926 526 2982 παλαιὸν
579 2930 793 3000 πρῶτος
838 2931 948 2983 τῶν
997 2931 1318 3001 σπαθαρίων
1364 2928 1718 2999 παραμονῶν.
1752 2927 1865 2981 Νῦν

294 3020 347 3072 δὲ
376 3020 637 3088 οὐδεμίαν
668 3021 975 3089 ὑπηρεσίαν
1008 3022 1144 3089 ἔχει.

378 3112 437 3163 '0
478 3112 648 3180 μέγας
688 3110 871 3181 ἄρχων
913 3113 1032 3165 οὐδὲ
1086 3112 1144 3165 ἓν
1196 3110 1531 3181 ὑπηρέτημα
1580 3111 1863 3181 κίκτηται,

299 3206 388 3259 καὶ
423 3206 449 3258 6
473 3206 640 3268 τατᾶς
669 3204 768 3273 τῆς
802 3206 967 3272 αὐλῆς
1007 3206 1287 3266 ὡσαύτως.

367 3296 432 3351 Oi
483 3297 707 3366 μεγὰἏοι
757 3296 1032 3360 τζαούσιοι
1083 3298 1424 3363 εὑρίσκονται
1476 3295 1865 3357 εὐτακτοῦντας

298 3390 396 3459 τὴν
427 3387 520 3441 τοῦ
552 3388 811 3457 βασιλέως
843 3387 1115 3452 σύνταξιν,
1146 3388 1248 3440 ὑπὸ
1280 3389 1370 3440 τὸν
1419 3387 1593 3456 μέγαν
1626 3402 1867 3456 πριμμι-

301 3481 493 3549 κήριον
523 3479 693 3541 ὄντες.
1630 3526 1637 3531 .

378 3570 440 3626 Ὀ
473 3571 722 3641 πραῖτωρ
765 3568 859 3622 τοῦ
890 3569 1062 3640 δήμου
1092 3569 1200 3623 οὐδ’
1228 3562 1382 3631 οὗτος
1416 3569 1528 3637 ἔχει
1563 3566 1870 3637 ὑπηρεσίαν

302 3662 443 3714 τινά.

388 3750 446 3804 'O
474 3749 579 3801 τῶν
611 3750 898 3803 οἱκειακῶν
927 3750 1219 3819 λογοοὲτης
1252 3749 1537 3810 ὡσαύτως.

378 3843 487 3897 Καὶ
529 3844 556 3894 6
603 3841 969 3911 λογαριαστὴς
1012 3841 1108 3910 τῆς
1143 3840 1312 3910 αὐλῆς
1359 3841 1466 3893 οὐδ’
1492 3831 1643 3902 οὗτος
1677 3839 1785 3909 ῐχει
1820 3855 1873 3891 τι

304 3936 637 4005 ὑπηρέτημα
672 3932 786 3987 νῦν.

383 4052 441 4104 '0
478 4047 901 4118 πρωτοκυνηγδς
936 4046 1045 4115 ἔχει
1074 4047 1170 4114 μὲν
1204 4047 1300 4116 τὴν
1332 4048 1639 4115 ὑπηρεσίαν
1669 4044 1875 4113 ταύτην

303 4143 381 4195 δτι
436 4140 529 4193 τοῦ
583 4138 843 4207 βασιλέως
896 4138 987 4189 τδν
1042 4137 1205 4188 ἵππον
1264 4136 1643 4196 ἀναϐαίνοντος
1695 4136 1874 4199 οὐδεὶς

303 4235 484 4302 ἕτερος
544 4231 641 4300 τὴν
700 4230 900 4283 σκάλαν
946 4230 1167 4297 κατέχει
1210 4230 1257 4280 εί
1302 4230 1377 4296 μὴ
1423 4228 1576 4291 μόνος
1622 4220 1795 4293 οὗτος,
1826 4227 1875 4279 εί

306 4325 495 4391 παρὼν
531 4323 863 4393 εὑρίσκεται,
900 4320 1055 4389 ἄρχει
1099 4320 1152 4372 δὲ
1187 4320 1281 4371 καὶ
1319 4318 1424 4371 τῶν
1465 4318 1718 4385 κυνηγῶν
1765 4319 1875 4370 τῶν

305 4415 615 4483 λεγομένων
663 4413 1114 4479 σκυλ).ομάγγων.
1148 4411 1208 4461 El
1253 4410 1307 4461 δέ
1341 4427 1471 4461 ποτε
1518 4408 1878 4479 κυνηγετοῦν-

1950 1099 2163 1171 pannis,
2198 1107 2250 1152 et
2292 1113 2356 1152 ex
2398 1097 2590 1152 iisdem
2642 1096 2694 1150 in
2739 1096 2919 1165 capite
2949 1091 3276 1165 galericulos
3313 1091 3513 1143 rubros

1950 1194 2092 1249 intra
2120 1192 2298 1247 auiam
2340 1190 2580 1260 quidem,
2616 1198 2670 1243 at
2705 1202 2817 1243 non
2840 1194 3083 1258 petasos.
3114 1184 3381 1238 Praeterea
3422 1196 3515 1236 ca-

1952 1286 2087 1354 ligas
2140 1286 2381 1353 ejusdem
2442 1282 2658 1353 generis
2704 1296 2825 1336 cum
2872 1279 3046 1349 nigris
3103 1275 3512 1332 calceamentis.

1954 1376 2115 1429 Extra
2147 1377 2325 1428 aulam
2378 1389 2508 1428 vero
2545 1382 2758 1444 gestant
2815 1369 3131 1439 huiusmodi
3187 1368 3515 1439 galericulos

1955 1485 2076 1523 cum
2116 1468 2316 1538 petasis
2333 1483 2438 1523 seu
2467 1466 2869 1523 cuculionibus.

2027 1648 2349 1719 ilnjnsmodi
2400 1648 2583 1701 rubris
2632 1644 2973 1699 indumentis
3006 1642 3314 1697 vestiuntur
3351 1642 3515 1696 etiam

1958 1743 2311 1802 Bardariotae,
2358 1754 2479 1808 quae
2519 1738 2766 1793 coniecta
2808 1744 2938 1791 sunt
2978 1751 3040 1791 ex
3078 1735 3291 1802 pannis,
3344 1749 3448 1786 non
3491 1748 3520 1786 a

1959 1840 2106 1885 certe
2141 1830 2392 1898 sumptis,
2431 1828 2524 1884 sed
2560 1844 2625 1883 ex
2658 1827 2917 1898 propriis.
2951 1826 3003 1879 In
3030 1827 3208 1894 capite
3235 1822 3520 1878 Persicum

1961 1934 2234 1995 gestamen
2260 1934 2493 1993 gestant,
2517 1923 2605 1977 cui
2632 1935 2830 1975 nomen
2858 1930 3211 1989 angnrotum,
3237 1917 3377 1987 quod
3400 1917 3522 1970 loco

1962 2017 2341 2087 margellarum
2374 2030 2608 2085 pannum
2640 2012 2823 2068 citrini
2855 2011 3057 2067 coloris
3095 2012 3275 2063 habet.
3310 2010 3385 2064 Ex
3422 2024 3521 2063 cu-

1956 2109 2180 2178 juslibet
2218 2108 2413 2161 horum
2456 2120 2591 2158 zona
2631 2103 2866 2173 pendent
2919 2102 3055 2166 lora,
3095 2117 3215 2171 quas
3258 2110 3525 2154 vocantur

1966 2200 2333 2263 manuclavia,
2377 2197 2480 2251 hoc
2514 2206 2599 2251 est
2635 2195 2815 2249 baculi
2858 2210 2957 2249 seu
2989 2193 3174 2261 virgae,
3213 2202 3273 2245 ut
3301 2190 3527 2257 ﬂagellis

1963 2294 2156 2366 dignos
2199 2290 2494 2360 ﬂagellent.
2540 2288 2768 2357 Semper
2808 2286 2991 2340 ferunt
3033 2283 3273 2338 baculos.
3315 2284 3529 2337 Praece-

1962 2390 2117 2453 dunt,
2153 2388 2370 2457 quando
2401 2386 2696 2452 imperator
2724 2381 2951 2451 equitat,
2979 2386 3033 2433 et
3065 2377 3291 2432 baculos
3316 2387 3529 2429 erectos

1965 2482 2165 2544 ferunt,
2216 2489 2272 2533 ut
2308 2477 2643 2533 constituant
2672 2476 2920 2528 ordinem
2956 2472 3007 2524 in
3056 2470 3279 2539 populo.
3319 2467 3532 2521 Habent

1963 2588 2016 2629 et
2049 2574 2136 2628 isti
2168 2570 2543 2641 primicerium
2573 2582 2750 2637 ;quos
2776 2566 2985 2635 origine
3012 2566 3205 2619 Persas
3234 2564 3533 2630 imperator

1967 2667 2090 2722 inde
2132 2663 2410 2719 transtulit
2446 2663 2511 2715 ad
2554 2661 2870 2715 Bardarium
2908 2659 3136 2720 ﬂumen,
3168 2671 3198 2710 a
3224 2670 3334 2725 quo
3367 2655 3530 2708 etiam

1967 2757 2409 2811 Bardariotarum
2452 2767 2653 2807 nomen
2692 2750 2925 2805 inditum
2955 2756 3061 2802 est.

2037 2844 2518 2915 Protospatharius
2570 2844 2671 2898 hoc
2723 2856 2920 2896 nomen
2980 2836 3209 2905 adeptus
3261 2843 3364 2899 est,
3400 2834 3533 2903 quia

1969 2939 2097 2993 olim
2136 2938 2237 2991 fuit
2269 2938 2481 3005 primus
2524 2935 2665 2988 inter
2697 2933 3006 3002 spatharios
3051 2928 3425 2983 stationarios.
3476 2925 3533 2979 in

1969 3030 2228 3102 praesenti
2258 3030 2465 3083 nullum
2501 3028 2736 3082 oﬂicium
2775 3026 2932 3096 gerit.

2040 3122 2149 3192 39
2172 3120 2354 3189 Neque
2382 3136 2610 3190 magnus
2642 3120 2896 3188 princeps
2922 3116 3154 3171 oﬂicium
3184 3111 3403 3183 aliquod
3441 3112 3537 3166 ha-

1893 3211 1935 3268 C
1970 3216 2078 3279 bet,
2125 3223 2306 3267 utnec
2334 3221 2472 3267 tatas
2503 3213 2660 3265 aulae.

2044 3311 2222 3380 Magni
2274 3310 2465 3364 tzausii
2500 3310 2822 3364 comitatum
2863 3306 3212 3377 imperatoris
3258 3302 3537 3367 ordinant,

1973 3409 2026 3453 et
2050 3398 2282 3452 subsunt
2310 3411 2507 3466 magno
2540 3396 2879 3465 primicerio.

2046 3581 2251 3636 Prmtor
2283 3579 2466 3650 populi
2501 3586 2649 3633 caret
2679 3577 2977 3633 iunctione.

2048 3762 2310 3818 Similiter
2336 3760 2607 3830 logotheta
2644 3758 2718 3813 rei
2753 3757 3069 3812 familiaris.

2046 3853 2229 3923 Neque
2264 3851 2588 3920 logariastes
2616 3849 2748 3903 aulae
2780 3849 2966 3918 aliquo
3002 3861 3233 3902 munere
3272 3844 3540 3915 fungitur.

2048 4052 2265 4107 Primus
2300 4059 2616 4105 venatorum
2643 4048 2745 4103 hoc
2781 4046 3023 4102 muneris
3060 4047 3223 4100 habet
3257 4063 3268 4099 :
3302 4045 3543 4113 impera-

1981 4154 2096 4199 tore
2124 4158 2322 4212 equum
2354 4141 2677 4196 ascendente
2708 4139 2888 4193 nullus
2909 4138 3070 4201 alius,
3092 4140 3184 4192 sed
3214 4137 3330 4205 ipse
3362 4136 3539 4203 solus,

1980 4236 2027 4292 si
2060 4249 2296 4304 praesens
2321 4234 2409 4296 sit,
2437 4231 2712 4301 stapedem
2739 4240 2903 4285 tenet.
2932 4231 3132 4284 Prmest
3164 4231 3543 4292 venatoribus,

1980 4343 2116 4397 quos
2152 4342 2349 4381 canum
2385 4340 2685 4392 mangones
2718 4326 2982 4378 vocitant.
3038 4322 3096 4377 Si
3126 4324 3403 4393 contingat
3436 4325 3544 4376 ali-

1982 4418 2123 4473 auod
2159 4432 2223 4472 ex
2261 4417 2599 4471 vestimentis
2640 4415 2986 4484 imperatoris
3029 4414 3294 4483 sanguine
3326 4413 3542 4484 aspergi

304 4523 391 4567 τος
418 4505 511 4557 τοῦ
547 4503 809 4572 βασιλέως
838 4502 1175 4570 αἱμαχθῆναι
1216 4501 1396 4569 συμϐῇ
1427 4517 1481 4552 τι
1509 4500 1617 4553 τῶν
1646 4501 1877 4570 ἱματίων
1904 4527 1955 4587 D
1985 4510 1989 4562 j

1854 4516 1877 4552 ν
1904 4527 1955 4587 D
1985 4510 2036 4563 in
2071 4508 2373 4572 venatione,
2420 4506 2618 4575 accipit
2660 4505 2794 4560 illud
2829 4519 2891 4560 ex
2924 4520 3149 4559 munere
3179 4518 3280 4559 suo
3326 4505 3539 4573 primus

307 4597 494 4663 01.105,
526 4596 795 4667 λαμϐάνει
826 4596 984 4650 τοῦτο
1022 4595 1143 4648 καθ’
1192 4594 1498 4663 ὑπηρεσίαν
1527 4596 1553 4646 6
1588 4610 1876 4663 πρωτοκυ-

307 4691 489 4757 νητὸς.

386 4805 444 4854 ’0
476 4802 789 4869 σκουτέριος
823 4802 1079 4870 βαστάζει
1130 4801 1190 4855 τὸ
1233 4800 1499 4855 διϐέ).λιον
1536 4798 1627 4854 καὶ
1658 4799 1750 4853 τοῦ
1782 4800 1877 4879 βα-

308 4895 493 4957 σιλέως
556 4894 896 4962 σκουτάριον,
931 4894 989 4946 οὗ
1042 4894 1202 4962 μόνον
1262 4896 1339 4957 είς
1400 4894 1495 4956 τὰς
1549 4892 1874 4963 προκύψεις,

309 4988 440 5041 ἀλλᾶ
478 4985 577 5037 κᾶν
620 4986 754 5037 ὅπου
786 4988 812 5039 6
851 4984 1104 5055 βασιλεὺς
1152 4986 1484 5055 ἁπέρχηται.
1513 4982 1878 5052 Εὑρίσκονται

308 5083 361 5135 δὲ
416 5080 554 5150 μετὰ
598 5079 693 5131 τοῦ
742 5079 1009 5132 διϐε).λίῦυ
1060 5080 1153 5131 καὶ
1219 5079 1419 5141 πάντες
1472 5080 1520 5149 0i.
1571 5078 1871 5146 Βάραγγοι.

310 5173 431 5224 Εἴτε
483 5167 575 5224 οῦν
627 5173 705 5230 είς
752 5174 811 5222 τὸ
842 5173 1127 5238 φωσσάτον
1171 5174 1198 5222 6
1228 5172 1481 5239 βασιλεὺς
1530 5170 1871 5238 εὑρίσκεται,

310 5262 419 5314 εἴτε
466 5262 555 5313 καὶ
602 5260 861 5331 ἀλλαχοῦ,
904 5263 964 5313 τὸ
1005 5261 1271 5315 διϐἐλλιον
1307 5263 1538 5317 πάντοτε
1572 5259 1876 5330 ἔμπροσθεν

311 5351 473 5405 αὑτοῦ
504 5351 752 5420 φέρεται.

392 5464 451 5515 '0
478 5464 781 5531 ἁμηράλιος
814 5465 917 5517 ὑπὸ
947 5465 1035 5519 τὸν
1086 5467 1258 5534 μέγαν
1302 5464 1502 5518 δοῦκαν
1539 5464 1874 5533 εὑρίσκεται,

318 5557 525 5625 ἡγεῖται
554 5556 607 5608 δὲ
635 5555 729 5607 τοῦ
754 5557 940 5610 στόλου
979 5560 1205 5620 παντός.

402 5665 459 5717 '0
486 5664 578 5717 int
606 5664 713 5717 τῶν
742 5666 978 5735 δεήσεων
1016 5668 1234 5737 δέχεται
1284 5667 1383 5731 τὰς
1433 5668 1541 5721 τῶν
1585 5666 1881 5720 αἰτούντων

318 5757 410 5809 καὶ
440 5756 551 5810 τῶν
578 5757 945 5826 ἀδικουμένων
995 5760 1294 5831 ἀναφορὰς,
1326 5761 1688 5832 κασαλλαρίον
1738 5762 1879 5832 διερ-

319 5848 550 5916 χημένον
579 5849 669 5902 τοῦ
707 5849 989 5917 βασιλέως.

1985 4613 2321 4657 venatorum.

2057 4800 2292 4857 Scutifer
2318 4798 2421 4853 fert
2443 4798 2699 4853 vexillum
2731 4804 2784 4851 et
2816 4794 3164 4865 imperatoris
3194 4802 3408 4849 scutum
3436 4808 3542 4847 tmn

1986 4897 2161 4953 solum
2195 4896 2260 4949 ad
2290 4894 2406 4947 loca
2434 4891 2634 4961 quibus
2664 4892 2716 4943 in
2750 4890 2946 4943 throno
2970 4888 3220 4941 sublimis
3250 4885 3421 4949 sedet,
3450 4886 3545 4940 sed

1986 4999 2310 5058 quocunque
2337 4997 2393 5037 se
2420 4981 2633 5037 confert
2666 4981 2982 5049 imperator.
3015 4978 3218 5033 Omnes
3250 4992 3414 5047 porro
3448 4976 3549 5030 Ba-

1984 5078 2136 5147 rangi
2172 5078 2237 5131 ad
2264 5076 2370 5130 hoc
2395 5074 2649 5127 vexillum
2676 5070 3076 5126 defendendum
3104 5080 3232 5125 sunt
3266 5070 3547 5125 destinati.

1984 5171 2109 5225 Sive
2148 5168 2307 5239 igitur
2342 5167 2635 5235 imperator
2664 5166 2734 5220 sit
2769 5165 2822 5217 in
2847 5162 3112 5227 exercitu,
3138 5165 3250 5217 sive
3283 5162 3433 5226 alibi,
3459 5176 3552 5216 ve-

1984 5263 2172 5317 xillum
2212 5277 2424 5331 semper
2454 5261 2530 5315 illi
2561 5268 2935 5331 praportatur.

2052 5460 2359 5514 Ameralius
2395 5474 2591 5527 magno
2631 5459 2756 5514 duci
2786 5458 3062 5523 subditur,
3096 5458 3343 5528 regitque
3377 5465 3547 5512 totam

1984 5552 2238 5608 classem.

2056 5667 2309 5737 Magister
2340 5665 2644 5735 supplicum
2680 5666 3008 5731 libellorum,
3039 5664 3259 5735 quando
3306 5665 3549 5734 impera-

1988 5768 2074 5812 tor
2092 5757 2325 5826 equitat,
2354 5756 2777 5824 supplicationes
2799 5772 2983 5813 eorum
3010 5756 3102 5825 qui
3128 5764 3317 5825 petunt
3344 5755 3550 5826 quique

1990 5850 2190 5919 injuria
2225 5848 2399 5903 ασελ-Η
2436 5860 2561 5904 sunt
2594 5850 2801 5917 recipit.
