4266 6438
306 408 377 468 65
1271 405 1367 465 DE
1405 405 1736 465 OFFICIIS
1780 403 2247 466 CPOLITANIS.
2292 404 2452 465 CAP.
2492 404 2587 462 VI.
3502 402 3568 461 6ii

300 519 699 589 ἀρχιδιάκονος,
748 519 844 585 τὴν
892 518 1227 589 προφητείαν
1259 520 1351 571 καὶ
1391 521 1482 571 τὸν
1531 519 1829 572 ἀπόστολον
1855 519 1881 570 6
1916 525 1957 581 Α

1869 519 1881 570 5
1916 525 1957 581 Α
1988 526 2040 569 et
2083 517 2391 585 apostolum
2440 514 2959 585 protapostolaiius.
2998 512 3071 566 Ex
3104 510 3407 583 Evangeliis
3443 520 3554 584 pri-

298 612 826 679 πρωταποστολαριο
848 630 878 670 λ,
914 610 1016 662 τῶν
1040 611 1092 660 δὲ
1124 610 1469 675 Εὐαγγελέων
1500 612 1559 661 τὸ
1590 611 1688 678 μὲν
1722 612 1873 678 πρῶ-

296 721 393 756 τον
418 707 445 756 ὁ
478 706 872 774 πρωτοπαπᾶς.
910 704 974 755 τά
1012 704 1066 755 δὲ
1099 702 1257 755 λοιπὰ
1290 704 1450 768 ἱερεῖς
1491 705 1687 771 ἕτεροι.

372 798 523 850 Μετὰ
558 798 611 849 δὲ
647 798 745 865 τὴν
797 795 1059 848 ἀπόλυσιν
1103 795 1211 846 τῶν
1261 796 1419 864 ὡρῶν
1462 796 1555 847 τοῦ
1608 795 1870 863 βασιλέως

298 888 629 948 ἀπελοὸντος
662 884 813 949 αὖθις
842 889 932 939 καὶ
972 886 1070 948 τάς
1097 886 1257 952 ἁγίας
1287 888 1501 943 εξκόνας
1544 888 1873 954 ἀσπασαμέ-

294 998 412 1039 νου,
455 982 544 1031 καί
583 982 719 1048 μετὰ
748 980 904 1032 τοῦτο
949 981 1025 1041 είς
1056 980 1114 1031 τὸ
1151 979 1359 1031 κελλίον
1388 979 1551 1030 αὑτοῦ
1603 980 1870 1033 εἰσελοόν-

289 1090 407 1137 τοῖν
446 1075 634 1125 λύεται
662 1075 694 1142 ἡ
722 1076 1061 1143 παράστασιῖ
1094 1074 1287 1142 μέχρις
1324 1072 1388 1124 ἂν
1425 1076 1454 1139 ἠ
1490 1074 1587 1138 τῆς
1622 1074 1866 1142 λειτουρ-

289 1167 420 1231 γίας
480 1169 833 1232 προσήκουσα
882 1166 1010 1235 ἔ).οῃ
1060 1166 1194 1234 ὧροι,
1248 1168 1341 1219 καὶ
1391 1167 1509 1218 τότε
1541 1168 1800 1234 ψάλλεται
1840 1171 1867 1221 ὁ

292 1259 582 1324 ἑσπερινδς
613 1258 798 1326 ὕμνος.
823 1259 1038 1311 Γίνεται
1081 1258 1262 1326 μέντοι
1298 1258 1455 1310 τοῦτο
1487 1258 1679 1322 οὕτως,
1710 1262 1865 1329 εῐπερ

290 1349 449 1416 τύχοι
479 1348 612 1402 οὖσα
647 1350 677 1417 ἡ
727 1350 888 1419 ἑορτὴ
919 1353 975 1402 ἐν
1003 1351 1136 1423 ἄλλῃ
1166 1351 1261 1419 τῆς
1311 1350 1602 1419 ὲὸδομάδος
1639 1352 1823 1422 ἡμέρᾳ
1848 1368 1861 1381 ·

290 1443 342 1493 εἰ
374 1442 428 1493 δε
466 1443 521 1493 ὲν
573 1442 825 1510 σαϐὁάτῳ
868 1441 899 1509 ἢ
957 1444 1219 1511 κυριακῇ,
1252 1442 1359 1493 τῶν
1406 1442 1564 1509 ὡρῶν
1619 1444 1711 1494 καὶ
1753 1443 1863 1495 τῶν

288 1535 607 1603 τροπαρίων
657 1534 1011 1602 ψαλλομένων
1061 1535 1326 1603 πάρεστιν
1376 1535 1473 1603 μὲν
1519 1536 1545 1587 6
1582 1534 1861 1603 βασιλεὺς,

289 1627 355 1679 οὐ
383 1626 486 1695 μὴν
512 1627 566 1678 δὲ
601 1626 692 1678 καὶ
731 1627 807 1687 είς
839 1626 938 1695 τὴν
985 1626 1349 1695 λειτουργίαν,
1384 1627 1498 1681 ἀλλ’
1536 1629 1641 1698 ἰδία
1671 1629 1865 1695 ψάλλε-

286 1732 383 1769 ται
418 1719 578 1783 αὐτή.
621 1718 685 1769 Ἠ
723 1718 775 1770 δέ
802 1735 862 1785 γε
905 1720 1049 1770 αἰτία
1077 1719 1167 1770 τοῦ
1195 1717 1267 1787 μὴ
1300 1721 1552 1788 παρεῖναι
1577 1720 1739 1772 αὑτὸν
1774 1720 1863 1789 βα-

292 1809 447 1862 σιλέα
500 1813 592 1861 καὶ
642 1810 719 1871 είς
769 1812 867 1879 τὴν
921 1810 1264 1879 λειτουργίαν
1297 1812 1443 1863 ἐστιν
1490 1812 1569 1863 ὃτι
1604 1813 1701 1874 τὰς
1760 1813 1863 1879 μὲν

1987 623 2133 659 mum
2175 608 2401 675 quidem
2467 606 2599 676 legit
2647 616 2959 675 protopapa,
3002 606 3205 675 reliqua
3261 606 3347 658 alii
3381 622 3566 663 saCer-

1981 703 2154 756 doles.

2035 794 2761 863 Finitisboris,imperatore
2794 808 2983 847 rursus
3007 794 3238 847 abeunte.
3262 805 3314 847 et
3342 804 3562 848 sanctas

1981 888 2248 958 imagines
2278 889 2627 941 exosculante
2656 902 2924 953 Slllllliqllc
2962 887 3216 938 conclave
3262 896 3560 954 repetente.

1979 980 2629 1038 Solviturcircumstatio.
2652 981 2822 1033 donec
2846 979 3025 1032 debita
3055 980 3286 1046 lituigizc
3314 981 3443 1032 hora
3464 981 3564 1031 ad-

1977 1074 2209 1127 venerit.
2251 1073 2317 1126 Et
2349 1085 2477 1126 tunc
2520 1073 2824 1139 psalluntur
2861 1087 3114 1140 vespera‘.
3152 1072 3214 1123 Et
3253 1073 3350 1123 bue
3378 1071 3448 1123 ita
3480 1072 3562 1131 lit,

1976 1167 2020 1220 si
2083 1166 2277 1219 festum
2314 1166 2366 1218 in
2406 1166 2727 1234 septimana:
2763 1166 2905 1217 diem
2956 1166 3179 1218 incidat.
3221 1164 3275 1216 Si
3325 1180 3452 1217 vero
3487 1166 3562 1215 le.-

1975 1266 2117 1310 stutn
2142 1258 2193 1309 in
2213 1258 2505 1311 Sabhatnm
2522 1267 2615 1309 aut
2637 1258 2967 1309 [)mninieam
2986 1258 3122 1310 diem
3151 1256 3420 1321 inciderit,
3438 1272 3559 1309 cum

1976 1350 2122 1403 hora:
2144 1360 2197 1404 et
2226 1351 2460 1418 troparia
2514 1353 2897 1415 concinuntur,
2940 1352 3092 1404 adest
3118 1350 3334 1419 quidem
3393 1353 3559 1417 impr--

1975 1452 2146 1505 rator,
2172 1442 2264 1495 sed
2286 1455 2389 1492 non
2408 1441 2458 1493 in
2476 1442 2715 1509 liturgia,
2737 1458 2852 1508 qum
2873 1443 3121 1510 privatim
3148 1441 3555 1510 peragitur-£7

1971 1532 2147 1586 Causa
2169 1547 2266 1586 cur
2285 1532 2580 1598 imperator
2600 1534 2829 1600 litui-gize
2848 1552 2953 1586 non
2973 1537 3037 1587 sit
3062 1550 3299 1602 praesens
3318 1542 3399 1587 est
3424 1536 3545 1587 ista.

1972 1623 2098 1691 quia
2145 1625 2270 1677 aliis
2305 1626 2549 1692 quinque
2582 1626 3037 1679 antecedentibus
3072 1626 3265 1677 diebus
3293 1632 3553 1676 cantatur

1971 1715 2205 1783 primum
2242 1716 2588 1783 vespertinus
2622 1718 2876 1785 hymnus,
2907 1729 2955 1771 et
2990 1728 3111 1787 post
3153 1720 3299 1771 hunc
3336 1717 3553 1785 liturgizt

1972 1804 2275 1872 perﬁcitur.
2311 1806 2368 1857 Si
2422 1821 2547 1860 vero
2580 1808 2776 1860 festum
2816 1810 2866 1860 in
2905 1810 3203 1861 Sahhatum
3240 1810 3318 1861 vel
3366 1810 3551 1860 Domi-

288 1902 460 1965 ἄλλας
501 1903 661 1955 πέντε
717 1904 932 1972 ἡμέρας
968 1903 1231 1972 ψάλλεται
1273 1903 1488 1972 πρῶτον
1524 1905 1550 1955 6
1583 1906 1867 1973 ἑσπερινδς
1904 1883 1943 1935 Β

1864 1925 1867 1961 ς
1904 1883 1943 1935 Β
1974 1896 2155 1950 nicum
2183 1898 2323 1951 diem
2384 1898 2650 1959 incurrat,
2678 1901 2807 1953 hora
2852 1902 3007 1954 tertia
3037 1902 3139 1954 diei
3169 1902 3381 1969 litnrgia
3412 1906 3549 1953 cele-

288 1993 462 2060 ὕμνος
494 1996 587 2047 καὶ
647 1996 763 2064 μετ’
796 1996 957 2047 αὑτὸν
994 1998 1036 2065 ⁴ἡ
1083 1997 1414 2064 λειτουργία,
1462 1998 1509 2049 εί
1542 1998 1596 2049 δὲ
1638 2000 1695 2051 ὲν
1730 1998 1868 2049 Σαϐ-

288 2086 443 2154 6άτῳ
475 2085 625 2153 τύχοι
653 2086 684 2157 ἢ
716 2089 976 2156 κυριακῇ.
1014 2089 1091 2150 είς
1126 2089 1313 2157 τρίτην
1338 2087 1485 2157 ὥραν
1522 2089 1622 2157 τῆς
1660 2090 1868 2158 ἡμέρας

287 2178 499 2243 γίνεται
532 2180 562 2247 ἡ
590 2178 919 2247 λειτουργία.
951 2182 1049 2233 Διά
1078 2197 1160 2233 τοι
1193 2179 1353 2233 τοῦτο
1383 2180 1477 2233 καὶ
1524 2182 1675 2234 οὐδὲν
1702 2182 1865 2245 σώζει

285 2269 599 2338 ψάλλεσοαι
658 2270 756 2341 τὴν
802 2271 1062 2341 τοιαύτην
1112 2273 1241 2343 ὅλην
1297 2273 1620 2326 ἀκολουθίαν
1666 2274 1776 2326 τῶν
1807 2292 1864 2326 τε

282 2364 451 2433 ὡρῶν
481 2364 572 2415 καὶ
600 2364 707 2416 τῶν
762 2366 1095 2433 τροπαρίων.
1150 2367 1235 2419 διὰ
1280 2368 1337 2419 τὸ
1389 2367 1650 2435 πλείστην
1700 2364 1862 2432 εἶναι,

283 2458 383 2507 καὶ
425 2456 484 2519 ἐξ
527 2457 769 2525 ἀνάγκης
802 2458 1062 2525 ψάλλεται
1098 2460 1193 2527 μὲν
1236 2460 1449 2528 πρῶτον
1484 2462 1515 2531 ὴ
1550 2461 1865 2530 λειτουργία

287 2547 456 2609 ίδίως,
488 2548 561 2608 ὼς
597 2549 735 2602 κατὰ
776 2551 865 2601 τὸν
890 2552 1218 2619 τεταγμένον
1248 2553 1458 2618 καιρὸν,
1483 2553 1576 2605 καὶ
1604 2552 1732 2605 ἄνευ
1764 2553 1862 2621 τῆς

281 2640 379 2691 τοῦ
418 2639 680 2707 βασιλέως
715 2642 1031 2710 ἐπιδημίας,
1064 2643 1202 2695 κατὰ
1231 2644 1284 2695 δὲ
1320 2643 1417 2711 τὴν
1447 2643 1542 2697 τοῦ
1574 2645 1859 2713 ἑσπερινοῦ

282 2730 437 2800 ὥραν
476 2734 502 2785 6
537 2733 789 2800 βασιλεὺς
819 2734 1039 2805 ἔρχεται
1068 2737 1146 2797 είς
1186 2736 1283 2804 τὴν
1312 2737 1626 2804 ἐκκλησίαν.

359 2825 480 2877 Τῶν
510 2827 605 2879 οὖν
648 2830 961 2897 τροπαρίων
1005 2829 1353 2896 ψαλλομένων
1386 2830 1411 2880 6
1455 2829 1553 2898 μὲν
1610 2830 1861 2898 βασιλεὺς

282 2919 444 2984 φορεῖ
476 2918 715 2971 σκιάδιον
753 2920 846 2971 καὶ
895 2919 992 2989 τὴν
1022 2919 1397 2988 καθημερινὴν
1427 2922 1622 2989 στολὴν
1667 2922 1854 2987 αὑτοῦ,

280 3010 385 3060 καὶ
420 3011 465 3059 οἱ
496 3009 755 3078 ἄρχοντες
786 3010 840 3062 δὲ
866 3011 1125 3073 ὡσαύτως
1148 3027 1161 3042 ·
1201 3013 1341 3064 κατὰ
1371 3012 1428 3064 δὲ
1460 3012 1550 3064 τὸν
1574 3014 1858 3083 ἑσπερινδν

280 3100 377 3151 καὶ
426 3100 524 3169 τὴν
570 3101 914 3169 λειτουργίαν
972 3102 1230 3154 ἀλλάσσει
1272 3102 1464 3171 ροὖχον
1509 3120 1854 3173 μαργαριτα-

283 3191 483 3259 ρέῖνον.
538 3193 697 3261 Φορεῖ
730 3192 907 3255 δελετε).
958 3193 1197 3261 κεφαλῆς
1241 3191 1299 3244 τὸ
1341 3191 1531 3244 δοκοῦν
1567 3194 1717 3261 αὐτῷ
1760 3194 1852 3259 φό-

277 3298 445 3349 ρεμα,
477 3284 588 3350 ἧως
630 3282 660 3350 ἢ
712 3282 1059 3351 κρινωνίανῆ
1105 3281 1471 3351 τετράφυλλον
1510 3284 1539 3352 ἦ
1573 3300 1624 3334 τι
1666 3284 1853 3351 ἕτερον

273 3374 464 3441 ὅμοιον
494 3374 704 3437 τούτοις
724 3390 736 3403 ·
763 3376 812 3426 ol
842 3375 897 3427 δὲ
928 3376 1188 3443 ἄρχοντες
1217 3375 1547 3442 σκαράνικα,
1578 3375 1853 3441 φακεώλια

272 3466 372 3515 καὶ
398 3464 670 3518 καϐὄάδια
704 3466 796 3519 καὶ
825 3464 1168 3534 ιπιλούρικα,
1198 3464 1424 3529 ἕκαστος
1465 3465 1604 3517 κατὰ
1636 3465 1731 3535 τὴν
1761 3466 1853 3517 τάς

275 3554 363 3618 ξιν
400 3556 587 3609 αὑτοῦ.

349 3734 711 3804 Ψαλλομένης
761 3730 855 3787 οὖν
907 3734 1007 3800 τῆς
1058 3734 1424 3803 λειτουργίας,
1476 3736 1506 3803 ἢ
1562 3736 1720 3805 μόνον
1754 3734 1847 3788 τοῦ

270 3831 589 3900 ἑσπερινοῦ,
625 3831 669 3882 εί
708 3832 763 3883 ὲν
802 3829 1111 3898 σαϐϐάτῳῆ
1139 3832 1373 3899 κυριακῇ
1403 3830 1573 3898 τύχοι,
1599 3830 1672 3893 ὡς
1698 3832 1847 3900 εἴρη-

271 3940 390 3984 ται,
417 3924 465 3975 ol
501 3923 904 3993 προρρηῦέντες
936 3923 1192 3989 ἄρχοντες
1234 3923 1281 3973 οί
1317 3922 1408 3974 καὶ
1436 3922 1533 3988 τῆς
1565 3924 1845 3991 παραστά-

269 4030 414 4074 σεως
450 4013 717 4082 ὑπηρέται
747 4013 815 4063 τὰ
848 4011 1100 4080 βασιλικὰ
1132 4012 1390 4080 φέροντες
1422 4013 1707 4080 φλάμουλα
1747 4015 1845 4083 τῆς

270 4102 599 4173 προκύψεως
622 4102 809 4163 ίστῶσι
835 4102 1192 4170 καταντικρύ.
1228 4104 1291 4153 Ἃ
1315 4101 1375 4172 δὴ
1401 4103 1493 4155 καὶ
1518 4105 1625 4156 alat
1653 4103 1841 4164 ταῦτα,

266 4197 334 4247 τὸ
373 4195 472 4263 μὲν
498 4195 555 4245 ἓν
585 4193 1043 4263 ἀρχιστράτηγος,
1076 4193 1135 4245 τὸ
1166 4192 1221 4247 δὲ
1255 4193 1441 4262 ἕτερον
1481 4194 1689 4256 είκόνας
1721 4196 1842 4263 ἔχον

270 4286 477 4350 πολλὰς
504 4287 648 4349 Θείας
682 4284 954 4355 ίεραρχῶν
982 4284 1388 4351 ὀκτάγλωσσον,
1433 4286 1567 4354 ὅπερ
1602 4287 1843 4338 καλεῖται

265 4378 613 4432 ὁκταπόδιον.
660 4376 820 4428 Ἀλλο
849 4376 1077 4444 σταυρὸς
1119 4375 1255 4445 ἔχων
1287 4377 1501 4439 εἰκόνας
1530 4378 1636 4430 τῶν
1672 4379 1841 4445 ἁγίων

263 4469 555 4537 τεσσάρων
609 4466 862 4538 μεγάλων
893 4466 1210 4536 μαρτύρων,
1245 4468 1581 4537 Δημητρίου,
1629 4470 1837 4537 Προκο-

1972 1987 2184 2042 bratur.
2237 1988 2601 2054 Quamobrem
2658 1992 2928 2061 integrum
2987 2009 3092 2045 non
3133 2000 3217 2045 est
3261 2001 3317 2045 ut
3356 1994 3547 2062 hujus-

1972 2080 2118 2133 rnodi
2196 2089 2364 2134 totum
2437 2082 2676 2135 oﬂicium
2739 2084 2998 2137 horarum
3067 2095 3121 2137 et
3187 2088 3549 2153 tropariornm

1969 2171 2333 2240 persolvatur,
2354 2187 2418 2225 eo
2448 2173 2591 2242 quod
2619 2174 2687 2227 sit
2706 2174 2858 2227 valde
2881 2174 3171 2242 prolixum.
3195 2175 3329 2229 llinc
3359 2192 3551 2230 net-es-

1970 2260 2116 2314 sario
2142 2263 2288 2328 prius
2339 2262 2561 2332 liturgia
2609 2265 2835 2317 scorsim
2896 2270 3238 2329 decantatur,
3284 2280 3543 2333 tanquam

1968 2364 2171 2409 statuto
2196 2367 2457 2426 tempore,
2500 2365 2553 2409 et
2579 2358 2697 2411 sine
2728 2360 3077 2427 imperatoris
3128 2364 3437 2428 praesentiri.
3474 2365 3545 2412 At

1967 2446 2113 2499 circa
2151 2462 2500 2517 vesperarum
2564 2451 2754 2503 horam
2794 2451 3095 2518 imperator
3128 2451 3194 2504 ad
3256 2453 3540 2505 ecclesiam

1966 2552 2023 2591 se
2059 2538 2297 2594 confert.

2033 2813 2169 2867 Dum
2210 2814 2373 2884 igitur
2425 2818 2663 2885 troparia
2701 2819 3029 2887 psalluntur.
3086 2821 3384 2890 imperator
3438 2822 3542 2877 fert

1963 2905 2161 2973 pileum
2214 2919 2263 2959 et
2316 2908 2692 2975 quotidianum
2727 2927 2886 2963 suum
2948 2912 3227 2965 amictmu.
3271 2914 3533 2967 Similiter

1959 3004 2011 3049 et
2054 3011 2311 3065 proceres
2355 2998 2541 3051 auliei.
2579 2999 2732 3052 Circa
2784 3003 3125 3069 vespertinas
3175 3019 3303 3056 vero
3352 3006 3538 3058 laudes

1959 3097 2012 3141 et
2038 3087 2318 3157 liturgiam
2357 3099 2533 3142 mutat
2568 3106 2725 3143 suum
2765 3094 3015 3151 ruchum,
3045 3094 3147 3148 hoc
3173 3098 3534 3150 estextimum

1962 3177 2361 3245 indumentum,
2414 3183 2726 3245 margaritis
2775 3194 3139 3239 contextum:
3197 3186 3300 3240 fert
3352 3204 3531 3243 auu-m

1961 3270 2011 3321 in
2040 3270 2217 3337 rapite
2247 3273 2391 3339 quod
2450 3274 2734 3327 aliubi-scit
2775 3285 3075 3342 gestamen,
3112 3288 3237 3346 puta
3288 3281 3367 3332 \el
3426 3284 3531 3335 cri-

1960 3360 2180 3412 nOniam
2217 3362 2297 3413 vel
2337 3366 2724 3433 tetrapbyllum
2764 3370 2847 3420 vel
2873 3369 3001 3435 quid
3034 3371 3294 3423 assimile.
3328 3373 3523 3427 Proeu-

1956 3465 2041 3502 res
2069 3467 2195 3504 vero
2221 3464 2436 3521 gestant
2466 3460 2773 3519 scaranica,
2812 3459 3113 3527 phaceolia,
3165 3465 3426 3519 Cabbadia
3473 3477 3526 3521 et

1956 3541 2242 3608 epilorica,
2272 3544 2502 3598 ouilihet
2527 3547 2824 3602 Secundum
2858 3550 3105 3603 ordinem
3136 3560 3187 3603 ct
3212 3552 3523 3622 dignitatem

1952 3648 2131 3686 suam.

2026 3724 2162 3778 Dum
2196 3726 2365 3793 igitur
2408 3726 2630 3797 liturgia
2667 3732 2946 3797 peragitur
2977 3743 3069 3787 aut
3094 3735 3223 3787 solae
3258 3740 3521 3803 vesperti-

1953 3832 2032 3869 na:
2058 3817 2245 3869 laudes
2272 3817 2652 3877 decantantur,
2683 3819 2725 3871 si
2762 3817 2958 3872 festum
2993 3821 3230 3874 Sabbato
3283 3835 3373 3875 aut
3402 3823 3509 3874 Do-

1952 3909 2156 3960 minieo
2178 3908 2266 3961 die
2310 3918 2584 3971 occurrat,
2624 3910 2905 3962 utdictum
2959 3922 3062 3974 est,
3147 3918 3518 3982 przenominati

1952 4012 2223 4065 proceres.
2256 3998 2350 4065 qui
2398 3998 2562 4050 etiam
2622 3999 3088 4054 circumstationis
3145 4006 3514 4061 moderatores

1948 4100 2097 4154 sunt,
2126 4100 2340 4157 gestant
2367 4088 2639 4143 llammula
2667 4106 2731 4143 ex
2758 4093 2987 4145 adverso
3024 4094 3358 4162 imperatorii
3414 4116 3509 4151 su-

1948 4184 2025 4247 lii,
2060 4199 2180 4251 quae
2214 4194 2341 4238 sunt
2370 4184 2494 4236 ista.
2531 4181 2706 4235 Unum
2747 4184 2960 4250 quidem
2999 4184 3108 4255 48
3161 4188 3509 4241 arcbistratv.

1948 4292 2046 4343 gus
2071 4276 2418 4343 appellatum,
2478 4276 2707 4329 alterum
2751 4277 2955 4329 habens
3014 4278 3209 4333 ntultas
3270 4281 3512 4334 divinas-

1943 4382 2052 4434 que
2110 4381 2392 4419 sacrorum
2434 4368 2751 4431 pontilicum
2790 4365 3053 4433 imagines
3110 4368 3325 4436 lingulis
3365 4382 3509 4434 octo,

1942 4458 2085 4526 quod
2123 4466 2317 4510 vocant
2344 4458 2729 4524 octapodimn;
2764 4458 2985 4510 tertium
3016 4472 3149 4510 crux
3181 4466 3283 4520 est,
3308 4460 3510 4515 habens

263 4560 394 4611 πὲου
422 4559 513 4611 καὶ
541 4558 855 4626 Θεοδώρων,
882 4558 1069 4627 ἕτερον
1095 4557 1218 4626 ἔχον
1250 4559 1339 4610 τὸν
1372 4558 1525 4625 ἅγιον
1560 4560 1837 4627 Γεώργιον
1872 4559 1915 4615 D
1946 4551 1948 4599 Ῑ

1823 4580 1837 4612 ,
1872 4559 1915 4615 ο
1946 4550 2207 4619 imagines
2240 4560 2554 4602 sanctorum
2580 4561 2812 4615 quatuor
2838 4565 3150 4616 magnorum
3188 4566 3508 4621 martyrum,

260 4652 530 4718 ἔφιππον,
588 4650 712 4704 ἄλλο
762 4651 1128 4719 δρακόντειον,
1156 4652 1247 4703 καὶ
1294 4651 1477 4719 ἕτερον
1520 4652 1698 4721 δὲτὴν
1741 4653 1832 4704 τοῦ

263 4743 532 4812 βασιλέως
575 4742 696 4812 ἔχον
730 4742 929 4810 στήλην
975 4742 1235 4806 ἔφιππον.
1278 4743 1345 4794 ’Δ
1388 4743 1453 4810 δὴ
1493 4742 1663 4795 ταῦτά.
1697 4747 1834 4795 είσιν

258 4836 495 4887 ἕκαστον
521 4834 624 4885 ἀνά
644 4833 758 4895 δύο,
791 4835 909 4902 ἢτοι
937 4834 1073 4901 ί.μοῦ
1100 4833 1164 4902 ιβ’
1184 4834 1273 4886 τὸν
1303 4834 1554 4903 ἀριθμόν.
1591 4836 1835 4905 Ἐμπρο-

262 4925 393 4977 σῦεν
424 4925 479 4976 δὲ
507 4924 613 4975 τῶν
646 4926 901 4977 τοιούτων
928 4926 1256 4994 φλαμούλων
1289 4926 1605 4991 προΐσταται
1627 4929 1652 4979 6
1677 4944 1832 4980 σκου-

259 5017 445 5084 τέριος
480 5016 761 5086 βαστάζων
789 5017 847 5069 τὸ
874 5017 1155 5080 διῦἐλλιον,
1187 5018 1213 5069 ὃ
1240 5018 1301 5087 δὴ
1326 5018 1403 5069 ἔνι
1439 5020 1596 5085 μόνον
1628 5018 1704 5081 ἓν,
1738 5022 1831 5070 καὶ

258 5108 326 5159 τὸ
358 5109 673 5175 σκουτάριον
702 5108 762 5159 τὸ
792 5106 1090 5175 βασιλικόν.
1124 5104 1230 5160 Ἦν
1263 5109 1359 5176 μὲν
1387 5106 1478 5160 οὖν
1512 5108 1677 5160 πάλαι
1706 5126 1827 5160 σνν-

259 5196 446 5264 ήθεια,
479 5196 566 5248 ὅτε
605 5198 636 5265 ἡ
668 5194 760 5247 τοῦ
797 5196 1056 5263 βασιλέως
1099 5195 1345 5259 σύνταξις
1376 5193 1513 5266 ἦσαν
1559 5196 1832 5262 ἑξακισχί-

261 5287 394 5345 λιοι,
423 5280 563 5354 ἦσαν
593 5285 711 5339 καθ’
754 5284 809 5336 ἓν
835 5285 1064 5337 ἕκαστον
1103 5284 1412 5353 φλάμουλον
1461 5286 1829 5341 πεντακόσιοι.

260 5375 382 5429 Νῦν
400 5376 454 5427 δὲ
479 5376 545 5427 τά
576 5376 674 5443 μὲν
696 5375 916 5427 τοιαῦτα
948 5374 1229 5443 φλάμουλα
1262 5374 1485 5444 φέρουσι
1523 5375 1615 5425 καὶ
1647 5375 1832 5425 ίστώσι

258 5467 618 5535 καταντικρὺ,
666 5467 739 5527 ὡς
771 5466 1007 5534 εἴρηται,
1046 5468 1141 5535 τῆς
1185 5468 1508 5534 προκύψεως
1532 5483 1543 5495 ·
1597 5467 1749 5528 ἐκτὸς
1778 5466 1832 5519 δὲ

261 5558 467 5608 ὁπόταν
516 5555 801 5624 στρατεύει
843 5558 867 5606 ὁ
900 5554 1174 5623 βασιλεὺς,
1219 5561 1355 5609 κατα
1400 5557 1690 5623 ἀναλογίαν
1736 5558 1833 5623 τῆς

261 5646 563 5708 ποσότητος
601 5644 697 5710 τῆς
742 5644 906 5694 αὑτοῦ
947 5646 1245 5708 συντάξεως
1290 5645 1397 5712 ἔχει
1443 5646 1536 5698 καὶ
1585 5646 1829 5713 elipeu-

259 5740 354 5789 λον
385 5734 441 5786 ἓν
478 5734 639 5801 τυχὸν
680 5733 710 5801 ἢ
739 5734 850 5787 δύο.
887 5736 1148 5787 ὍπισΟεν
1179 5736 1233 5786 δὲ
1264 5737 1370 5787 τῶν
1404 5736 1655 5787 τοιούτων
1680 5738 1833 5805 βασι-

259 5829 431 5882 λικῶν
457 5826 779 5895 φλαμούλων
805 5829 1046 5881 ἵστανται
1077 5829 1143 5880 τά
1169 5829 1276 5880 τῶν
1302 5830 1576 5881 δεσποτῶν
1605 5834 1694 5883 καὶ
1725 5831 1831 5882 τῶν

1942 4640 2220 4705 Demetrii,
2254 4639 2500 4707 Procopii
2532 4648 2584 4693 et
2620 4640 2904 4707 utriusque
2924 4639 3192 4693 Theodori
3219 4659 3229 4702 ;
3259 4644 3400 4696 aliud
3424 4660 3510 4694 re-

1941 4744 2279 4800 przesentans
2313 4730 2375 4785 S.
2415 4731 2709 4800 Georgium
2743 4742 3071 4799 equestrem,
3101 4733 3251 4787 aliud
3278 4736 3509 4790 dracon-

1940 4832 2108 4882 teum,
2134 4820 2265 4873 illud
2302 4821 2644 4893 imperatoris
2676 4820 2901 4887 effigiem
2930 4837 3071 4889 equo
3096 4825 3383 4878 insidentis
3418 4843 3511 4880 ex-

1940 4914 2155 4967 hibens.
2195 4912 2323 4965 Bina
2363 4922 2418 4965 et
2458 4912 2579 4965 bina
2608 4923 2733 4965 sunt
2764 4916 2967 4975 omnia,
3002 4917 3099 4969 hoc
3125 4926 3205 4970 est
3254 4920 3509 4973 universe

1937 5002 2239 5056 duodecim.
2271 5004 2408 5055 Ante
2432 5016 2548 5067 quae
2590 5002 2861 5058 llammula
2894 5015 2999 5059 stat
3050 5008 3296 5073 scutifer,
3332 5009 3509 5064 ferens

1937 5091 2193 5145 divelium
2211 5106 2306 5145 seu
2325 5094 2575 5145 vexillum
2601 5094 3027 5161 imperatorium,
3046 5100 3184 5165 quod
3202 5100 3267 5150 ab
3286 5099 3405 5152 aliis
3428 5116 3510 5154 se-

1936 5183 2164 5250 paratim
2184 5193 2237 5236 et
2259 5184 2531 5251 singulare.
2561 5194 2797 5246 tenetur.
2822 5204 2943 5241 cum
2967 5190 3306 5257 imperatoris
3331 5205 3504 5248 scuto.

1938 5274 2099 5339 Olim,
2132 5275 2350 5343 quando
2381 5276 2697 5343 praesidium
2751 5280 3096 5348 imperatoris
3128 5299 3221 5336 sex
3258 5286 3502 5341 millibus

1939 5369 2243 5429 constabat,
2262 5368 2487 5421 aderant
2508 5370 2680 5427 cuivis
2711 5370 2991 5427 llatnmulo
3018 5378 3323 5445 quingenti.
3350 5378 3504 5435 Nunc

1940 5472 2067 5510 vero
2100 5457 2225 5509 talia
2266 5454 2538 5511 llammula
2576 5460 2753 5512 ferunt
2787 5472 2839 5513 et
2889 5474 3140 5517 statuunt
3191 5482 3220 5518 e
3287 5470 3505 5537 regione

1940 5549 2272 5617 imperatorii
2308 5550 2452 5610 solii.
2490 5561 2548 5603 ut
2588 5553 2857 5607 diximus.
2906 5554 3067 5607 Extra
3103 5573 3248 5616 vero.
3284 5564 3501 5626 quando

1938 5644 2229 5711 imperator
2262 5642 2314 5696 in
2343 5644 2687 5711 expeditione
2727 5656 2999 5708 versatur.
3041 5664 3222 5701 secum
3252 5653 3497 5704 cireum-

1940 5732 2043 5786 iert
2072 5748 2167 5801 pro
2202 5734 2477 5789 exercitus
2508 5736 2877 5803 magnitudine
2931 5754 3092 5789 unum
3127 5741 3209 5793 vel
3264 5742 3495 5794 alterum

1937 5828 2295 5881 ﬂammulum.
2318 5826 2811 5896 Betrobujusmodi
2844 5831 3199 5899 i‘l'ptll'aitll'iﬂ
3223 5832 3494 5887 llammula
