4266 6438
305 407 377 463 ξιτ)

1272 404 1365 461 DE
1397 399 1721 461 t’lFFlCllS
1761 402 2234 465 CPOLITANIS.
2272 403 2432 465 CAP.
2473 406 2571 467 VI.

3476 406 3541 463 70

310 515 562 584 βασιλεὺς
593 515 651 565 τὸ
688 515 903 583 στέμμα
934 516 1111 583 φορεῖ,
1148 515 1333 581 ἕτερον
1370 531 1419 564 τι
1448 513 1649 580 ἔνδυμα
1691 514 1751 564 οὐ
1786 530 1879 581 φἰ-
1910 518 1944 569 Α

1910 518 1951 569 Α
1982 514 2124 566 aliud
2158 515 2536 569 indumentum
2565 531 2672 568 non
2704 525 2875 586 gestat
2902 526 3093 586 printer
3116 530 3332 569 saccum
3357 525 3410 569 et
3430 518 3551 572 dia-

322 610 406 676 ρΞῖ
432 609 476 659 εἰ
516 608 588 677 μὴ
630 609 719 659 τὸν
752 610 956 661 σάκκον
992 608 1083 658 καὶ
1118 608 1176 657 τὸ
1214 607 1468 676 διάδημα.
1509 608 1616 657 Καὶ
1663 607 1750 657 ὁτὲ
1786 606 1883 671 μὲν

311 706 510 772 ταῦτα,
545 708 631 759 ὁτὲ
657 708 710 759 δὲ
735 706 1099 774 ἐπιλουρίκιον
1125 705 1217 756 καὶ
1248 704 1554 771 φακεωλὶδα
1581 707 1757 771 φορεῖ,
1791 706 1885 756 ἀλ-

311 798 431 847 λοτε
478 797 770 851 καῦεαδιυν
821 799 911 849 καὶ
957 798 1173 862 φυαλὶν,
1214 799 1300 846 ἐπὶ
1351 796 1406 846 δὲ
1446 796 1681 863 κέφαλῆς
1718 798 1882 864 φορέ-

313 905 463 954 ματα
496 890 746 957 διάφορα,
783 889 911 940 ποτὲ
950 890 1046 958 μὲν
1076 890 1135 941 τὸ
1163 890 1559 956 ὀνομαζόμεντν
1589 897 1907 957 τροπαιου-’

310 980 458 1042 γίαν,
501 981 629 1031 ποτὲ
674 979 729 1031 δὲ
762 981 1208 1043 Ἰουστινιάνειον,
1254 983 1313 1033 ἐν
1344 980 1520 1039 ἄλλοις
1564 981 1617 1033 δὲ
1654 983 1883 1049 ὑπέρτε-

314 1088 426 1138 ρϋν,
458 1066 530 1123 ὧν
567 1073 632 1124 τὰ
690 1073 943 1141 σχήματα
991 1073 1239 1124 ἑκάστων
1293 1073 1391 1124 οὐκ
1440 1073 1555 1124 ἐστι
1593 1072 1687 1126 νῦν
1739 1074 1882 1127 κατὰ

314 1164 475 1231 μέρος
508 1165 705 1231 λέγειν.

384 1254 521 1304 Ἀπὸ
555 1254 651 1322 μὲν
682 1254 791 1305 τῶν
823 1254 1081 1306 τοιούτων
1124 1254 1451 1323 φορεμάτων
1485 1257 1645 1321 φορεῖ
1675 1255 1701 1305 6
1730 1252 1879 1318 βασι-

311 1345 439 1406 λεὺς
471 1341 559 1396 οἷα
602 1344 668 1395 ἂν
719 1343 1001 1412 βούλοιτο,
1035 1346 1125 1395 τὸν
1169 1344 1225 1395 δέ
1260 1360 1321 1408 γε
1370 1343 1602 1410 σταυρὸν
1646 1344 1700 1393 ἐν
1732 1342 1881 1411 δεξιᾷ

312 1434 607 1502 φέρειάεἳ,
651 1434 707 1484 ἐν
734 1433 788 1484 δὲ
850 1437 914 1501 τῇ
950 1434 1212 1500 ἀριστερᾷ
1265 1431 1477 1499 βλὰτιον
1534 1430 1720 1481 κώτικι
1777 1432 1882 1481 ἐοι-

312 1526 437 1588 κὸς,
498 1526 784 1592 δεδεμένον
836 1525 974 1592 μετά
1034 1524 1366 1591 μανδυλίου·
1408 1523 1435 1573 ὃ
1491 1522 1705 1588 β’·άτιον
1768 1522 1879 1589 ἔχει

311 1618 477 1684 χῶρια
516 1616 685 1676 ἐντὸς,
734 1616 829 1667 καὶ
887 1615 1134 1667 καλεῖται
1192 1614 1417 1666 ἀκακία.
1472 1616 1579 1665 Καὶ
1638 1614 1729 1665 τὸν
1782 1615 1879 1681 μὶν

314 1707 555 1773 σταυρὸν
598 1708 625 1757 6
659 1705 916 1773 βασιλεὺς
947 1706 1127 1774 φέρων
1150 1705 1216 1757 δι’
1252 1704 1419 1757 αὑτοῦ
1474 1705 1718 1757 δείκνυσι
1779 1704 1877 1772 τὴν

311 1788 396 1860 εἰς
427 1797 667 1865 Χριστὸν
700 1796 895 1848 ἐαυτοῦ
928 1795 1138 1859 πίστιν,
1198 1796 1285 1847 διὰ
1318 1794 1407 1847 τοῦ
1444 1798 1751 1864 στέμματος
1783 1796 1877 1865 την

308 1888 501 1956 τιμὴν,
539 1887 624 1940 διὰ
662 1888 761 1954 τῆς
796 1887 969 1955 ζώνης
1002 1886 1056 1956 (ἢ
1091 1888 1205 1949 νῦν,
1239 1886 1312 1948 ὠς
1368 1886 1604 1955 εἴρηται,
1637 1887 1875 1938 καλεῖται

310 1977 572 2047 διάδημα)
604 1977 663 2029 τὸ
685 1976 1025 2046 στρατιώτην
1048 1972 1187 2027 εἶναι
1219 1973 1403 2037 αὐτὸν,
1432 1975 1519 2027 διά
1540 1976 1632 2026 τοῦ
1672 1976 1875 2026 σάκκου

315 2072 554 2139 μὲὖανος
585 2070 732 2132 ὄντος
758 2071 816 2121 τὸ
839 2069 936 2138 τῆς
989 2069 1272 2136 βασιλείας
1323 2068 1577 2139 κρύφιον,
1631 2070 1718 2120 διά
1780 2068 1876 2120 τοῦ

320 2163 605 2233 χώματος,
648 2164 894 2216 καλεῖται
952 2162 1173 2225 ἀκακία,
1239 2163 1312 2224 ὼς
1365 2163 1611 2230 εἴπομεν,
1680 2162 1739 2212 τὸ
1785 2160 1878 2213 τὶν

311 2256 547 2321 βασιλέα
575 2256 826 2308 ταπεινὸν
855 2251 993 2307 εἶναι
1022 2255 1095 2316 ὡς
1127 2254 1323 2323 θνητὸν
1346 2255 1439 2306 καὶ
1468 2256 1543 2323 μὴ
1573 2255 1661 2306 διὰ
1698 2254 1757 2305 τὸ
1778 2253 1877 2319 τῆς

313 2348 594 2419 βασιλείας
630 2348 761 2416 ’ύψος
814 2347 1136 2417 ἐπαίρεσθαι
1193 2348 1291 2398 καὶ
1349 2346 1730 2415 μεγαλαυχεῖν,
1790 2345 1879 2397 διὰ

309 2445 408 2497 τοῦ
438 2444 727 2511 μανδύλὶου
757 2445 817 2494 τδ
835 2444 1041 2508 ταύτης
1073 2441 1306 2495 ἄστατον
1366 2442 1460 2494 καὶ
1498 2441 1559 2494 τὸ
1619 2438 1880 2509 μεταϐαί-

310 2552 426 2587 νειν
480 2537 573 2602 ἀφ’
609 2536 798 2603 ἐτέρου
870 2535 948 2595 είς
1003 2533 1214 2602 ἕτερον,
1271 2533 1356 2585 διὰ
1398 2536 1496 2601 τῆς
1545 2532 1758 2600 σπάθης
1819 2532 1879 2584 τὸ

320 2623 753 2686 ἐξουσιαστικόν.
789 2622 896 2674 Καὶ
948 2622 1046 2690 τὴν
1077 2621 1334 2689 λαμπάδα
1383 2621 1643 2687 φέρουσιν
1675 2618 1878 2687 ἐμπρο-

312 2715 441 2767 σθεν
472 2716 636 2769 αὑτοῦ
669 2715 755 2767 διά
778 2715 837 2766 τὸ
863 2716 1071 2781 φάσκον
1104 2714 1289 2779 λόγιον
1323 2713 1403 2763 ὃτι
1428 2710 1582 2763 Οὕτω
1610 2712 1877 2777 λαμψάτω

309 2806 374 2858 τὸ
401 2807 515 2874 φῶς
540 2805 690 2873 ὑμῶν
725 2805 1032 2873 ἔμπροσθεν
1056 2804 1165 2856 τῶν
1196 2804 1519 2873 ἀνθρώπων.
1552 2805 1697 2865 ὅπως
1723 2805 1875 2855 ίδωσι

308 2898 383 2948 τα
413 2897 555 2948 καλὰ
586 2896 735 2965 ὑμῶν
762 2896 896 2964 ἔργα
932 2897 1022 2947 καὶ
1054 2895 1320 2961 δοξάζωσι
1353 2894 1443 2948 τὸν
1478 2896 1696 2964 Πατέρα
1722 2895 1876 2965 ὑμῶν

308 2988 407 3039 τδν
440 2989 497 3039 ἐν
527 2990 639 3043 τοῖς
662 2986 930 3053 οὐρανοῖς.

386 3078 542 3131 Μετὰ
600 3078 786 3144 μέντοι
842 3077 935 3128 τὸν
994 3076 1222 3145 βασιλέα
1268 3074 1498 3139 ἀλλάξαι
1550 3074 1621 3126 τὰ
1679 3074 1876 3127 ἐαυτοῦ

311 3168 624 3237 φορέματα,
653 3168 680 3219 6
712 3166 1216 3236 πρωτοδεστιάριος
1282 3166 1570 3233 ἐμφανίζει
1602 3159 1757 3227 αὖθις
1811 3166 1874 3215 τὰ

310 3260 621 3324 πιλατίκια,
655 3261 753 3327 τὴν
783 3258 876 3311 τοῦ
905 3258 1169 3327 βασιλέως
1210 3258 1477 3309 δεικνύων
1526 3256 1868 3322 ἐτοιμασίαν.

310 3351 428 3420 Τὴν
452 3352 508 3403 δέ
530 3350 741 3420 σπάθην
766 3349 925 3403 αὑτοῦ
955 3350 1110 3417 φέρει
1140 3348 1578 3418 ἀρχοντὸπουλον
1608 3348 1870 3409 ἀσκεπές,

309 3444 425 3495 τῶν
467 3442 633 3509 ἐγγὺς
675 3442 1064 3509 προσηκόντων
1114 3439 1192 3507 τῷ
1229 3439 1473 3507 βασιλεῖ·
1508 3442 1534 3491 6
1564 3440 1671 3507 γάρ
1702 3438 1874 3505 μέγας

307 3532 635 3601 δομέστικος
668 3532 883 3583 ἵσταται
908 3532 1005 3583 καὶ
1042 3522 1195 3592 οὗτος
1236 3530 1376 3599 μετά
1413 3529 1519 3582 τῶν
1538 3528 1741 3581 λοιπῶν
1771 3529 1875 3597 ἀρ-

306 3628 517 3698 χόντων
553 3627 610 3677 ἐν
642 3626 706 3693 τῇ
736 3622 898 3691 αὐλῇ.

385 3715 604 3777 Σταθεὶς
636 3708 729 3766 οὖν
763 3714 789 3766 6
839 3711 1092 3782 βασιλεὺς
1129 3712 1220 3771 ἐπὶ
1261 3711 1357 3779 τῆς
1391 3708 1716 3777 προκύψεως
1744 3707 1872 3775 φαί-

305 3825 461 3861 νεται
497 3807 603 3859 ἀπὸ
633 3805 740 3857 τῶν
772 3805 1014 3872 γονάτων
1045 3804 1137 3855 καὶ
1170 3803 1301 3864 ἀνω,
1355 3803 1411 3853 ἐν
1482 3800 1580 3869 μὲν
1605 3803 1670 3869 τῇ
1726 3800 1874 3869 δεξιᾷ

305 3902 402 3954 τὸν
433 3899 662 3969 σταυρὸν
688 3897 888 3967 φέρων,
926 3898 981 3948 ἐν
1019 3895 1075 3946 δέ
1108 3897 1174 3963 τῇ
1205 3893 1474 3964 ἀρισεερᾷ
1493 3895 1591 3960 τὴν
1613 3892 1870 3956 ἀκακίαν,

306 3994 385 4054 ὡς
409 3988 726 4059 δεδήλωται.
766 3988 913 4041 Αὖτά
946 3985 1123 4039 ταῦτα
1146 3986 1351 4054 φοριῖὀ
1388 3984 1644 4052 βασιλεὺς
1703 3986 1796 4035 καὶ
1847 3985 1873 4034 6

306 4085 424 4144 υἱὸς
471 4080 660 4145 αὐτοῦ,
690 4080 737 4131 εί
765 4078 1101 4145 ἐστεμμένος
1142 4076 1479 4147 εὑρίσκεται·
1514 4078 1561 4126 εἰ
1591 4075 1647 4126 δέ
1682 4074 1777 4143 μὴ.
1815 4074 1873 4125 τὸ

310 4174 547 4243 σύνηθες
615 4171 806 4242 ροὖχον
857 4168 1047 4234 αὑτοῦ,
1106 4168 1198 4221 καὶ
1253 4167 1343 4219 ἐπ’
1388 4166 1519 4219 αὐτὸ
1582 4166 1874 4233 λεγόμενον

306 4268 505 4337 φυαλὶν
563 4266 705 4335 μετά
732 4262 895 4315 λίθων
927 4262 1018 4315 καὶ
1076 4258 1401 4329 μαργάρων.
1449 4257 1574 4310 Ἐπὶ
1629 4260 1873 4325 κεφαλῆς

302 4364 363 4415 δὲ
401 4362 555 4429 φέρει
584 4358 871 4424 στέφανον,
904 4353 1234 4423 φαινόμενος
1295 4351 1391 4404 καὶ
1420 4342 1572 4413 οὗτος
1623 4349 1731 4403 ἀπὸ
1762 4349 1873 4400 τῶν

304 4455 556 4522 γονάτων
590 4452 681 4502 καὶ
704 4446 832 4501 ἄνω.
864 4444 985 4499 Τῶν
1015 4445 1071 4498 δὲ
1102 4443 1380 4496 δεσποτῶν
1410 4443 1479 4494 τὰ
1542 4441 1639 4509 μὲν
1699 4440 1864 4492 λοιπὰ

1912 1863 1951 1917 Β

300 4521 415 4598 τῶν
440 4542 708 4611 σωμάτων
736 4538 1092 4608 κρύπτονται,
1119 4534 1225 4588 ἀπὸ
1257 4536 1312 4587 δὲ
1334 4535 1427 4587 τοῦ
1485 4532 1715 4604 στήθους
1770 4533 1865 4583 καὶ
1901 4521 1944 4573 ο

301 4638 418 4688 ἄνω
446 4635 749 4701 φαίνονται.

378 4727 535 4780 Μετά
564 4724 693 4792 γοῦν
724 4724 784 4776 τὸ
812 4722 1205 4791 ἑτοιμασθῆναι
1232 4720 1323 4772 τὸν
1350 4719 1573 4788 βασιλέα
1617 4719 1709 4771 καὶ
1745 4735 1872 4771 στα-

301 4823 486 4890 θῆναι,
538 4821 565 4871 6
604 4816 1101 4886 πρωτοσεστιάριος
1130 4812 1413 4881 ἐμφανίζει
1450 4812 1613 4864 πάλιν
1647 4813 1709 4864 ἐκ
1754 4812 1873 4881 τρία

298 4930 398 4964 του
434 4910 503 4962 τά
530 4909 833 4971 πιλατίκια,
870 4906 1047 4975 δηλῶν
1077 4905 1165 4957 διά
1188 4905 1378 4959 τούτου
1422 4904 1503 4955 ὅτι
1529 4904 1556 4954 6
1615 4903 1873 4972 βασιλεὺς

300 5004 506 5073 ἐστάθη
540 5003 619 5064 είς
647 5000 746 5070 τὴν
780 4997 1074 5068 πρόκυψιν.
1106 4998 1217 5049 Καὶ
1283 4996 1561 5065 παρευθὺς
1596 4995 1870 5062 ἀνοίγουσι

298 5097 374 5148 τὰ
405 5093 705 5163 βηλόθυρα,
739 5091 833 5144 καὶ
885 5091 1015 5142 οὔτε
1051 5092 1079 5142 6
1125 5088 1627 5159 πρωτοδεστιάριος
1675 5086 1797 5138 οὕτε
1844 5087 1871 5137 6

297 5186 681 5255 λαμπαδάριος
735 5182 857 5235 οὔτε
923 5183 1029 5250 μὴν
1105 5184 1133 5234 6
1188 5182 1285 5250 τὴν
1343 5180 1627 5248 βασιλικὴν
1686 5181 1866 5247 φέρων

298 5280 520 5349 σπάθην
549 5277 830 5344 φαίνονται
860 5274 1017 5338 ὅλως,
1052 5275 1098 5325 εί
1139 5275 1211 5344 μὴ
1256 5276 1287 5343 ἡ
1326 5274 1505 5340 σπάθη
1544 5274 1679 5339 μόνη
1715 5271 1863 5339 καὶὴ

297 5372 550 5440 λαμπάς.
593 5370 745 5437 Ἅμα
787 5366 918 5433 γοῦν
946 5370 1005 5418 τὸ
1047 5366 1335 5435 ἀνοιγῆναι
1388 5366 1583 5425 ταῦτα,
1634 5365 1730 5416 καὶ
1774 5365 1864 5415 τὸν

299 5465 531 5535 βασιλέα
580 5462 673 5515 καὶ
724 5459 883 5530 μόνον
945 5459 1205 5529 φανῆναι,
1262 5459 1422 5520 εὐθὺς
1473 5458 1764 5525 ψάλλουσιν
1816 5458 1865 5508 οἱ

294 5558 501 5624 ψάλται
559 5555 620 5607 τὸ
671 5553 1040 5621 πολυχρόνιον,
1108 5552 1218 5603 τῶν
1268 5552 1512 5618 ὀργάνων
1563 5552 1859 5619 ἠχούντων,

293 5648 570 5717 διαφέρων
595 5644 783 5703 ὄντων.
814 5642 889 5704 ὡς
914 5642 1151 5710 εἴρηται.
1186 5642 1247 5692 Ol
1282 5642 1464 5708 μέντοι
1494 5640 1692 5708 ψάλται
1722 5642 1859 5709 μετά

292 5740 358 5791 τὸ
398 5737 789 5806 πολυχρονίσαι
843 5734 1147 5795 σιωπῶσιν,
1196 5737 1264 5784 τὰ
1306 5734 1510 5799 ὄργανα
1573 5732 1627 5785 δὲ
1666 5732 1859 5800 ἠχοῦσι

298 5832 462 5901 μέχρι
510 5833 601 5883 καὶ
638 5830 825 5893 ἱκανῆς
858 5827 1022 5897 ὧρας.
1060 5823 1187 5879 Εἶτα
1234 5826 1325 5879 τοῦ
1380 5826 1641 5894 βασιλέως
1672 5828 1854 5896 ἠρέμα

1988 606 2142 659 deuia
2177 622 2189 667 ;
2225 616 2277 660 et
2303 608 2597 676 aliquando
2624 608 2844 674 quidem
2876 610 3009 670 haec.
3046 610 3341 678 aliquando
3376 610 3553 679 epiloa

1990 699 2161 752 rirum
2193 715 2286 753 seu
2308 702 2617 769 supernlam
2639 712 2685 753 et
2720 702 3061 769 pliaceolium
3091 713 3280 769 gestat,
3304 705 3555 773 aliquau-

1986 793 2057 847 do
2082 794 2402 848 cabbadium
2429 804 2479 847 et
2511 796 2748 864 phyalin.
2789 797 2842 847 lit
2898 797 3073 864 capite
3126 798 3336 850 diversa
3390 799 3553 851 habet

1988 886 2307 953 gestamina,
2344 884 2443 953 51
2481 888 2747 939 interdum
2786 888 2835 941 id
2870 887 3013 955 quod
3048 898 3271 940 vocatur
3316 899 3552 958 trupzru-

1985 978 2129 1039 cltia,
2150 979 2439 1045 aliquando
2456 979 2883 1045 Justinianeum,
2912 980 3205 1047 aliquando
3227 981 3549 1049 Itypcrterun

1984 1070 2187 1123 dictum
2226 1087 2239 1134 ;
2271 1086 2502 1139 quorum
2533 1070 2731 1140 tiguras
2752 1074 3116 1141 particulatim
3145 1073 3421 1127 declarare
3441 1090 3549 1129 non

1985 1171 2067 1217 est
2096 1165 2257 1231 hujus
2294 1164 2416 1217 loci.

2057 1254 2131 1307 Ex
2171 1256 2250 1308 his
2270 1255 2433 1321 igitur
2456 1254 2849 1323 gestaminibus
2868 1265 3042 1322 gestat
3063 1255 3359 1324 imperator
3378 1258 3553 1326 quod—

1982 1360 2194 1414 cunque
2225 1347 2469 1400 voluerit.
2505 1349 2569 1398 At
2602 1361 2817 1399 erucem
2855 1347 2909 1398 itt
2937 1348 3123 1399 dextra
3160 1362 3372 1413 semper
3424 1364 3550 1415 por—

1984 1445 2078 1498 tat.
2107 1438 2157 1489 in
2190 1438 2411 1489 sinistra
2435 1452 2559 1489 vero
2584 1452 2615 1504 p
2636 1451 2825 1489 mnum
2867 1438 3105 1489 sericum
3135 1438 3309 1490 codici
3343 1439 3543 1500 simile,

1982 1527 2205 1595 ligatum
2238 1529 2469 1588 mantili.
2498 1529 2767 1596 habetque
2804 1530 2947 1581 intus
2984 1538 3204 1593 terram,
3231 1539 3283 1582 et
3328 1542 3550 1582 vocatur

1982 1619 2184 1671 acacia.
2225 1618 2289 1671 Et
2326 1635 2548 1674 crucem
2586 1622 2803 1687 quidem
2839 1621 3021 1674 ferens
3056 1622 3355 1689 imperator
3394 1638 3548 1675 suam

1983 1709 2037 1762 in
2072 1709 2353 1763 Christum
2390 1709 2704 1763 manifestat
2729 1710 2912 1773 fidem,
2941 1721 3224 1765 stemmate
3284 1719 3555 1778 protesta-

1984 1815 2073 1858 tur
2097 1806 2359 1857 honorem
2390 1820 2588 1870 ;zona,
2624 1821 2763 1871 qua},
2802 1814 2859 1857 ιιι
2892 1821 3082 1860 sumus
3102 1806 3333 1875 praefati,
3362 1809 3547 1862 diade-

1984 1911 2066 1950 ma
2096 1908 2340 1957 vocatur.
2369 1912 2425 1951 se
2455 1897 2676 1951 militem
2706 1900 3024 1966 proliletur;
3072 1913 3231 1952 saceo
3288 1900 3548 1954 subfusi-o

1981 1988 2246 2058 (violaceo
2279 1989 2535 2041 nimirum
2575 1989 2652 2042 vel
2689 2005 2964 2057 purpureo
3004 1993 3020 2058 )
3051 1991 3263 2059 imperii
3298 1993 3548 2054 obscuri-

1982 2090 2147 2132 tatem
2179 2089 2232 2133 et
2266 2092 2532 2133 secretum
2574 2098 2586 2144 ;
2618 2082 2862 2148 pulvere,
2896 2082 3012 2150 qui,
3044 2095 3099 2135 ut
3133 2083 3400 2145 diximus,
3423 2100 3548 2137 ara-

1980 2170 2060 2223 cia
2086 2180 2455 2241 nuneupatur,
2480 2172 2746 2239 imperato
2759 2188 2870 2226 rem
2894 2173 3153 2226 humilem
3177 2190 3298 2228 esse
3322 2186 3383 2228 ut
3407 2191 3548 2228 inor-

1981 2262 2164 2324 talem,
2200 2277 2371 2329 neque
2406 2271 2626 2330 pi-Opter
2658 2262 2867 2330 imperii
2896 2263 3283 2318 sublimitatem
3338 2265 3543 2330 εστι-τί,

1982 2369 2159 2422 neque
2185 2354 2481 2407 insolenter
2509 2370 2566 2408 se
2597 2354 2833 2421 jactare.
2864 2356 2963 2410 l‘er
2998 2358 3220 2410 mantilc
3270 2358 3544 2426 signitira-

1983 2456 2070 2499 tur
2100 2447 2342 2512 ejusdem
2386 2448 2596 2515 imperii
2627 2449 2989 2503 inconstantia
3021 2462 3073 2503 et
3100 2466 3218 2504 mos
3248 2454 3314 2503 ab
3345 2467 3453 2504 uno
3480 2454 3546 2505 ad

1982 2540 2150 2594 alium
2183 2543 2522 2599 transeundi.
2570 2541 2671 2597 Per
2706 2558 2889 2595 ensem
2950 2543 3225 2596 indicatur
3283 2554 3544 2612 potestas.

1980 2631 2311 2702 Lampadem
2332 2634 2625 2702 praeferunt
2643 2634 2954 2701 imperatori
2977 2645 3195 2704 propter
3218 2637 3346 2690 illud
3390 2637 3548 2692 Chri-

1982 2726 2052 2779 Sli
2078 2726 2280 2779 dictum
2314 2743 2327 2779 :
2359 2725 2481 2778 «Sic
2506 2726 2785 2778 luceatlux
2806 2737 2981 2779 vestra
3005 2741 3186 2779 coram
3211 2728 3543 2795 hominibus,

1981 2831 2039 2874 ut
2071 2821 2285 2874 videant
2312 2836 2476 2888 opera
2509 2829 2688 2873 vestra
2722 2821 2883 2885 bona,
2908 2830 2959 2873 et
3001 2823 3305 2889 gloriﬁcent
3332 2824 3545 2879 Patrem

1981 2924 2246 2977 vestrum,
2275 2914 2368 2981 qui
2393 2914 2445 2965 in
2474 2914 2628 2966 cadis
2655 2923 2760 2966 est.
2799 2932 2816 2963 ι

2056 3094 2345 3162 Postquam
2370 3092 2661 3159 imperator
2686 3104 2783 3144 sua
2806 3090 3120 3143 indumenta
3147 3092 3397 3157 mutavit,
3421 3110 3549 3163 pro-

1902 3188 1945 3246 C
1980 3186 2328 3240 tovestiarius
2363 3184 2559 3237 iterum
2602 3182 2842 3251 pilaticia
2883 3184 3123 3236 ostendit
3163 3202 3313 3252 ;quo
3373 3189 3544 3254 signi-

1978 3280 2101 3329 licat
2130 3276 2511 3341 imperatorem
2530 3273 2639 3340 jam
2674 3282 2919 3341 paratum
2956 3289 3100 3330 esse.
3129 3276 3295 3343 Cujus
3321 3278 3423 3346 52
3449 3296 3547 3332 en-

1976 3382 2089 3420 sein
2119 3376 2304 3434 aperto
2332 3366 2506 3432 capite
2542 3363 2641 3417 fert
2666 3367 2880 3434 juvenis
2904 3367 3194 3434 primarius
3211 3384 3274 3422 ex
3300 3371 3402 3424 illis
3452 3373 3542 3438 qui

1978 3462 2362 3527 imperatorem
2388 3472 2585 3525 genere
2632 3473 2798 3526 [πορθ
2842 3459 3293 3526 attinguutrnam
3317 3478 3546 3531 magnus

1976 3552 2305 3605 domesticus
2332 3558 2437 3604 stat
2459 3558 2515 3605 et
2543 3550 2663 3618 ipse
2692 3565 2817 3604 eum
2863 3555 3072 3607 caeteris
3124 3557 3439 3622 proceribus
3486 3557 3542 3611 in

1977 3645 2121 3698 aula.

2049 3737 2213 3790 Stans
2243 3735 2407 3805 igitur
2436 3735 2737 3804 imperator
2778 3734 2828 3786 in
2855 3734 2993 3789 solio
3024 3736 3352 3804 conspicuus
3377 3748 3460 3793 est
3511 3757 3538 3795 a

1975 3828 2202 3896 genibus
2232 3835 2283 3878 et
2315 3839 2497 3893 supra,
2546 3824 2731 3876 dextra
2761 3838 3001 3883 crucem.
3031 3825 3251 3879 sinistra
3304 3831 3540 3884 acacium

1976 3928 2218 3985 portans,
2253 3924 2309 3967 ut
2338 3925 2496 3969 antea
2527 3914 2755 3968 dictum.
2814 3914 3015 3969 Eadem
3076 3920 3379 3984 gestamina
3439 3922 3544 3975 fert

1976 4009 2158 4062 itidem
2191 4006 2534 4074 imperatoris
2571 4006 2737 4066 ﬁlius,
2767 4005 2811 4059 si
2867 4007 2936 4059 sit
2961 4018 3253 4061 coronatus
3280 4025 3291 4060 :
3330 4011 3411 4063 sin
3440 4013 3543 4064 mi-

1976 4116 2097 4162 nus,
2133 4100 2396 4153 usitatum
2430 4098 2530 4152 sibi
2562 4097 2943 4150 indumentum
2983 4099 3163 4163 lialiet,
3194 4112 3248 4153 et
3279 4116 3441 4169 super
3469 4103 3536 4156 il—

1974 4192 2064 4245 lud
2096 4190 2242 4260 quod
2277 4190 2481 4243 dicitur
2512 4188 2705 4257 capitis
2736 4189 2993 4255 tegimen.
3026 4204 3092 4243 ex
3148 4191 3445 4248 unionihns
3486 4204 3539 4249 et

1976 4284 2286 4351 margaritis
2312 4280 2643 4336 confectum.
2678 4280 2866 4347 Capite
2898 4292 3102 4335 sertum
3130 4293 3329 4350 gestat.
3357 4284 3541 4353 Appa-

1974 4385 2053 4427 ret
2081 4385 2134 4427 et
2158 4375 2258 4427 iste
2279 4372 2477 4442 populo
2500 4386 2527 4425 a
2548 4372 2779 4438 genibus
2804 4382 2857 4424 et
2882 4387 3067 4440 supra.
3094 4373 3343 4441 Despotae
3369 4391 3395 4428 a
3416 4391 3537 4438 pec.

1975 4473 2091 4517 tore
2118 4473 2171 4516 et
2199 4477 2361 4532 supra
2389 4462 2748 4528 asnectabiles
2788 4470 2916 4516 sunt
2949 4477 2964 4517 :
2993 4474 3200 4517 eaeterte
3252 4480 3538 4533 corporum

1974 4564 2153 4623 partes
2179 4554 2539 4608 occultantur.

2047 4727 2338 4795 Postquam
2371 4724 2536 4792 igitur
2567 4724 2867 4793 imperator
2895 4734 3113 4791 paratus
3168 4734 3251 4777 est
3301 4733 3353 4779 et
3408 4735 3541 4789 stat,

1974 4816 2419 4887 protovestiar‘us
2446 4815 2603 4868 tertio
2638 4813 2871 4881 pilaticia
2894 4813 3152 4875 ostendit,
3173 4814 3419 4869 indicans
3440 4819 3540 4871 hoc

1974 4911 2128 4977 signo
2159 4908 2542 4976 imperatorem
2577 4906 2685 4975 jam
2723 4907 2772 4958 in
2821 4905 2959 4958 solio
3026 4914 3192 4967 stare.
3246 4908 3543 4977 statimque

1972 5000 2302 5053 diducuntur
2331 4999 2553 5051 cortina:
2580 5014 2594 5062 ;
2625 5006 2678 5049 et
2712 5011 2888 5064 neque
2932 4998 3389 5063 protovestiarius
3446 5013 3544 5052 ne.

1971 5109 2075 5163 que
2102 5089 2493 5159 lampadarius,
2528 5104 2705 5153 neque
2730 5089 2821 5156 qui
2856 5098 3033 5156 portat
3065 5104 3251 5143 ensem
3283 5090 3542 5157 imperia.

1977 5186 2103 5245 lem.
2136 5183 2344 5251 uspiam
2380 5189 2662 5250 apparent,
2693 5180 2785 5233 sed
2817 5180 2966 5234 solus
3001 5182 3149 5235 ensis
3199 5192 3254 5236 et
3311 5182 3540 5246 lampas.

1976 5274 2113 5344 Ergo
2141 5273 2305 5327 simul
2334 5286 2396 5326 ac
2423 5273 2645 5325 cortinae
2674 5271 3005 5338 panduntur,
3041 5281 3092 5324 et
3123 5276 3435 5339 imperator.
3466 5274 3537 5329 is-

1972 5382 2078 5435 que
2110 5366 2281 5426 solus,
2315 5364 2672 5432 conspicitur,
2703 5364 2886 5415 statim
2912 5373 3165 5417 cantores
3198 5374 3422 5419 cantant
3470 5366 3541 5420 il—

1972 5460 2061 5511 lud
2094 5477 2104 5511 :
2138 5476 2154 5508 ι
2190 5457 2514 5510 Diuturnum
2546 5454 2707 5507 faciat
2755 5454 2898 5507 Deus
2953 5455 3238 5522 imperium
3292 5467 3467 5522 tuutn,
3510 5476 3536 5507 s

1970 5550 2354 5604 resonantibus
2384 5550 2620 5617 organis.
2660 5563 2779 5615 quae
2810 5548 2957 5601 varia
2993 5558 3139 5609 sunt,
3176 5559 3233 5601 ut
3263 5560 3423 5603 antea
3450 5552 3539 5603 di-

1969 5656 2137 5698 ctum.
2164 5643 2425 5697 Cantores
2458 5642 2626 5709 igilun
2652 5651 2770 5709 post
2803 5641 3098 5695 multorum
3131 5656 3395 5694 annorum
3434 5659 3532 5711 ap-

1970 5737 2338 5805 precationem
2368 5736 2761 5788 conticescunt.
2799 5735 2865 5787 At
2913 5749 3115 5799 organa
3172 5735 3307 5789 satis
3357 5738 3537 5790 multo

1972 5837 2213 5895 tempore
2241 5834 2608 5895 perstrepunt.
2648 5824 2849 5878 Deinde
2885 5826 3211 5893 iinperutnre
3258 5822 3360 5894 53
3408 5841 3534 5879 seu-
