4266 6438
257 360 357 426 ΗἾ

1094 366 1191 428 DE
1229 369 1560 432 OFFICIIS
1610 369 2085 438 CPOLITANIS.
2132 402 2198 411 -
2231 376 2389 439 CAP.
2426 376 2720 437 XIX-XX.

3410 373 3515 439 HS

256 477 598 546 ψηφισθέντα
643 477 737 531 καὶ
790 476 1080 546 έκλεγέντα
1111 480 1185 542 ὼς
1221 480 1330 532 ἀπὸ
1373 480 1472 548 τῆς
1502 479 1839 551 Ἐκκλησίας
1871 481 1915 542 Δ

1833 497 1839 541 :
1871 481 1915 542 Δ
1944 481 2081 538 bene
2106 493 2187 539 est
2221 502 2235 548 ;
2267 484 2309 535 si
2332 485 2555 548 abnuat,
2578 493 2707 538 eunt
2732 482 2797 536 ad
2831 480 3088 539 alterum.
3120 480 3176 536 Si
3213 499 3385 551 neque
3411 488 3518 538 iste

258 584 315 619 τε
355 570 450 621 καὶ
499 568 592 621 τοῦ
630 566 916 638 βασιλέως.
952 569 1071 623 Κᾶν
1105 573 1205 640 μὶν
1236 570 1458 640 δέξηται
1515 572 1697 637 τοῦτο,
1735 573 1834 640 ἠδη

260 662 426 714 καλόν
454 679 467 692 ·
507 663 555 715 εἰ
581 662 637 715 δὲ
688 660 785 732 μὴ,
818 663 1153 733 ἀπέρχονται
1198 667 1276 728 είς
1309 666 1401 718 τὸν
1433 665 1621 734 ἱτερον
1647 680 1661 694 ·
1696 669 1744 719 εί
1780 668 1837 718 δὲ

260 756 356 808 καὶ
381 755 479 825 οὐχ
505 748 677 821 οὗτος,
706 757 785 819 είς
831 754 923 809 τὸν
951 757 1159 815 λοιπόν.
1195 758 1256 810 Et
1287 758 1334 812 δ’
1368 760 1498 820 ἴσως
1531 760 1640 813 οὐδ’
1667 763 1694 813 ὁ
1723 760 1839 830 τρί-

1943 579 2270 641 consentiat,
2320 576 2387 631 ad
2419 577 2635 630 tertium
2668 593 2725 628 se
2765 574 3076 631 conferunt.
3126 574 3181 628 Si
3222 585 3275 628 et
3308 577 3395 630 hic
3427 592 3518 631 re~

1943 682 2114 736 cuset,
2143 690 2333 728 rursus
2356 673 2421 727 de
2445 672 2653 740 integro
2681 680 2733 726 et
2756 672 2863 725 alio
2891 674 3043 741 quasi
3073 672 3339 741 principio
3367 688 3521 726 sunt-

1945 774 2038 834 pto
2064 765 2321 831 sull'ragia
2350 765 2554 820 ferunt.
2582 763 2878 833 Postquam
2904 765 3108 818 electus
3132 761 3513 831 sull'ragationi

259 865 369 913 τος,
398 848 640 916 γίνονται
690 844 851 912 αὖθις
880 849 1052 920 ψῆφοι
1101 849 1177 914 ὥς
1212 850 1269 917 ἐξ
1300 850 1470 921 ἄλλης
1510 852 1707 922 ἀρχῆς,
1744 854 1840 908 καὶ
1942 879 1944 907 ;

1828 859 1840 906 t
1942 872 2225 912 assensum
2262 857 2515 927 praebuit,
2551 857 2696 911 hunc
2729 856 2782 909 itt
2819 854 3040 911 modum
3070 856 3139 909 ab
3180 856 3513 924 imperatore

265 942 403 1008 μετὰ
454 941 513 993 τὸ
552 940 806 1005 δέξασθαι
836 942 927 994 τὸν
955 942 1298 1012 ψηφισθέντα
1331 943 1392 996 τδ
1422 944 1672 1015 μήνυμα,
1709 961 1842 1015 προ-

264 1032 517 1085 ϐάλλεται
554 1033 740 1088 τοῦτον
774 1033 803 1085 δ
836 1033 1091 1099 βασιλεὺς
1123 1033 1320 1098 οὕτως.

335 1125 374 1175 Γ
381 1125 630 1195 ινομένη;
671 1123 988 1196 ἀνασὰθρας
1032 1124 1119 1179 διὰ
1156 1125 1329 1190 ξύλων
1383 1128 1463 1191 είς
1510 1127 1608 1199 τὴν
1661 1126 1839 1199 ἀρχὴν

262 1214 358 1267 τοῦ
406 1214 705 1281 τρικλίνου,
744 1217 1224 1285 περισκεπομένης
1262 1216 1349 1269 διὰ
1394 1215 1612 1285 βλατίου
1650 1218 1841 1269 κοκκί-

265 1322 378 1365 νου,
424 1305 507 1373 ἐφ’
553 1300 619 1375 ἦς
652 1304 867 1359 ἵσταται
917 1306 1105 1377 θρόνος
1150 1305 1424 1376 βασιλικὸς
1456 1308 1639 1371 ὁποῖος
1689 1310 1747 1361 έν
1776 1309 1841 1378 τῇ

265 1395 362 1450 τοῦ
405 1397 671 1467 βασιλέως
700 1399 1049 1469 στεφηφορξᾳ
1081 1398 1325 1466 εἴρηται,
1364 1400 1392 1451 ὁ
1428 1399 1527 1469 μὲν
1570 1400 1843 1470 τρίκλινός

265 1492 381 1543 ἔστι
411 1490 893 1560 διαπεφραγμένος
942 1490 1201 1560 βλατίοις,
1233 1491 1377 1545 καθὰ
1410 1497 1503 1544 καὶ
1551 1494 1608 1544 εν
1638 1495 1705 1562 τῇ
1746 1492 1840 1544 τοῦ

264 1582 530 1635 δεσπότου
561 1581 862 1653 προσλήσει
909 1583 1227 1653 δεδήλωται,
1260 1585 1287 1637 ὁ
1316 1584 1374 1637 δέ
1404 1585 1657 1655 βασιλεὺς
1683 1585 1741 1638 τό
1780 1601 1840 1637 τε

270 1672 491 1741 στέμμα
524 1674 617 1726 καὶ
655 1674 725 1727 τὰ
755 1673 918 1727 λοιπὰ
973 1676 1154 1744 φορῶν
1181 1676 1351 1729 έλθὼν
1380 1676 1445 1730 hc
1490 1676 1585 1730 τοῦ
1628 1676 1842 1730 κελλίου

267 1765 433 1819 αὐτοῦ
464 1765 674 1829 καθίζει
701 1766 794 1818 ἐπὶ
822 1767 917 1821 τοῦ
958 1767 1151 1840 θρόνου
1192 1768 1483 1839 έρχόμενος
1508 1772 1573 1822 ὲκ
1595 1770 1688 1823 τοῦ
1717 1768 1844 1822 κελ-

266 1857 381 1910 λίου
418 1857 610 1923 αὑτοῦ,
661 1858 881 1912 πάντων
930 1834 1041 1912 των
1086 1834 1371 1931 ἀρχόντων
1419 1864 1844 1933 παρισταμένων
1876 1834 1917 1890 Β

266 1947 372 2013 ἐξω
418 1948 513 2001 τοῦ
564 1950 981 2020 διαφράγματος
1015 1955 1154 2023 μετὰ
1206 1953 1314 2006 τῶν
1367 1957 1715 2025 παρασήμων
1752 1956 1848 2009 καὶ

269 2040 600 2109 φορεμὰτων
642 2042 842 2097 αὐτῶν.
896 2042 1005 2095 Καὶ
1048 2043 1236 2112 θρόνου
1281 2044 1545 2114 ὴερανέου
1595 2043 1848 2108 τιθέντος

270 2134 413 2184 κατα
438 2132 496 2184 τδ
524 2131 615 2185 τοῦ
646 2134 918 2201 τρικλίνου
965 2135 1147 2204 τρίτον
1195 2135 1362 2205 μέρος
1396 2134 1505 2189 ἀπὸ
1536 2135 1630 2189 τοῦ
1664 2136 1847 2207 τοίχου

269 2224 407 2293 πρὸς
438 2227 525 2276 τὸν
557 2223 801 2293 βασιλέα,
833 2228 1311 2298 περισκεπομένου
1345 2228 1434 2283 διὰ
1458 2228 1681 2299 βλατίου
1718 2247 1850 2301 χρυ-

272 2314 391 2378 σοῦ,
423 2316 639 2387 έρχεται
672 2320 698 2370 ὁ
726 2318 1008 2388 ὑπόψηφος
1038 2319 1709 2393 πατριάρχηςωπόψηφος
1739 2322 1849 2391 γὰρ

276 2408 444 2477 μέχρι
495 2408 614 2461 τότε
671 2408 909 2479 λέγεται)
955 2410 1044 2463 καὶ
1102 2412 1317 2475 καθίζει
1363 2411 1449 2464 έπ⁹
1493 2412 1679 2467 αὑτοῦ.
1717 2409 1852 2467 Εῐτα

271 2500 382 2551 τῶν
416 2499 649 2568 βλατίων
677 2499 769 2553 τοῦ
801 2501 1218 2571 διαφράγματος
1248 2503 1554 2573 αἰρομένων
1590 2504 1852 2558 ἀνίσταν-

272 2605 363 2641 ται
392 2592 717 2659 ἀμφότεροι,
753 2592 844 2644 καὶ
901 2592 1101 2655 πάντες
1133 2594 1330 2647 αὐτίκα
1382 2594 1848 2665 πολυχρονίζουσι.

272 2682 388 2734 Καὶ
419 2683 554 2751 μετὰ
589 2682 745 2737 τοῦτο
779 2684 879 2737 οὐκ
911 2684 1019 2737 ἀπὸ
1065 2685 1172 2738 τῶν
1209 2687 1539 2753 ἀξιωμάτων
1572 2703 1675 2753 τις,
1705 2686 1849 2741 τοῦτ’

275 2774 424 2826 ιστιν
456 2774 487 2844 ἢ
522 2775 786 2845 δεσπότης
818 2776 851 2847 ἢ
878 2776 1337 2849 σεϐαστοκράτωρ
1364 2778 1396 2847 ἧ
1432 2779 1668 2850 Καῖσαρ,
1696 2778 1853 2849 φέρει

274 2868 367 2920 τὸν
400 2868 684 2937 ὑπίψηφον
726 2870 867 2937 (οὐδὲ
901 2872 1009 2941 γὰρ
1043 2871 1368 2940 ένδημοῦσιν
1415 2864 1559 2925 οῦτοι
1592 2874 1712 2935 ταῖς
1744 2874 1852 2924 τῶν

274 2960 639 3029 πατριαρχῶν
674 2961 1003 3031 προῦλήσεσι
1056 2965 1123 3034 τῇ
1156 2963 1305 3034 αιτίᾳ
1332 2962 1413 3015 ὅτι
1452 2962 1545 3016 τοῦ
1580 2964 1852 3033 πατριάρ-

274 3068 376 3121 χου
432 3051 741 3120 καθημένου
775 3056 1042 3107 ἀνοικετ-ῧν
1099 3054 1246 3107 ἐστιν
1296 3054 1551 3107 ἵστασθαι
1590 3055 1850 3117 τούτουςο

277 3146 445 3198 πίλιν
476 3144 531 3198 δέ
559 3144 653 3215 τῆς
682 3146 789 3198 τῶν
830 3146 1093 3215 βασιλέων
1120 3145 1366 3218 εὐφημία
1378 3165 1393 3207 ;
1425 3148 1719 3216 γινομένης
1746 3148 1847 3201 οὐκ

277 3238 494 3304 ἐφεῖται
523 3236 749 3297 τούτους
785 3236 1052 3306 καθῆσθαι
1078 3254 1093 3270 ·
1121 3237 1207 3293 διὰ
1259 3238 1419 3293 τοῦτο
1448 3241 1541 3292 καὶ
1571 3240 1631 3293 οὐ
1660 3240 1854 3309 πάρει-

281 3328 420 3395 σιν),
458 3327 572 3382 ἁλλ⁹
603 3330 709 3381 ἀπὸ
729 3327 839 3381 τῶν
866 3329 1148 3400 ἀρχόντων
1173 3330 1201 3384 ὁ
1235 3331 1501 3401 κρείττων
1542 3336 1632 3385 καὶ
1663 3334 1853 3402 διαφο-

282 3417 523 3488 ρώτερος
556 3418 798 3487 ὶπαίρων
828 3418 915 3471 διὰ
942 3420 1122 3489 χειρὸς
1149 3419 1305 3489 φέρει
1328 3420 1518 3474 τοῦτον
1536 3421 1853 3493 έμπροσθεν

279 3512 381 3576 τῆς
427 3507 763 3577 ἁνασάθρας.
799 3507 905 3561 Τοῦ
955 3505 1047 3562 οὖν
1106 3511 1504 3581 πατριαρχικοῦ
1551 3513 1854 3568 δικανικίου

279 3598 468 3652 ἐκεῖσε
525 3600 583 3652 έν
637 3599 715 3668 τῷ
751 3598 969 3671 ῥηθέντι
1020 3600 1402 3671 διαφράγματι
1437 3603 1853 3675 εὑρισκομένου,

284 3691 469 3743 λαϐὼν
495 3691 651 3744 τοῦτο
683 3694 710 3744 ὁ
741 3692 992 3760 βασιλεὺς
1017 3692 1104 3746 διά
1124 3710 1270 3757 τινος
1298 3696 1405 3747 τῶν
1438 3694 1513 3765 μὴ
1542 3701 1855 3766 φορούντων

287 3784 505 3836 σκιάδια
549 3784 808 3850 εὐγενῶν,
854 3785 1141 3853 ἱσταμένου
1183 3790 1274 3839 καί
1324 3786 1417 3839 τοῦ
1466 3785 1729 3856 βασιλέως
1765 3790 1857 3841 καὶ

286 3872 384 3924 τοῦ
422 3872 535 3925 υίοῦ
566 3872 757 3935 αὑτοῦ,
795 3877 841 3925 εί
881 3874 1143 3943 πάρεστιν
1198 3878 1400 3943 έκεῖσε,
1443 3879 1657 3951 μεγάλῃ
1704 3882 1851 3949 φωνῇ

287 3966 439 4032 λέγει
487 3964 658 4026 οὕτως
680 3980 693 3993 ⁸
731 3984 748 4016 ι
796 3965 857 4017 'H
888 3966 1019 4033 ἁγία
1054 3966 1226 4038 ἰ’ριὰς
1257 3968 1349 4019 διὰ
1377 3968 1476 4037 τῆς
1527 3969 1658 4037 παρ’
1688 3971 1856 4038 αὐτῆς

286 4056 623 4127 δωρηοείσης
650 4060 781 4128 ἡμῖν
816 4058 1092 4127 βασιλείας
1131 4060 1500 4130 προϐάλλεται
1524 4077 1583 4113 σε
1610 4064 1859 4132 ἀρχιεπί-

292 4164 493 4200 σκοπον
553 4149 1194 4214 Κωνσταντινουπόλεως,
1259 4152 1384 4214 νέας
1448 4152 1690 4221 Ῥώμης,
1766 4156 1859 4207 καὶ

288 4240 669 4309 οἱκουμενικδν
703 4242 1067 4311 πατριάρχην.
1109 4259 1128 4292 ι
1170 4244 1281 4295 Καὶ
1333 4242 1503 4306 οὑτως
1536 4244 1731 4295 αὐτίκα
1763 4260 1860 4296 πο-

288 4330 669 4399 λυχρονίζουσι
730 4332 943 4392 πάντες.
990 4326 1120 4383 Εἶτα
1167 4332 1194 4383 ὁ
1228 4334 1575 4400 πατριάρχης
1627 4333 1722 4385 επὶ
1757 4333 1858 4402 τῆς

286 4420 598 4490 ἁναόάθρας
622 4406 861 4473 ἀνελθὼν
885 4420 1153 4490 λαμϐάνει
1193 4422 1254 4474 τὸ
1285 4422 1584 4475 δικανίκιον
1612 4425 1721 4475 ἀπὸ
1756 4425 1855 4493 τῆς

1945 951 2317 1007 renuntiatur.

2018 1121 2308 1179 Exstructa
2365 1123 2543 1193 lignea
2581 1122 2881 1177 anabathra
2912 1124 2976 1177 ad
3011 1122 3231 1177 initium
3274 1121 3523 1189 triclinii,

1945 1230 2246 1288 opertaque
2271 1218 2548 1273 coccineis
2576 1217 2795 1280 sericis,
2826 1216 2876 1270 in
2910 1232 3015 1285 qua
3048 1226 3157 1269 stat
3197 1217 3320 1270 talis
3353 1216 3525 1283 impe-

1946 1314 2146 1368 ratoris
2201 1312 2433 1366 thronus
2473 1311 2653 1380 qualis
2683 1311 2734 1364 in
2787 1311 3145 1365 coronatione
3178 1309 3525 1377 imperatoris

1946 1406 2254 1475 descriptus
2277 1416 2379 1469 est,
2404 1406 2701 1458 triclinium
2721 1404 2941 1473 quidem
2973 1404 3328 1471 iutersepitur
3376 1404 3528 1467 ejus—

1950 1499 2094 1554 modi
2127 1500 2258 1552 velis
2320 1509 2371 1553 et
2401 1497 2594 1567 pannis
2629 1498 2821 1566 quales
2851 1496 2903 1549 in
2943 1497 3183 1559 despotae
3231 1497 3527 1563 inaugura-

1952 1589 2101 1643 tione
2124 1589 2373 1643 adhiberi
2422 1588 2621 1641 solent.
2650 1586 2718 1640 At
2748 1589 3045 1654 imperator
3083 1597 3312 1639 stemma
3340 1596 3391 1639 et
3420 1588 3525 1639 a'ia

1948 1682 2253 1749 gestamina
2291 1690 2514 1749 gestans
2546 1679 2695 1734 sedet
2721 1678 2773 1731 in
2802 1678 2997 1731 throno
3030 1693 3153 1743 suo,
3181 1694 3431 1744 egressus
3460 1694 3523 1731 ex

1951 1768 2198 1826 conclavi
2228 1767 2382 1839 103
2399 1768 2779 1833 suo,omnibus
2796 1769 3117 1836 proceribus
3135 1776 3287 1821 extra
3312 1778 3523 1835 septum

1948 1859 2374 1915 consistentibus
2411 1874 2534 1913 cum
2578 1857 2694 1913 suis
2731 1857 3038 1927 insignibus
3069 1867 3116 1911 et
3147 1859 3522 1922 ornamentis;

1950 1952 2244 2022 positoque
2270 1951 2432 2005 carsio
2463 1950 2660 2005 throno
2693 1951 2835 2004 circa
2876 1949 3093 2004 tertiam
3130 1949 3349 2004 triclinii
3373 1965 3401 2003 a
3430 1966 3526 2019 pa-

1952 2045 2089 2100 riete
2126 2044 2423 2099 distantem
2464 2053 2690 2111 partem,
2748 2057 2939 2097 versus
2976 2041 3389 2111 imperatorem,
3432 2044 3526 2111 qui

1952 2137 2139 2192 aureis
2173 2137 2494 2190 velamentis
2542 2136 2808 2189 instratus
2839 2142 2941 2200 est,
2989 2135 3138 2189 venit
3176 2136 3382 2191 electus
3432 2152 3527 2190 seu

1953 2229 2231 2299 suiragiis
2265 2230 2439 2281 adhuc
2469 2229 2738 2282 obnoxius
2766 2229 2851 2294 (eo
2880 2234 3051 2295 usque
3096 2229 3240 2281 enim
3279 2228 3386 2282 hoc
3433 2244 3531 2281 no-

1954 2323 2101 2376 mine
2142 2321 2469 2389 appellatur)
2502 2329 2549 2373 et
2600 2320 2753 2374 sedet
2801 2319 2854 2372 in
2890 2320 3002 2373 illo.
3059 2319 3263 2374 Deinde
3297 2320 3533 2373 sublatis

1953 2411 2089 2480 septi
2121 2411 2440 2465 velamentis
2473 2408 2647 2475 surgit
2675 2417 2905 2475 uterque
2939 2423 2954 2470 ;
2986 2416 3039 2460 et
3073 2421 3196 2459 mox
3225 2421 3416 2460 omnes
3435 2422 3534 2458 ora

1954 2501 2007 2556 in
2068 2501 2516 2570 apprecationent
2579 2498 2880 2551 multorum
2916 2511 3187 2550 annorum
3226 2497 3530 2551 resolvunt.

1953 2591 2083 2647 Post
2115 2594 2227 2646 hzec
2275 2607 2381 2645 non
2420 2590 2620 2657 aliquis
2671 2604 2883 2643 summa
2914 2589 2968 2640 in
3007 2588 3272 2658 dignitate
3321 2588 3533 2641 consti-

1954 2694 2127 2743 tutus.
2162 2694 2289 2753 puta
2316 2685 2395 2737 vel
2429 2683 2664 2751 despota
2682 2682 2765 2734 vel
2791 2680 3197 2734 sebastocrator
3217 2679 3300 2733 vel
3327 2679 3529 2741 Ca-sar.

1954 2778 2102 2831 sistit
2145 2778 2377 2829 electum
2410 2774 2609 2842 (neque
2640 2771 2725 2825 isti
2776 2772 3212 2841 patriarcharum
3249 2771 3533 2824 renuntia-

1957 2870 2204 2923 ti0uibus
2232 2868 2497 2919 interesse
2532 2864 2727 2929 solent,
2762 2864 2943 2917 hacde
2977 2878 3166 2926 causa,
3201 2864 3330 2932 quia
3366 2864 3534 2931 patri-

1956 2961 2118 3015 archa
2147 2960 2369 3013 Sedente
2396 2957 2675 3012 insolitum
2706 2966 2786 3011 est
2818 2957 2969 3023 ipsos
2996 2966 3174 3011 stare:
3206 2970 3397 3009 rursus
3416 2955 3536 3009 fau-

1956 3059 2037 3106 sta
2074 3051 2397 3106 acclamatio
2427 3046 2853 3116 imperatoribus
2894 3045 3036 3099 facta
3060 3059 3165 3097 non
3191 3045 3319 3098 sinit
3346 3054 3406 3098 ut
3440 3044 3529 3099 isti

1956 3144 2218 3207 sedeant;
2246 3142 2604 3210 quamobrem
2649 3153 2758 3190 non
2796 3137 3037 3207 adsunt),
3065 3136 3157 3190 sed
3194 3151 3259 3190 ex
3290 3137 3532 3204 proceri-

1958 3237 2059 3291 bus
2089 3234 2309 3302 dignior
2347 3244 2403 3286 et
2441 3232 2772 3286 eminentior
2803 3245 2966 3283 mantt
3010 3230 3336 3297 prehensum
3386 3228 3535 3283 ducit

1955 3338 2081 3381 ante
2111 3327 2493 3379 anabathram.
2526 3322 2761 3393 Reperto
2789 3332 2967 3374 autem
3003 3321 3146 3374 intra
3181 3330 3395 3386 septum
3438 3336 3533 3388 pa-

1959 3421 2238 3475 triarcltali
2270 3421 2428 3489 pello,
2476 3422 2792 3486 imperator,
2825 3415 3131 3469 ministerio
3167 3414 3369 3468 nobilis
3398 3417 3531 3466 ado-

1959 3513 2213 3566 lescentis
2240 3528 2302 3565 ex
2347 3512 2413 3565 iis
2444 3512 2535 3578 qui
2572 3511 2690 3564 sine
2727 3511 2871 3580 ρὶιιου
2902 3510 2953 3561 in
2989 3510 3111 3561 aula
3153 3508 3532 3570 obambulant,

1957 3605 2157 3672 accipit
2191 3605 2345 3667 illud,
2379 3614 2642 3670 stansque
2665 3614 2770 3655 tam
2798 3602 2913 3670 ipse
2956 3616 3117 3669 quant
3156 3600 3299 3652 ﬁlius
3321 3600 3529 3669 ejus,si

1957 3698 2121 3760 adsit,
2157 3711 2351 3763 magna
2390 3711 2519 3749 Voce
2553 3700 2623 3747 ita
2662 3694 2842 3747 fatur:
2867 3712 2885 3744 ι
2928 3693 3127 3747 Sancta
3157 3692 3401 3746 Trinitas
3439 3706 3535 3759 per

1959 3790 2245 3858 imperium
2274 3790 2341 3841 ah
2374 3790 2487 3856 ipsa
2516 3788 3019 3842 nobisconccssum
3053 3785 3337 3839 constituit
3365 3796 3415 3839 te
3443 3799 3534 3837 ar-

1958 3881 2363 3946 chiepiscopum
2409 3879 2663 3948 Cpoleos,
2710 3892 2861 3931 novae
2897 3876 3103 3939 Κοίοιο,
3144 3886 3198 3927 et
3232 3877 3536 3929 tecutneni-

1959 3985 2081 4024 cum
2112 3971 2506 4038 patriarcham.
2549 3989 2565 4019 ι
2599 3968 2661 4021 Ει
2693 3984 2815 4021 mox
2858 3967 3097 4019 universi
3128 3968 3332 4021 multos
3361 3982 3535 4019 annos

1959 4061 2234 4114 accinuut.
2300 4060 2499 4112 Deinde
2545 4059 2858 4128 patriarcha
2907 4057 3206 4111 ascendens
3242 4058 3294 4110 in
3332 4059 3535 4111 anaba-

1960 4152 2138 4205 thratn
2171 4152 2237 4205 ab
2261 4151 2607 4219 imperatoris
2629 4166 2790 4203 manu
2824 4151 3021 4219 pedum
3044 4150 3262 4216 accipit,
3294 4150 3532 4215 dataque

1960 4244 2007 4296 ei
2042 4243 2420 4296 benedictione
2458 4240 2616 4311 104
2646 4242 2827 4293 statim
2862 4241 3166 4292 ιιιτεςοιιειίι.
3210 4239 3536 4292 Sedentibus

1962 4331 2127 4400 igitur
2163 4332 2406 4399 utrisque
2434 4333 2485 4384 in
2516 4332 2731 4385 tbronis
2757 4333 2896 4393 suis,
2930 4332 3102 4384 fausta
3144 4330 3536 4383 acclamatione

1962 4435 2069 4478 tam
2094 4424 2477 4493 imperatorem
2511 4437 2672 4490 quam
2708 4425 3071 4491 patriat'cltam
3105 4431 3533 4490 prosequuntur.

287 4511 379 4563 τοῦ
410 4511 674 4580 βασιλέως
706 4512 907 4580 χειρὸς,
936 4514 1032 4564 καὶ
1070 4512 1311 4579 εὐλογῶν
1344 4512 1507 4565 αὐτὸν
1535 4515 1697 4576 εὐθὺς
1727 4531 1858 4567 κατ·
1893 4523 1937 4579 ι)
1968 4517 1972 4567 l

1849 4543 1858 4553 -
1893 4523 1937 4579 ι)
1968 4515 2094 4570 Post
2130 4516 2573 4568 aeclmuationem
2604 4515 2793 4568 clauso
2821 4523 2974 4583 st-pto
3015 4516 3310 4581 imperator
3342 4512 3454 4565 abit
3484 4512 3534 4564 in

287 4605 532 4672 ἔρχεται.
569 4602 960 4655 Καθεσθέντων
1001 4602 1092 4654 οῦν
1139 4604 1415 4673 ἑκατέρων
1453 4606 1543 4657 ἐπὶ
1589 4606 1697 4657 τῶν
1734 4606 1857 4675 θρό-

288 4712 393 4746 νων
414 4695 616 4757 αὐτῶν,
646 4694 853 4760 γίνεται
882 4696 916 4764 η
947 4694 1195 4763 εὐφημία
1214 4694 1319 4747 τῶν
1343 4694 1609 4761 βασιλέων
1646 4699 1735 4747 καὶ
1766 4696 1859 4748 τοῦ

286 4784 655 4854 πατριάρχου.
693 4785 801 4837 Καὶ
862 4786 1003 4853 μετὰ
1053 4786 1153 4852 τὴν
1200 4785 1481 4854 εὐφημίαν
1516 4785 1860 4849 κλεισθέντος

286 4876 380 4930 τοῦ
438 4876 926 4946 διαφράγματος,ὁ
965 4877 1063 4942 μὲν
1113 4876 1365 4945 βασιλεὺς
1420 4879 1502 4935 είς
1538 4878 1596 4929 τὸ
1648 4875 1859 4930 κελλίιν

287 4968 478 5031 αὑτοῦ,
506 4970 533 5020 ὁ
571 4969 627 5021 δέ
656 4971 998 5038 πατριάρχης
1043 4970 1345 5038 ἀπέρχεται
1378 4970 1613 5036 ἱππότης
1648 4971 1727 5031 εἰς
1757 4970 1857 5037 τὴν

1964 4607 2219 4661 conclave
2247 4620 2426 4664 Suum.
2458 4606 2764 4674 patriarcha
2793 4622 2960 4673 eques
2984 4621 3041 4659 se
3061 4607 3274 4658 confert
3299 4604 3362 4657 ad
3396 4602 3536 4657 San—

1963 4713 2106 4753 ctam
2146 4698 2446 4765 Sopltiam;
2495 4707 2546 4751 et
2576 4713 2750 4766 equus
2809 4698 2953 4750 illius
3000 4707 3175 4749 tet-tus
3222 4705 3308 4749 est
3349 4694 3536 4762 operi-

1965 4800 2147 4842 mento
2180 4805 2242 4841 ex
2290 4789 2521 4842 candido
2558 4792 2737 4856 panno
2777 4802 2948 4856 usque
2998 4786 3064 4839 ad
3113 4796 3278 4853 caput
3314 4804 3325 4849 ;
3369 4800 3532 4853 quem

1964 4881 2299 4933 comitantur
2348 4880 2643 4949 principes,
2694 4880 2809 4933 suis
2835 4880 3041 4949 quique
3080 4880 3387 4947 insignibus
3416 4893 3537 4947 spe-

1963 4971 2216 5025 ctahiles.

290 5060 453 5127 ἁγίαν
518 5060 742 5127 Σοφίαν,
787 5060 880 5111 τοῦ
930 5060 1098 5113 ἵππου
1153 5058 1321 5113 αὑτοῦ
1390 5060 1865 5131 περισκεπομένου
1932 5061 2231 5127 σαγίσματι
2287 5064 2350 5114 ἐκ
2408 5062 2603 5115 πανίου
2645 5059 2839 5113 λευκοῦ
2898 5060 3061 5129 μέχρι
3131 5061 3223 5111 καὶ
3268 5058 3531 5128 κεφαλῆς.

290 5143 731 5221 Συναπέρχὸνται
777 5150 833 5203 δὲ
888 5152 980 5203 καὶ
1013 5152 1061 5202 oi
1112 5151 1371 5220 ἄρχοντες
1424 5150 1541 5219 μετ’
1584 5152 1750 5204 α.ρτοὖ
1793 5153 1857 5205 τὰ
1888 5153 2096 5205 ἑαυτῶν
2125 5153 2467 5220 ἐνδεδυμένοι
2507 5154 2830 5220 παράσημα.

379 5249 577 5301 Ἰστέον
621 5248 677 5300 δὶ
707 5247 787 5298 δτι
821 5246 1105 5315 ὑπόψηφος
1154 5248 1233 5297 ἔτι
1280 5246 1355 5298 ὣν
1412 5249 1504 5299 καὶ
1561 5247 1856 5317 ἐρχόμενος

296 5340 677 5409 προδληθῆναι
704 5338 808 5403 ἔξω
838 5339 938 5407 τῆς
970 5339 1064 5391 τοῦ
1094 5340 1359 5391 παλατίου
1395 5342 1565 5407 αὐλῆς
1609 5341 1855 5404 πεζεύει,

296 5433 434 5499 μετὰ
487 5431 542 5483 δέ
598 5430 695 5499 τὴν
742 5431 1048 5500 πρόσλησιν
1098 5432 1269 5493 me;
1308 5433 1729 5495 Σκεπαζουσιδέ
1765 5434 1860 5485 καὶ

290 5526 383 5575 τὸν
420 5524 586 5575 ἵππον
619 5521 783 5575 αὑτοῦ
810 5524 1133 5592 σαγίσματι,
1157 5525 1338 5587 καθὼς
1372 5528 1610 5596 εἴρηται.

376 5789 655 5845 Ἀπελθὼν
678 5787 772 5847 οὖν
798 5792 877 5856 είς
898 5794 996 5863 τὴν
1032 5792 1192 5862 ἁγίαν
1217 5792 1421 5864 Σοφῗαν
1468 5797 1603 5864 μετὰ
1645 5797 1703 5849 τὸ
1730 5814 1860 5868 προ-

2037 5246 2330 5301 Sciendum
2362 5257 2465 5308 est,
2491 5248 2879 5316 patriarebatn.
2908 5246 3033 5299 dum
3068 5246 3248 5299 adhuc
3293 5254 3536 5301 tantum-

1969 5340 2129 5392 modo
2158 5338 2484 5403 elecutsest,
2520 5340 2609 5391 tthi
2637 5340 2846 5392 accedit
2878 5347 2935 5391 ut
2962 5340 3028 5389 ab
3053 5338 3383 5405 imperatore
3408 5356 3537 5408 pro-

1970 5441 2267 5491 moventur.
2292 5440 2444 5483 t-xtra
2470 5432 2727 5498 palatium
2752 5429 2978 5498 pedibus
2992 5430 3535 5497 atnbulare,quando

1974 5524 2037 5576 ad
2101 5524 2558 5576 renuntiationem
2611 5537 2762 5575 suam
2812 5522 2976 5587 venit,
3017 5534 3137 5587 post
3174 5523 3533 5576 renuntiatio-

1984 5631 2105 5667 netn
2146 5629 2273 5667 vero
2318 5623 2524 5667 tantum
2592 5612 2644 5665 itt
2710 5612 2930 5681 palatio.
2986 5613 3195 5680 Tegunt
3238 5620 3419 5667 autem
3481 5625 3537 5668 et

1969 5722 2170 5774 equum
2198 5709 2317 5775 ejus
2344 5707 2671 5771 velamento,
2706 5716 2762 5758 ut
2792 5706 2994 5758 dictum
3027 5714 3131 5758 est.

2042 5798 2328 5853 l'rol'ectus
2356 5799 2517 5868 igitur
2549 5797 2615 5852 ad
2639 5799 2891 5853 Sanctam
2930 5796 3185 5865 Sophiant
3218 5804 3341 5869 post
3374 5810 3531 5854 suam
