4266 6438
730 386 823 448 131

1799 381 1877 441 1N
1922 378 2219 440 LIBRUM
2260 378 2354 436 DF.
2395 376 2723 436 OFFICIIS
2764 377 2872 437 CP.

3868 379 3972 442 133

725 497 853 547 otiu'
885 508 1125 561 quinque
1156 493 1415 545 duntaxat
1472 491 1573 545 hoc
1628 490 1880 560 quinario
1929 491 2289 558 comprehcu-
2324 500 2363 551 Α
2398 489 2710 551 scribimus,
2758 487 3098 542 exoratarmli
3146 490 3386 558 quinque
3447 490 3527 543 vel
3570 505 3661 544 se:
3705 494 3977 548 duntaxat

715 592 997 645 durentur,
1029 588 1150 655 jnrc
1184 586 1419 636 Godinus
1463 585 1703 637 πεντάδα
1755 584 2080 641 nominavit,
2122 582 2289 650 respi-

715 680 1155 734 cii-usnimirum
1190 678 1254 728 ad
1287 678 1677 745 antiquiorem.
1737 693 1841 727 non
1910 676 1972 726 ad
2045 674 2194 726 illum
2262 690 2289 726 ιι

714 771 996 841 Χίρξιίιιιιιι
1031 773 1404 822 introductum
1442 784 1750 821 nttmcrum.
1818 767 1955 821 Nam
2020 784 2047 819 e
2106 766 2291 820 Balsa-

718 880 839 916 tuou
870 864 919 914 in
951 860 1133 912 Melcte
1149 874 1244 912 seu
1278 859 1667 925 disCepIatione
1703 874 1801 910 sua
1839 856 2097 913 deollirio
2131 859 2291 911 char-

715 954 1015 1021 topbjlacs
1035 964 1085 1004 et
1111 950 1426 1020 protecdici,
1455 961 1587 1001 tom.
1618 948 1797 1001 lJuris
1818 949 2290 1012 Grmco-l’tomaui,

715 1046 808 1099 fol.
838 1044 962 1103 456.
992 1046 1237 1112 quinque
1261 1052 1471 1094 tantum
1508 1042 1559 1095 in
1590 1042 1690 1095 hac
1724 1043 1897 1110 prima
1923 1042 2096 1097 classe
2119 1043 2290 1112 ponit,

712 1140 921 1192 omisso
958 1136 1293 1205 protecdico,
1343 1150 1548 1197 eosque
1578 1136 1865 1189 dicitesse
1927 1139 2083 1205 quasi
2137 1138 2294 1205 quin-

712 1249 819 1301 que
844 1247 1037 1284 sensus
1061 1230 1405 1297 patriarchae,
1434 1231 1632 1297 quibus
1661 1239 1921 1299 tanquam
1954 1230 2294 1284 instrumen-

713 1330 782 1376 lis
813 1323 1021 1390 negOtia
1058 1322 1239 1374 oinnia
1276 1331 1628 1391 exsequatur.
1682 1321 1854 1377 Vocat
1883 1323 2044 1377 etiam
2086 1324 2285 1379 horum

713 1416 956 1482 quinque
1056 1414 1555 1468 ceclesiasticorum
1619 1430 1904 1484 procerum
1993 1417 2294 1473 ministeria

718 1507 885 1558 πέντε
927 1520 1205 1576 σεκρετων
1247 1507 1420 1573 εὐαγῆ
1477 1507 1782 1573 λογοθέσια,
1830 1508 1930 1561 hoc
1965 1518 2070 1571 est,
2104 1519 2162 1563 ut
2208 1511 2294 1563 in-

714 1608 919 1667 tet-pros
952 1601 1137 1659 vertit,
1170 1600 1397 1669 quinque
1426 1609 1745 1653 secretorum
1793 1602 2041 1669 religiosa
2076 1603 2294 1656 ratioci-

714 1692 822 1741 nia.
857 1690 1076 1743 Rei-tius
1104 1691 1239 1745 forte
1272 1708 1284 1743 :
1319 1698 1543 1761 quinque
1566 1705 1889 1747 secretorum
1950 1697 2292 1750 consistoria.

718 1783 823 1835 Nos
857 1782 1007 1836 rebus
1058 1782 1391 1851 exjtcdiendis
1426 1786 1721 1854 prcel'crtos.
1746 1789 1809 1843 Et
1855 1789 2034 1858 quivis
2097 1790 2290 1843 horum

717 1871 940 1925 habebat
980 1889 1077 1927 sua
1111 1876 1163 1927 iu
1196 1874 1482 1930 funt-tione
1561 1880 1741 1945 plures
1802 1882 2093 1947 adjutores,
2153 1898 2291 1950 qum

717 1962 1004 2017 llalsatnnn
1044 1979 1200 2020 vocat
1233 1970 1612 2032 clmrtttlarios,
1649 1970 1742 2022 ruﬁ
1778 1973 1948 2022 κόπου
2009 1989 2289 2042 συμμερι-

718 2060 849 2119 στὰς
883 2059 977 2110 καὶ
1015 2062 1366 2127 σεκρετικοὺς
1396 2061 1743 2131 διακονητάς.
1770 2063 1960 2116 laboris
1998 2077 2287 2130 consortes,

716 2160 1031 2216 senatusque
1062 2150 1207 2203 illius
1247 2167 1336 2204 seu
1386 2154 1692 2207 consistorii
1732 2169 1822 2207 seu
1865 2154 2069 2208 consilii
2114 2157 2291 2210 admi-

719 2246 911 2287 malros
924 2276 935 2288 .

786 2326 1217 2394 Appellabantur
1254 2328 1417 2383 iidem
1448 2329 1874 2395 ὲξωκατάκοιλοι
1919 2334 2201 2403 ἄρχοντες,
2234 2345 2287 2389 ιιι

719 2415 1007 2471 Bais-animt
1042 2422 1198 2472 docet
1229 2432 1301 2475 et.
1337 2419 1578 2478 Joannes
1612 2424 1841 2492 Citrius,
1873 2426 1976 2480 etsi
2038 2429 2088 2480 ill
2129 2429 2290 2489 hujus

720 2508 1022 2578 R-sponsis
1052 2513 1328 2565 scribatur
1361 2517 1463 2569 hoc
1497 2532 1695 2572 nomen
1724 2520 1777 2573 in
1837 2522 2134 2588 penultima
2181 2535 2287 2573 non

723 2619 816 2667 per
846 2621 895 2654 οι
937 2606 1029 2658 sed
1066 2622 1158 2674 per
1185 2625 1240 2673 η.
1274 2608 1706 2678 ἐξωκατάκηλοι,
1744 2620 1797 2665 et
1854 2611 2044 2665 Latine
2078 2613 2289 2665 Emen-

720 2697 900 2757 taeeli,
932 2707 986 2749 ut
1020 2698 1072 2750 in
1105 2698 1349 2751 editione
1407 2698 1694 2754 Ilouelidii.
1730 2701 1835 2757 Sed
1872 2703 2104 2762 vitiose:
2167 2721 2289 2757 nam

722 2800 862 2839 reita
895 2792 1163 2857 scriptura
1195 2800 1279 2844 est
1334 2790 1778 2859 émeatdmet,
1824 2794 2013 2850 Latine
2040 2808 2291 2852 exorata-

717 2879 859 2932 cwli.
891 2878 1143 2933 Giaiiter
1182 2896 1319 2934 errat
1355 2883 1573 2947 Junius,
1616 2903 1735 2938 cum
1764 2904 1816 2956 p.
1850 2889 1903 2952 4,
1935 2891 2157 2942 verbum
2191 2891 2294 2943 hoc

720 2971 771 3024 in
812 2973 921 3025 duo
952 2973 1167 3037 dividit,
1208 2975 1312 3039 ἔξω
1336 2977 1696 3041 κατακοίλων,
1738 2979 1922 3048 itaque
1969 2983 2292 3050 interpreta-

721 3078 828 3126 tur,
864 3066 1375 3136 cntacalornm,qui
1430 3068 1558 3136 [aris
1609 3081 1749 3126 sunt.
1810 3071 2017 3140 Nugae:
2072 3076 2291 3131 unicum

722 3157 1046 3209 vocabulum
1075 3165 1180 3218 cst,
1216 3175 1319 3210 non
1355 3161 1485 3225 ilun;
1520 3176 1688 3230 quare
1719 3162 2003 3231 legendum
2029 3166 2055 3218 ὁ
2086 3181 2297 3236 πρωτο·

721 3248 966 3316 νοτάριος
996 3246 1134 3318 θύρα
1164 3250 1272 3301 τῶν
1304 3249 1778 3319 ἐξωκατακοὶλων.
1814 3251 1951 3307 Hinc
1983 3256 2146 3309 etiam
2208 3273 2296 3311 te-

724 3340 1005 3394 fortnauda
1054 3341 1214 3396 lectio
1254 3357 1303 3397 c.
1334 3343 1388 3405 9,
1440 3359 1490 3411 ρ.
1521 3345 1588 3398 66
1634 3345 1665 3397 5
1699 3355 1751 3398 et
1777 3346 1862 3411 12,
1902 3347 1990 3399 ubi
2016 3344 2209 3403 Junius
2241 3349 2302 3416 ἒξ

724 3433 1064 3494 κατάκοιλοι,
1110 3433 1396 3502 redditque
1449 3450 1538 3487 sca:
1590 3439 1851 3490 colat-mli.
1886 3438 2058 3502 Quam
2113 3441 2303 3495 lectio-

725 3539 845 3578 nem
884 3526 1131 3580 vitiosam
1170 3543 1313 3589 esse,
1346 3528 1470 3579 licet
1524 3529 1576 3580 in
1609 3528 1885 3585 Bararicis
1942 3547 2158 3602 quoque
2210 3549 2303 3587 ρο·-

723 3619 938 3671 dicibus
971 3630 1249 3683 appareat,
1278 3620 1356 3671 vel
1418 3636 1480 3672 ex
1513 3620 1881 3688 descriptione
1928 3627 2297 3693 protonotarii

727 3709 941 3763 dist-ere
1009 3720 1266 3775 poterat,
1334 3712 1422 3764 ubi
1490 3712 1750 3778 scriptum
1831 3712 1882 3764 in
1953 3714 2069 3767 suis
2136 3716 2298 3769 etiam

725 3804 1128 3870 exemplaribus
1180 3806 1379 3871 reperit
1414 3802 1885 3868 ἑξωκιτακοίλων,
1917 3806 2304 3873 quamvisma-

724 3894 774 3947 le
834 3894 1099 3961 disjmnit
1156 3913 1272 3962 qua:
1326 3897 1698 3964 coujungeuda
1759 3907 1937 3950 erant.
2019 3897 2303 3963 Quomodo

722 4002 851 4052 ergo
882 4002 1026 4041 nunc
1066 4003 1130 4041 es
1161 3988 1265 4056 ἔξω
1302 3991 1552 4055 procudit
1584 3988 1747 4041 nobis
1782 3989 1886 4053 ’ἐξῖ
1919 3987 1993 4040 Eo
2044 3990 2169 4042 item
2210 4005 2305 4044 no-

728 4079 872 4129 mine
897 4093 1000 4130 non
1064 4091 1237 4147 potest
1296 4079 1421 4130 ferri
1485 4078 1572 4130 illa
1627 4080 1808 4143 lectio,
1871 4081 1994 4149 quia
2044 4083 2306 4154 ἄρχοντες

727 4170 814 4223 isti
848 4172 1180 4223 vorabantur
1218 4182 1346 4223 tunc
1377 4173 1539 4224 etiam
1596 4171 2024 4235 ἐξιιικατὰκοιλοι
2080 4176 2301 4243 quando

725 4271 882 4314 erant
945 4272 1153 4315 tantum
1211 4279 1496 4331 qmuqtte,
1560 4278 1613 4317 ut
1674 4281 1736 4318 ex
1802 4264 2122 4321 Balsanione
2188 4267 2305 4334 pla—

726 4367 855 4405 ιιιιιιι
888 4368 901 4413 ;
947 4367 1049 4404 non
1076 4368 1203 4421 ergo
1235 4368 1262 4404 ιι
1302 4369 1529 4406 numero
1557 4355 1684 4408 dicti
1708 4367 1831 4409 sunt
1868 4354 1927 4418 ἓξ
1961 4356 2303 4411 undisonos.

800 4445 904 4498 Sed
962 4461 1083 4513 qua:
1138 4446 1287 4497 notio
1349 4445 1512 4513 hujus
1565 4444 1803 4499 nominis
1845 4447 2305 4511 ἐξωκατάκοιλοιτ

2396 580 2734 633 obtinebant.

2468 671 2576 725 Nec
2620 672 2795 740 magis
2853 670 3173 726 verisimilia
3243 672 3309 726 de
3369 672 3487 725 istis
3536 674 3760 743 apponit
3808 675 3972 728 nobis

2399 761 2590 815 Petrus
2651 761 2950 831 Gregorius
3010 762 3316 819 Tolosanus
3379 764 3665 835 Syntagtn.
3724 766 3966 824 universi

2392 853 2539 909 Jtn-is
2588 855 2674 918 15,
2728 856 2781 912 9.
2837 857 2927 909 ubi
2971 858 3161 912 dicita
3219 857 3424 913 Grzecis
3483 860 3664 914 iocari
3721 859 3967 913 etvicellus

2393 947 2680 1017 epi‘cnpos
2707 950 3020 1014 nonnullos,
3060 949 3189 1003 nuili
3225 951 3645 1018 metropolitano
3665 950 3971 1019 subjectos,

2395 1041 2720 1107 patriai-citis
2784 1040 3085 1095 familiares
3108 1052 3160 1095 et
3202 1042 3583 1112 sull'ragaucos
3639 1059 3971 1114 smnperque

2394 1140 2685 1197 astantes;
2725 1131 2918 1200 quales
2953 1133 3219 1187 describit
3253 1133 3561 1188 Wihelmus
3602 1132 3796 1203 Tyrius
3834 1135 3968 1188 Belli

2403 1224 2545 1274 sacri
2589 1223 2670 1285 l4,
2725 1223 2812 1286 η.
2854 1239 2993 1292 quos
3059 1225 3173 1294 ipse
3231 1226 3428 1296 Tyrius
3491 1227 3622 1283 dicit
3688 1242 3718 1282 ε
3767 1227 3973 1284 Gracia

2395 1315 2656 1382 appellari
2716 1315 2999 1370 cancellos.
3049 1317 3245 1374 Petrus
3298 1318 3599 1388 Gregorius
3655 1321 3973 1389 suspicatur

2393 1406 2623 1460 subesse
2685 1410 2987 1464 Illetttlllltl:
3047 1410 3232 1463 forsan
3291 1412 3437 1465 enim
3488 1412 3712 1482 scripsit
3768 1414 3971 1484 Tyrius

2393 1500 2673 1562 catacelos,
2704 1511 2761 1554 ut
2799 1512 2983 1556 rectus
3005 1503 3076 1557 sit
3100 1505 3429 1574 κατάκηλος,
3467 1507 3769 1575 κατάκη).οι
3802 1522 3831 1560 a
3872 1526 3971 1560 xa-

2394 1594 2661 1659 τακη).ἐω,
2706 1596 2850 1662 quod
2907 1605 2992 1650 est
3044 1599 3365 1664 permulceo,
3400 1599 3670 1651 suat-itote
3728 1600 3968 1652 animum

2394 1684 2607 1745 delinio,
2646 1684 2771 1739 hinc
2796 1686 3233 1755 κατακηλητικός
3265 1691 3367 1740 vim
3393 1689 3720 1743 demulcemli
3751 1690 3969 1743 habens.

2396 1772 2458 1828 Et
2496 1790 2596 1828 cur
2637 1791 2743 1830 non
2803 1778 2926 1830 hinc
2960 1779 3148 1831 itidem
3180 1780 3531 1849 κατάκηλοςῖ
3568 1782 3696 1836 illud
3728 1784 3959 1837 alterum

2330 1865 2365 1914 ll
2396 1867 2633 1920 erit-cllas
2694 1870 2889 1921 format
2932 1870 3126 1922 Petrus
3188 1871 3484 1939 Gregorius
3515 1873 3667 1939 παρὰ
3703 1872 3760 1925 τὸ
3797 1874 3963 1938 εὐκή-

2392 1958 2515 2019 λους
2546 1980 2556 2012 :
2596 1962 2698 2015 hoc
2727 1964 2873 2014 enim
2940 1964 3161 2016 nomine
3221 1964 3538 2030 signilieant
3565 1965 3736 2020 Graeci
3767 1976 3968 2020 stantes

2392 2050 2501 2102 sine
2535 2065 2693 2115 motu,
2748 2055 3158 2118 quietos;hiuc
3214 2062 3355 2123 apud
3422 2056 3715 2111 Hesiodum
3773 2060 3969 2121 πόντος

2394 2142 2661 2208 ἀπήμων,
2696 2143 2947 2212 εὔκηλος.
3003 2144 3107 2199 Sed
3164 2146 3276 2200 haec
3317 2148 3449 2201 nihil
3477 2149 3541 2200 ad
3572 2153 3972 2206 cxocatacmlos

2396 2247 2612 2289 nostros
2642 2234 2866 2297 faciunt,
2894 2239 3007 2291 sive
3048 2240 3137 2291 isti
3163 2239 3362 2293 crirelli
3385 2258 3411 2293 a
3442 2241 3501 2296 P.
3536 2241 3800 2310 Gregorio
3830 2245 3965 2297 alla-

2396 2327 2431 2377 ti
2469 2327 2761 2395 aliquando
2799 2327 2852 2381 in
2912 2345 3094 2384 rerum
3134 2343 3328 2385 natura
3373 2334 3723 2392 exstiterint.
3752 2336 3867 2390 sive
3896 2351 3966 2391 ex

2395 2422 2617 2473 cerebro
2651 2421 2838 2474 eximii
2874 2422 3021 2476 illius
3051 2424 3415 2491 jurecnnsulti
3448 2429 3696 2495 prognati
3731 2427 3961 2491 fuerint,

2397 2519 2454 2561 ut
2488 2526 2587 2581 ego
2648 2514 2868 2581 quidem
2929 2516 3219 2569 existimo:
3277 2518 3561 2588 legendum
3622 2522 3765 2575 enim
3817 2522 3963 2585 apud

2402 2602 2624 2671 Tyrium
2681 2608 2967 2671 cancellos,
3010 2607 3062 2661 id
3092 2619 3175 2661 est
3224 2613 3516 2679 synccllos,
3544 2611 3788 2679 ejusdem
3822 2614 3973 2669 cella

2395 2698 2577 2749 soi-ins
2610 2708 2661 2749 et
2688 2698 3049 2754 habitatores.
3100 2700 3165 2755 Et
3215 2718 3417 2771 nupera
3452 2704 3619 2758 editio
3665 2704 3811 2775 Tyrii
3844 2722 3974 2776 syn-

2398 2788 2565 2840 cellos
2618 2791 2859 2853 exhibet,
2910 2794 3128 2846 tametsi
3166 2796 3313 2863 prior
3362 2796 3450 2849 illa
3483 2798 3644 2850 lectio
3682 2799 3875 2851 melior
3910 2811 3969 2852 et

2400 2883 2686 2946 scriptura:
2708 2882 2935 2949 \ulgatte
2965 2887 3186 2953 propior
3214 2888 3303 2941 sit.
3341 2887 3489 2941 Adde
3525 2890 3802 2944 (‘OIlCL'ullS
3834 2894 3973 2948 istos

2405 2970 2575 3027 fuisse
2622 2974 2909 3044 episcopos
2940 3017 2952 3041 ,
2992 2981 3204 3033 tametsi
3258 2981 3654 3050 sull'raganeos,
3685 2993 3741 3035 ut
3772 2982 3973 3054 Tyrius
4048 2968 4051 2971 Α

2402 3064 2657 3132 appellat.
2692 3064 2754 3117 Et
2784 3070 3141 3123 cxocatecmli
3179 3072 3349 3124 nostri
3383 3088 3488 3125 nou
3526 3087 3682 3129 erant
3719 3079 3965 3147 episeopi

2399 3153 2492 3205 sed
2524 3153 2917 3220 patriarchales
2948 3158 3190 3214 diaconi.
3221 3159 3447 3217 Valeant
3474 3180 3600 3232 ergo
3627 3166 3714 3220 ἱειί
3750 3170 3970 3237 evirelli,

2403 3245 2634 3299 ann-hac
2667 3246 2921 3310 inauditi,
2958 3248 3267 3321 Tyriusque
3295 3268 3424 3307 suos
3447 3256 3705 3309 cancellos
3737 3257 3974 3315 etCodi-

2404 3353 2506 3391 nus
2539 3353 2668 3393 suos
2701 3346 3074 3396 exocatermlos
3110 3346 3364 3400 retineat.

2472 3429 2668 3485 Nescio
2696 3445 2762 3484 an
2794 3433 3023 3487 audeam
3047 3450 3349 3504 proponere
3365 3438 3739 3505 conjecturam
3771 3456 3971 3513 meam,

2404 3536 2565 3587 quam
2595 3521 2687 3574 diu
2726 3521 2836 3591 jam
2897 3539 3127 3593 premo:
3170 3528 3261 3581 sed
3297 3540 3597 3596 promatur.
3625 3534 3975 3601 quandoqui-

2404 3613 2525 3664 dettl
2587 3613 2790 3666 nullius
2860 3616 3104 3682 periculo
3154 3630 3452 3684 premetur.
3505 3620 3646 3686 Quid
3706 3626 3749 3677 si
3804 3627 3969 3680 unica
4017 3655 4025 3661 -

2406 3704 2643 3755 Iitterula
2681 3713 2885 3758 mutata
2922 3706 3169 3773 legamus
3196 3710 3676 3775 ὲξωκατάκοιτοιῖν
3715 3718 3803 3783 qui
3833 3720 3969 3784 [oris

2404 3789 2698 3855 dormiunt,
2745 3795 2835 3861 qui
2886 3793 3019 3860 feris
3053 3799 3267 3858 cubant.
3333 3816 3440 3853 non
3490 3802 3542 3854 in
3571 3806 3970 3870 patriai-clleo:

2404 3879 2531 3931 olim
2561 3894 2795 3951 namque
2829 3886 3083 3952 proprias
3110 3888 3378 3941 ecclesias
3402 3891 3886 3959 administrabant,
3916 3906 3975 3951 et

2405 3969 2485 4022 sic
2516 3986 2612 4024 sua
2681 3974 2957 4028 domicilia
3021 3986 3174 4029 extra
3231 3994 3441 4048 magna
3492 3984 3737 4037 ecclesiae
3773 3986 3978 4043 limites

2415 4061 2746 4125 incolebant,
2803 4066 2856 4119 in
2920 4067 3095 4134 iisque
3135 4070 3372 4138 quietem
3422 4076 3726 4142 capiebant.
3781 4076 3973 4133 Canon

2409 4154 2701 4210 Trullanus
2738 4157 2808 4211 46
2837 4158 2904 4212 de
2959 4161 3290 4216 monislihus
3322 4179 3334 4215 :
3372 4165 3656 4228 Παντιλῶς
3691 4170 3747 4222 δὲ
3785 4172 3981 4236 αὑταῖς

2408 4245 2719 4311 ὲξωκοιτεῖν
2756 4249 2855 4301 οὐκ
2889 4249 3086 4312 ἔξεστι.
3123 4251 3226 4307 Ubi
3279 4253 3520 4311 Zonaras
3554 4260 3777 4313 Graecus
3812 4262 3985 4316 inti-r-

2408 4352 2531 4406 pres
2558 4356 2570 4391 :
2606 4339 2710 4391 Kal.
2766 4340 2898 4409 μηδὲ
2926 4342 3031 4407 ἔξω
3057 4344 3157 4411 τῆς
3190 4346 3361 4412 μονῆς
3408 4347 3507 4413 τὴν
3529 4351 3697 4403 νύκτα
3730 4351 3941 4417 διάγειν
3964 4368 3980 4383 ο

2410 4428 2567 4481 τοῦτο
2592 4433 2701 4500 γὰρ
2737 4432 2798 4483 τὸ
2849 4433 3180 4495 ἑξωκοιτιίν.
3254 4437 3597 4492 Probabilior
3658 4442 3983 4496 redderetur

730 4538 799 4593 Ut
821 4536 982 4590 ,Ιιιιιὶο
1014 4536 1256 4589 suaviter
1288 4536 1351 4590 de
1383 4536 1606 4590 vallibus
1640 4550 1691 4589 et
1726 4537 1789 4590 de
1826 4538 2058 4591 ecclesiis
2096 4540 2147 4591 in
2195 4540 2305 4592 edi-
2333 4547 2415 4608 D‘

2289 4522 2751 4608 .Dconjectura.
2812 4525 2856 4579 si
2910 4525 3377 4590 ἐξωκατακοιπεῐν
3426 4531 3717 4599 legeretur.
3776 4533 3974 4588 Verum

729 4634 862 4682 tiore
896 4632 1006 4681 loco
1032 4628 1179 4695 Cpoli
1206 4644 1406 4694 semper
1443 4629 1727 4681 exstructis
1763 4629 2172 4699 pthOSOphanti
2210 4646 2301 4683 as-

730 4724 956 4780 Srutiar,
985 4720 1330 4773 committere
1356 4734 1463 4771 non
1503 4736 1749 4787 possunt.
1780 4719 1881 4773 Sed
1934 4736 2056 4775 eum
2103 4722 2196 4789 qui
2240 4737 2305 4775 ex

730 4814 1099 4870 exoratnraelis
1135 4813 1290 4866 nobis
1327 4812 1609 4867 catacazlus
1646 4813 1919 4882 procudit,
1985 4812 2173 4867 falsam
2222 4815 2308 4867 iti—

730 4910 852 4961 dem
887 4908 1301 4975 originationem
1339 4906 1604 4959 fabricare
1664 4922 1761 4961 nec
1802 4908 2045 4962 insolens
2087 4924 2183 4961 nec
2212 4924 2308 4961 no-

733 5018 857 5053 vum
918 5001 1086 5053 videri
1144 5001 1345 5061 debet,
1405 4998 1558 5064 cujus
1615 4997 1823 5053 falsitas
1872 5000 2051 5052 cuivis
2102 5001 2307 5067 absque

736 5108 884 5145 mora
921 5092 1212 5153 subolebit,
1267 5090 1358 5156 qui
1410 5091 1522 5143 haec
1580 5088 1727 5141 Junii
1776 5092 1933 5142 verba
1975 5106 2097 5141 eum
2136 5105 2297 5142 sensu

737 5184 1081 5254 perpenderit
1110 5200 1123 5235 :
1170 5181 1421 5235 Mnxima'
1452 5182 1680 5235 ecclesiis
1702 5193 1929 5249 prwerat
1966 5183 2300 5249 patriarcha,

734 5276 946 5344 reliquis
976 5290 1212 5341 pastores
1242 5277 1351 5338 sui,
1382 5275 1471 5343 qui
1500 5276 1805 5327 dicebantur
1854 5275 2114 5335 catucaeli,
2163 5275 2305 5328 κατὰ

737 5371 835 5431 τὰς
887 5369 1136 5428 κωλάδας
1193 5360 1389 5435 singuli
1445 5380 1840 5419 commoventes.
1888 5366 2105 5419 SriliCet
2151 5365 2303 5435 Cpoli

740 5476 929 5515 oznnrs
978 5461 1197 5529 parochi
1255 5460 1561 5512 habitabant
1626 5460 1676 5513 in
1734 5461 1982 5521 vallibus,
2038 5459 2216 5512 nullus
2250 5459 2301 5512 in

739 5554 1039 5605 excelsiore
1067 5552 1216 5603 urbis
1253 5550 1411 5619 119
1444 5554 1561 5605 loco
1593 5570 1603 5604 τ
1632 5552 1869 5620 alioquin
1904 5550 2125 5601 Juuinni
2157 5560 2306 5602 rata-

741 5647 852 5697 sa'fi
903 5660 1095 5697 nomen
1135 5645 1271 5696 tueri
1336 5660 1439 5695 non
1499 5644 1820 5710 potuissent.
1872 5643 1978 5695 Nec.
2020 5644 2199 5711 plures
2254 5643 2304 5693 in

744 5750 890 5790 tanta
952 5738 1169 5791 civitate
1225 5738 1444 5803 parochi
1492 5749 1642 5790 erant
1707 5753 1867 5805 quam
1930 5738 2173 5804 quinque.
2217 5746 2310 5789 aut

739 5844 1014 5880 somnum
1054 5841 1407 5881 sexztmuteu
1452 5828 1593 5879 enim
1652 5826 1891 5878 ratnrwli
1940 5842 2052 5888 seu,
2110 5835 2165 5878 ut
2213 5840 2311 5880 nos

2410 4615 2559 4683 prior
2591 4632 2808 4685 quoque
2833 4619 2996 4673 lectio
3030 4622 3329 4690 suspicioni
3366 4638 3565 4678 nosu-a:
3600 4627 3804 4694 aliquid
3838 4631 3987 4683 veri-

2408 4708 2784 4764 similitudinis
2843 4712 3139 4777 conciliat;
3180 4713 3447 4783 longeque
3514 4718 3633 4783 plus
3672 4718 3978 4773 fulcimenti

2410 4801 2587 4853 adhuc
2618 4804 2919 4865 accederet,
2957 4803 3001 4859 si
3036 4804 3238 4873 aliquis
3267 4820 3367 4858 ms.
3403 4809 3572 4861 tolles
3602 4808 3978 4872 ὲξωκατακοι-

2411 4904 2535 4949 τους
2569 4890 2722 4944 uobis
2782 4902 3218 4960 reprresentaret.
3276 4896 3430 4963 Apud
3468 4897 3711 4952 Nieetam
3770 4899 3821 4952 in
3861 4900 3978 4955 Vita

2412 4979 2603 5048 lgnatii
2638 4982 2753 5051 lege
2800 4986 2959 5040 Λέων
2985 4988 3011 5037 ὁ
3069 4989 3407 5055 καλούμενος
3458 4992 3791 5055 κατακοίλας
3828 5011 3841 5047 :
3884 4996 3981 5049 sed

2410 5073 2541 5125 nihil
2569 5076 2649 5127 hic
2680 5078 2742 5126 ad
2769 5077 3080 5131 rhombum.
3112 5077 3377 5148 Temme
3411 5079 3604 5134 Leonis
3636 5084 3902 5146 Armenii,
3929 5094 3985 5139 et

2407 5176 2530 5219 :mte
2562 5168 2770 5229 itide.n,
2805 5169 2989 5222 clerici
3012 5171 3237 5237 palatini
3269 5189 3376 5223 non
3406 5188 3457 5224 ιιι
3486 5175 3688 5245 palatio
3723 5176 3814 5228 sed
3843 5178 3980 5229 toris

2410 5258 2464 5314 in
2487 5259 2710 5329 privatis
2739 5261 2946 5315 aedibus
2968 5264 3476 5329 commorabsntur,
3502 5276 3556 5318 et
3583 5267 3738 5319 tertia
3760 5266 3982 5321 circiter

2413 5354 2597 5421 vigilia
2632 5354 2806 5407 noctis
2838 5356 2900 5408 ad
2938 5355 3356 5424 Elephantiuam
3392 5358 3655 5427 (portam)
3683 5374 3983 5430 congrega-

2417 5447 2637 5511 bantur,
2672 5448 2907 5516 indeque
2937 5449 3002 5502 sd
3040 5450 3648 5505 ecclesiatnabilnmtet
3687 5455 3983 5509 tuatutinas

2418 5554 2606 5609 preces
2651 5541 2759 5593 Deo
2795 5542 3196 5609 persolvebant,
3242 5554 3297 5594 ut
3328 5544 3518 5597 scribit
3544 5542 3784 5598 Joannes
3815 5549 3988 5598 (ῥυτο-

2419 5635 2590 5700 palata
2617 5635 2666 5686 in
2701 5633 2878 5687 Leone
2917 5635 3196 5688 Armenio.
3234 5636 3423 5688 Postea
3460 5637 3511 5688 in
3560 5637 3680 5690 aula
3716 5653 3811 5690 seu
3840 5643 3986 5706 regia

2422 5730 2760 5790 habitarunt,
2816 5747 2880 5784 eo
2932 5734 3074 5798 quod
3142 5733 3301 5801 120
3360 5730 3984 5787 interfectoresLeonis

2426 5823 2664 5876 Armenii
2703 5833 2860 5878 nocte
2902 5820 3215 5878 Natis‘itatis
3254 5826 3465 5880 Domini
3528 5826 3610 5881 his
3642 5828 3853 5880 clericis
3890 5834 3989 5880 ιιιι-
