4266 6438
311 385 408 449 127

1389 382 1783 447 GRETSEBI
1827 388 1917 446 ΕΤ
1946 391 2181 449 ΟΟΛΒΙ
2227 392 2466 455 NOTAE.

3439 409 3536 475 l28

307 513 356 547 ιιι
413 497 516 548 alia
571 496 777 564 quaevis
821 496 888 550 ad
942 496 1237 551 monachos
1308 501 1609 566 spectantia
1653 514 1868 553 summo
1903 505 1941 561 Α
1972 500 2203 564 sacellw,
2267 516 2389 571 qua:
2422 504 2570 557 circa
2611 505 2867 560 saccilam
2917 518 3243 578 occupatur.
3279 513 3530 582 Alioquin

307 590 455 639 (‘ulttt
492 588 844 658 prosequitur
875 588 1159 643 orientalis
1192 589 1480 657 ECt‘lL‘Slﬂ),
1510 606 1616 644 non
1646 602 1869 645 veretur

307 681 718 743 auctoritatem,
777 688 832 734 et
863 681 1025 734 ambo
1048 698 1111 735 ex
1140 697 1297 750 aequo
1344 683 1706 750 patriarchatn
1751 685 1868 738 suis

307 772 586 839 obsequiis
610 772 796 825 colunt
830 779 882 824 et
910 772 959 824 ei
995 772 1192 841 injure
1221 772 1456 825 dicundo
1490 772 1827 837 assident.(M
1853 792 1863 824 :

315 863 374 914 '0
425 862 681 913 onusllou
735 864 881 913 ἐστὶν
933 863 1153 933 οἰκέτης
1184 864 1283 931 τῆς
1328 863 1549 933 πρώτης
1581 864 1865 927 πεντάδος,

310 956 531 1017 κρατῶν
559 958 647 1006 καὶ
678 955 779 1021 τὴν
832 956 1087 1025 φυλακὴν
1115 957 1213 1024 τῆς
1250 957 1573 1026 ἐπισκοπῆς,
1607 956 1746 1026 ἔχων
1774 954 1867 1011 οὖν

307 1045 399 1096 καὶ
432 1048 488 1096 ὲν
514 1047 579 1115 τῇ
612 1045 896 1115 ἐπισκέψει
924 1047 1089 1100 αὑτοῦ
1121 1047 1229 1099 τῶν
1274 1049 1649 1119 μοναστηρέων
1678 1067 1871 1117 γυναι-

306 1135 470 1186 κεεων
494 1136 589 1205 τὴν
618 1136 853 1205 σκέψιν.)
884 1135 1055 1191 6οη.

381 1225 466 1298 [Ρ.
496 1228 549 1281 4.
593 1226 704 1292 Τὰς
731 1228 1057 1294 καθολικὰς
1075 1229 1436 1296 ἐκκλησίας.
1470 1228 1719 1283 \‘itorum
1755 1245 1869 1283 mo-

306 1318 540 1372 nasteria
572 1326 626 1371 et
657 1316 710 1372 in
738 1319 816 1373 eis
841 1331 1168 1375 constructae
1200 1322 1446 1376 ecclesiae
1468 1322 1600 1375 viris
1632 1331 1866 1387 tantum,

306 1410 598 1463 mulierum
647 1411 970 1465 mulieribus
1014 1420 1141 1465 sunt
1172 1422 1393 1481 apei'tze.
1434 1412 1507 1467 Ea
1539 1428 1668 1465 vero
1694 1412 1869 1467 eccle—

304 1503 386 1555 sia
411 1517 533 1571 quae
567 1501 697 1556 viris
728 1512 780 1556 et
830 1502 1175 1568 mulieribus,
1210 1505 1401 1573 quales
1434 1518 1562 1559 sunt
1591 1506 1865 1575 put-(nciae,

308 1606 476 1660 putet,
525 1595 785 1664 καθολική
844 1604 946 1651 est.
1002 1595 1207 1651 Auctor
1262 1597 1384 1653 vitae
1434 1595 1539 1653 Nili
1583 1600 1864 1667 junioris:

308 1686 446 1736 Βάλε
469 1686 608 1739 αὐτὰ
648 1687 705 1737 ἑν
735 1688 800 1756 τῇ
837 1687 1100 1757 καθολικῇ
1162 1689 1253 1741 τοῦ
1287 1688 1544 1760 κάστρου.
1597 1686 1869 1760 Interpres

306 1779 484 1846 posuit
525 1778 901 1834 cathedralem.
936 1779 1133 1834 Varum
1168 1797 1274 1835 non
1311 1783 1656 1839 cathedrales
1679 1785 1863 1849 modo,

1976 593 2019 645 si
2054 594 2234 673 omnis
2284 596 2481 665 phylax
2512 607 2657 650 esset
2686 601 3018 662 sacellarius,
3051 604 3213 658 etiam
3270 607 3535 673 opiliones

1973 692 2025 735 et
2057 667 2284 751 caprurii
2330 696 2513 740 essent
2560 687 2851 752 sacellarii,
2895 692 3022 759 quia
3080 702 3212 747 sunt
3268 695 3533 762 φύλακες,

1975 774 2238 837 custodes,
2272 786 2327 828 ut
2362 776 2499 832 alias
2522 778 2887 833 absurditates
2913 790 3135 837 taceam.
3168 785 3370 849 Quodsi
3407 790 3498 856 qui
3526 794 3535 837 I

1971 863 2115 917 aliud
2146 866 2348 919 sacellii
2378 883 2575 922 nomen
2620 870 2893 933 obtinuit,
2928 872 3045 939 ejus
3097 886 3401 931 curatorem
3440 895 3533 934 seu

1970 948 2266 1009 custodem
2302 972 2413 1026 quo
2469 958 2651 1012 minus
2737 961 3079 1014 socc/larium
3126 965 3207 1018 vel
3263 968 3533 1021 sacellium

1971 1046 2207 1114 appt‘lles
2234 1062 2340 1101 non
2364 1048 2606 1117 impedit.
2646 1050 2710 1102 'H
2739 1053 2865 1115 τοὺς
2898 1054 3242 1123 κακούργους
3258 1056 3310 1109 δὲ
3334 1059 3538 1123 φυλάτ-

1970 1154 2137 1191 τουσα.
2213 1144 2589 1212 πατριαρχικὴ
2662 1144 2901 1213 σαχέλὶπλ
2981 1149 3230 1201 ἐντεῦθεν
3277 1152 3371 1201 καὶ
3438 1153 3536 1202 οὐκ

1970 1226 2194 1281 ἄλλοθεν
2254 1231 2697 1299 μετωνόμασται,
2761 1231 2953 1305 ὥσπερ
3012 1236 3075 1303 δὴ
3102 1238 3196 1289 καὶ
3240 1239 3301 1290 τὸ
3331 1241 3534 1297 c.2105.-

1972 1318 2108 1373 )uov.
2137 1319 2341 1376 Gasrs.

2055 1408 2206 1479 [P.4.
2227 1412 2505 1481 Σακέλιν,
2528 1416 2609 1470 vel
2645 1426 2699 1470 ut
2721 1414 2909 1472 scribit
2935 1417 3217 1473 Balsatuon
3245 1422 3532 1494 «axem...

1972 1502 2381 1566 patriarcltalem
2429 1522 2709 1571 carcerem,
2754 1507 2809 1560 iu
2851 1523 2957 1575 quo
3014 1509 3271 1564 nimirum
3301 1514 3533 1571 clericos

1972 1588 2072 1642 sibi
2109 1591 2404 1660 subjectos,
2439 1597 2483 1647 si
2523 1603 2708 1649 sontes
2762 1595 2984 1661 iuerint,
3034 1599 3343 1665 patriarcha
3370 1620 3530 1658 coar-

1973 1690 2069 1735 tat.
2097 1681 2296 1754 Cosa]

2047 1770 2153 1824 Sed
2219 1788 2319 1827 nec
2363 1790 2390 1827 a
2418 1776 2665 1830 custodia
2709 1793 2806 1831 nec
2840 1788 3059 1847 propter
3094 1780 3401 1839 custodiam
3439 1802 3533 1857 pa-

305 1843 399 1923 58,.
434 1878 487 1922 ει
519 1871 770 1939 parmam
808 1871 1046 1924 maxime
1074 1872 1425 1927 ωοηεειειίίε
1480 1883 1867 1941 opponuntur;
1903 1843 1945 1899 Β
1975 1864 2303 1919 triarclticus
2339 1882 2526 1921 carcer
2555 1869 2731 1921 dictus
2765 1878 2848 1923 est
2890 1870 3112 1937 sacella,
3144 1873 3237 1927 sed
3273 1876 3431 1930 aliam
3461 1881 3532 1933 ob

306 1960 604 2015 catholicas
658 1970 837 2014 autem
900 1961 1161 2017 ecclesias
1231 1965 1583 2019 monasteriis
1644 1968 1869 2034 opponit

305 2051 590 2105 Balsamon
645 2054 866 2122 janijaui
927 2055 1119 2117 lectus,
1168 2055 1312 2123 quod
1346 2056 1460 2110 haec
1488 2047 1696 2111 sacellii
1731 2074 1871 2126 pra:-

306 2143 467 2208 l'eCto,
495 2144 615 2199 illas
643 2142 764 2211 (etsi
790 2142 969 2197 minus
997 2143 1226 2214 nobiles)
1250 2158 1346 2200 ceu
1368 2146 1680 2216 praelectum
1707 2162 1869 2216 supe~

305 2236 506 2288 riorem
573 2245 758 2290 nactas
806 2236 1091 2290 saccllurio
1148 2236 1424 2306 subiectas
1448 2248 1680 2294 asserat.
1721 2240 1864 2294 Sunt

306 2325 493 2393 itaque
541 2324 821 2380 catholicae
851 2325 1097 2380 ecclesiae
1138 2326 1340 2379 caedem
1370 2336 1491 2397 qua:
1524 2329 1864 2398 parmciales,

304 2435 425 2472 cum
464 2418 734 2488 plerasque
768 2418 1079 2486 ltujusmo-Jl
1113 2419 1455 2485 reperiantur
1487 2418 1541 2474 in
1567 2421 1701 2474 urbe
1730 2421 1866 2486 ΟΡ..

303 2510 640 2564 cathedralis
665 2509 846 2573 unica,
880 2524 1069 2578 magna
1097 2510 1350 2565 nimirum
1376 2510 1627 2566 ecclesia.
1658 2513 1865 2567 Catho-

304 2599 425 2653 licis
457 2609 510 2653 et
538 2600 856 2654 monasticis
887 2600 1137 2655 ecclesiis
1196 2600 1440 2670 adjungit
1494 2600 1590 2656 Jus
1617 2600 1733 2657 οη.
1767 2603 1864 2657 fol.

301 2692 409 2747 255
442 2694 761 2762 εὖκτηρξους
792 2694 995 2756 οἴκους,
1028 2693 1291 2748 ecclesias
1343 2694 1601 2748 nimirum
1640 2711 1744 2750 non
1775 2696 1867 2750 de-

310 2785 548 2847 dicatas,
578 2794 627 2837 et
671 2783 750 2836 vel
788 2784 840 2838 in
877 2781 1021 2851 agris
1052 2782 1134 2837 vel
1165 2782 1217 2837 itt
1246 2784 1471 2840 urbibus
1501 2786 1711 2840 cunctis
1747 2801 1867 2853 per-

303 2872 439 2939 vias,
471 2882 526 2925 at
564 2874 813 2943 parmcize
854 2874 977 2941 iure
1010 2874 1250 2939 privatas
1282 2892 1294 2927 :
1353 2875 1476 2927 Κᾶν
1520 2877 1863 2945 μοναστήρια

306 2961 430 3029 ὦσι,
466 2967 573 3020 κᾶν
603 2967 892 3037 ἐκκλησίαι
920 2965 1227 3034 καθολικαὶ,
1259 2966 1362 3020 κᾶν
1393 2968 1668 3038 εὐκτὴριοι
1702 2966 1864 3025 cistas.

306 3062 542 3114 Advorte
580 3060 798 3113 demum
850 3070 1129 3113 auctorem
1174 3058 1481 3113 Balsamoni
1518 3060 1725 3113 socium
1760 3072 1864 3113 tam

1973 1969 2234 2019 causam,
2294 1972 2636 2026 quaecunque
2691 1959 2779 2013 illa
2832 1957 3032 2014 fuerit:
3096 1964 3302 2033 alioqui
3353 1970 3532 2023 omnis

1971 2062 2179 2113 carcer,
2215 2057 2482 2116 quatenus
2537 2053 2781 2106 custodia
2809 2063 2893 2106 est
2920 2095 2933 2118 ,
2969 2067 3252 2110 vocaretur
3298 2062 3532 2126 sacella;

1972 2138 2114 2207 quod
2161 2154 2268 2193 non
2319 2149 2401 2194 est
2451 2142 2559 2205 ita;
2597 2142 2738 2196 sicut
2790 2153 2841 2196 et
2885 2145 3025 2213 apud
3071 2145 3377 2204 Germanos
3423 2168 3529 2207 nou

1972 2244 2162 2284 oumes
2196 2246 2463 2297 carceres,
2496 2233 2586 2285 sed
2624 2236 2758 2287 certi
2793 2236 3013 2303 quidam
3052 2248 3315 2294 vocantur
3366 2248 3530 2308 sacci,

1970 2320 2110 2384 sack,
2148 2336 2252 2374 non
2284 2327 2352 2375 ob
2386 2324 2684 2377 custodiam
2718 2328 2961 2394 praecise,
3021 2330 3149 2398 quia
3178 2328 3379 2402 alioqui
3406 2350 3529 2390 Otu-

1973 2426 2066 2465 ucs
2101 2426 2348 2467 carceres
2388 2416 2793 2483 appellarentur
2824 2420 2966 2470 sacci
2991 2459 3005 2483 ,
3033 2422 3159 2489 quia
3187 2438 3377 2480 omnes
3400 2440 3530 2481 stitit

1970 2504 2252 2569 custodiae,
2307 2505 2401 2559 sed
2472 2506 2607 2559 alias
2636 2507 2705 2561 ob
2743 2524 2960 2575 causas,
3002 2527 3139 2581 quas
3171 2516 3406 2572 nominis
3432 2520 3533 2572 im.

1969 2596 2176 2663 positor
2214 2598 2502 2665 spectavit.
2526 2599 2711 2662 Quoad
2748 2617 3060 2667 carcerem,
3090 2606 3300 2661 sacella:
3332 2627 3527 2666 nomen

1972 2688 2218 2740 tulerunt
2278 2688 2546 2756 virginum
2621 2693 2972 2755 monasteria,
3019 2709 3142 2748 cum
3194 2699 3304 2752 sint
3372 2707 3528 2769 quasi

1968 2777 2187 2844 quidam
2230 2795 2497 2843 carceres,
2552 2783 2677 2848 quia
2727 2785 2855 2836 nulli
2890 2789 3067 2853 egredi
3108 2789 3234 2844 licet
3268 2793 3371 2847 nisi
3413 2812 3534 2864 gru-

1969 2869 2191 2921 vissima
2234 2880 2458 2938 urgente
2488 2886 2676 2934 causa,
2704 2889 2799 2927 nec
2833 2878 2950 2928 sine
2982 2878 3211 2933 honesto
3242 2886 3526 2945 comitatu.

1968 2959 2059 3023 qui
2094 2959 2295 3013 ducant
2320 2970 2371 3013 et
2396 2963 2677 3025 reducant,
2708 2974 2763 3015 ut
2791 2967 3102 3034 praecipitur
3143 2971 3193 3023 in
3232 2972 3300 3026 46
3323 2990 3531 3030 canone

1969 3050 2241 3104 Trullano.
2281 3050 2343 3104 Et
2383 3052 2487 3106 huc
2514 3064 2757 3122 spectant
2782 3056 2868 3109 illa
2916 3059 3034 3127 que
3064 3064 3115 3113 in
3155 3061 3528 3135 Turcogrecia

308 3152 550 3205 \it'orum
606 3166 766 3219 quam
823 3151 1113 3204 mulierum
1172 3152 1501 3205 monasteria
1553 3153 1861 3215 sacellario,
1898 3168 1939 3226 (ς
1973 3157 2024 3209 Ρ·
2054 3143 2157 3196 9-οὸ
2192 3160 2253 3196 ex
2284 3148 2601 3212 Angustauo
2636 3165 2735 3201 ms.
2766 3148 3116 3220 Pachymeris
3143 3158 3331 3212 codice
3358 3161 3529 3214 aduo-

307 3259 626 3298 conimuncs
659 3259 784 3298 vero
813 3243 1071 3298 ecclesias
1100 3243 1205 3297 CP.
1242 3252 1482 3310 repertas
1516 3244 1696 3298 sacelli
1739 3262 1869 3311 pra:-

308 3336 448 3389 l'ccto
482 3335 744 3403 regendas
770 3336 1030 3400 tribuere,
1064 3333 1222 3404 124
1248 3333 1515 3387 Allatiana
1546 3349 1671 3386 vero
1701 3334 1869 3386 sacel-

310 3428 443 3480 lario
477 3427 669 3487 virilia,
704 3426 855 3480 alteri
891 3427 1120 3481 fertiinca
1155 3429 1447 3496 deputare;
1487 3443 1605 3495 qua
1650 3427 1865 3496 quidem

307 3519 523 3572 diversa
549 3518 695 3581 licet,
722 3529 940 3584 potuere
968 3527 1144 3570 tamen
1178 3519 1283 3572 alio
1304 3527 1356 3572 et
1380 3518 1488 3571 alio
1511 3519 1671 3572 modo
1704 3520 1869 3571 variis

308 3613 643 3678 temporibus
686 3612 920 3677 disponi.
955 3606 1156 3679 Cone]

380 3701 436 3753 lu
474 3699 852 3765 Turcogrmcia
907 3695 1161 3751 subditur
1188 3698 1288 3750 alia
1321 3713 1476 3761 cura,
1508 3715 1701 3765 nempe
1735 3714 1865 3765 sup-

310 3793 505 3863 plicum
527 3800 578 3843 et
609 3787 1039 3857 confugientium
1081 3788 1146 3841 ad
1178 3788 1487 3842 ecclesiam.
1524 3790 1732 3843 interea
1760 3806 1865 3843 non

306 3885 637 3953 expungitur
695 3895 826 3935 cura
891 3882 1107 3949 proprie
1157 3880 1284 3933 dicti
1330 3880 1583 3946 sacellii;
1647 3882 1864 3934 tametsi

311 3976 493 4029 nescio
520 3987 681 4042 quam
709 3985 830 4025 vere
855 3969 1235 4039 Tureograccia
1270 3972 1370 4025 hoc
1416 3989 1615 4028 munus
1641 3974 1865 4026 sacellto

308 4065 659 4127 transcribet,
699 4077 822 4115 cum
868 4062 1068 4115 ibidem
1116 4062 1273 4130 paulo
1319 4073 1439 4131 post
1490 4064 1629 4116 idem
1667 4080 1869 4117 munus

308 4156 547 4224 assignet
576 4157 910 4221 protecdico,
966 4154 1093 4214 τοὺς
1124 4153 1451 4221 πρόσφυγας
1484 4155 1865 4223 ἀναδέχεσθαι,

306 4249 659 4316 confugientes
689 4247 755 4297 ad
781 4244 1053 4297 ecclesiam
1091 4247 1316 4310 recipere
1339 4284 1353 4307 ,
1387 4255 1443 4295 ut
1472 4246 1867 4313 interpretatur

307 4342 697 4409 'l‘urcograrcus
718 4337 965 4389 Crusius.
991 4335 1121 4389 Ulut
1150 4337 1237 4396 sit,
1260 4338 1284 4386 ὁ
1309 4334 1589 4388 σακε).λίου
1617 4350 1646 4389 a
1678 4336 1869 4388 minori

307 4432 499 4487 sacello
527 4430 830 4499 pecuniaria
858 4444 943 4481 seu
959 4428 1150 4480 aerario
1183 4442 1378 4481 nomen
1414 4427 1594 4489 habet,
1625 4429 1869 4494 utmajor

1976 3240 2157 3284 tantur
2185 3248 2197 3283 :
2237 3232 2405 3294 Οὗτος
2426 3235 2496 3301 -(ὁ
2535 3237 2710 3304 μέγας
2744 3242 3125 3313 σακε>,λὰριος)
3156 3247 3408 3317 ἐπιτηρεῖ
3433 3253 3530 3313 τὰς

1973 3323 2125 3392 ἱερὰς
2187 3325 2473 3388 oaxen“,
2526 3328 2771 3395 δηλονότι
2828 3333 2894 3384 τὰ
2929 3340 3217 3396 γυναικεῖα
3253 3344 3527 3412 pavoni)-

1972 3433 2083 3487 μα.
2130 3414 2184 3469 Si
2212 3418 2334 3484 quis
2364 3420 2433 3470 ob
2465 3420 2779 3487 hujusmodi
2824 3426 3054 3480 sacellas
3089 3442 3275 3482 earum
3311 3442 3529 3487 curato-

1971 3522 2084 3560 rem
2118 3508 2247 3560 velit
2276 3522 2490 3576 quoque
2514 3513 2784 3565 sacellarii
2820 3518 3284 3575 nomenclaturam
3312 3526 3519 3589 tulisse,

1970 3607 2090 3647 cum
2131 3597 2230 3649 lzoc
2269 3612 2373 3649 non
2426 3602 2699 3666 pugnabo,
2736 3603 3032 3659 dummodo
3071 3623 3176 3661 non
3209 3612 3411 3666 abnuat
3433 3632 3525 3669 sa-

1970 3689 2251 3740 cellarium
2319 3689 2575 3756 primario
2661 3696 2998 3751 nominatum
3052 3700 3211 3770 125
3264 3708 3526 3760 asacello

1972 3779 2281 3845 pecuniaria
2309 3796 2403 3835 seu
2423 3784 2488 3837 ab
2510 3786 2725 3850 :erario,
2755 3798 2811 3840 ιιι
2835 3804 2994 3855 supra
3021 3794 3273 3849 diximus.
3304 3794 3360 3850 S.
3389 3800 3499 3853 Ana
3518 3831 3530 3839 -

1968 3878 2171 3923 stastus
2199 3870 2406 3926 Sinaita
2439 3876 2489 3927 in
2521 3891 2620 3929 suo
2645 3876 2863 3949 Hadr-30
2890 3882 3023 3936 dicit
3047 3886 3382 3940 sacellarium
3408 3906 3527 3944 es“:

1969 3974 2164 4012 nomen
2206 3961 2525 4031 Syriacum:
2570 3967 2804 4019 adusti:
2860 3972 2971 4038 γὰρ
3004 3973 3061 4023 τὸ
3092 3974 3345 4043 δέχεσθαι
3377 3981 3529 4051 εἴρῃ-

1969 4066 2075 4113 τζι,
2108 4069 2229 4104 ηαηι
2288 4056 2480 4108 sacella
2509 4068 2586 4109 est
2626 4066 3030 4128 receptaculum,
3069 4083 3098 4116 α
3130 4070 3423 4136 recipiendo
3455 4075 3528 4125 sic

1968 4141 2185 4197 dictum.
2215 4143 2323 4198 Nec
2356 4146 2553 4199 mirum
2582 4166 2791 4201 saccum
2826 4163 2879 4203 et
2909 4155 3163 4206 sacellum
3194 4172 3385 4214 omnes
3422 4163 3523 4216 liii-

1969 4248 2100 4300 guas
2129 4246 2444 4303 pervagatos
2474 4238 2637 4292 etiam
2681 4242 2733 4292 in
2768 4242 3040 4311 Syriacam
3070 4247 3381 4317 irrepsisse.

2038 4325 2113 4377 Ex
2147 4326 2230 4379 his
2260 4343 2379 4395 qua:
2409 4332 2667 4386 hactenus
2693 4335 2834 4387 dit-tu
2858 4376 2870 4397 ,
2911 4336 3069 4391 facile
3100 4341 3203 4394 erit
3246 4344 3513 4409 juzlicittut

1973 4412 2148 4467 facere
2198 4431 2363 4482 quam
2418 4433 2541 4471 vera
2598 4421 2708 4474 sint
2755 4438 2876 4491 qua:
2911 4426 2975 4479 tle
3014 4430 3299 4484 sacellario
3358 4445 3410 4488 et
3460 4440 3526 4490 tlt'.

304 4520 613 4575 malum“
652 4536 681 4567 α
717 4517 917 4584 mal-0,8
978 4515 1191 4576 “neua.
1253 4530 1358 4568 ηοη
1390 4516 1648 4579 aliunde;
1687 4532 1861 4586 neque
1897 4512 1944 4569 ι)
1973 4506 2221 4574 prmfecto
2275 4511 2461 4561 sacelli
2518 4511 2712 4567 Junius
2778 4530 3176 4573 commentatur
3229 4539 3280 4591 ι».
3319 4527 3425 4582 2-ιό
3474 4541 3527 4584 ut

309 4612 430 4664 talis
487 4609 801 4661 nominatur
868 4606 966 4658 nisi
1014 4615 1264 4673 respectu
1324 4607 1390 4659 azl
1428 4622 1615 4660 curam
1662 4609 1866 4662 sacelli.

307 4704 487 4768 Quare
516 4716 621 4752 non
649 4700 781 4750 satis
815 4712 1079 4763 assequor
1126 4697 1270 4763 quod
1305 4695 1593 4749 Balsamon
1630 4696 1864 4749 allirmat

310 4796 359 4845 itt
389 4792 575 4845 Melete
625 4804 720 4843 sua
763 4790 829 4842 de
862 4788 1285 4855 cliurtupltyluce
1312 4795 1365 4839 ct
1422 4788 1734 4855 protccdico
1758 4806 1771 4840 :
1795 4789 1868 4840 Τὸ

311 4881 575 4934 σὰκε).).ον
634 4878 787 4947 παρὰ
842 4877 1135 4945 Ῥωμαίοις
1190 4871 1519 4946 εἶναιπαρὰ
1568 4878 1626 4929 τὸ
1649 4878 1869 4930 διοικεῖν

310 4978 405 5026 καὶ
460 4973 772 5039 φυὶάττειν.
814 4971 922 5021 Aut
969 4970 1112 5023 enim
1179 4968 1418 5036 loquitur
1470 4967 1755 5023 Balsamon
1807 4974 1868 5024 .le

309 5064 648 5119 derivatione
703 5063 881 5125 vocis;
922 5070 976 5115 et
1033 5072 1161 5114 tunc
1219 5062 1501 5112 σακέ).λιον
1556 5079 1658 5114 non
1696 5065 1866 5129 magis

308 5167 390 5211 est
419 5157 571 5221 παρᾶ
603 5154 664 5205 τὸ
690 5155 910 5204 διοικεῖν
947 5154 1039 5203 καὶ
1078 5152 1365 5219 φυλάττειν
1397 5168 1557 5219 quam
1622 5154 1772 5220 παρὰ
1807 5157 1866 5205 τὸ

311 5249 535 5299 τύπτειν
560 5245 649 5296 καὶ
672 5243 962 5312 μάχεσθαι.
999 5242 1106 5293 Aut
1128 5242 1369 5308 loquitur
1392 5242 1456 5295 tle
1474 5243 1865 5309 signiﬁcatione

311 5352 542 5394 vocum;
578 5345 631 5387 et
668 5345 791 5386 tunc
826 5350 1012 5386 verum
1056 5343 1141 5385 est
1170 5334 1476 5399 prafectum
1517 5335 1731 5386 sucellio
1769 5353 1861 5387 seu

306 5425 646 5482 sacellarium
672 5440 789 5477 esse
818 5424 1091 5491 διοικητὴν
1123 5423 1215 5474 καὶ
1236 5424 1468 5489 φύλακα,
1486 5434 1537 5475 et
1563 5424 1700 5477 hanc
1730 5442 1866 5491 pta:-

309 5520 572 5575 l'ecturam
624 5530 742 5569 esse
776 5515 1045 5580 φυλακὴν,
1100 5515 1416 5565 custodiunt.
1460 5512 1564 5565 Sed
1606 5531 1708 5565 ucn
1750 5515 1867 5565 ideo

312 5612 486 5666 omnis
531 5606 703 5676 φύλαξ
740 5617 817 5658 ρει
874 5604 1217 5667 sacellarius,
1268 5620 1365 5657 nec
1416 5607 1592 5658 cumis
1651 5605 1864 5673 φυλακή

310 5702 548 5752 custodia
576 5695 779 5757 sacelli,
817 5696 909 5746 Sed
945 5696 1032 5746 ille
1085 5706 1292 5747 tantum
1343 5695 1515 5759 φύλαξ
1539 5697 1866 5747 ests-ocellu-

313 5808 440 5855 rtus,
476 5790 562 5842 cui
598 5786 790 5840 sacella
825 5784 1026 5836 credita
1060 5794 1162 5840 est,
1194 5797 1244 5835 ct
1272 5785 1359 5836 illa
1390 5797 1591 5836 tantum
1628 5785 1867 5837 custodia

624 5885 889 5943 l‘sTttuL.
941 5881 1051 5939 Gn.
1092 5880 1316 5940 Cl.\'lI.

1972 4596 2097 4648 946.
2157 4597 2363 4651 Nomen
2429 4611 2505 4653 est
2566 4604 2872 4671 ambiguum
2939 4611 3298 4681 σακελάριος,
3351 4618 3521 4688 inquit

1971 4687 2184 4741 Junius.
2250 4691 2330 4744 Sit
2389 4694 2481 4756 ita,
2534 4698 2975 4764 quandoquidem
3032 4700 3270 4759 Joannes
3321 4687 3527 4765 Cittius

1972 4780 2061 4830 τὸν
2111 4783 2203 4834 ἐπὶ
2257 4782 2356 4850 τῆς
2404 4787 2609 4852 μικρᾶς
2664 4788 2928 4857 σακέλλης
2966 4791 3129 4845 etiam
3184 4798 3520 4853 sacellarium

1974 4870 2238 4934 umninat,
2271 4872 2427 4937 cujus
2461 4876 2613 4941 plura
2660 4876 2798 4930 forte
2830 4883 3076 4947 exempla
3110 4899 3216 4938 non
3254 4891 3521 4959 reperies;

1972 4963 2152 5029 aptius
2198 4964 2444 5018 sacellius
2483 4968 2782 5033 vocabitur,
2834 4972 2877 5024 si
2916 4988 3026 5027 uno
3065 4979 3285 5035 nomine
3330 4998 3525 5037 vocare

1974 5055 2124 5107 velis.
2178 5054 2319 5107 Nam
2354 5058 2504 5111 modo
2535 5075 2877 5125 personarum
2912 5080 3147 5133 respectu
3172 5071 3401 5139 dicitur,
3435 5081 3525 5145 qui

1971 5148 2135 5199 sacris
2169 5147 2465 5201 hominibus
2502 5162 2553 5202 et
2584 5151 2691 5204 Deo
2717 5155 2909 5208 dicatis
2939 5161 3215 5226 prwl’ectus
3242 5177 3340 5223 est.
3373 5171 3524 5221 modo

1970 5251 2144 5286 rerum
2179 5241 2552 5304 locorumque;
2579 5254 2703 5309 puta
2752 5247 2794 5297 is
2827 5249 2917 5307 qui
2949 5254 3151 5313 templis
3186 5255 3525 5326 domibusque

1970 5328 2155 5380 sacris.
2210 5334 2277 5381 At
2323 5333 2350 5382 6
2405 5332 2498 5382 τοῦ
2527 5334 2811 5388 σακεὶᾶιίου
2870 5348 2975 5390 non
3016 5345 3175 5396 modo
3226 5346 3521 5411 parietibus

1972 5419 2297 5485 templorum
2346 5434 2595 5487 praeerat,
2657 5427 2749 5479 sed
2802 5438 2855 5480 et
2901 5432 3043 5482 clero
3077 5436 3143 5486 ad
3180 5434 3270 5489 illa
3325 5442 3521 5507 templa

1972 5512 2282 5575 pertinenti,
2319 5524 2369 5564 et
2399 5515 2843 5589 confugientibus
2873 5538 3093 5591 quoque
3141 5526 3205 5578 ad
3245 5530 3333 5581 illa
3381 5541 3516 5585 tetu-

1974 5603 2056 5667 pla
2098 5618 2109 5653 :
2152 5606 2250 5655 hoc
2282 5606 2426 5656 cuitu
2478 5618 2561 5659 cst
2593 5602 2818 5676 κρατεῖν
2845 5612 2946 5673 τὰς
2997 5614 3294 5679 καθολικὰς
3328 5620 3524 5691 ἐκκλη-

1972 5695 2116 5755 σίας.
2180 5695 2318 5762 Ergo
2366 5708 2418 5749 ct
2459 5701 2484 5749 ὁ
2521 5700 2611 5749 τοῦ
2656 5703 2944 5754 muenia-4
2979 5724 3082 5757 non
3137 5711 3299 5763 modo
3337 5712 3390 5766 in
3434 5732 3521 5770 res

1971 5798 2023 5840 et
2054 5788 2191 5852 loca,
2228 5791 2316 5843 sed
2369 5802 2420 5843 et
2475 5791 2526 5844 in
2572 5808 2828 5860 personas
2882 5798 2970 5863 jus
3006 5800 3208 5863 habuit,
3262 5820 3413 5872 u-qnc
3453 5824 3516 5862 ac

3133 5896 3169 5953 ὃ
