4266 6438
679 344 772 410 143

1752 348 1823 403 ΙΝ
1876 344 2165 404 ΗΒΒίΙλΙ
2215 340 2309 400 DE
2349 335 2677 397 OFFICIIS
2719 336 2823 395 Cl’.

3804 331 3904 395 ΗΔ

674 461 920 527 ἀρχιερεῖ
948 459 1228 528 ἀναφέρει.
1261 458 1407 511 Adde
1430 460 1573 525 (cum
1609 460 1685 525 Μ)
1716 477 1726 510 :
1760 457 1849 510 Ἐν
1886 460 1948 527 τῇ
1990 458 2116 527 ἁγία
2149 474 2241 524 με-
2272 463 2314 517 Α
2347 468 2359 505 ι

2218 485 2241 494 -
2272 463 2314 517 Α
2347 451 2521 512 mode,
2556 448 2656 501 nisi
2719 447 2903 501 forsan
2948 446 3249 514 refragetur
3296 445 3565 516 judicium
3614 447 3780 514 illius,
3813 453 3903 520 qui

674 553 902 620 τιιήψει
923 553 1085 615 αὐτὸς
1110 554 1275 619 λέγει,
1309 570 1327 601 ι
1352 552 1560 621 Ἰερείς,
1588 553 1965 619 προσέλθετε.»
2000 551 2153 601 Ἕσῖι
2176 550 2233 601 δέ

676 647 770 696 καὶ
796 647 860 696 ἐκ
901 645 1196 713 προσώπου
1228 645 1525 713 ἀρχιερέως
1558 649 1634 706 εἰς
1672 648 1852 697 πᾶσαν
1884 643 2064 713 κρίσιν
2100 644 2238 694 διδόν

677 756 763 788 ναι
792 739 885 797 τὰς
919 735 1244 803 ἀποφάσεις.
1287 736 1421 790 Hinc
1446 738 1566 804 ejus
1602 736 1861 800 tribunal,
1903 736 1967 787 de
2003 750 2111 803 quo
2140 732 2237 787 ,ιιι-

679 831 752 881 ris
796 828 907 883 Glt.
943 844 994 897 p.
1054 828 1181 891 9.58,
1217 829 1560 897 episcopatus
1614 828 1833 881 nomine
1865 829 2175 881 decoratum
2208 841 2237 879 ει

681 920 1001 974 Iialsatuone
1034 921 1086 974 in
1117 922 1148 974 9
1179 936 1297 973 can.
1333 920 1500 973 Trull.
1554 920 1705 974 Ἐπεὶ
1752 920 1807 972 δὲ
1845 920 1904 971 τὺ
1952 920 2239 988 μεγαλεῖον

677 1012 774 1064 τοῦ
804 1012 1203 1082 πατριαρχικοῡ
1235 1010 1426 1079 θρόνου
1457 1012 1691 1081 διάφορα
1736 1011 1833 1080 μὲν
1858 1012 2092 1080 σέκρετα
2126 1008 2238 1077 ἔχει

681 1102 766 1170 ὑφ’
799 1103 983 1164 ἐαυτὸ,
1015 1104 1102 1154 καὶ
1133 1102 1311 1165 ίδικῶς
1348 1103 1404 1155 δὲ
1436 1103 1745 1171 ὡρίσθησαν
1778 1102 1851 1170 τῷ
1880 1102 2118 1170 σεκρέτῳ
2146 1100 2250 1152 τοῦ»

681 1194 1143 1265 χαρτοφυλακείου
1175 1196 1242 1247 τὰ
1279 1194 1608 1247 ἐπισκοπικά
1649 1194 1860 1258 δίκαια,
1910 1195 2001 1245 καὶ
2040 1194 2065 1245 ὁ
2100 1194 2241 1245 κατά

681 1286 871 1355 καιρὸν
918 1286 1270 1355 χαρτιοιρύλαξ
1322 1287 1534 1354 ἐνεργεῖ
1582 1285 1774 1354 δικαίῳ
1830 1286 1972 1338 κατὰ
2014 1286 2242 1353 καιροὺς

680 1377 981 1436 ἀγιωτάτου
1014 1376 1347 1445 πατριάρχου
1368 1376 1545 1427 πάντα
1570 1378 1637 1427 τὰ
1665 1376 1840 1442 τούτῳ
1870 1376 2140 1443 ἀνήκοντα
2168 1373 2243 1435 ὡς

683 1467 969 1535 ἐπισκὸπῳ
1000 1464 1271 1533 (άτορίζει
1303 1464 1434 1532 γάρ,
1491 1462 1797 1530 διορθοῦται
1832 1462 2035 1529 ψυχικά
2072 1460 2242 1526 σφάλ-

684 1576 853 1626 ματα,
872 1558 1154 1618 διακόνους
1185 1556 1280 1607 καὶ
1302 1558 1464 1623 ἱερεῖς
1490 1555 1773 1623 ἐπιτρέπει
1795 1550 2242 1622 χειροτονεῖσθαι,

681 1652 751 1702 τά
801 1649 906 1701 τῶν
961 1646 1275 1716 ίερολογιῶν
1329 1646 1562 1698 πινάκια
1627 1645 1926 1705 ἐκτίθεται,
1973 1645 2067 1695 καὶ
2111 1642 2245 1696 ἄλλα

683 1739 908 1792 τοιαῦτά
957 1736 1124 1803 τινα),
1183 1735 1362 1797 καλῶς
1420 1738 1769 1788 ἐπισκοπείον
1818 1735 2151 1803 κληθήσεται
2183 1734 2244 1785 τὸ

2343 558 2425 597 res
2462 553 2672 594 veteres
2714 540 2868 594 novis
2900 538 3125 592 vocibus
3154 538 3524 607 significanter
3553 542 3782 609 exprimi
3808 557 3907 611 pa-

2341 636 2535 688 tienter
2568 629 2710 683 ferre
2745 643 2850 683 non
2890 637 3084 697 potest.
3129 626 3264 680 "inc
3314 629 3763 696 σκευοφυλάκιον,
3813 628 3905 681 ubi

2343 741 2554 783 sacrum
2622 724 3041 777 instrumentum
3117 733 3453 776 asservatur.
3514 721 3698 792 Neque
3757 722 3903 776 enim

2342 816 2589 891 agnoscit
2642 814 2840 869 Suidas
2883 813 3342 883 σκευοφυλακεῖον
3383 816 3769 871 convenienter
3820 830 3904 869 re-

2344 909 2477 975 gulae
2526 920 2659 970 suae,
2716 905 2781 959 de
2827 920 2931 975 qua
2969 915 3285 974 antegresso
3344 907 3522 978 capite
3573 922 3625 977 p.
3685 908 3787 963 {‘25
3825 908 3897 961 in.

2341 1001 2545 1056 Gsers.

2414 1093 2500 1165 [P.
2529 1095 2582 1148 4.
2627 1093 2694 1147 '0
2724 1092 2911 1162 μέγας
2946 1091 3360 1159 σκευοφύλαξ.
3396 1091 3660 1146 Allatiaua
3686 1092 3759 1161 (ct
3786 1091 3857 1158 Μ)
3892 1112 3906 1147 :

2353 1186 2416 1240 '0
2440 1187 2610 1255 μέγας
2641 1184 2985 1250 σκευοφύλαξ
3007 1184 3265 1251 στήκεται
3292 1182 3419 1235 ὅταν
3436 1183 3744 1252 λειτουργεῖ
3765 1187 3791 1235 ὁ
3812 1187 3908 1249 ἀρ-

2345 1276 2561 1347 χιερεὺς
2591 1274 2896 1345 ἔμπροσθεν
2927 1275 3023 1326 τοῦ
3056 1274 3508 1342 σκευοφυλακίου,
3528 1276 3620 1327 καὶ
3648 1275 3697 1328 εί
3715 1294 3766 1328 τι
3795 1276 3914 1327 δ’Ξιν

2345 1368 2671 1437 χρειασθοῦν
2715 1370 2776 1419 ἐκ
2824 1367 2917 1419 τοῦ
2957 1366 3407 1434 σκευοφυλακίου,
3447 1366 3607 1429 αὐτὸς
3640 1368 3905 1429 ἀποδίδει,

2345 1461 2465 1529 ἦτοι
2494 1460 2709 1522 σκεῦος,
2730 1459 2931 1528 βιϐλίον
2966 1461 3129 1525 ἱερὸν,
3149 1462 3353 1529 κηροῦς
3384 1461 3476 1515 καὶ
3496 1461 3757 1526 ἀλλαγὰς,
3781 1462 3911 1513 ὑπο.

2346 1551 2563 1619 κρατῶν
2604 1552 2697 1605 καὶ
2730 1552 2788 1603 τὸ
2837 1551 3264 1617 σκευοφυλάκιον
3296 1552 3395 1620 τῆς
3436 1552 3762 1619 ἐπισκοπῆς,
3813 1554 3907 1603 καὶ

2346 1641 2455 1693 πᾶν
2491 1638 2683 1701 σκεῦος
2706 1640 2805 1708 τῆς
2843 1641 3161 1708 ἐκκλησίας,
3188 1640 3325 1709 ἔχων
3356 1641 3411 1692 δέ
3444 1642 3538 1693 καὶ
3562 1642 3658 1701 τὰς
3684 1658 3913 1711 χηρευο-

2352 1731 2520 1800 μένας
2572 1729 2870 1799 ἐκκλησίας
2903 1732 2981 1791 εἰς
3014 1732 3112 1799 τὴν
3148 1731 3311 1783 αὑτοῦ
3358 1732 3670 1799 ἐπίσκεψιν,
3710 1734 3805 1784 καὶ
3848 1733 3928 1785 τάν

685 1829 1171 1899 χαρτοφυλακεῖον.
1209 1827 1346 1881 Hinc
1378 1828 1497 1893 ejus
1548 1827 1852 1879 administri
1890 1829 2244 1877 ἐπισκοπεια-
2277 1791 2320 1849 Β
2354 1823 2368 1872 ι

2226 1853 2244 1863 -
2277 1791 2320 1849 Β
2352 1791 2472 1890 ίερά
2502 1791 2679 1873 αὐτῶν
2705 1791 2903 1873 πάντα.
2941 1791 3095 1872 Ἕστί
3119 1819 3173 1871 δὲ
3204 1822 3296 1873 καὶ
3326 1823 3403 1883 εἰς
3425 1824 3522 1884 τὰς
3548 1791 3778 1891 κρίσεις,
3813 1840 3911 1891 φυ-

685 1919 763 1971 νοι
792 1919 921 1972 dicti
947 1916 1227 1970 JurisGlt.
1258 1914 1353 1969 fol.
1382 1915 1474 1968 171
1508 1923 1561 1968 et
1582 1913 1703 1967 ΗΞ.
1741 1911 1812 1966 De
1842 1914 1961 1965 aliis
1983 1912 2104 1980 ejus
2132 1925 2250 1963 ntu-

689 2014 794 2065 niis
823 2020 877 2063 et
912 1995 1211 2077 privilegiis
1260 2008 1523 2061 videndus
1557 2005 1843 2059 Balsamou
1881 2003 2137 2058 Meditato
2183 2002 2250 2058 de

686 2117 751 2152 eo
774 2100 1078 2168 compositu
1100 2096 1243 2151 luris
1262 2098 1500 2165 ejusdem
1522 2096 1635 2150 CB.
1657 2097 1709 2159 7,
1744 2105 1861 2150 acta
1888 2108 1939 2148 ct
1963 2094 2251 2163 subsigna-

693 2192 872 2243 tiunes
903 2190 1020 2257 ejus
1053 2188 1145 2241 fol.
1180 2187 1285 2241 255
1315 2187 1515 2250 et‘270,
1549 2202 1686 2256 quos
1716 2188 1818 2241 sibi
1860 2187 2046 2240 titulos
2070 2187 2249 2240 vindi-

690 2289 794 2339 rat,
830 2279 943 2345 ipse
978 2278 1372 2348 cbartopbylax
1416 2278 1750 2346 peroransin
1796 2278 1985 2331 actisti
2037 2278 2249 2347 synodi,

695 2369 750 2425 Ρ.
786 2367 1059 2424 Francisci
1086 2369 1398 2425 Contbelisii
1438 2369 1715 2439 diligentia
1760 2369 2070 2437 propediem
2099 2383 2251 2422 com-

695 2462 929 2531 plendis,
962 2463 1235 2529 eloquitur
1265 2479 1277 2514 :
1321 2461 1381 2516 Ὀ
1418 2460 1740 2529 ἁμαρτωλὸς
1773 2459 1880 2527 ἐγὼ
1911 2461 2004 2513 καὶ
2035 2460 2254 2513 πάντων

692 2555 971 2623 ἐλάχιστος
1004 2553 1265 2620 Ἀγάθων,
1292 2552 1503 2617 ἀνάξιος
1528 2554 1770 2615 διάκονος
1802 2555 1896 2607 καὶ
1915 2552 2255 2622 χαρτοφύλαξ

693 2646 792 2714 τῆς
820 2643 1049 2696 ἐνταῦθα
1074 2644 1384 2710 ἁγιωτάτης
1423 2644 1516 2697 τοῦ
1540 2644 1672 2696 Θεοῦ
1721 2644 1978 2714 Μεγάλης
2028 2645 2257 2715 Ἐκκλη·

695 2737 835 2798 σίας,
871 2733 963 2786 καὶ
995 2731 1089 2785 τοῦ
1116 2731 1347 2799 εὐαγοῦς
1379 2732 1781 2802 πατριαρχικοῦ
1808 2735 2068 2803 σεκρέτου
2102 2750 2256 2802 πρω-

693 2826 1001 2893 τονοτάριος
1045 2823 1141 2878 καὶ
1184 2825 1578 2893 καγκελλάριος
1614 2824 1885 2893 δεύτερος.
1930 2826 2080 2881 Unde
2132 2840 2258 2879 vero

702 2916 939 2984 μεγάλου
976 2914 1267 2985 appellatio
1298 2916 1472 2970 cidem
1508 2917 1825 2982 accesserit,
1861 2915 2026 2972 refert
2054 2916 2257 2971 Cauta-

2350 1910 2556 1962 λάττων
2586 1911 2765 1964 καὶτὰ
2798 1910 2982 1961 δίκαια
3013 1910 3119 1962 τῶν
3154 1913 3553 1979 εἰσερχομένων
3580 1914 3659 1975 είς
3679 1913 3777 1983 τὴν
3817 1917 3910 1965 ἐκ-

2352 2000 2581 2070 κλησίαν
2608 2000 2695 2053 διὰ
2725 2001 2852 2062 τοὺς
2886 2000 3179 2068 κληρικοὺς
3212 2003 3372 2069 μέχρι
3397 2002 3489 2055 τοῦ
3517 2003 3789 2071 διανέμειν
3818 2005 3913 2056 αὐ-

2350 2094 2478 2155 τοὺς
2503 2093 2695 2145 ταῦτα.
2725 2090 2819 2147 llis
2850 2091 3115 2160 adjunge:
3146 2094 3236 2154 Δὶς
3258 2095 3351 2144 τοῦ
3378 2092 3626 2146 ἐνιαυτοῦ
3648 2095 3909 2163 ἀναφέρει

2352 2182 2429 2251 τῷ
2458 2184 2728 2253 ἀρχιερεῖ,
2751 2183 2846 2235 καί
2879 2185 3025 2237 ἐστιν
3053 2186 3130 2245 εἰς
3157 2183 3254 2245 τάς
3288 2184 3513 2254 κρίσεις.
3548 2185 3773 2240 Brevius
3808 2186 3912 2241 Re-

2354 2273 2437 2341 gia
2472 2291 2486 2327 :
2518 2272 2637 2324 Τῶν
2662 2272 2822 2341 ἱερῶν
2845 2273 3141 2341 κειμηλίων
3160 2274 3256 2343 τὴν
3275 2276 3530 2343 πρόνοιαν
3558 2276 3692 2345 ἔχει.
3722 2276 3867 2331 Con
3893 2276 3916 2349 ]

2426 2363 2774 2420 Protecdicus
2810 2368 3035 2418 vertitur
3068 2379 3097 2417 a
3128 2363 3403 2419 Boncﬁdio
3426 2368 3712 2435 primarius
3742 2379 3910 2422 actor.

2358 2453 2579 2510 Rectius
2611 2456 2812 2524 primus
2858 2456 3122 2524 defensor.
3166 2455 3295 2525 Ejus
3323 2458 3555 2513 oﬂieium
3607 2470 3745 2523 erat,
3777 2470 3911 2516 teste

2355 2546 2586 2616 Codino,
2626 2548 2688 2600 τὸ
2712 2548 3211 2619 ἀντιλαμϐάνεσθαι
3243 2552 3368 2614 τοὺς
3406 2550 3809 2621 αἰχμαλώτους,
3830 2568 3921 2608 cu-

2359 2655 2475 2695 ram
2516 2654 2701 2711 gerere
2732 2641 3090 2707 captivorum.
3124 2640 3328 2697 Csars.

2430 2730 2514 2804 [P.
2546 2731 2601 2788 ι.
2644 2731 2790 2797 Τοὺς
2819 2732 3251 2801 αἰχμαλώτους.
3289 2732 3437 2799 Quos
3506 2735 3760 2790 nimirum
3817 2736 3920 2809 ipsi

2361 2822 2658 2877 Christiani
2712 2824 2814 2876 sibi
2868 2824 3056 2877 volunt
3096 2840 3280 2879 servos
3335 2823 3534 2881 facere.
3568 2825 3842 2884 Blastares
3871 2846 3918 2885 c.

2362 2916 2431 2970 '55
2464 2915 2558 2968 τοῦ
2593 2915 2634 2967 Ε
2670 2917 2935 2984 στοιχείου
2973 2932 2985 2946 ·
3027 2917 3089 2968 Ol
3124 2916 3218 2984 τῆς
3257 2916 3505 2987 βοηθείας
3538 2918 3808 2987 δεόμενοι,
3838 2920 3927 2973 οὗ-

697 3021 936 3061 cuzenus
970 3021 1030 3070 ιι,
1059 3007 1082 3059 1
1122 3023 1137 3059 :
1177 3007 1278 3059 Τὸν
1332 3007 1723 3077 χαρτοφύλακα
1747 3009 1868 3060 ἐπεὶ
1907 3008 1981 3078 μὴ
2013 3007 2263 3061 ἐόούλετο
2362 3024 2442 3059 τοι
2481 3006 2589 3076 ἄρα
2636 3002 2748 3058 εἷεν
2780 3009 2828 3059 οἱ
2866 3010 2933 3077 τῇ
2967 3007 3237 3078 ἐκκλησία
3267 3011 3763 3079 προσπεφευγότες,
3790 3013 3925 3080 ἐπη-

701 3097 1093 3168 (Ἀνδρόνικος)
1145 3098 1252 3150 ἀπὸ
1276 3102 1377 3168 τῆς
1404 3098 1500 3151 τοῦ
1541 3098 1954 3170 χαρτοφὺλακος
1992 3100 2148 3164 ἀξίας
2180 3101 2260 3162 είς
2286 3124 2331 3183 c
2364 3097 2515 3166 ρείας
2543 3096 2817 3149 δυναστῶν
2848 3097 3264 3167 ἐκτρεπόμενοι,
3300 3099 3331 3169 ἥ
3374 3101 3501 3169 πρίν
3534 3118 3586 3154 τι
3612 3102 3925 3156 manicati-

701 3188 897 3255 ἐτίραν
923 3190 1145 3255 μείζονα
1170 3188 1577 3259 μετενεχθῆναι,
1599 3190 1768 3261 αὐτὴν
1790 3192 2261 3261 ἐαυτῆςέποίησεν
2367 3204 2456 3250 τες
2493 3186 2525 3258 ἢ
2560 3188 2639 3248 εἰς
2671 3186 2917 3240 δουλείαν
2945 3188 3229 3257 ἑλκόμενοι
3258 3190 3349 3242 καὶ
3377 3190 3668 3257 ζητοῦντες
3701 3194 3925 3245 ἐπικουο

702 3279 1075 3349 ἐντιμοτέραν,
1125 3281 1297 3349 μέγαν
1341 3282 1730 3349 χαρτοφωακσ.
1786 3286 2257 3354 προσαγορεύσαςο

705 3373 799 3426 καὶ
842 3374 934 3425 ἀπ’
969 3374 1180 3426 ἐκείνου
1206 3375 1279 3437 ὡς
1327 3375 1486 3441 δεῦρο
1513 3377 1590 3445 τῷ
1627 3381 1998 3446 χαρτοφύλακι
2032 3378 2261 3442 σώζεται

704 3466 764 3517 τὸ
802 3466 993 3533 μέγας.
1023 3464 1225 3535 Legaut
1260 3468 1373 3521 haec
1412 3468 1504 3536 qui
1541 3468 1855 3522 Graecorum
1914 3468 2145 3523 miseriae
2198 3469 2264 3521 li-

708 3557 926 3609 bentius
953 3571 1015 3610 ac
1039 3555 1254 3611 facilius
1279 3557 1587 3612 insultaturi
1618 3560 1864 3627 pristina:
1888 3573 2076 3612 eorum
2100 3559 2266 3628 digiti-

710 3646 805 3700 tati
829 3645 1162 3709 obtrectant,
1188 3654 1243 3701 et
1278 3662 1427 3701 vana:
1455 3647 1726 3716 imputant
1752 3649 2035 3702 ambitioni
2074 3658 2129 3701 ut
2150 3646 2265 3701 olli-

707 3737 808 3791 eiis
836 3747 887 3790 et
919 3735 1275 3805 dignitatibus
1302 3753 1410 3791 non
1444 3753 1602 3807 parce
1630 3740 1690 3790 τὸ
1726 3740 1899 3808 μέγας
1928 3748 2263 3807 praeponam,

708 3838 760 3879 ct
780 3842 919 3895 saepe
958 3827 1066 3881 duo
1097 3826 1269 3881 omcia
1298 3830 1629 3897 ceteroquin
1666 3832 1816 3898 paria
1845 3830 1999 3883 aliter
2024 3845 2130 3883 non
2155 3830 2266 3883 dis-

719 3921 961 3987 tinguant
1017 3934 1178 3987 quam
1214 3920 1365 3974 vocis
1394 3920 1486 3972 τοῦ
1519 3921 1755 3987 μεγάλου
1785 3921 2147 3989 appositione.
2183 3924 2265 3973 An

716 4008 918 4075 iujurie
960 4022 1086 4061 vero
1134 4006 1383 4061 factum?
1434 4009 1516 4061 An
1560 4024 1666 4063 non
1705 4010 1840 4063 ordo
1892 4010 2114 4073 clarior,
2178 4011 2267 4064 ubi

716 4115 856 4151 unus
888 4100 1048 4151 alium
1093 4100 1325 4167 quadam
1365 4101 1675 4153 eminentiae
1722 4102 1973 4167 praecedit
2005 4114 2129 4155 uota
2160 4102 2182 4154 ’ί
2214 4102 2269 4157 Si

714 4206 1033 4243 tl't'OlHllllUS
1055 4190 1107 4242 ιιι
1149 4191 1378 4245 ecclesia
1404 4190 1805 4255 Blacbernensi,
1826 4193 1869 4246 si
1888 4194 2025 4246 alius
2056 4194 2106 4246 in
2130 4194 2273 4261 Χρυ-

717 4281 981 4348 σίιτεηγῆς,
1016 4296 1111 4334 cur
1137 4281 1392 4335 Ecclesiae
1422 4281 1626 4353 Magnae
1647 4298 1984 4349 (economus,
2011 4293 2069 4336 ut
2101 4284 2166 4337 iis
2188 4286 2270 4336 di-

722 4376 874 4433 μιιίοι·
908 4374 987 4425 rel
1018 4375 1084 4426 ab
1115 4376 1195 4427 eis
1229 4376 1651 4443 dignoscendus,
1685 4375 1919 4443 μεγάλου
1963 4390 2155 4428 nomen
2189 4390 2272 4427 ro-

2385 3278 2530 3347 ρίαν,
2559 3277 2626 3331 δι’
2657 3276 2750 3339 οὓς
2780 3278 2874 3330 καὶ
2902 3279 2949 3329 οἱ
2996 3278 3195 3331 ἔκδικοι
3230 3280 3493 3347 γίνονται.
3529 3281 3603 3335 De
3634 3280 3719 3337 his
3755 3283 3927 3338 Alexii

2369 3369 2586 3425 Novella
2616 3370 2674 3423 Η
2710 3368 2857 3424 Juris
2887 3368 2999 3423 GR.
3031 3369 3069 3422 l.
3096 3384 3154 3423 tt.
3196 3371 3361 3438 Regia
3388 3387 3515 3426 vero
3542 3372 3831 3441 aliquoties
3855 3376 3932 3429 ci-

2371 3470 2483 3516 tata
2517 3480 2530 3517 :
2584 3462 2646 3515 Ὀ
2680 3464 3049 3531 πρωτέκδικος
3082 3464 3192 3531 ἔχει
3228 3465 3323 3532 τὴν
3358 3464 3672 3533 οἰκονομίαν
3708 3465 3815 3518 τῶν
3845 3469 3928 3519 ἐκ-

2371 3554 2557 3617 δίκων,
2600 3555 2694 3606 καὶ
2728 3555 2787 3604 τδι
2822 3554 3318 3618 ἀ-,τιλαμὸάνεσθαι
3355 3557 3462 3607 τῶν
3495 3558 3800 3627 ζητούντων
3832 3558 3931 3625 τὴν

2373 3644 2828 3713 ἐκκλησιαστικὴν
2862 3644 3115 3713 βοήθειαν
3150 3645 3313 3713 χάριν
3348 3647 3656 3714 ἐλευθερίας
3697 3650 3791 3702 καὶ
3823 3651 3931 3702 τῶν

2374 3735 2573 3787 λοιπῶν
2604 3734 2952 3802 προσφιὲγων,
3009 3735 3119 3787 εἴτε
3168 3738 3678 3792 ἀντιποιεῖσθαικαὶ
3703 3741 3932 3794 ἐκδ.κείν

2376 3828 2482 3879 ἀπὸ
2508 3826 2612 3878 τῶν
2632 3828 3042 3893 ἐπηρεαζόντων
3070 3827 3288 3889 αὐτούς.
3310 3828 3507 3900 GOAn.]

2448 3915 2685 3968 Vocatur
2710 3913 2779 3967 ab
2805 3914 2993 3968 eodem
3021 3915 3211 3983 κριτὴς
3232 3917 3340 3967 τῶν
3358 3918 3781 3987 ἐγκληματικῶν
3806 3920 3936 3973 ὑπο-

2378 4006 2599 4070 θέσεων,
2640 4006 2805 4075 jndex
2834 4007 3324 4061 controversiarum
3352 4024 3472 4077 qua:
3501 4011 3553 4063 in
3586 4015 3936 4067 accusatione

2380 4108 2684 4150 versantur.
2728 4096 2930 4151 Gens.

2457 4186 2536 4256 [Ρ.
2569 4187 2621 4239 4.
2669 4186 2721 4237 '0
2754 4185 3169 4253 πρωτέκδικος.
3191 4187 3477 4254 Allatiana,
3511 4191 3539 4241 ὁ
3567 4190 3938 4258 πρωτέκδικος

2381 4280 2572 4347 κριτὴς
2598 4280 2683 4347 (ἐκ
2705 4279 2998 4347 προσώπου
3024 4278 3118 4329 τοῦ
3141 4280 3441 4349 ἀρχιερέως
3468 4281 3543 4348 Μ)
3576 4282 3711 4349 μετὰ
3736 4281 3939 4334 δώδεκα

2383 4371 2511 4437 (τῶν
2543 4370 2636 4422 δύο
2652 4371 2727 4434 Μ,
2753 4371 2843 4433 qui
2872 4368 3009 4422 infra
3044 4387 3057 4421 :
3090 4372 3140 4422 οί
3166 4371 3259 4423 δύο
3289 4370 3492 4425 ἔκδικοι
3514 4373 3760 4442 κρίνουσι
3800 4376 3939 4439 μετά

722 4466 919 4518 tusct?
949 4465 1236 4528 Videntur,
1270 4464 1502 4532 inquies,
1532 4465 1773 4518 inanium
1830 4465 2106 4517 titulorum
2154 4480 2271 4517 cre-
2310 4482 2354 4539 ο
2379 4480 2407 4515 τ

2254 4496 2271 4505 -
2310 4482 2354 4539 ο
2379 4462 2473 4515 τοῦ
2496 4463 2867 4530 πρωτεκδίκου
2904 4464 3107 4534 μικράς
3137 4464 3440 4531 ὑποθέσεις)
3476 4466 3709 4519 ἐκδίκων
3738 4469 3938 4535 μικρὰς

723 4554 973 4622 pitacula.
1030 4550 1228 4607 Verum
1268 4555 1311 4608 si
1356 4556 1494 4621 apud
1534 4565 1583 4607 te
1637 4555 2020 4622 imperatorum
2062 4555 2275 4608 decreta

722 4646 1120 4699 ecclesiasticas
1167 4645 1456 4713 dignitates
1515 4646 1683 4698 titulis
1740 4646 1856 4697 istis
1913 4646 2183 4703 amentia,
2232 4646 2276 4697 si

726 4737 857 4788 nihil
888 4736 1060 4803 ipsius
1088 4734 1331 4788 ecclesiae
1377 4735 1652 4801 splendor,
1680 4735 1729 4788 si
1763 4736 1901 4787 ratio
1926 4736 2036 4802 jam
2072 4735 2277 4802 prolata

728 4827 798 4879 nit
835 4827 1139 4890 obtineant,
1168 4826 1287 4879 vide
1332 4840 1399 4879 ne
1437 4826 1682 4885 Latinam
1716 4825 2014 4879 Ecclesiam
2058 4825 2280 4894 paribus

729 4917 941 4984 probris
970 4914 1216 4980 obiicias,
1262 4928 1325 4966 ac
1353 4928 1459 4965 non
1503 4912 1738 4967 absimili
1783 4911 1987 4964 ratione
2008 4912 2101 4964 tibi
2138 4914 2204 4964 sit
2231 4910 2279 4964 ei

728 5008 866 5059 Ιιιυιὶι
896 5004 959 5058 ad
990 5004 1395 5073 obloquendum
1447 5019 1543 5056 ore
1586 5002 2027 5055 conviciandunt.
2075 5001 2276 5072 Go.ut.]

1256 5094 1412 5163 130
1442 5091 1666 5147 CAPUT
1697 5091 1759 5146 v.

995 5188 1070 5241 De
1129 5189 1497 5254 scettophylacc
1550 5196 1597 5237 et
1644 5184 1959 5252 protecdico.

804 5283 1171 5352 Sitequbylax
1206 5291 1289 5336 est
1312 5280 1356 5334 is
1379 5294 1537 5347 quem
1563 5280 1749 5333 multis
1783 5280 1834 5332 in
1863 5280 1995 5333 locis
2018 5283 2283 5333 custodem

734 5375 1003 5443 appellant
1029 5391 1042 5437 ;
1073 5373 1160 5425 cui
1186 5372 1235 5423 in
1267 5355 1655 5439 supellectilem
1684 5384 1895 5423 sacram
1921 5370 2210 5423 arbitrium
2234 5380 2287 5423 ct

734 5464 1050 5521 auctoritas.
1103 5462 1224 5515 Τῶν
1266 5462 1422 5530 ίερῶν
1472 5460 1769 5529 κειμηλίων
1814 5461 1910 5529 τὴν
1972 5460 2286 5528 ἐπιμέλειαν

736 5561 845 5626 ἔχει
870 5560 894 5609 ὁ
927 5557 1096 5625 μέγας
1118 5555 1480 5617 σκευοιρύλαξ,
1507 5555 1677 5621 inquit
1707 5553 2013 5607 Balsatnon.
2052 5555 2158 5609 Nec
2191 5556 2287 5608 ali-

737 5667 814 5704 ter
863 5651 1140 5703 Cudinus:
1174 5646 1549 5715 SccUttpltylax
1592 5646 1810 5715 κρατῶν
1860 5647 1923 5698 τὰ
1978 5647 2147 5715 σκεύη
2190 5648 2287 5715 τῆς

738 5739 1045 5800 ἐκκλησίας.
1085 5736 1312 5802 Quidam
1350 5738 1881 5799 vertuntsacrirtnm,
1924 5752 2029 5790 ncn
2069 5737 2282 5791 incom-

2386 4555 2668 4626 ὑποθέσεις
2690 4555 2785 4615 τὰς
2811 4557 3197 4624 εἰσερχομένας
3217 4558 3275 4608 ἐν
3295 4560 3359 4625 τῇ
3390 4557 3656 4625 ἐκκλησίᾳ
3676 4560 3935 4629 (ἐρευνᾷ).

2398 4648 2683 4715 ’Λναιρέρει
2718 4647 2772 4698 δὲ
2802 4647 3004 4708 ταύτας
3033 4650 3108 4714 τῷ
3140 4648 3406 4716 ἀρχιερεῖ.
3438 4648 3572 4715 Ejus
3608 4650 3841 4702 tribunal
3875 4649 3940 4701 ad

2390 4738 2447 4790 S.
2473 4739 2687 4805 SOpltiu:
2716 4738 3039 4790 vestibulum
3073 4755 3084 4789 :
3121 4739 3211 4797 El;
3240 4740 3297 4789 τὸ
3319 4740 3649 4807 προσκήνιον
3678 4739 3773 4792 τοῦ
3809 4739 3936 4804 νεὼ,

2387 4828 2414 4879 δ
2442 4830 2862 4898 πρωτεκδικείον
2894 4830 3273 4896 κικλήσκεται.
3311 4829 3595 4899 ιΝίοειειε.)
3624 4829 3820 4902 ϐολι]

2458 4921 2722 4986 Quocirca
2760 4940 2863 4975 non
2891 4923 3063 4990 probo
3098 4922 3519 4991 descriptionem
3547 4937 3707 4991 quam
3738 4922 3946 4976 Turco-

2391 5013 2583 5081 gracia
2632 5013 2855 5066 adducit
2909 5014 3000 5067 l'ul.
3037 5013 3191 5067 2|8:
3240 5014 3297 5065 '0
3331 5014 3705 5081 πρωτέκδιιιος
3747 5016 3775 5066 ὁ
3822 5018 3947 5075 τοὺς

2392 5102 2712 5168 πρόσφυγας
2742 5101 3157 5170 ἀναδεχόμενος,
3194 5103 3281 5170 qui
3306 5103 3662 5170 confugientes
3693 5105 3758 5154 ad
3787 5103 3949 5155 cccle-

2391 5195 2524 5245 siam
2557 5195 2756 5257 recipit,
2792 5202 2847 5244 ut
2889 5194 3278 5261 interpretatur
3312 5192 3462 5261 131
3510 5204 3700 5246 auctor
3737 5192 3948 5246 Turco-

2395 5285 2621 5352 θεωρίαι,
2651 5285 2743 5337 sed
2768 5284 2927 5337 male.
2955 5284 3085 5337 Nam
3116 5284 3544 5353 confugientiutn
3573 5284 3638 5337 ad
3661 5285 3946 5338 ecclesiam

2394 5390 2521 5428 cura
2554 5376 2852 5443 pertinebat
2881 5375 3016 5443 πρὸς
3043 5376 3134 5427 τὸν
3157 5375 3248 5427 τοῦ
3276 5375 3580 5439 σακελλίου,
3608 5386 3664 5430 ιιι
3686 5392 3848 5443 supra
3872 5377 3953 5429 di-

2395 5479 2537 5521 ctum
2570 5485 2615 5522 c.
2651 5472 2701 5522 5.
2745 5472 2942 5537 Itaque,
2970 5470 3013 5521 si
3034 5469 3275 5522 definitio
3304 5470 3417 5523 haec
3441 5468 3712 5537 probanda
3743 5470 3834 5531 sit,
3855 5468 3956 5523 ali—

2399 5570 2477 5611 ter
2514 5560 2776 5624 explicari
2824 5560 3059 5620 debebit,
3089 5570 3142 5612 ut
3188 5576 3284 5626 per
3312 5562 3632 5629 πρόσφυγας
3674 5560 3957 5627 intelliga-

2398 5663 2515 5701 ltttts
2547 5650 2666 5702 illos
2694 5650 2783 5717 qui
2826 5665 2888 5703 ex
2922 5650 3233 5717 captivitate
3294 5653 3359 5703 ad
3406 5650 3741 5705 Christianos
3767 5665 3859 5719 spe
3894 5652 3957 5701 |i~

2400 5742 2621 5795 bet-tatis
2653 5741 2993 5809 confugiunt,
3023 5756 3124 5795 non
3163 5752 3339 5795 autem
3371 5742 3491 5795 illos
3517 5743 3609 5811 qui
3636 5740 3959 5809 confugiunt
