4266 6438
291 423 393 486 illi

1378 410 1764 479 GRETSERI
1801 412 1893 471 ET
1935 412 2171 473 GOARl
2219 414 2460 474 ΝΟΤΈ.

3432 398 3535 468 146

276 540 349 592 ad
372 535 660 593 ecclesiam
685 544 943 606 tanquam
970 535 1038 589 ad
1062 535 1633 607 asylumimpunitatis
1654 533 1851 604 gratia.
1882 536 1924 594 Α
1959 532 2201 602 quinque
2232 548 2341 586 non
2369 530 2707 585 continuisse
2733 544 2745 580 :
2774 538 2827 585 at
2852 542 2980 583 vero
3003 521 3345 596 postmodum
3378 534 3540 584 supe-

282 632 491 686 Dicitur
535 630 911 702 πρωτικδικος
946 640 1194 698 respectu
1221 628 1451 683 aliorum
1488 628 1719 680 ἑκδίκων
1750 642 1847 682 seu

282 724 635 779 defensorum
666 741 682 777 :
719 723 905 792 plures
937 723 1085 777 enim
1117 728 1274 777 erant
1307 739 1320 785 ;
1363 720 1426 775 ad
1459 734 1695 788 quorum
1730 734 1850 773 mu-

282 832 390 872 nus
441 816 750 887 pertinebat
786 829 1005 886 quoque
1058 828 1358 885 pauperum
1411 821 1465 867 et
1508 812 1849 866 infirmorum

278 923 436 972 eura,
482 922 550 961 ne
601 908 1043 977 opprimerentur
1072 921 1102 961 a
1140 905 1564 973 potentioribus,
1592 913 1653 959 ut
1695 904 1853 958 docet

281 1001 569 1056 Balsnmon
598 1000 652 1054 in
677 1016 773 1055 sua
794 1001 859 1055 de
885 997 1375 1067 cbartophylaeeot
1392 995 1707 1067 protccdico
1733 994 1851 1049 dis-

280 1093 607 1163 ceptatione.
643 1093 719 1149 Et.
737 1093 866 1148 olim
902 1090 1122 1161 quidem
1150 1090 1275 1146 laici
1330 1091 1432 1145 hoc
1455 1088 1631 1144 adicio
1657 1087 1850 1157 funge-

281 1185 503 1251 bantur,
521 1195 705 1256 postea
736 1194 915 1240 tamen
947 1184 1165 1239 clericis
1196 1182 1552 1239 commissum
1576 1191 1677 1236 est.
1717 1180 1849 1235 Pro-

283 1279 550 1333 teedicum
593 1278 778 1332 retulit
811 1279 951 1333 inter
994 1277 1389 1333 exocatacmlos
1415 1276 1729 1344 Xipbilinus
1759 1290 1851 1343 pa-

281 1369 541 1434 triarcha,
572 1378 629 1426 ut
656 1384 706 1425 c.
743 1370 781 1425 2
804 1370 1043 1425 diximus
1068 1386 1082 1423 :
1114 1375 1272 1422 antea
1299 1367 1443 1422 enim
1476 1366 1697 1420 minoris
1726 1366 1851 1421 sub-

282 1461 420 1515 sellii
479 1462 830 1532 magistratus
873 1468 1014 1517 erat.
1060 1461 1358 1536 'Exstxetqv
1396 1459 1537 1528 apud
1574 1458 1851 1513 Balsamo—

279 1567 403 1609 nem
428 1554 580 1609 lorus
609 1563 693 1610 est
717 1554 807 1610 ubi
849 1555 897 1608 oi
929 1553 1159 1620 ικδικοι,
1183 1569 1305 1623 quas
1335 1554 1576 1608 muneris
1604 1554 1849 1613 suisunt,

279 1654 589 1711 asservant,
632 1646 950 1701 consultant
983 1655 1038 1700 et
1083 1654 1368 1715 peragunt.
1407 1644 1718 1711 Ἐκδίκησις
1768 1652 1855 1698 est

280 1738 399 1806 ipsa
432 1736 677 1793 defensio
703 1754 799 1794 seu
832 1740 939 1792 τῶν
970 1740 1201 1793 ἑκδίκων
1226 1741 1391 1793 actio.

384 1832 795 1888 Observandum
824 1843 907 1888 est
926 1833 1091 1888 etiam
1111 1834 1164 1888 in
1189 1832 1433 1887 Romana
1455 1831 1697 1888 Ecclesia
1723 1830 1852 1886 fuis-

278 1937 338 1977 se
362 1923 667 1991 antiquitus
681 1924 999 1992 defensores,
1023 1938 1301 1993 unumque
1328 1938 1390 1976 ex
1419 1923 1635 1976 illorum
1662 1935 1851 1975 nume-

278 2028 340 2066 ro
372 2015 732 2084 pmcipuum,
750 2016 843 2086 qui
871 2017 1073 2083 primus
1090 2016 1334 2083 defensor
1352 2014 1591 2069 audiret.
1608 2013 1852 2078 Quorum

277 2105 513 2159 officium
596 2107 834 2162 breviter
916 2107 1249 2163 describitur
1313 2106 1519 2176 (verba
1583 2104 1853 2173 Onuphrii

278 2196 476 2264 refero)
508 2215 535 2251 a
564 2197 779 2269 Pelagio
813 2200 864 2253 in
890 2198 1159 2266 Rescripta
1191 2199 1258 2253 ad
1295 2197 1625 2252 Antoninum
1681 2196 1854 2265 patri-

277 2292 440 2353 ciam,
481 2306 604 2361 qua:
632 2291 945 2361 postulabat
974 2292 1303 2346 monachum
1340 2289 1463 2345 fieri
1502 2289 1852 2357 defensorem,

276 2385 328 2438 in
347 2399 458 2453 quo
477 2383 715 2439 ostendit
739 2383 978 2439 officium
1008 2384 1262 2438 monachi
1286 2394 1339 2438 et
1379 2383 1672 2451 defensoris
1721 2397 1857 2436 eoo-

274 2476 466 2531 vcnire
486 2492 593 2532 non
607 2491 790 2550 posse:
808 2475 955 2531 «Illis
977 2477 1137 2540 enim,
1158 2476 1353 2545 inquit,
1375 2476 1539 2544 quies,
1561 2475 1757 2536 oratio,
1778 2475 1856 2528 lo-

275 2567 371 2616 bor
391 2581 642 2618 manuum
661 2566 985 2636 (competit):
1007 2579 1056 2619 at
1077 2567 1143 2619 iis
1163 2582 1447 2619 causarum
1471 2567 1717 2635 cognitio,
1734 2584 1859 2620 eon-

273 2655 570 2719 oentiotses,
608 2667 785 2721 actus,
812 2657 1023 2725 publica
1086 2657 1285 2724 litigio,
1320 2666 1367 2723 et
1425 2672 1742 2725 quiecunque
1782 2656 1859 2709 uel

277 2746 643 2799 ecclesiastica
702 2748 953 2801 instituta
995 2748 1075 2802 vel
1102 2748 1521 2815 supplicantium
1572 2748 1856 2801 necessitas

276 2837 501 2903 possim
536 2836 612 2893 Ex
641 2838 857 2893 decreto
885 2837 1088 2893 Urbani
1144 2849 1290 2907 patet
1342 2840 1715 2908 procuratoris
1757 2853 1857 2893 no-

279 2930 429 2986 mine
489 2930 712 3000 intelligi
764 2930 1065 3000 quemlibet
1124 2931 1625 2985 ecclesiasticarum
1674 2944 1854 2983 rerum

280 3018 799 3081 administratorem,
834 3029 893 3072 ut
919 3019 1068 3095 verbi
1098 3020 1268 3087 gratia
1317 3019 1692 3088 praepositum,
1716 3033 1855 3071 meo-

280 3125 528 3175 nomum,
563 3109 990 3173 \ieedominnm,
1022 3110 1328 3165 defensoris
1355 3112 1578 3165 nomine
1621 3112 1857 3165 advoca-

284 3209 396 3254 tum
429 3201 541 3254 sive
560 3200 856 3260 castalulum
886 3210 940 3256 et
964 3201 1226 3270 judicem,
1246 3211 1352 3257 etc.
1376 3202 1617 3268 Quorum
1637 3203 1855 3272 quidam
1888 3239 1928 3297 Ο

280 3289 598 3346 defensores
624 3292 743 3346 sine
773 3293 1113 3361 adjectione,
1144 3294 1369 3361 quidam
1411 3294 1728 3351 defensores
1771 3311 1858 3350 re-

280 3384 656 3453 gionariidicti
679 3392 828 3449 sunt,
872 3386 1016 3455 quod
1042 3388 1254 3442 scilicet
1281 3389 1334 3442 in
1368 3388 1597 3456 singulis
1626 3390 1861 3458 regioni-

281 3474 383 3532 bus
426 3475 706 3532 distributi
760 3487 964 3533 essent.
988 3477 1232 3544 Quorum
1263 3480 1473 3549 primus
1505 3480 1583 3533 vel
1613 3481 1861 3550 princeps

284 3568 631 3637 primicerius
661 3570 1012 3625 defensorum
1038 3571 1339 3633 dicebatur,
1373 3587 1579 3641 magna:
1598 3575 1649 3626 in
1680 3572 1861 3629 Ere-le!

284 3660 363 3714 sia
413 3660 661 3716 Romana
750 3663 1193 3719 existimationis.
1247 3665 1373 3719 Hzec
1420 3665 1735 3734 Onupbrius
1804 3668 1857 3721 in

286 3752 539 3820 explicat.
589 3769 779 3809 vocum
826 3755 1181 3810 eeclesiastic.
1213 3754 1375 3810 Doeet
1427 3756 1689 3810 Baronius
1726 3762 1861 3828 regi-

287 3846 500 3898 onnrios
553 3846 853 3917 defensores
905 3847 1186 3903 institutos
1241 3845 1467 3903 fuissea
1519 3849 1860 3919 S.Gregorio

283 3952 428 3991 anno
458 3938 664 3992 Domini
697 3939 820 4000 598.
853 3940 1077 3995 utsicut
1106 3951 1259 3996 erant
1311 3952 1513 4009 septem
1572 3944 1862 4011 regionarii

285 4031 480 4083 notarii
512 4039 566 4085 et
598 4031 819 4085 totidem
849 4033 1130 4100 regionarii
1151 4032 1383 4093 diaconi,
1403 4033 1471 4086 ila
1495 4034 1655 4086 etiam
1678 4043 1863 4088 essent

285 4135 488 4189 septem
516 4123 812 4191 defensores
844 4124 1151 4191 regionarii,
1182 4124 1394 4178 ozeteris
1425 4124 1685 4192 dignitate
1730 4141 1864 4192 prte-

286 4214 579 4269 stantiores
608 4232 622 4279 ;
655 4216 723 4268 de
748 4215 944 4282 quibus
982 4217 1074 4281 qui
1108 4218 1257 4283 plura
1301 4216 1471 4283 cupit,
1494 4219 1538 4270 is
1571 4215 1860 4271 Baroninm

284 4307 532 4361 consulat
571 4321 715 4360 anno
744 4307 945 4361 Christi
977 4307 1099 4363 598.
1137 4308 1338 4363 Gners.
1716 4314 1725 4322 '

354 4396 437 4470 [Ρ.
471 4400 522 4452 4.
565 4397 825 4463 Συνόδῳ.
863 4398 980 4453 Non
1010 4401 1253 4453 omnium
1277 4401 1355 4453 vel
1388 4415 1452 4454 ex
1482 4400 1695 4455 eunetis
1736 4415 1864 4469 pro-

286 4491 480 4546 vinciis
508 4492 890 4560 episcoporum
944 4493 1303 4561 quorumdam
1351 4494 1513 4547 simul
1549 4504 1859 4546 coactorum

1966 625 2203 680 rioribus
2258 622 2637 682 adnumerato,
2689 636 2757 675 ne
2801 635 2860 675 se
2907 618 3148 688 deiectos
3175 610 3413 685 quinarii
3461 625 3547 663 se-

1962 712 2130 768 cundi
2183 710 2445 766 ofﬁciales
2499 720 2986 777 conquererentur,
3037 708 3216 777 primo
3250 703 3429 757 visum
3464 709 3549 752 est

1960 803 2111 860 illum
2132 804 2555 875 aggregandum.
2577 802 2738 856 Ἀλλά
2761 818 2844 869 γε,
2874 801 3009 855 dixit
3035 801 3085 855 in
3110 794 3548 871 praecedentibus

1968 898 2257 954 Matthaeus
2308 898 2506 963 latrus,
2550 900 2647 954 καὶ
2690 895 3069 965 πρωτέκδικος
3124 890 3547 959 συναριθμεῖται

1962 992 2198 1057 τούτοις,
2226 990 2503 1045 senarium
2535 997 2908 1059 componeret,
2930 986 3036 1041 nisi
3072 984 3303 1055 quinarii
3349 995 3547 1036 l'lOlItt‘ll

1958 1084 2160 1137 vellent
2193 1096 2314 1137 esse
2371 1089 2666 1135 retentum.
2719 1080 3005 1134 Rationem
3058 1076 3264 1145 profert
3311 1073 3550 1127 Joannes

1957 1175 2163 1231 Citrius
2211 1173 2375 1241 Resp.
2405 1172 2438 1227 8
2465 1171 2612 1226 Juris
2641 1171 2754 1224 GR.
2794 1171 2832 1225 l.
2866 1188 2936 1224 v:
2970 1169 3043 1221 Τὸ
3068 1169 3124 1222 δὲ
3157 1168 3251 1221 τοῦ
3285 1179 3542 1232 πριιιτεκ-

1956 1268 2109 1321 δίκου
2162 1264 2416 1334 ὀφφίκιον
2476 1267 2533 1317 ὲν
2582 1264 2705 1328 tot?
2745 1262 3149 1332 ὑποδεδηκόσιν
3188 1260 3249 1313 ὃν
3290 1256 3545 1314 ἔκπαλαι,

1958 1357 2185 1427 ὕστερον
2219 1358 2275 1410 ἐν
2326 1358 2437 1418 τοῖς
2497 1355 2858 1424 ὑπερέχουσιν
2910 1352 3181 1420 συνετάγη
3239 1349 3387 1419 παρὰ
3450 1348 3545 1399 τοῦ

1956 1453 2053 1521 τῆς
2091 1451 2365 1519 μακαρίας
2394 1450 2601 1518 λήξεως
2622 1450 2968 1519 πατριάρχου
2994 1448 3114 1501 ΚΠ.
3146 1445 3421 1514 Γεωργίου
3447 1438 3543 1492 τοῦ

1962 1543 2271 1612 Ξιφιλίνου.
2312 1543 2675 1597 Promotionis
2726 1543 2880 1611 origo
2942 1539 3042 1594 fuit
3094 1539 3303 1592 lucrum
3345 1552 3408 1588 ex
3443 1535 3545 1587 bu-

1954 1638 2199 1705 jusmodi
2276 1646 2455 1688 ortum
2498 1634 2702 1694 oflicio,
2740 1632 2886 1702 quod
2943 1632 3128 1685 nullus
3190 1628 3293 1682 nisi
3348 1627 3549 1681 invitus

1958 1730 2265 1791 deserebat,
2302 1738 2361 1781 ut
2391 1728 2601 1780 volente
2649 1726 2952 1797 patriarcha
3002 1721 3341 1790 superiorem
3369 1720 3544 1771 locum

1959 1832 2202 1878 teneret:
2237 1824 2315 1874 vel
2344 1820 2583 1874 ambitus
2640 1819 2815 1872 honor
2853 1816 3130 1885 suggessit
3178 1814 3544 1869 evectionem,

1957 1930 2022 1968 ne
2054 1914 2147 1981 qui
2219 1912 2400 1964 officio
2443 1911 2767 1975 ditescebat,
2821 1923 3033 1975 semper
3080 1907 3133 1959 in
3170 1905 3360 1958 humili
3419 1903 3547 1956 sede

1952 2006 2177 2074 jaccret.
2230 2001 2362 2058 Vide
2422 2002 2796 2057 Balsamonem
2858 1999 2911 2052 in
2953 2013 3077 2053 can.
3123 1996 3191 2050 δι
3222 1991 3538 2076 Οιιιιιιτιεῑιι.

1957 2094 2159 2167 ϐολιι.]

2031 2187 2085 2241 ln
2118 2185 2357 2242 secunda
2387 2185 2737 2240 continentur
2771 2183 2795 2235 l
2852 2179 3285 2251 promnmarius,
3317 2177 3352 2235 ‘3
3392 2175 3543 2245 logo-

1964 2280 2133 2344 tlteta,
2177 2281 2209 2334 5
2239 2283 2264 2333 ὁ
2314 2277 2686 2344 κανστρίσιος,
2721 2276 2754 2329 4
2804 2271 3228 2336 referendarius,
3285 2270 3318 2324 5
3344 2270 3383 2322 ⁴ὁ
3415 2268 3544 2325 ὑποε-

1963 2393 2065 2443 μνη
2076 2373 2468 2443 ματογράφων.
2496 2369 2701 2425 Gnsrs.

2029 2466 2198 2538 [lbid.
2237 2464 2301 2518 Ὃ
2330 2461 2822 2532 πρωτονοτὰριος.
2846 2458 3129 2528 Explicant
3161 2454 3282 2524 ejus
3312 2452 3546 2507 oﬂicium

1960 2557 2230 2610 Allatiatta
2266 2570 2280 2607 :
2325 2553 2387 2605 '0
2420 2552 2860 2619 πρωτονοτάριος
2890 2548 3181 2613 ἱστάμενος
3212 2547 3267 2595 ὲν
3302 2542 3380 2612 τῷ
3407 2542 3549 2609 ἁγίῳ

1962 2645 2165 2714 βήματι
2222 2644 2297 2704 εἰς
2350 2638 2657 2710 ὑπηρεσίαν
2710 2636 2802 2689 τοῦ
2858 2633 3178 2705 ἀρχιερέως,
3216 2635 3308 2684 καὶ
3363 2632 3420 2682 tv
3469 2629 3548 2698 τῷ

1960 2735 2137 2805 καιρῷ
2160 2734 2258 2804 τῆς
2311 2731 2575 2801 ὑψώσεως
2632 2729 2836 2781 δίδοται
2891 2727 3111 2794 νίψιμον
3166 2724 3242 2792 τῷ
3276 2724 3546 2793 ἀρχιερεῖ,

1961 2826 2180 2898 κρατῶν
2212 2825 2307 2877 καὶ
2357 2823 2418 2875 τὸ
2461 2821 2733 2891 δικήριον.
2769 2818 2976 2887 Γράφει
3010 2816 3065 2867 δὲ
3101 2815 3127 2867 ὅ
3160 2832 3212 2866 τι
3250 2812 3315 2866 ἂν
3367 2810 3551 2882 βούλε-

1959 2937 2046 2971 ται
2068 2919 2095 2972 ὁ
2122 2915 2413 2986 ἀρχιερεὺς
2452 2912 2748 2983 μηνύματα
2784 2910 2865 2971 είς
2896 2909 3075 2961 πάντα
3107 2907 3362 2975 ἄρχοντα.
3394 2905 3549 2957 Ἀνα·

1963 3008 2160 3079 θεωρεῖ
2187 3008 2242 3060 δὲ
2273 3008 2366 3067 καὶ
2398 3007 2524 3068 τοὺς
2556 3002 2816 3072 νομικοὺς
2849 2999 2929 3061 δὶς
2974 2998 3067 3050 τοῦ
3114 2995 3387 3057 ἐνιαυτοῦ,
3423 3011 3548 3046 axe-

1960 3100 2204 3168 ψάμενος
2262 3096 2445 3149 δὲκαὶ
2504 3092 2918 3162 συμφωνήσεις,
2968 3091 3223 3157 πράσεις,
3285 3086 3548 3155 διαθήκας

1964 3193 2057 3246 καὶ
2087 3189 2421 3258 ἐλευθερίας.
2454 3187 2563 3240 Καὶ
2582 3184 2842 3251 ἀναφέρει
2875 3182 2972 3242 τὰς
2994 3178 3390 3249 είσερχομένας
3419 3177 3551 3230 ὐπο-

1962 3284 2141 3341 θιὲσεις
2177 3280 2254 3350 τῷ
2282 3280 2550 3349 ἀρχιερεῖ.
2581 3277 2696 3346 (lli:
2733 3275 2791 3327 '0
2827 3272 3262 3343 πρωτονοτάριος
3300 3270 3548 3339 εἱστήκει

1962 3379 2021 3430 ἐν
2071 3378 2134 3444 τῇ
2194 3372 2462 3443 ἐκκλησίᾳ.
2497 3370 2575 3433 είς
2605 3368 2910 3435 ὑπηρεσίαν
2944 3364 3038 3420 τοῦ
3073 3364 3396 3434 ἀρχιερέως,
3451 3363 3549 3421 καὶ

1963 3466 2185 3539 κρατῶν
2216 3465 2278 3519 τὸ
2303 3463 2648 3533 καλαμάριον
2680 3457 2846 3511 αὐτοῦ
2873 3458 3209 3526 παρίσταται
3238 3451 3548 3523 ἔμπροσθεν

1962 3560 2055 3617 τοῦ
2082 3557 2406 3628 ἀρχιερέως,
2445 3554 2545 3607 καὶ
2597 3550 2807 3620 γράφει
2851 3551 2879 3603 ὁ
2912 3546 3148 3610 τοιοῦτος
3184 3544 3236 3609 εί
3264 3561 3350 3607 τις
3389 3544 3548 3615 χρεία

1964 3650 2134 3705 εστίν.
2172 3647 2505 3715 Ἀναθεωρεῖ
2557 3645 2652 3697 καὶ
2693 3642 2823 3705 τοὺς
2878 3639 3161 3707 νομικοὺς,
3197 3638 3402 3706 γράφει
3453 3637 3547 3711 καὶ

1962 3740 2250 3805 διατάξεις,
2285 3737 2378 3790 καὶ
2405 3733 2740 3803 ἐλευθερίας,
2774 3732 2866 3785 καὶ
2898 3728 3296 3797 προστάγματα
3344 3726 3437 3781 καὶ
3479 3725 3545 3781 τὰ

1961 3836 2166 3891 τούτων
2194 3832 2401 3905 ὃμοια.)
2430 3832 2580 3887 Cosa
2609 3828 2629 3902 ]

2032 3928 2162 3983 Post
2191 3925 2565 3983 exocatacmlos
2593 3925 2794 3993 primus
2824 3932 2898 3977 est
2935 3914 3545 3988 prot_onotarius,inquit

1962 4021 2203 4076 Joannes
2262 4017 2488 4073 Citrius.
2534 4016 2609 4069 Ex
2690 4028 2798 4083 quo
2867 4013 3057 4081 liquet,
3085 4025 3268 4079 quare
3318 4018 3545 4062 vocetur

1965 4112 2103 4181 θύρα
2134 4112 2240 4163 τῶν
2272 4107 2747 4173 ἑξωκατακοίλων,
2804 4104 3059 4157 nimirum
3106 4102 3231 4171 quia
3264 4099 3547 4168 proximus

1965 4219 1993 4258 a
2028 4203 2219 4272 primis
2246 4209 2333 4257 est
2379 4212 2435 4255 et
2462 4198 2620 4268 quasi
2659 4197 2823 4265 janua
2855 4210 2948 4249 seu
3003 4192 3211 4264 primus
3267 4192 3544 4259 ingressus

1966 4294 2032 4349 ad
2070 4293 2492 4349 exocatacoelos.
2526 4290 2734 4344 Gens.

2033 4384 2201 4457 [Ibid.
2236 4383 2393 4450 Θύρα
2439 4380 2557 4433 τῶν
2582 4378 3091 4442 ἐξωκατακοίλων.
3124 4372 3199 4439 Eo
3228 4369 3369 4441 quod
3429 4369 3487 4424 of
3492 4369 3549 4420 fl.

1966 4476 2107 4531 cium
2144 4474 2369 4543 adeptus
2401 4473 2542 4527 inter
2587 4470 2833 4525 omnium
2891 4479 3175 4535 supremos
3222 4472 3277 4517 et
3309 4462 3412 4527 ἔξω
3441 4461 3548 4512 τῶν

286 4585 475 4637 Concio
510 4581 726 4646 σύνοδος
756 4592 841 4637 est
869 4602 882 4637 :
912 4582 1149 4637 conflant
1178 4598 1295 4636 eum
1320 4599 1382 4636 ex
1411 4599 1555 4636 more
1577 4582 1860 4651 pontiﬁces
1892 4575 1937 4632 Β
1965 4584 1971 4619 τ

1892 4575 1937 4632 D
1965 4566 2303 4619 κατακοίλων
2342 4564 2566 4632 incipiat
2590 4559 2888 4616 numerari.
2913 4554 3233 4611 Protecdico
3255 4568 3384 4606 vero
3412 4567 3547 4606 non-

287 4672 338 4724 in
370 4672 559 4725 urbem
614 4670 855 4727 advenas.
892 4672 973 4724 Ab
1010 4686 1070 4724 ea
1102 4681 1278 4723 tamen
1317 4672 1473 4739 primi
1524 4687 1612 4726 sex
1650 4673 1857 4725 diaconi

290 4772 563 4831 nequeunt
600 4765 793 4818 abesse
818 4783 831 4819 :
858 4763 1003 4816 οὗτοι
1039 4764 1305 4833 κάθηνται
1344 4766 1399 4815 ἐν
1462 4768 1525 4833 τῇ
1590 4765 1709 4831 θείᾳ
1770 4764 1862 4814 καὶ

292 4856 409 4926 ίερᾲ
468 4856 693 4924 συνόδῳ.
746 4855 1031 4909 Similibus
1102 4854 1155 4906 in
1222 4854 1463 4924 synorlis,
1516 4867 1861 4923 quaecunque

290 4947 380 5004 lib.
407 4965 463 5004 ιιι
502 4956 558 5002 et
592 4963 645 5003 iv
674 4946 823 5005 Juris
851 4947 1142 5017 GRJegis,
1176 4947 1565 5002 suntdeliuita.
1594 4942 1792 5017 Cone]

360 5043 486 5096 Hac
520 5041 587 5095 de
614 5040 787 5109 prima
832 5040 1061 5106 pentade
1101 5037 1411 5094 officiorum
1452 5047 1506 5092 et
1547 5036 1860 5091 officialium

290 5130 805 5188 ecclesiastieorum.
828 5130 1033 5185 Gnsrs.

811 5224 968 5292 132
992 5220 1220 5276 CAPUT
1264 5219 1351 5276 Vl.

364 5317 437 5371 De
473 5316 705 5370 secunda
754 5313 981 5381 pentade
1011 5314 1312 5381 ofﬁciorum
1362 5325 1411 5365 et
1460 5312 1796 5380 ofﬁcialium.

363 5406 446 5482 [Ρ.
473 5408 527 5461 ι.
573 5406 638 5461 ’11
668 5404 914 5474 δευτέρα
942 5406 1185 5470 πεντάς.
1212 5404 1347 5469 Quid
1372 5414 1453 5458 est
1482 5404 1625 5470 quod
1675 5405 1863 5472 quina-

291 5501 429 5557 rium
457 5501 646 5554 titulus
682 5498 955 5567 superior,
989 5497 1129 5552 sicut
1154 5508 1208 5550 et
1243 5497 1328 5551 hic
1360 5495 1628 5565 promisit,
1660 5503 1716 5548 at
1746 5510 1858 5549 ιιοιι

294 5596 361 5646 ita
388 5593 536 5647 velut
553 5591 642 5645 hic
666 5588 1181 5659 quinqueiofﬁciales
1204 5586 1491 5655 exposuit?
1510 5585 1860 5655 Respondeo,

293 5682 600 5750 p.-otecdico
628 5680 900 5750 quondam
931 5678 1165 5749 quinarii
1215 5679 1356 5732 tertii
1414 5678 1639 5747 primam
1678 5679 1860 5731 sedem

293 5774 594 5834 obtinente,
651 5778 819 5839 prout
859 5768 1112 5822 Allatiani
1171 5766 1398 5836 catalogi
1458 5764 1736 5819 declarant
1808 5763 1860 5816 in

297 5852 649 5931 Eurbologi’o,
677 5860 909 5936 primum
949 5857 1261 5935 quinarium
1308 5857 1489 5929 plures
1537 5852 1859 5910 ellieialibus

1968 4656 2097 4711 dum
2158 4664 2346 4709 eveeto
2419 4653 2671 4721 superius
2717 4659 2838 4705 erat
2896 4648 3072 4701 adhuc
3145 4644 3547 4715 protonotarius

1970 4746 2107 4817 θύρα
2145 4746 2254 4798 τῶν
2290 4745 2347 4810 ἓξ
2397 4742 2757 4804 κατακοί).ων,
2784 4741 2948 4808 janua
3016 4737 3083 4792 ad
3138 4749 3423 4790 numerum
3454 4749 3544 4786 sex

1969 4840 2184 4892 illorum
2275 4836 2583 4906 patriarcha
2662 4832 2984 4887 inferiorum
3033 4825 3437 4896 attingendum.
3482 4824 3549 4878 At

1968 4930 2033 4984 de
2070 4927 2446 4983 erocalaeoelis
2499 4924 2722 4980 uberius
2808 4922 2933 4976 alibi
2988 4920 3295 4988 loquemur.
3353 4914 3446 4969 Est
3496 4926 3551 4967 et

1972 5022 2253 5089 catalogus
2281 5020 2333 5073 in
2374 5016 2706 5085 Eucbulugio
2742 5014 3111 5085 prolecdicum
3154 5013 3548 5066 exocatacualo-

1969 5132 2113 5177 rum,
2176 5112 2546 5180 protonotario
2620 5110 2843 5178 rejecto,
2898 5119 3187 5162 recensens
3251 5105 3544 5168 ultimum;

1969 5222 2153 5259 verum
2191 5215 2308 5258 ortu
2347 5206 2487 5257 inter
2513 5218 2606 5257 eos
2638 5202 2746 5263 lite,
2784 5215 3001 5267 paceni,-
3029 5210 3193 5265 quam
3244 5195 3428 5257 cilius.
3452 5208 3548 5265 ι)ιό

1967 5297 2122 5352 libito
2152 5296 2457 5364 patriarcha
2488 5293 2822 5351 conciliabit.
2859 5286 3057 5359 Cum]

2078 5388 2212 5441 Hinc
2247 5397 2583 5442 evanescunt
2614 5393 2921 5439 commenta
2959 5379 3129 5439 Junii.
3163 5378 3257 5446 qui
3287 5378 3355 5433 de
3374 5377 3544 5447 janua

1970 5496 2064 5535 seu
2110 5483 2261 5550 tliyra
2294 5480 2461 5533 multa
2502 5486 2737 5546 nugatur
2784 5490 2847 5531 es:
2874 5490 2971 5531 usu
3020 5486 3130 5526 non
3169 5471 3546 5529 Orientalium,

1970 5574 2060 5626 sed
2102 5586 2219 5623 suo.
2255 5571 2343 5623 Ait
2373 5568 2543 5638 θύραν
2583 5582 2676 5622 seu
2718 5566 2941 5634 ianuam
2978 5564 3107 5629 dici,
3162 5563 3399 5633 quisquis
3436 5563 3548 5612 adi-

1973 5676 2079 5719 tum
2112 5664 2179 5715 ad
2242 5662 2562 5731 superiorem
2605 5660 2836 5727 prlebet;
2880 5673 3034 5727 quem
3091 5655 3299 5716 Latine,
3349 5653 3545 5721 inquit.

1972 5773 2085 5809 cum
2117 5753 2269 5807 Festo
2303 5753 2639 5805 udmissivum
2669 5761 2760 5803 aut
2808 5763 2926 5800 cum
2960 5739 3551 5799 recentioribus‘admis.

1973 5849 2233 5903 sionulcm
2293 5844 2559 5898 Commode
2637 5839 3041 5907 nuncupaveris.
3076 5836 3194 5909 Quo
3251 5834 3309 5891 lit
3377 5844 3435 5895 ut
3484 5848 3550 5893 es
