  <div class='ocr_page' id='page_1' title='image "/cluster/home/n/w/nwhite01/storage/ocr_20150623/157/nnc1.0046980857/081.png"; bbox 0 0 4266 6438; ppageno 0'>
   <div class='ocr_carea' id='block_1_1' title="bbox 700 422 799 494">
    <p class='ocr_par' dir='ltr' id='par_1_1' title="bbox 700 422 799 494">
     <span class='ocr_line' id='line_1_1' title="bbox 700 422 799 494; baseline 0.01 -2"><span class='ocrx_word' id='word_1_1' title='bbox 700 422 799 494; x_wconf 69' lang='grc' dir='ltr'><strong>ΜΤ</strong></span> 
     </span>
    </p>
   </div>
   <div class='ocr_carea' id='block_1_2' title="bbox 1792 425 2876 493">
    <p class='ocr_par' dir='ltr' id='par_1_2' title="bbox 1792 425 2876 493">
     <span class='ocr_line' id='line_1_2' title="bbox 1792 425 2876 493; baseline 0.006 -6"><span class='ocrx_word' id='word_1_2' title='bbox 1792 425 1879 487; x_wconf 73' lang='grc' dir='ltr'><strong>ΙΝ</strong></span> <span class='ocrx_word' id='word_1_3' title='bbox 1917 425 2215 489; x_wconf 78' lang='lat' dir='ltr'>LIBRUM</span> <span class='ocrx_word' id='word_1_4' title='bbox 2261 432 2355 489; x_wconf 81' lang='lat' dir='ltr'><strong>DE</strong></span> <span class='ocrx_word' id='word_1_5' title='bbox 2402 432 2734 493; x_wconf 74' lang='lat' dir='ltr'><strong>OFFlCllS</strong></span> <span class='ocrx_word' id='word_1_6' title='bbox 2770 432 2876 493; x_wconf 86' lang='lat' dir='ltr'><strong>Cl’.</strong></span> 
     </span>
    </p>
   </div>
   <div class='ocr_carea' id='block_1_3' title="bbox 3851 428 3947 495">
    <p class='ocr_par' dir='ltr' id='par_1_3' title="bbox 3851 428 3947 495">
     <span class='ocr_line' id='line_1_3' title="bbox 3851 428 3947 495; baseline 0.021 -3"><span class='ocrx_word' id='word_1_7' title='bbox 3851 428 3947 495; x_wconf 76' lang='lat' dir='ltr'><strong>H8</strong></span> 
     </span>
    </p>
   </div>
   <div class='ocr_carea' id='block_1_4' title="bbox 695 535 3943 612">
    <p class='ocr_par' dir='ltr' id='par_1_4' title="bbox 695 535 3943 612">
     <span class='ocr_line' id='line_1_4' title="bbox 695 535 3943 612; baseline -0.001 -18"><span class='ocrx_word' id='word_1_8' title='bbox 695 542 1059 612; x_wconf 80' lang='lat' dir='ltr'><strong>protonotario</strong></span> <span class='ocrx_word' id='word_1_9' title='bbox 1101 539 1262 596; x_wconf 78' lang='lat' dir='ltr'><strong>iaciat</strong></span> <span class='ocrx_word' id='word_1_10' title='bbox 1302 538 1579 594; x_wconf 86' lang='lat' dir='ltr'><strong>ostiarium</strong></span> <span class='ocrx_word' id='word_1_11' title='bbox 1631 551 1729 592; x_wconf 86' lang='lat' dir='ltr'><strong>seu</strong></span> <span class='ocrx_word' id='word_1_12' title='bbox 1759 537 2051 607; x_wconf 73' lang='lat' dir='ltr'><strong>ianitorem</strong></span> <span class='ocrx_word' id='word_1_13' title='bbox 2088 553 2280 590; x_wconf 76' lang='lat' dir='ltr'><strong>exoca-</strong></span> <span class='ocrx_word' id='word_1_14' title='bbox 2308 546 2351 601; x_wconf 75' lang='grc' dir='ltr'>Α</span> <span class='ocrx_word' id='word_1_15' title='bbox 2385 558 2449 594; x_wconf 88' lang='lat' dir='ltr'><strong>ne</strong></span> <span class='ocrx_word' id='word_1_16' title='bbox 2476 539 2883 607; x_wconf 79' lang='lat' dir='ltr'><strong>contempleris,</strong></span> <span class='ocrx_word' id='word_1_17' title='bbox 2937 537 3029 594; x_wconf 88' lang='lat' dir='ltr'><strong>sed</strong></span> <span class='ocrx_word' id='word_1_18' title='bbox 3078 537 3129 591; x_wconf 92' lang='lat' dir='ltr'><strong>in</strong></span> <span class='ocrx_word' id='word_1_19' title='bbox 3167 535 3387 607; x_wconf 76' lang='lat' dir='ltr'><strong>scriptis</strong></span> <span class='ocrx_word' id='word_1_20' title='bbox 3447 537 3708 609; x_wconf 73' lang='lat' dir='ltr'><strong>lectisque</strong></span> <span class='ocrx_word' id='word_1_21' title='bbox 3742 539 3835 594; x_wconf 89' lang='lat' dir='ltr'><strong>tibi</strong></span> <span class='ocrx_word' id='word_1_22' title='bbox 3868 542 3943 594; x_wconf 81' lang='lat' dir='ltr'><strong>si-</strong></span> 
     </span>
    </p>
   </div>
   <div class='ocr_carea' id='block_1_5' title="bbox 696 632 2281 703">
    <p class='ocr_par' dir='ltr' id='par_1_5' title="bbox 696 632 2281 703">
     <span class='ocr_line' id='line_1_5' title="bbox 696 632 2281 703; baseline -0.003 -14"><span class='ocrx_word' id='word_1_23' title='bbox 696 636 1020 693; x_wconf 69' lang='lat' dir='ltr'><strong>tacaelorum.</strong></span> <span class='ocrx_word' id='word_1_24' title='bbox 1050 635 1178 701; x_wconf 86' lang='lat' dir='ltr'><strong>Quis</strong></span> <span class='ocrx_word' id='word_1_25' title='bbox 1198 646 1377 688; x_wconf 85' lang='lat' dir='ltr'><strong>autem</strong></span> <span class='ocrx_word' id='word_1_26' title='bbox 1403 646 1638 703; x_wconf 85' lang='lat' dir='ltr'><strong>unquam</strong></span> <span class='ocrx_word' id='word_1_27' title='bbox 1663 632 1870 687; x_wconf 76' lang='lat' dir='ltr'><strong>audivit</strong></span> <span class='ocrx_word' id='word_1_28' title='bbox 1905 632 2062 701; x_wconf 79' lang='lat'><strong>133</strong></span> <span class='ocrx_word' id='word_1_29' title='bbox 2095 644 2281 702; x_wconf 80' lang='lat' dir='ltr'><strong>prato-</strong></span> 
     </span>
    </p>
   </div>
   <div class='ocr_carea' id='block_1_6' title="bbox 697 724 2278 796">
    <p class='ocr_par' dir='ltr' id='par_1_6' title="bbox 697 724 2278 796">
     <span class='ocr_line' id='line_1_6' title="bbox 697 724 2278 796; baseline -0.004 -11"><span class='ocrx_word' id='word_1_30' title='bbox 697 731 968 785; x_wconf 76' lang='lat' dir='ltr'><strong>nomrium</strong></span> <span class='ocrx_word' id='word_1_31' title='bbox 1000 743 1121 783; x_wconf 89' lang='lat' dir='ltr'><strong>esse</strong></span> <span class='ocrx_word' id='word_1_32' title='bbox 1162 726 1416 796; x_wconf 85' lang='grc' dir='ltr'>θυρωρόν</span> <span class='ocrx_word' id='word_1_33' title='bbox 1450 740 1545 781; x_wconf 90' lang='lat' dir='ltr'><strong>seu</strong></span> <span class='ocrx_word' id='word_1_34' title='bbox 1565 724 1887 782; x_wconf 87' lang='lat' dir='ltr'><strong>ostiarium?</strong></span> <span class='ocrx_word' id='word_1_35' title='bbox 1923 724 2074 794; x_wconf 83' lang='grc' dir='ltr'>Θύρα</span> <span class='ocrx_word' id='word_1_36' title='bbox 2096 724 2278 794; x_wconf 82' lang='lat' dir='ltr'><strong>igitur,</strong></span> 
     </span>
    </p>
   </div>
   <div class='ocr_carea' id='block_1_7' title="bbox 697 813 2281 889">
    <p class='ocr_par' dir='ltr' id='par_1_7' title="bbox 697 813 2281 889">
     <span class='ocr_line' id='line_1_7' title="bbox 697 813 2281 889; baseline -0.004 -13"><span class='ocrx_word' id='word_1_37' title='bbox 697 822 803 877; x_wconf 87' lang='lat' dir='ltr'><strong>boc</strong></span> <span class='ocrx_word' id='word_1_38' title='bbox 828 830 910 878; x_wconf 86' lang='lat' dir='ltr'><strong>est</strong></span> <span class='ocrx_word' id='word_1_39' title='bbox 938 821 1131 889; x_wconf 86' lang='lat' dir='ltr'><strong>janua,</strong></span> <span class='ocrx_word' id='word_1_40' title='bbox 1164 817 1502 881; x_wconf 74' lang='lat' dir='ltr'><strong>nominatur,</strong></span> <span class='ocrx_word' id='word_1_41' title='bbox 1525 831 1633 870; x_wconf 89' lang='lat' dir='ltr'><strong>non</strong></span> <span class='ocrx_word' id='word_1_42' title='bbox 1663 813 1807 883; x_wconf 87' lang='lat' dir='ltr'><strong>quod</strong></span> <span class='ocrx_word' id='word_1_43' title='bbox 1847 814 1918 868; x_wconf 90' lang='lat' dir='ltr'><strong>sit</strong></span> <span class='ocrx_word' id='word_1_44' title='bbox 1951 813 2153 877; x_wconf 76' lang='lat' dir='ltr'><strong>ianitor</strong></span> <span class='ocrx_word' id='word_1_45' title='bbox 2182 828 2281 869; x_wconf 87' lang='lat' dir='ltr'><strong>seu</strong></span> 
     </span>
    </p>
   </div>
   <div class='ocr_carea' id='block_1_8' title="bbox 699 907 2281 981">
    <p class='ocr_par' dir='ltr' id='par_1_8' title="bbox 699 907 2281 981">
     <span class='ocr_line' id='line_1_8' title="bbox 699 907 2281 981; baseline -0.004 -11"><span class='ocrx_word' id='word_1_46' title='bbox 699 912 1111 977; x_wconf 83' lang='lat' dir='ltr'><strong>admissionalis,</strong></span> <span class='ocrx_word' id='word_1_47' title='bbox 1143 911 1237 969; x_wconf 85' lang='lat' dir='ltr'><strong>sed</strong></span> <span class='ocrx_word' id='word_1_48' title='bbox 1279 910 1405 981; x_wconf 83' lang='lat' dir='ltr'><strong>quia</strong></span> <span class='ocrx_word' id='word_1_49' title='bbox 1450 916 1533 964; x_wconf 85' lang='lat' dir='ltr'><strong>est</strong></span> <span class='ocrx_word' id='word_1_50' title='bbox 1596 907 1880 978; x_wconf 85' lang='lat' dir='ltr'><strong>proximus</strong></span> <span class='ocrx_word' id='word_1_51' title='bbox 1924 907 1992 961; x_wconf 92' lang='lat' dir='ltr'><strong>ab</strong></span> <span class='ocrx_word' id='word_1_52' title='bbox 2026 916 2281 963; x_wconf 84' lang='lat' dir='ltr'><strong>exocata-</strong></span> 
     </span>
    </p>
   </div>
   <div class='ocr_carea' id='block_1_9' title="bbox 698 1001 2276 1077">
    <p class='ocr_par' dir='ltr' id='par_1_9' title="bbox 698 1001 2276 1077">
     <span class='ocr_line' id='line_1_9' title="bbox 698 1001 2276 1077; baseline -0.005 -14"><span class='ocrx_word' id='word_1_53' title='bbox 698 1009 872 1064; x_wconf 72' lang='lat' dir='ltr'><strong>cretis.</strong></span> <span class='ocrx_word' id='word_1_54' title='bbox 903 1007 1012 1062; x_wconf 83' lang='lat' dir='ltr'><strong>Nec</strong></span> <span class='ocrx_word' id='word_1_55' title='bbox 1049 1015 1131 1062; x_wconf 89' lang='lat' dir='ltr'><strong>est</strong></span> <span class='ocrx_word' id='word_1_56' title='bbox 1164 1006 1307 1077; x_wconf 89' lang='lat' dir='ltr'><strong>quod</strong></span> <span class='ocrx_word' id='word_1_57' title='bbox 1337 1003 1532 1058; x_wconf 84' lang='lat' dir='ltr'><strong>Junius</strong></span> <span class='ocrx_word' id='word_1_58' title='bbox 1567 1016 1595 1056; x_wconf 86' lang='lat' dir='ltr'><strong>a</strong></span> <span class='ocrx_word' id='word_1_59' title='bbox 1640 1001 1917 1060; x_wconf 73' lang='lat' dir='ltr'><strong>Janizaris</strong></span> <span class='ocrx_word' id='word_1_60' title='bbox 1969 1001 2276 1059; x_wconf 88' lang='lat' dir='ltr'><strong>subsidium</strong></span> 
     </span>
    </p>
   </div>
   <div class='ocr_carea' id='block_1_10' title="bbox 698 1097 2278 1170">
    <p class='ocr_par' dir='ltr' id='par_1_10' title="bbox 698 1097 2278 1170">
     <span class='ocr_line' id='line_1_10' title="bbox 698 1097 2278 1170; baseline -0.003 -15"><span class='ocrx_word' id='word_1_61' title='bbox 698 1110 882 1170; x_wconf 87' lang='lat' dir='ltr'><strong>petat:</strong></span> <span class='ocrx_word' id='word_1_62' title='bbox 921 1100 1010 1156; x_wconf 84' lang='lat' dir='ltr'><strong>alii</strong></span> <span class='ocrx_word' id='word_1_63' title='bbox 1044 1099 1186 1157; x_wconf 86' lang='lat' dir='ltr'><strong>enim</strong></span> <span class='ocrx_word' id='word_1_64' title='bbox 1239 1112 1436 1153; x_wconf 88' lang='lat' dir='ltr'><strong>nomen</strong></span> <span class='ocrx_word' id='word_1_65' title='bbox 1502 1097 1606 1152; x_wconf 90' lang='lat' dir='ltr'><strong>boe</strong></span> <span class='ocrx_word' id='word_1_66' title='bbox 1647 1112 1753 1151; x_wconf 90' lang='lat' dir='ltr'><strong>non</strong></span> <span class='ocrx_word' id='word_1_67' title='bbox 1792 1111 1821 1150; x_wconf 71' lang='grc' dir='ltr'><strong>ο</strong></span> <span class='ocrx_word' id='word_1_68' title='bbox 1847 1097 2043 1167; x_wconf 87' lang='lat' dir='ltr'><strong>janua,</strong></span> <span class='ocrx_word' id='word_1_69' title='bbox 2082 1098 2176 1151; x_wconf 88' lang='lat' dir='ltr'><strong>sed</strong></span> <span class='ocrx_word' id='word_1_70' title='bbox 2209 1098 2278 1151; x_wconf 87' lang='lat' dir='ltr'><strong>ab</strong></span> 
     </span>
    </p>
   </div>
   <div class='ocr_carea' id='block_1_11' title="bbox 699 1188 2278 1267">
    <p class='ocr_par' dir='ltr' id='par_1_11' title="bbox 699 1188 2278 1267">
     <span class='ocr_line' id='line_1_11' title="bbox 699 1188 2278 1267; baseline -0.006 -16"><span class='ocrx_word' id='word_1_71' title='bbox 699 1196 807 1251; x_wconf 87' lang='lat' dir='ltr'><strong>alio</strong></span> <span class='ocrx_word' id='word_1_72' title='bbox 840 1196 997 1267; x_wconf 87' lang='lat' dir='ltr'><strong>longe</strong></span> <span class='ocrx_word' id='word_1_73' title='bbox 1032 1195 1246 1251; x_wconf 87' lang='lat' dir='ltr'><strong>diverso</strong></span> <span class='ocrx_word' id='word_1_74' title='bbox 1281 1192 1545 1248; x_wconf 81' lang='lat' dir='ltr'><strong>vocabulo</strong></span> <span class='ocrx_word' id='word_1_75' title='bbox 1574 1190 1872 1254; x_wconf 83' lang='lat' dir='ltr'><strong>deducunt,</strong></span> <span class='ocrx_word' id='word_1_76' title='bbox 1904 1191 2033 1244; x_wconf 92' lang='lat' dir='ltr'><strong>utin</strong></span> <span class='ocrx_word' id='word_1_77' title='bbox 2062 1188 2278 1243; x_wconf 86' lang='lat' dir='ltr'><strong>Pande-</strong></span> 
     </span>
    </p>
   </div>
   <div class='ocr_carea' id='block_1_12' title="bbox 702 1286 1591 1347">
    <p class='ocr_par' dir='ltr' id='par_1_12' title="bbox 702 1286 1591 1347">
     <span class='ocr_line' id='line_1_12' title="bbox 702 1286 1591 1347; baseline 0.006 -4"><span class='ocrx_word' id='word_1_78' title='bbox 702 1301 785 1345; x_wconf 80' lang='lat' dir='ltr'><strong>cte</strong></span> <span class='ocrx_word' id='word_1_79' title='bbox 814 1292 973 1346; x_wconf 89' lang='lat' dir='ltr'><strong>Ture.</strong></span> <span class='ocrx_word' id='word_1_80' title='bbox 1004 1290 1185 1346; x_wconf 80' lang='lat' dir='ltr'><strong>videre</strong></span> <span class='ocrx_word' id='word_1_81' title='bbox 1228 1290 1373 1347; x_wconf 88' lang='lat' dir='ltr'><strong>licet.</strong></span> <span class='ocrx_word' id='word_1_82' title='bbox 1590 1286 1591 1289; x_wconf 33' lang='grc'><em>“</em></span> 
     </span>
    </p>
   </div>
   <div class='ocr_carea' id='block_1_13' title="bbox 777 1375 2277 1453">
    <p class='ocr_par' dir='ltr' id='par_1_13' title="bbox 777 1375 2277 1453">
     <span class='ocr_line' id='line_1_13' title="bbox 777 1375 2277 1453; baseline -0.005 -18"><span class='ocrx_word' id='word_1_83' title='bbox 777 1382 909 1437; x_wconf 88' lang='lat' dir='ltr'><strong>Illud</strong></span> <span class='ocrx_word' id='word_1_84' title='bbox 932 1382 1154 1453; x_wconf 87' lang='lat' dir='ltr'><strong>insuper</strong></span> <span class='ocrx_word' id='word_1_85' title='bbox 1195 1382 1446 1438; x_wconf 81' lang='lat' dir='ltr'><strong>festivum</strong></span> <span class='ocrx_word' id='word_1_86' title='bbox 1480 1394 1585 1445; x_wconf 87' lang='lat' dir='ltr'><strong>est,</strong></span> <span class='ocrx_word' id='word_1_87' title='bbox 1636 1398 1762 1438; x_wconf 88' lang='lat' dir='ltr'><strong>eum</strong></span> <span class='ocrx_word' id='word_1_88' title='bbox 1798 1382 1875 1437; x_wconf 93' lang='lat' dir='ltr'><strong>ait</strong></span> <span class='ocrx_word' id='word_1_89' title='bbox 1910 1375 2277 1450; x_wconf 87' lang='lat' dir='ltr'><strong>protonotarii</strong></span> 
     </span>
    </p>
   </div>
   <div class='ocr_carea' id='block_1_14' title="bbox 704 1466 2276 1545">
    <p class='ocr_par' dir='ltr' id='par_1_14' title="bbox 704 1466 2276 1545">
     <span class='ocr_line' id='line_1_14' title="bbox 704 1466 2276 1545; baseline -0.006 -18"><span class='ocrx_word' id='word_1_90' title='bbox 704 1475 868 1542; x_wconf 75' lang='lat' dir='ltr'><strong>fuisse</strong></span> <span class='ocrx_word' id='word_1_91' title='bbox 907 1484 965 1528; x_wconf 84' lang='lat' dir='ltr'><strong>ut</strong></span> <span class='ocrx_word' id='word_1_92' title='bbox 991 1490 1107 1545; x_wconf 77' lang='lat' dir='ltr'><strong>qua:</strong></span> <span class='ocrx_word' id='word_1_93' title='bbox 1129 1475 1264 1543; x_wconf 81' lang='lat' dir='ltr'><strong>foris</strong></span> <span class='ocrx_word' id='word_1_94' title='bbox 1295 1492 1324 1528; x_wconf 79' lang='grc' dir='ltr'><strong>α</strong></span> <span class='ocrx_word' id='word_1_95' title='bbox 1358 1474 1624 1528; x_wconf 75' lang='lat' dir='ltr'><strong>ratacaelis</strong></span> <span class='ocrx_word' id='word_1_96' title='bbox 1659 1472 1738 1525; x_wconf 83' lang='lat' dir='ltr'><strong>vel</strong></span> <span class='ocrx_word' id='word_1_97' title='bbox 1770 1487 1862 1538; x_wconf 86' lang='lat' dir='ltr'><strong>per</strong></span> <span class='ocrx_word' id='word_1_98' title='bbox 1895 1468 2180 1522; x_wconf 75' lang='lat' dir='ltr'><strong>catacaelos</strong></span> <span class='ocrx_word' id='word_1_99' title='bbox 2208 1466 2276 1518; x_wconf 90' lang='lat' dir='ltr'><strong>ad</strong></span> 
     </span>
    </p>
   </div>
   <div class='ocr_carea' id='block_1_15' title="bbox 703 1560 2281 1637">
    <p class='ocr_par' dir='ltr' id='par_1_15' title="bbox 703 1560 2281 1637">
     <span class='ocr_line' id='line_1_15' title="bbox 703 1560 2281 1637; baseline -0.006 -17"><span class='ocrx_word' id='word_1_100' title='bbox 703 1567 1066 1635; x_wconf 79' lang='lat' dir='ltr'><strong>patriarcham</strong></span> <span class='ocrx_word' id='word_1_101' title='bbox 1091 1568 1475 1637; x_wconf 70' lang='lat' dir='ltr'><strong>offerebantur,</strong></span> <span class='ocrx_word' id='word_1_102' title='bbox 1506 1583 1573 1619; x_wconf 77' lang='lat' dir='ltr'><strong>ea</strong></span> <span class='ocrx_word' id='word_1_103' title='bbox 1593 1565 1866 1634; x_wconf 88' lang='lat' dir='ltr'><strong>acciperet.</strong></span> <span class='ocrx_word' id='word_1_104' title='bbox 1902 1560 2022 1630; x_wconf 89' lang='lat' dir='ltr'><strong>Quo</strong></span> <span class='ocrx_word' id='word_1_105' title='bbox 2054 1565 2281 1614; x_wconf 80' lang='lat' dir='ltr'><strong>auctore</strong></span> 
     </span>
    </p>
   </div>
   <div class='ocr_carea' id='block_1_16' title="bbox 710 1652 2277 1713">
    <p class='ocr_par' dir='ltr' id='par_1_16' title="bbox 710 1652 2277 1713">
     <span class='ocr_line' id='line_1_16' title="bbox 710 1652 2277 1713; baseline -0.006 -2"><span class='ocrx_word' id='word_1_106' title='bbox 710 1658 812 1711; x_wconf 86' lang='lat' dir='ltr'><strong>hoc</strong></span> <span class='ocrx_word' id='word_1_107' title='bbox 844 1657 1123 1713; x_wconf 82' lang='lat' dir='ltr'><strong>allirmas?</strong></span> <span class='ocrx_word' id='word_1_108' title='bbox 1154 1658 1285 1713; x_wconf 83' lang='lat' dir='ltr'><strong>Nam</strong></span> <span class='ocrx_word' id='word_1_109' title='bbox 1311 1657 1515 1713; x_wconf 86' lang='lat' dir='ltr'><strong>dicenti</strong></span> <span class='ocrx_word' id='word_1_110' title='bbox 1543 1657 1805 1711; x_wconf 76' lang='lat' dir='ltr'><strong>duntaxat</strong></span> <span class='ocrx_word' id='word_1_111' title='bbox 1827 1654 1871 1710; x_wconf 85' lang='lat' dir='ltr'><strong>si</strong></span> <span class='ocrx_word' id='word_1_112' title='bbox 1900 1652 2277 1710; x_wconf 82' lang='lat' dir='ltr'><strong>crederemus,</strong></span> 
     </span>
    </p>
   </div>
   <div class='ocr_carea' id='block_1_17' title="bbox 708 1741 2277 1817">
    <p class='ocr_par' dir='ltr' id='par_1_17' title="bbox 708 1741 2277 1817">
     <span class='ocr_line' id='line_1_17' title="bbox 708 1741 2277 1817; baseline -0.008 -11"><span class='ocrx_word' id='word_1_113' title='bbox 708 1750 891 1806; x_wconf 67' lang='lat' dir='ltr'><strong>omnia</strong></span> <span class='ocrx_word' id='word_1_114' title='bbox 923 1750 1291 1813; x_wconf 88' lang='lat' dir='ltr'><strong>crederemus,</strong></span> <span class='ocrx_word' id='word_1_115' title='bbox 1322 1749 1486 1803; x_wconf 91' lang='lat' dir='ltr'><strong>etiam</strong></span> <span class='ocrx_word' id='word_1_116' title='bbox 1516 1755 1703 1817; x_wconf 88' lang='lat' dir='ltr'><strong>aperte</strong></span> <span class='ocrx_word' id='word_1_117' title='bbox 1725 1746 1881 1800; x_wconf 87' lang='lat' dir='ltr'><strong>l‘alsa.</strong></span> <span class='ocrx_word' id='word_1_118' title='bbox 1909 1741 2277 1799; x_wconf 89' lang='lat' dir='ltr'><strong>Protonotarii</strong></span> 
     </span>
    </p>
   </div>
   <div class='ocr_carea' id='block_1_18' title="bbox 710 1818 2274 1909">
    <p class='ocr_par' dir='ltr' id='par_1_18' title="bbox 710 1818 2274 1909">
     <span class='ocr_line' id='line_1_18' title="bbox 710 1818 2274 1909; baseline -0.005 -16"><span class='ocrx_word' id='word_1_119' title='bbox 710 1842 811 1895; x_wconf 85' lang='lat' dir='ltr'><strong>l&#39;uit</strong></span> <span class='ocrx_word' id='word_1_120' title='bbox 836 1856 1029 1895; x_wconf 89' lang='lat' dir='ltr'><strong>curare</strong></span> <span class='ocrx_word' id='word_1_121' title='bbox 1056 1842 1300 1907; x_wconf 74' lang='lat' dir='ltr'><strong>pittacia,</strong></span> <span class='ocrx_word' id='word_1_122' title='bbox 1358 1851 1418 1895; x_wconf 87' lang='lat' dir='ltr'><strong>ut</strong></span> <span class='ocrx_word' id='word_1_123' title='bbox 1462 1840 1640 1909; x_wconf 86' lang='lat' dir='ltr'><strong>inquit</strong></span> <span class='ocrx_word' id='word_1_124' title='bbox 1690 1818 1953 1893; x_wconf 80' lang='lat' dir='ltr'><strong>Codinus.</strong></span> <span class='ocrx_word' id='word_1_125' title='bbox 2016 1834 2274 1896; x_wconf 77' lang='lat' dir='ltr'><strong>I&#39;ittacia,</strong></span> 
     </span>
    </p>
   </div>
   <div class='ocr_carea' id='block_1_19' title="bbox 2388 631 2882 703">
    <p class='ocr_par' dir='ltr' id='par_1_19' title="bbox 2388 631 2882 703">
     <span class='ocr_line' id='line_1_19' title="bbox 2388 631 2882 703; baseline -0.002 -16"><span class='ocrx_word' id='word_1_126' title='bbox 2388 635 2660 687; x_wconf 68' lang='lat' dir='ltr'><strong>standum.</strong></span> <span class='ocrx_word' id='word_1_127' title='bbox 2683 631 2882 703; x_wconf 64' lang='lat' dir='ltr'><strong>Ceam]</strong></span> 
     </span>
    </p>
   </div>
   <div class='ocr_carea' id='block_1_20' title="bbox 2463 724 3945 798">
    <p class='ocr_par' dir='ltr' id='par_1_20' title="bbox 2463 724 3945 798">
     <span class='ocr_line' id='line_1_20' title="bbox 2463 724 3945 798; baseline 0.002 -21"><span class='ocrx_word' id='word_1_128' title='bbox 2463 725 2621 798; x_wconf 58' lang='lat'><strong>135</strong></span> <span class='ocrx_word' id='word_1_129' title='bbox 2681 724 2854 777; x_wconf 82' lang='lat' dir='ltr'><strong>Etiam</strong></span> <span class='ocrx_word' id='word_1_130' title='bbox 2886 725 3085 778; x_wconf 74' lang='lat' dir='ltr'><strong>Latina:</strong></span> <span class='ocrx_word' id='word_1_131' title='bbox 3112 724 3370 780; x_wconf 70' lang='lat' dir='ltr'><strong>Ecclesia:</strong></span> <span class='ocrx_word' id='word_1_132' title='bbox 3400 725 3806 795; x_wconf 83' lang='lat' dir='ltr'><strong>protonotsrius</strong></span> <span class='ocrx_word' id='word_1_133' title='bbox 3838 728 3945 780; x_wconf 88' lang='lat' dir='ltr'><strong>usi-</strong></span> 
     </span>
    </p>
   </div>
   <div class='ocr_carea' id='block_1_21' title="bbox 2391 816 3947 888">
    <p class='ocr_par' dir='ltr' id='par_1_21' title="bbox 2391 816 3947 888">
     <span class='ocr_line' id='line_1_21' title="bbox 2391 816 3947 888; baseline 0.001 -18"><span class='ocrx_word' id='word_1_134' title='bbox 2391 826 2535 871; x_wconf 85' lang='lat' dir='ltr'><strong>tatus</strong></span> <span class='ocrx_word' id='word_1_135' title='bbox 2571 818 2690 881; x_wconf 83' lang='lat' dir='ltr'><strong>luit,</strong></span> <span class='ocrx_word' id='word_1_136' title='bbox 2715 816 2807 886; x_wconf 89' lang='lat' dir='ltr'><strong>qui</strong></span> <span class='ocrx_word' id='word_1_137' title='bbox 2838 827 2890 870; x_wconf 77' lang='lat' dir='ltr'><strong>et</strong></span> <span class='ocrx_word' id='word_1_138' title='bbox 2917 816 3269 887; x_wconf 76' lang='lat' dir='ltr'><strong>primicerius</strong></span> <span class='ocrx_word' id='word_1_139' title='bbox 3311 819 3693 883; x_wconf 87' lang='lat' dir='ltr'><strong>notariorum;</strong></span> <span class='ocrx_word' id='word_1_140' title='bbox 3730 817 3798 873; x_wconf 90' lang='lat' dir='ltr'><strong>de</strong></span> <span class='ocrx_word' id='word_1_141' title='bbox 3844 831 3947 888; x_wconf 88' lang='lat' dir='ltr'><strong>quo</strong></span> 
     </span>
    </p>
   </div>
   <div class='ocr_carea' id='block_1_22' title="bbox 2386 906 3944 980">
    <p class='ocr_par' dir='ltr' id='par_1_22' title="bbox 2386 906 3944 980">
     <span class='ocr_line' id='line_1_22' title="bbox 2386 906 3944 980; baseline 0.001 -19"><span class='ocrx_word' id='word_1_142' title='bbox 2386 907 2508 962; x_wconf 79' lang='lat' dir='ltr'><strong>vide</strong></span> <span class='ocrx_word' id='word_1_143' title='bbox 2540 906 2883 977; x_wconf 89' lang='lat' dir='ltr'><strong>Onupbrium</strong></span> <span class='ocrx_word' id='word_1_144' title='bbox 2927 908 2980 962; x_wconf 91' lang='lat' dir='ltr'><strong>in</strong></span> <span class='ocrx_word' id='word_1_145' title='bbox 3018 908 3284 980; x_wconf 79' lang='lat' dir='ltr'><strong>Explicat.</strong></span> <span class='ocrx_word' id='word_1_146' title='bbox 3333 922 3530 964; x_wconf 78' lang='lat' dir='ltr'><strong>vocum</strong></span> <span class='ocrx_word' id='word_1_147' title='bbox 3597 913 3944 965; x_wconf 80' lang='lat' dir='ltr'><strong>obscurarurr</strong></span> 
     </span>
    </p>
   </div>
   <div class='ocr_carea' id='block_1_23' title="bbox 2384 999 2689 1054">
    <p class='ocr_par' dir='ltr' id='par_1_23' title="bbox 2384 999 2689 1054">
     <span class='ocr_line' id='line_1_23' title="bbox 2384 999 2689 1054; baseline -0.01 0"><span class='ocrx_word' id='word_1_148' title='bbox 2384 999 2689 1054; x_wconf 82' lang='lat' dir='ltr'><strong>ecclesiast.</strong></span> 
     </span>
    </p>
   </div>
   <div class='ocr_carea' id='block_1_24' title="bbox 2456 1092 3938 1163">
    <p class='ocr_par' dir='ltr' id='par_1_24' title="bbox 2456 1092 3938 1163">
     <span class='ocr_line' id='line_1_24' title="bbox 2456 1092 3938 1163; baseline -0.001 -15"><span class='ocrx_word' id='word_1_149' title='bbox 2456 1092 2716 1162; x_wconf 89' lang='lat' dir='ltr'><strong>Sequitur</strong></span> <span class='ocrx_word' id='word_1_150' title='bbox 2750 1093 3039 1163; x_wconf 85' lang='lat' dir='ltr'><strong>logotheta.</strong></span> <span class='ocrx_word' id='word_1_151' title='bbox 3066 1106 3227 1162; x_wconf 86' lang='lat' dir='ltr'><strong>quem</strong></span> <span class='ocrx_word' id='word_1_152' title='bbox 3251 1092 3471 1151; x_wconf 82' lang='lat' dir='ltr'><strong>Nicetss</strong></span> <span class='ocrx_word' id='word_1_153' title='bbox 3514 1095 3552 1150; x_wconf 91' lang='lat' dir='ltr'><strong>l.</strong></span> <span class='ocrx_word' id='word_1_154' title='bbox 3581 1109 3655 1151; x_wconf 79' lang='lat' dir='ltr'><strong>vn</strong></span> <span class='ocrx_word' id='word_1_155' title='bbox 3696 1109 3872 1149; x_wconf 80' lang='lat' dir='ltr'><strong>rerum</strong></span> <span class='ocrx_word' id='word_1_156' title='bbox 3919 1107 3938 1146; x_wconf 68' lang='grc' dir='ltr'><em>ε</em></span> 
     </span>
    </p>
   </div>
   <div class='ocr_carea' id='block_1_25' title="bbox 2382 1176 3945 1265">
    <p class='ocr_par' dir='ltr' id='par_1_25' title="bbox 2382 1176 3945 1265">
     <span class='ocr_line' id='line_1_25' title="bbox 2382 1176 3945 1265; baseline -0.001 -28"><span class='ocrx_word' id='word_1_157' title='bbox 2382 1182 2638 1265; x_wconf 72' lang='lat' dir='ltr'><strong>Mannelq</strong></span> <span class='ocrx_word' id='word_1_158' title='bbox 2668 1194 2946 1255; x_wconf 84' lang='lat' dir='ltr'><strong>gestarum</strong></span> <span class='ocrx_word' id='word_1_159' title='bbox 2996 1183 3209 1240; x_wconf 85' lang='lat' dir='ltr'><strong>Latinis</strong></span> <span class='ocrx_word' id='word_1_160' title='bbox 3256 1176 3335 1241; x_wconf 87' lang='lat' dir='ltr'><strong>ait</strong></span> <span class='ocrx_word' id='word_1_161' title='bbox 3382 1201 3506 1241; x_wconf 85' lang='lat' dir='ltr'><strong>esse</strong></span> <span class='ocrx_word' id='word_1_162' title='bbox 3556 1186 3945 1245; x_wconf 81' lang='lat' dir='ltr'><strong>cancellarium_</strong></span> 
     </span>
    </p>
   </div>
   <div class='ocr_carea' id='block_1_26' title="bbox 2382 1276 3949 1346">
    <p class='ocr_par' dir='ltr' id='par_1_26' title="bbox 2382 1276 3949 1346">
     <span class='ocr_line' id='line_1_26' title="bbox 2382 1276 3949 1346; baseline 0.001 -19"><span class='ocrx_word' id='word_1_163' title='bbox 2382 1279 2526 1346; x_wconf 89' lang='lat' dir='ltr'><strong>quia</strong></span> <span class='ocrx_word' id='word_1_164' title='bbox 2553 1276 2801 1330; x_wconf 74' lang='lat' dir='ltr'><strong>cancellis</strong></span> <span class='ocrx_word' id='word_1_165' title='bbox 2832 1290 3031 1329; x_wconf 87' lang='lat' dir='ltr'><strong>nomen</strong></span> <span class='ocrx_word' id='word_1_166' title='bbox 3063 1276 3250 1337; x_wconf 85' lang='lat' dir='ltr'><strong>habet.</strong></span> <span class='ocrx_word' id='word_1_167' title='bbox 3274 1286 3332 1331; x_wconf 91' lang='lat' dir='ltr'><strong>ut</strong></span> <span class='ocrx_word' id='word_1_168' title='bbox 3379 1278 3557 1346; x_wconf 86' lang='lat' dir='ltr'><strong>ipsum</strong></span> <span class='ocrx_word' id='word_1_169' title='bbox 3589 1293 3783 1332; x_wconf 83' lang='lat' dir='ltr'><strong>nomen</strong></span> <span class='ocrx_word' id='word_1_170' title='bbox 3821 1276 3949 1330; x_wconf 72' lang='lat' dir='ltr'><strong>satis</strong></span> 
     </span>
    </p>
   </div>
   <div class='ocr_carea' id='block_1_27' title="bbox 2383 1351 3950 1437">
    <p class='ocr_par' dir='ltr' id='par_1_27' title="bbox 2383 1351 3950 1437">
     <span class='ocr_line' id='line_1_27' title="bbox 2383 1351 3950 1437; baseline -0.003 -14"><span class='ocrx_word' id='word_1_171' title='bbox 2383 1369 2609 1424; x_wconf 76' lang='lat' dir='ltr'><strong>indicat.</strong></span> <span class='ocrx_word' id='word_1_172' title='bbox 2648 1368 2779 1423; x_wconf 82' lang='lat' dir='ltr'><strong>Erat</strong></span> <span class='ocrx_word' id='word_1_173' title='bbox 2819 1370 3003 1432; x_wconf 88' lang='lat' dir='ltr'><strong>moris,</strong></span> <span class='ocrx_word' id='word_1_174' title='bbox 3029 1368 3207 1437; x_wconf 88' lang='lat' dir='ltr'><strong>inquit</strong></span> <span class='ocrx_word' id='word_1_175' title='bbox 3238 1368 3595 1425; x_wconf 64' lang='lat' dir='ltr'><strong>Casaubonus</strong></span> <span class='ocrx_word' id='word_1_176' title='bbox 3628 1370 3678 1422; x_wconf 90' lang='lat' dir='ltr'><strong>in</strong></span> <span class='ocrx_word' id='word_1_177' title='bbox 3707 1351 3950 1423; x_wconf 81' lang='lat' dir='ltr'><strong>Flavium</strong></span> 
     </span>
    </p>
   </div>
   <div class='ocr_carea' id='block_1_28' title="bbox 2381 1459 3954 1531">
    <p class='ocr_par' dir='ltr' id='par_1_28' title="bbox 2381 1459 3954 1531">
     <span class='ocr_line' id='line_1_28' title="bbox 2381 1459 3954 1531; baseline -0.003 -18"><span class='ocrx_word' id='word_1_178' title='bbox 2381 1460 2702 1531; x_wconf 85' lang='lat' dir='ltr'><strong>Vopiscum,</strong></span> <span class='ocrx_word' id='word_1_179' title='bbox 2732 1472 2788 1515; x_wconf 89' lang='lat' dir='ltr'><strong>ut</strong></span> <span class='ocrx_word' id='word_1_180' title='bbox 2819 1462 3112 1529; x_wconf 73' lang='lat' dir='ltr'><strong>principum</strong></span> <span class='ocrx_word' id='word_1_181' title='bbox 3137 1472 3184 1515; x_wconf 90' lang='lat' dir='ltr'><strong>et</strong></span> <span class='ocrx_word' id='word_1_182' title='bbox 3207 1461 3617 1530; x_wconf 81' lang='lat' dir='ltr'><strong>magistratuum</strong></span> <span class='ocrx_word' id='word_1_183' title='bbox 3643 1468 3835 1514; x_wconf 88' lang='lat' dir='ltr'><strong>secreta</strong></span> <span class='ocrx_word' id='word_1_184' title='bbox 3856 1459 3954 1522; x_wconf 85' lang='lat' dir='ltr'><strong>(ita</strong></span> 
     </span>
    </p>
   </div>
   <div class='ocr_carea' id='block_1_29' title="bbox 2382 1549 3978 1619">
    <p class='ocr_par' dir='ltr' id='par_1_29' title="bbox 2382 1549 3978 1619">
     <span class='ocr_line' id='line_1_29' title="bbox 2382 1549 3978 1619; baseline -0.003 -13"><span class='ocrx_word' id='word_1_185' title='bbox 2382 1563 2634 1606; x_wconf 85' lang='lat' dir='ltr'><strong>vocarunt</strong></span> <span class='ocrx_word' id='word_1_186' title='bbox 2674 1552 2791 1606; x_wconf 89' lang='lat' dir='ltr'><strong>loca</strong></span> <span class='ocrx_word' id='word_1_187' title='bbox 2824 1555 2909 1605; x_wconf 86' lang='lat' dir='ltr'><strong>ubi</strong></span> <span class='ocrx_word' id='word_1_188' title='bbox 2965 1553 3026 1606; x_wconf 87' lang='lat' dir='ltr'><strong>de</strong></span> <span class='ocrx_word' id='word_1_189' title='bbox 3054 1553 3276 1619; x_wconf 82' lang='lat' dir='ltr'><strong>negotiis</strong></span> <span class='ocrx_word' id='word_1_190' title='bbox 3322 1567 3418 1618; x_wconf 87' lang='lat' dir='ltr'><strong>pro</strong></span> <span class='ocrx_word' id='word_1_191' title='bbox 3477 1552 3682 1604; x_wconf 77' lang='lat' dir='ltr'><strong>ratione</strong></span> <span class='ocrx_word' id='word_1_192' title='bbox 3728 1549 3978 1602; x_wconf 53' lang='lat' dir='ltr'><strong>muneri»</strong></span> 
     </span>
    </p>
   </div>
   <div class='ocr_carea' id='block_1_30' title="bbox 2380 1642 3955 1715">
    <p class='ocr_par' dir='ltr' id='par_1_30' title="bbox 2380 1642 3955 1715">
     <span class='ocr_line' id='line_1_30' title="bbox 2380 1642 3955 1715; baseline -0.002 -18"><span class='ocrx_word' id='word_1_193' title='bbox 2380 1646 2597 1715; x_wconf 82' lang='lat' dir='ltr'><strong>quisque</strong></span> <span class='ocrx_word' id='word_1_194' title='bbox 2627 1646 2711 1697; x_wconf 86' lang='lat' dir='ltr'><strong>sui</strong></span> <span class='ocrx_word' id='word_1_195' title='bbox 2746 1646 3036 1701; x_wconf 81' lang='lat' dir='ltr'><strong>tractaturi</strong></span> <span class='ocrx_word' id='word_1_196' title='bbox 3072 1643 3469 1714; x_wconf 71' lang='lat' dir='ltr'><strong>conveniebant)</strong></span> <span class='ocrx_word' id='word_1_197' title='bbox 3504 1645 3561 1696; x_wconf 84' lang='lat' dir='ltr'><strong>in</strong></span> <span class='ocrx_word' id='word_1_198' title='bbox 3582 1642 3733 1697; x_wconf 85' lang='lat' dir='ltr'><strong>aditu</strong></span> <span class='ocrx_word' id='word_1_199' title='bbox 3788 1642 3955 1705; x_wconf 78' lang='lat' dir='ltr'><strong>primo</strong></span> 
     </span>
    </p>
   </div>
   <div class='ocr_carea' id='block_1_31' title="bbox 2382 1734 3954 1791">
    <p class='ocr_par' dir='ltr' id='par_1_31' title="bbox 2382 1734 3954 1791">
     <span class='ocr_line' id='line_1_31' title="bbox 2382 1734 3954 1791; baseline -0.005 -1"><span class='ocrx_word' id='word_1_200' title='bbox 2382 1738 2491 1790; x_wconf 75' lang='lat' dir='ltr'><strong>uela</strong></span> <span class='ocrx_word' id='word_1_201' title='bbox 2520 1745 2567 1789; x_wconf 87' lang='lat' dir='ltr'><strong>et</strong></span> <span class='ocrx_word' id='word_1_202' title='bbox 2608 1736 2791 1789; x_wconf 88' lang='lat' dir='ltr'><strong>deinde</strong></span> <span class='ocrx_word' id='word_1_203' title='bbox 2813 1736 3072 1788; x_wconf 81' lang='lat' dir='ltr'><strong>cancellos</strong></span> <span class='ocrx_word' id='word_1_204' title='bbox 3108 1735 3397 1791; x_wconf 76' lang='lat' dir='ltr'><strong>haberent:</strong></span> <span class='ocrx_word' id='word_1_205' title='bbox 3438 1734 3613 1789; x_wconf 72' lang='lat' dir='ltr'><strong>Grcci</strong></span> <span class='ocrx_word' id='word_1_206' title='bbox 3641 1735 3731 1789; x_wconf 81' lang='lat' dir='ltr'><strong>Iros</strong></span> <span class='ocrx_word' id='word_1_207' title='bbox 3774 1741 3954 1787; x_wconf 71' lang='lat' dir='ltr'><strong>nocant</strong></span> 
     </span>
    </p>
   </div>
   <div class='ocr_carea' id='block_1_32' title="bbox 2382 1827 3951 1899">
    <p class='ocr_par' dir='ltr' id='par_1_32' title="bbox 2382 1827 3951 1899">
     <span class='ocr_line' id='line_1_32' title="bbox 2382 1827 3951 1899; baseline -0.004 -16"><span class='ocrx_word' id='word_1_208' title='bbox 2382 1831 2680 1897; x_wconf 75' lang='grc' dir='ltr'><strong>κιγκλίδας,</strong></span> <span class='ocrx_word' id='word_1_209' title='bbox 2700 1828 3062 1899; x_wconf 77' lang='grc' dir='ltr'><strong>δρυφάκτους,</strong></span> <span class='ocrx_word' id='word_1_210' title='bbox 3084 1842 3140 1882; x_wconf 86' lang='lat' dir='ltr'><strong>ut</strong></span> <span class='ocrx_word' id='word_1_211' title='bbox 3166 1837 3215 1883; x_wconf 88' lang='lat' dir='ltr'><strong>et</strong></span> <span class='ocrx_word' id='word_1_212' title='bbox 3254 1827 3606 1883; x_wconf 66' lang='lat' dir='ltr'><strong>Cassiodorus</strong></span> <span class='ocrx_word' id='word_1_213' title='bbox 3634 1827 3951 1896; x_wconf 75' lang='lat' dir='ltr'><strong>fenestratas</strong></span> 
     </span>
    </p>
   </div>
   <div class='ocr_carea' id='block_1_33' title="bbox 713 1912 3958 2001">
    <p class='ocr_par' dir='ltr' id='par_1_33' title="bbox 713 1912 3958 2001">
     <span class='ocr_line' id='line_1_33' title="bbox 713 1912 3958 2001; baseline -0.007 -9"><span class='ocrx_word' id='word_1_214' title='bbox 713 1934 786 1992; x_wconf 75' lang='lat' dir='ltr'><strong>ait</strong></span> <span class='ocrx_word' id='word_1_215' title='bbox 811 1932 1072 2001; x_wconf 74' lang='lat' dir='ltr'><strong>Cuiacius</strong></span> <span class='ocrx_word' id='word_1_216' title='bbox 1115 1934 1180 1988; x_wconf 84' lang='lat' dir='ltr'><strong>ad</strong></span> <span class='ocrx_word' id='word_1_217' title='bbox 1214 1935 1299 1988; x_wconf 89' lang='lat' dir='ltr'><strong>tit.</strong></span> <span class='ocrx_word' id='word_1_218' title='bbox 1353 1933 1443 1998; x_wconf 76' lang='lat'><strong>37,</strong></span> <span class='ocrx_word' id='word_1_219' title='bbox 1475 1934 1569 1986; x_wconf 86' lang='lat' dir='ltr'><strong>lib.</strong></span> <span class='ocrx_word' id='word_1_220' title='bbox 1594 1945 1667 1985; x_wconf 76' lang='grc' dir='ltr'>ιιι</span> <span class='ocrx_word' id='word_1_221' title='bbox 1737 1928 1861 1985; x_wconf 89' lang='lat' dir='ltr'><strong>cod.</strong></span> <span class='ocrx_word' id='word_1_222' title='bbox 1916 1923 2271 1985; x_wconf 75' lang='lat' dir='ltr'><strong>Justinianei,</strong></span> <span class='ocrx_word' id='word_1_223' title='bbox 2308 1912 2594 1990; x_wconf 78' lang='lat' dir='ltr'><strong>Bjanuas.</strong></span> <span class='ocrx_word' id='word_1_224' title='bbox 2630 1923 2736 1987; x_wconf 80' lang='lat' dir='ltr'><strong>Qui</strong></span> <span class='ocrx_word' id='word_1_225' title='bbox 2774 1921 2886 1975; x_wconf 81' lang='lat' dir='ltr'><strong>uela</strong></span> <span class='ocrx_word' id='word_1_226' title='bbox 2928 1921 3234 1985; x_wconf 83' lang='lat' dir='ltr'><strong>servabant,</strong></span> <span class='ocrx_word' id='word_1_227' title='bbox 3296 1921 3479 1974; x_wconf 84' lang='lat' dir='ltr'><strong>velarii</strong></span> <span class='ocrx_word' id='word_1_228' title='bbox 3514 1921 3676 1983; x_wconf 83' lang='lat' dir='ltr'><strong>dicti,</strong></span> <span class='ocrx_word' id='word_1_229' title='bbox 3713 1919 3801 1988; x_wconf 82' lang='lat' dir='ltr'><strong>qui</strong></span> <span class='ocrx_word' id='word_1_230' title='bbox 3837 1934 3958 1971; x_wconf 86' lang='lat' dir='ltr'><strong>can-</strong></span> 
     </span>
    </p>
   </div>
   <div class='ocr_carea' id='block_1_34' title="bbox 710 2018 2284 2083">
    <p class='ocr_par' dir='ltr' id='par_1_34' title="bbox 710 2018 2284 2083">
     <span class='ocr_line' id='line_1_34' title="bbox 710 2018 2284 2083; baseline -0.008 0"><span class='ocrx_word' id='word_1_231' title='bbox 710 2036 829 2083; x_wconf 76' lang='lat' dir='ltr'><strong>sant</strong></span> <span class='ocrx_word' id='word_1_232' title='bbox 855 2028 1085 2082; x_wconf 89' lang='lat' dir='ltr'><strong>rationes</strong></span> <span class='ocrx_word' id='word_1_233' title='bbox 1113 2036 1162 2082; x_wconf 88' lang='lat' dir='ltr'><strong>et</strong></span> <span class='ocrx_word' id='word_1_234' title='bbox 1190 2027 1553 2081; x_wconf 86' lang='lat' dir='ltr'><strong>commentarii</strong></span> <span class='ocrx_word' id='word_1_235' title='bbox 1584 2040 1915 2079; x_wconf 88' lang='lat' dir='ltr'><strong>annonarum</strong></span> <span class='ocrx_word' id='word_1_236' title='bbox 1946 2018 2284 2075; x_wconf 83' lang='lat' dir='ltr'><strong>militarium.</strong></span> 
     </span>
    </p>
   </div>
   <div class='ocr_carea' id='block_1_35' title="bbox 718 2112 2292 2192">
    <p class='ocr_par' dir='ltr' id='par_1_35' title="bbox 718 2112 2292 2192">
     <span class='ocr_line' id='line_1_35' title="bbox 718 2112 2292 2192; baseline -0.008 -17"><span class='ocrx_word' id='word_1_237' title='bbox 718 2120 915 2175; x_wconf 72' lang='lat' dir='ltr'><strong>Eodem</strong></span> <span class='ocrx_word' id='word_1_238' title='bbox 952 2123 1161 2184; x_wconf 83' lang='lat' dir='ltr'><strong>nomine</strong></span> <span class='ocrx_word' id='word_1_239' title='bbox 1183 2121 1559 2192; x_wconf 80' lang='lat' dir='ltr'><strong>signiﬁcantur</strong></span> <span class='ocrx_word' id='word_1_240' title='bbox 1587 2121 1745 2173; x_wconf 83' lang='lat' dir='ltr'><strong>etiam</strong></span> <span class='ocrx_word' id='word_1_241' title='bbox 1804 2115 2059 2185; x_wconf 70' lang='lat' dir='ltr'><strong>epistolis,</strong></span> <span class='ocrx_word' id='word_1_242' title='bbox 2094 2112 2292 2173; x_wconf 87' lang='lat' dir='ltr'><strong>album,</strong></span> 
     </span>
    </p>
   </div>
   <div class='ocr_carea' id='block_1_36' title="bbox 717 2208 2296 2283">
    <p class='ocr_par' dir='ltr' id='par_1_36' title="bbox 717 2208 2296 2283">
     <span class='ocr_line' id='line_1_36' title="bbox 717 2208 2296 2283; baseline -0.003 -23"><span class='ocrx_word' id='word_1_243' title='bbox 717 2214 952 2268; x_wconf 79' lang='lat' dir='ltr'><strong>notoria.</strong></span> <span class='ocrx_word' id='word_1_244' title='bbox 999 2213 1076 2274; x_wconf 79' lang='lat' dir='ltr'><strong>ita</strong></span> <span class='ocrx_word' id='word_1_245' title='bbox 1142 2214 1194 2271; x_wconf 91' lang='lat' dir='ltr'><strong>in</strong></span> <span class='ocrx_word' id='word_1_246' title='bbox 1215 2213 1340 2283; x_wconf 87' lang='lat' dir='ltr'><strong>jure</strong></span> <span class='ocrx_word' id='word_1_247' title='bbox 1383 2211 1579 2273; x_wconf 81' lang='lat' dir='ltr'><strong>civili:</strong></span> <span class='ocrx_word' id='word_1_248' title='bbox 1635 2210 1725 2265; x_wconf 88' lang='lat' dir='ltr'><strong>hic</strong></span> <span class='ocrx_word' id='word_1_249' title='bbox 1755 2208 2020 2262; x_wconf 88' lang='lat' dir='ltr'><strong>militares</strong></span> <span class='ocrx_word' id='word_1_250' title='bbox 2068 2219 2296 2259; x_wconf 68' lang='lat' dir='ltr'><strong>annonis</strong></span> 
     </span>
    </p>
   </div>
   <div class='ocr_carea' id='block_1_37' title="bbox 719 2293 2295 2371">
    <p class='ocr_par' dir='ltr' id='par_1_37' title="bbox 719 2293 2295 2371">
     <span class='ocr_line' id='line_1_37' title="bbox 719 2293 2295 2371; baseline -0.007 -14"><span class='ocrx_word' id='word_1_251' title='bbox 719 2304 900 2366; x_wconf 90' lang='lat' dir='ltr'><strong>locum</strong></span> <span class='ocrx_word' id='word_1_252' title='bbox 929 2318 1033 2358; x_wconf 92' lang='lat' dir='ltr'><strong>non</strong></span> <span class='ocrx_word' id='word_1_253' title='bbox 1056 2302 1278 2358; x_wconf 87' lang='lat' dir='ltr'><strong>habent.</strong></span> <span class='ocrx_word' id='word_1_254' title='bbox 1315 2301 1411 2355; x_wconf 84' lang='lat' dir='ltr'><strong>Est</strong></span> <span class='ocrx_word' id='word_1_255' title='bbox 1431 2311 1563 2371; x_wconf 89' lang='lat' dir='ltr'><strong>ergo</strong></span> <span class='ocrx_word' id='word_1_256' title='bbox 1601 2298 1885 2361; x_wconf 78' lang='grc' dir='ltr'>πιττάκιον</span> <span class='ocrx_word' id='word_1_257' title='bbox 1905 2296 2121 2367; x_wconf 89' lang='lat' dir='ltr'><strong>proprie</strong></span> <span class='ocrx_word' id='word_1_258' title='bbox 2149 2293 2295 2364; x_wconf 91' lang='lat' dir='ltr'><strong>quod</strong></span> 
     </span>
    </p>
   </div>
   <div class='ocr_carea' id='block_1_38' title="bbox 720 2383 2297 2457">
    <p class='ocr_par' dir='ltr' id='par_1_38' title="bbox 720 2383 2297 2457">
     <span class='ocr_line' id='line_1_38' title="bbox 720 2383 2297 2457; baseline -0.008 -7"><span class='ocrx_word' id='word_1_259' title='bbox 720 2410 822 2450; x_wconf 86' lang='lat' dir='ltr'><strong>nos</strong></span> <span class='ocrx_word' id='word_1_260' title='bbox 854 2408 1138 2457; x_wconf 85' lang='lat' dir='ltr'><strong>vocamus,</strong></span> <span class='ocrx_word' id='word_1_261' title='bbox 1168 2391 1545 2449; x_wconf 87' lang='lat' dir='ltr'><strong>ecclesiastica</strong></span> <span class='ocrx_word' id='word_1_262' title='bbox 1575 2388 1979 2446; x_wconf 83' lang='lat' dir='ltr'><strong>consuetudine</strong></span> <span class='ocrx_word' id='word_1_263' title='bbox 2005 2397 2061 2443; x_wconf 89' lang='lat' dir='ltr'><strong>et</strong></span> <span class='ocrx_word' id='word_1_264' title='bbox 2111 2383 2297 2455; x_wconf 83' lang='lat' dir='ltr'><strong>appel-</strong></span> 
     </span>
    </p>
   </div>
   <div class='ocr_carea' id='block_1_39' title="bbox 720 2477 2298 2554">
    <p class='ocr_par' dir='ltr' id='par_1_39' title="bbox 720 2477 2298 2554">
     <span class='ocr_line' id='line_1_39' title="bbox 720 2477 2298 2554; baseline -0.006 -14"><span class='ocrx_word' id='word_1_265' title='bbox 720 2487 943 2548; x_wconf 76' lang='lat' dir='ltr'><strong>latione,</strong></span> <span class='ocrx_word' id='word_1_266' title='bbox 978 2490 1127 2544; x_wconf 78' lang='lat' dir='ltr'><strong>breve</strong></span> <span class='ocrx_word' id='word_1_267' title='bbox 1157 2487 1285 2542; x_wconf 87' lang='lat' dir='ltr'><strong>hinc</strong></span> <span class='ocrx_word' id='word_1_268' title='bbox 1343 2490 1492 2548; x_wconf 80' lang='lat' dir='ltr'><strong>breve</strong></span> <span class='ocrx_word' id='word_1_269' title='bbox 1534 2482 1991 2554; x_wconf 85' lang='lat' dir='ltr'><strong>apostolicum,et</strong></span> <span class='ocrx_word' id='word_1_270' title='bbox 2012 2477 2298 2536; x_wconf 88' lang='lat' dir='ltr'><strong>Germani-</strong></span> 
     </span>
    </p>
   </div>
   <div class='ocr_carea' id='block_1_40' title="bbox 719 2571 2295 2651">
    <p class='ocr_par' dir='ltr' id='par_1_40' title="bbox 719 2571 2295 2651">
     <span class='ocr_line' id='line_1_40' title="bbox 719 2571 2295 2651; baseline -0.007 -15"><span class='ocrx_word' id='word_1_271' title='bbox 719 2580 1001 2649; x_wconf 81' lang='lat' dir='ltr'><strong>cumbrief</strong></span> <span class='ocrx_word' id='word_1_272' title='bbox 1022 2597 1117 2651; x_wconf 91' lang='lat' dir='ltr'><strong>pro</strong></span> <span class='ocrx_word' id='word_1_273' title='bbox 1138 2580 1389 2651; x_wconf 88' lang='lat' dir='ltr'><strong>epistola,</strong></span> <span class='ocrx_word' id='word_1_274' title='bbox 1416 2588 1470 2634; x_wconf 90' lang='lat' dir='ltr'><strong>et</strong></span> <span class='ocrx_word' id='word_1_275' title='bbox 1503 2579 1556 2633; x_wconf 93' lang='lat' dir='ltr'><strong>in</strong></span> <span class='ocrx_word' id='word_1_276' title='bbox 1590 2577 1899 2632; x_wconf 76' lang='lat' dir='ltr'><strong>Annalibus</strong></span> <span class='ocrx_word' id='word_1_277' title='bbox 1934 2571 2295 2631; x_wconf 81' lang='lat' dir='ltr'><strong>Latino-Bar-</strong></span> 
     </span>
    </p>
   </div>
   <div class='ocr_carea' id='block_1_41' title="bbox 720 2668 2297 2744">
    <p class='ocr_par' dir='ltr' id='par_1_41' title="bbox 720 2668 2297 2744">
     <span class='ocr_line' id='line_1_41' title="bbox 720 2668 2297 2744; baseline -0.004 -19"><span class='ocrx_word' id='word_1_278' title='bbox 720 2676 871 2731; x_wconf 79' lang='lat' dir='ltr'><strong>baris</strong></span> <span class='ocrx_word' id='word_1_279' title='bbox 931 2675 1301 2744; x_wconf 76' lang='lat' dir='ltr'><strong>brevigerulus,</strong></span> <span class='ocrx_word' id='word_1_280' title='bbox 1338 2675 1421 2729; x_wconf 85' lang='lat' dir='ltr'><strong>ein</strong></span> <span class='ocrx_word' id='word_1_281' title='bbox 1458 2672 1802 2744; x_wconf 65' lang='lat' dir='ltr'><strong>brieftra&#39;ger,</strong></span> <span class='ocrx_word' id='word_1_282' title='bbox 1829 2686 1924 2727; x_wconf 86' lang='lat' dir='ltr'><strong>seu</strong></span> <span class='ocrx_word' id='word_1_283' title='bbox 1977 2668 2297 2724; x_wconf 73' lang='lat' dir='ltr'><strong>breviculum</strong></span> 
     </span>
    </p>
   </div>
   <div class='ocr_carea' id='block_1_42' title="bbox 723 2761 2300 2835">
    <p class='ocr_par' dir='ltr' id='par_1_42' title="bbox 723 2761 2300 2835">
     <span class='ocr_line' id='line_1_42' title="bbox 723 2761 2300 2835; baseline -0.007 -11"><span class='ocrx_word' id='word_1_284' title='bbox 723 2784 820 2827; x_wconf 82' lang='lat' dir='ltr'><strong>seu</strong></span> <span class='ocrx_word' id='word_1_285' title='bbox 848 2769 1190 2835; x_wconf 81' lang='lat' dir='ltr'><strong>breviarium,</strong></span> <span class='ocrx_word' id='word_1_286' title='bbox 1219 2768 1364 2823; x_wconf 90' lang='lat' dir='ltr'><strong>unde</strong></span> <span class='ocrx_word' id='word_1_287' title='bbox 1390 2766 1650 2827; x_wconf 85' lang='lat' dir='ltr'><strong>Germani</strong></span> <span class='ocrx_word' id='word_1_288' title='bbox 1675 2781 1833 2822; x_wconf 85' lang='lat' dir='ltr'><strong>suum</strong></span> <span class='ocrx_word' id='word_1_289' title='bbox 1866 2764 2067 2824; x_wconf 74' lang='lat' dir='ltr'><strong>breuior</strong></span> <span class='ocrx_word' id='word_1_290' title='bbox 2097 2761 2300 2816; x_wconf 79' lang='lat' dir='ltr'><strong>forma—</strong></span> 
     </span>
    </p>
   </div>
   <div class='ocr_carea' id='block_1_43' title="bbox 722 2852 2295 2930">
    <p class='ocr_par' dir='ltr' id='par_1_43' title="bbox 722 2852 2295 2930">
     <span class='ocr_line' id='line_1_43' title="bbox 722 2852 2295 2930; baseline -0.006 -15"><span class='ocrx_word' id='word_1_291' title='bbox 722 2871 875 2925; x_wconf 87' lang='lat' dir='ltr'><strong>runt,</strong></span> <span class='ocrx_word' id='word_1_292' title='bbox 912 2874 1008 2930; x_wconf 92' lang='lat' dir='ltr'><strong>pro</strong></span> <span class='ocrx_word' id='word_1_293' title='bbox 1034 2860 1175 2914; x_wconf 88' lang='lat' dir='ltr'><strong>libro</strong></span> <span class='ocrx_word' id='word_1_294' title='bbox 1198 2859 1527 2916; x_wconf 86' lang='lat' dir='ltr'><strong>sacerdotali</strong></span> <span class='ocrx_word' id='word_1_295' title='bbox 1562 2873 1628 2913; x_wconf 89' lang='lat' dir='ltr'><strong>ex</strong></span> <span class='ocrx_word' id='word_1_296' title='bbox 1671 2874 1781 2927; x_wconf 89' lang='lat' dir='ltr'><strong>quo</strong></span> <span class='ocrx_word' id='word_1_297' title='bbox 1810 2858 1962 2911; x_wconf 64' lang='lat' dir='ltr'><strong>horae</strong></span> <span class='ocrx_word' id='word_1_298' title='bbox 2011 2852 2295 2908; x_wconf 62' lang='lat' dir='ltr'><strong>canonica:</strong></span> 
     </span>
    </p>
   </div>
   <div class='ocr_carea' id='block_1_44' title="bbox 724 2944 2294 3021">
    <p class='ocr_par' dir='ltr' id='par_1_44' title="bbox 724 2944 2294 3021">
     <span class='ocr_line' id='line_1_44' title="bbox 724 2944 2294 3021; baseline -0.007 -13"><span class='ocrx_word' id='word_1_299' title='bbox 724 2953 1129 3021; x_wconf 80' lang='lat' dir='ltr'><strong>persolvuntur.</strong></span> <span class='ocrx_word' id='word_1_300' title='bbox 1154 2951 1405 3011; x_wconf 89' lang='lat' dir='ltr'><strong>Occurrit</strong></span> <span class='ocrx_word' id='word_1_301' title='bbox 1437 2952 1553 3007; x_wconf 71' lang='lat' dir='ltr'><strong>haec</strong></span> <span class='ocrx_word' id='word_1_302' title='bbox 1583 2966 1688 3006; x_wconf 83' lang='lat' dir='ltr'><strong>vox</strong></span> <span class='ocrx_word' id='word_1_303' title='bbox 1726 2950 1874 3004; x_wconf 85' lang='lat' dir='ltr'><strong>breve</strong></span> <span class='ocrx_word' id='word_1_304' title='bbox 1918 2945 2209 3017; x_wconf 85' lang='lat' dir='ltr'><strong>aliquoties</strong></span> <span class='ocrx_word' id='word_1_305' title='bbox 2240 2944 2294 2997; x_wconf 91' lang='lat' dir='ltr'><strong>in</strong></span> 
     </span>
    </p>
   </div>
   <div class='ocr_carea' id='block_1_45' title="bbox 727 3037 2289 3113">
    <p class='ocr_par' dir='ltr' id='par_1_45' title="bbox 727 3037 2289 3113">
     <span class='ocr_line' id='line_1_45' title="bbox 727 3037 2289 3113; baseline -0.007 -12"><span class='ocrx_word' id='word_1_306' title='bbox 727 3046 935 3113; x_wconf 76' lang='lat' dir='ltr'><strong>legibus</strong></span> <span class='ocrx_word' id='word_1_307' title='bbox 969 3044 1246 3103; x_wconf 79' lang='lat' dir='ltr'><strong>Francicis</strong></span> <span class='ocrx_word' id='word_1_308' title='bbox 1289 3054 1344 3100; x_wconf 90' lang='lat' dir='ltr'><strong>et</strong></span> <span class='ocrx_word' id='word_1_309' title='bbox 1371 3043 1426 3099; x_wconf 93' lang='lat' dir='ltr'><strong>in</strong></span> <span class='ocrx_word' id='word_1_310' title='bbox 1488 3044 1697 3112; x_wconf 77' lang='lat' dir='ltr'><strong>synodo</strong></span> <span class='ocrx_word' id='word_1_311' title='bbox 1742 3040 2004 3097; x_wconf 77' lang='lat' dir='ltr'><strong>Meldensi</strong></span> <span class='ocrx_word' id='word_1_312' title='bbox 2068 3054 2193 3093; x_wconf 88' lang='lat' dir='ltr'><strong>can.</strong></span> <span class='ocrx_word' id='word_1_313' title='bbox 2232 3037 2289 3091; x_wconf 76' lang='grc' dir='ltr'>ι.</span> 
     </span>
    </p>
   </div>
   <div class='ocr_carea' id='block_1_46' title="bbox 728 3130 2286 3206">
    <p class='ocr_par' dir='ltr' id='par_1_46' title="bbox 728 3130 2286 3206">
     <span class='ocr_line' id='line_1_46' title="bbox 728 3130 2286 3206; baseline -0.006 -13"><span class='ocrx_word' id='word_1_314' title='bbox 728 3137 1101 3196; x_wconf 79' lang='lat' dir='ltr'><strong>Glossarium:</strong></span> <span class='ocrx_word' id='word_1_315' title='bbox 1138 3138 1451 3204; x_wconf 79' lang='grc' dir='ltr'>Πιττάκιον,</span> <span class='ocrx_word' id='word_1_316' title='bbox 1487 3137 1797 3206; x_wconf 83' lang='lat' dir='ltr'><strong>pittacium,</strong></span> <span class='ocrx_word' id='word_1_317' title='bbox 1828 3136 2019 3188; x_wconf 83' lang='lat' dir='ltr'><strong>breuis.</strong></span> <span class='ocrx_word' id='word_1_318' title='bbox 2044 3134 2200 3187; x_wconf 81' lang='lat' dir='ltr'><strong>Anna</strong></span> <span class='ocrx_word' id='word_1_319' title='bbox 2231 3130 2286 3183; x_wconf 90' lang='lat' dir='ltr'><strong>in</strong></span> 
     </span>
    </p>
   </div>
   <div class='ocr_carea' id='block_1_47' title="bbox 730 3221 2370 3323">
    <p class='ocr_par' dir='ltr' id='par_1_47' title="bbox 730 3221 2370 3323">
     <span class='ocr_line' id='line_1_47' title="bbox 730 3221 2370 3323; baseline -0.005 -37"><span class='ocrx_word' id='word_1_320' title='bbox 730 3231 988 3286; x_wconf 75' lang='lat' dir='ltr'><strong>Alexiade</strong></span> <span class='ocrx_word' id='word_1_321' title='bbox 1014 3246 1147 3291; x_wconf 80' lang='lat' dir='ltr'><strong>sua:</strong></span> <span class='ocrx_word' id='word_1_322' title='bbox 1174 3232 1280 3284; x_wconf 72' lang='grc' dir='ltr'><strong>Καὶ</strong></span> <span class='ocrx_word' id='word_1_323' title='bbox 1314 3232 1379 3284; x_wconf 81' lang='grc' dir='ltr'><strong>τὰ</strong></span> <span class='ocrx_word' id='word_1_324' title='bbox 1421 3230 1603 3300; x_wconf 72' lang='grc' dir='ltr'>βιϐλία</span> <span class='ocrx_word' id='word_1_325' title='bbox 1632 3231 1711 3291; x_wconf 74' lang='grc' dir='ltr'><strong>εἰς</strong></span> <span class='ocrx_word' id='word_1_326' title='bbox 1768 3228 1931 3297; x_wconf 77' lang='grc' dir='ltr'>μέσον</span> <span class='ocrx_word' id='word_1_327' title='bbox 1989 3221 2292 3297; x_wconf 72' lang='grc' dir='ltr'>τηνικαῦτα</span> <span class='ocrx_word' id='word_1_328' title='bbox 2324 3262 2370 3323; x_wconf 78' lang='lat' dir='ltr'>C</span> 
     </span>
    </p>
   </div>
   <div class='ocr_carea' id='block_1_48' title="bbox 730 3316 2296 3394">
    <p class='ocr_par' dir='ltr' id='par_1_48' title="bbox 730 3316 2296 3394">
     <span class='ocr_line' id='line_1_48' title="bbox 730 3316 2296 3394; baseline -0.005 -19"><span class='ocrx_word' id='word_1_329' title='bbox 730 3324 1053 3394; x_wconf 77' lang='grc' dir='ltr'>πρυὺτῑθιτο</span> <span class='ocrx_word' id='word_1_330' title='bbox 1078 3340 1092 3354; x_wconf 75' lang='grc' dir='ltr'><strong>ο</strong></span> <span class='ocrx_word' id='word_1_331' title='bbox 1128 3322 1320 3394; x_wconf 75' lang='grc' dir='ltr'>βρεϐία</span> <span class='ocrx_word' id='word_1_332' title='bbox 1348 3323 1520 3377; x_wconf 77' lang='grc' dir='ltr'>ταῦτα</span> <span class='ocrx_word' id='word_1_333' title='bbox 1557 3323 1589 3392; x_wconf 81' lang='grc' dir='ltr'><strong>ἡ</strong></span> <span class='ocrx_word' id='word_1_334' title='bbox 1620 3321 1877 3392; x_wconf 78' lang='grc' dir='ltr'>συνήθεια</span> <span class='ocrx_word' id='word_1_335' title='bbox 1924 3316 2034 3372; x_wconf 72' lang='grc' dir='ltr'><strong>οἶδε</strong></span> <span class='ocrx_word' id='word_1_336' title='bbox 2086 3317 2296 3380; x_wconf 70' lang='grc' dir='ltr'>καλεῖν,</span> 
     </span>
    </p>
   </div>
   <div class='ocr_carea' id='block_1_49' title="bbox 731 3410 2302 3487">
    <p class='ocr_par' dir='ltr' id='par_1_49' title="bbox 731 3410 2302 3487">
     <span class='ocr_line' id='line_1_49' title="bbox 731 3410 2302 3487; baseline -0.004 -19"><span class='ocrx_word' id='word_1_337' title='bbox 731 3418 788 3469; x_wconf 74' lang='grc' dir='ltr'>ἐν</span> <span class='ocrx_word' id='word_1_338' title='bbox 813 3410 893 3479; x_wconf 72' lang='grc' dir='ltr'>οἷς</span> <span class='ocrx_word' id='word_1_339' title='bbox 919 3416 1298 3487; x_wconf 75' lang='grc' dir='ltr'>ἁναγρὰφεται</span> <span class='ocrx_word' id='word_1_340' title='bbox 1330 3418 1397 3468; x_wconf 86' lang='grc' dir='ltr'>τὰ</span> <span class='ocrx_word' id='word_1_341' title='bbox 1426 3417 1484 3467; x_wconf 79' lang='grc' dir='ltr'>ὲν</span> <span class='ocrx_word' id='word_1_342' title='bbox 1517 3416 1734 3485; x_wconf 82' lang='grc' dir='ltr'><strong>ἑκάστῳ</strong></span> <span class='ocrx_word' id='word_1_343' title='bbox 1762 3413 1980 3483; x_wconf 76' lang='grc' dir='ltr'><strong>τεμένει</strong></span> <span class='ocrx_word' id='word_1_344' title='bbox 2016 3411 2146 3464; x_wconf 70' lang='grc' dir='ltr'>ὂντα</span> <span class='ocrx_word' id='word_1_345' title='bbox 2185 3426 2302 3464; x_wconf 76' lang='grc' dir='ltr'>κει-</span> 
     </span>
    </p>
   </div>
   <div class='ocr_carea' id='block_1_50' title="bbox 736 3486 2344 3576">
    <p class='ocr_par' dir='ltr' id='par_1_50' title="bbox 736 3486 2344 3576">
     <span class='ocr_line' id='line_1_50' title="bbox 736 3486 2344 3576; baseline -0.006 -16"><span class='ocrx_word' id='word_1_346' title='bbox 736 3509 921 3576; x_wconf 80' lang='grc' dir='ltr'>μήλια.</span> <span class='ocrx_word' id='word_1_347' title='bbox 957 3486 1081 3563; x_wconf 64' lang='lat' dir='ltr'><strong>Hac</strong></span> <span class='ocrx_word' id='word_1_348' title='bbox 1121 3507 1328 3565; x_wconf 85' lang='lat' dir='ltr'><strong>notavit</strong></span> <span class='ocrx_word' id='word_1_349' title='bbox 1378 3505 1629 3562; x_wconf 78' lang='lat' dir='ltr'><strong>Pitbtnus</strong></span> <span class='ocrx_word' id='word_1_350' title='bbox 1685 3506 1749 3560; x_wconf 89' lang='lat' dir='ltr'><strong>ad</strong></span> <span class='ocrx_word' id='word_1_351' title='bbox 1783 3505 1932 3573; x_wconf 88' lang='lat' dir='ltr'><strong>leges</strong></span> <span class='ocrx_word' id='word_1_352' title='bbox 1979 3500 2298 3555; x_wconf 83' lang='lat' dir='ltr'><strong>Francicas.</strong></span> <span class='ocrx_word' id='word_1_353' title='bbox 2330 3486 2344 3494; x_wconf 82' lang='grc'><strong>’</strong></span> 
     </span>
    </p>
   </div>
   <div class='ocr_carea' id='block_1_51' title="bbox 734 3598 2299 3671">
    <p class='ocr_par' dir='ltr' id='par_1_51' title="bbox 734 3598 2299 3671">
     <span class='ocr_line' id='line_1_51' title="bbox 734 3598 2299 3671; baseline -0.006 -17"><span class='ocrx_word' id='word_1_354' title='bbox 734 3599 1061 3670; x_wconf 71' lang='lat' dir='ltr'><strong>Huiusmodi</strong></span> <span class='ocrx_word' id='word_1_355' title='bbox 1089 3614 1218 3671; x_wconf 89' lang='lat' dir='ltr'><strong>ergo</strong></span> <span class='ocrx_word' id='word_1_356' title='bbox 1243 3600 1476 3655; x_wconf 77' lang='lat' dir='ltr'><strong>breuibus</strong></span> <span class='ocrx_word' id='word_1_357' title='bbox 1508 3598 1864 3654; x_wconf 81' lang='lat' dir='ltr'><strong>conﬁciendis</strong></span> <span class='ocrx_word' id='word_1_358' title='bbox 1907 3604 2141 3665; x_wconf 66' lang='lat' dir='ltr'><strong>praeerat</strong></span> <span class='ocrx_word' id='word_1_359' title='bbox 2172 3609 2299 3663; x_wconf 91' lang='lat' dir='ltr'><strong>pro-</strong></span> 
     </span>
    </p>
   </div>
   <div class='ocr_carea' id='block_1_52' title="bbox 737 3684 2305 3761">
    <p class='ocr_par' dir='ltr' id='par_1_52' title="bbox 737 3684 2305 3761">
     <span class='ocr_line' id='line_1_52' title="bbox 737 3684 2305 3761; baseline -0.008 -15"><span class='ocrx_word' id='word_1_360' title='bbox 737 3691 1065 3754; x_wconf 86' lang='lat' dir='ltr'><strong>tonotarius,</strong></span> <span class='ocrx_word' id='word_1_361' title='bbox 1096 3702 1147 3746; x_wconf 89' lang='lat' dir='ltr'><strong>et</strong></span> <span class='ocrx_word' id='word_1_362' title='bbox 1174 3700 1360 3761; x_wconf 86' lang='lat' dir='ltr'><strong>posset</strong></span> <span class='ocrx_word' id='word_1_363' title='bbox 1384 3690 1523 3745; x_wconf 80' lang='lat' dir='ltr'><strong>forte</strong></span> <span class='ocrx_word' id='word_1_364' title='bbox 1554 3691 1581 3741; x_wconf 82' lang='grc' dir='ltr'><strong>ὁ</strong></span> <span class='ocrx_word' id='word_1_365' title='bbox 1628 3690 1709 3751; x_wconf 72' lang='grc' dir='ltr'><strong>εἰς</strong></span> <span class='ocrx_word' id='word_1_366' title='bbox 1742 3687 1810 3739; x_wconf 78' lang='grc' dir='ltr'><strong>τὰ</strong></span> <span class='ocrx_word' id='word_1_367' title='bbox 1842 3684 2107 3742; x_wconf 79' lang='grc' dir='ltr'>πιττάκια</span> <span class='ocrx_word' id='word_1_368' title='bbox 2142 3685 2305 3737; x_wconf 84' lang='lat' dir='ltr'><strong>unico</strong></span> 
     </span>
    </p>
   </div>
   <div class='ocr_carea' id='block_1_53' title="bbox 737 3776 2309 3838">
    <p class='ocr_par' dir='ltr' id='par_1_53' title="bbox 737 3776 2309 3838">
     <span class='ocr_line' id='line_1_53' title="bbox 737 3776 2309 3838; baseline -0.007 -2"><span class='ocrx_word' id='word_1_369' title='bbox 737 3796 792 3838; x_wconf 80' lang='lat' dir='ltr'><strong>rt</strong></span> <span class='ocrx_word' id='word_1_370' title='bbox 826 3785 1127 3838; x_wconf 87' lang='lat' dir='ltr'><strong>etiamnum</strong></span> <span class='ocrx_word' id='word_1_371' title='bbox 1155 3780 1547 3838; x_wconf 86' lang='lat' dir='ltr'><strong>ecclesiasticis</strong></span> <span class='ocrx_word' id='word_1_372' title='bbox 1579 3776 1952 3833; x_wconf 76' lang='lat' dir='ltr'><strong>{unctionibus</strong></span> <span class='ocrx_word' id='word_1_373' title='bbox 1977 3776 2181 3829; x_wconf 87' lang='lat' dir='ltr'><strong>usitato</strong></span> <span class='ocrx_word' id='word_1_374' title='bbox 2212 3787 2309 3826; x_wconf 84' lang='lat' dir='ltr'><strong>vo-</strong></span> 
     </span>
    </p>
   </div>
   <div class='ocr_carea' id='block_1_54' title="bbox 740 3866 2309 3939">
    <p class='ocr_par' dir='ltr' id='par_1_54' title="bbox 740 3866 2309 3939">
     <span class='ocr_line' id='line_1_54' title="bbox 740 3866 2309 3939; baseline -0.009 -10"><span class='ocrx_word' id='word_1_375' title='bbox 740 3875 939 3935; x_wconf 85' lang='lat' dir='ltr'><strong>cabulo</strong></span> <span class='ocrx_word' id='word_1_376' title='bbox 963 3874 1070 3929; x_wconf 89' lang='lat' dir='ltr'><strong>dici</strong></span> <span class='ocrx_word' id='word_1_377' title='bbox 1096 3874 1422 3929; x_wconf 85' lang='lat' dir='ltr'><strong>abbreviator</strong></span> <span class='ocrx_word' id='word_1_378' title='bbox 1444 3870 1526 3924; x_wconf 81' lang='lat' dir='ltr'><strong>vel</strong></span> <span class='ocrx_word' id='word_1_379' title='bbox 1547 3870 1729 3939; x_wconf 83' lang='lat' dir='ltr'><strong>potius</strong></span> <span class='ocrx_word' id='word_1_380' title='bbox 1754 3866 2055 3931; x_wconf 79' lang='lat' dir='ltr'><strong>breuiator;</strong></span> <span class='ocrx_word' id='word_1_381' title='bbox 2086 3877 2191 3934; x_wconf 89' lang='lat' dir='ltr'><strong>qua</strong></span> <span class='ocrx_word' id='word_1_382' title='bbox 2218 3876 2309 3915; x_wconf 86' lang='lat' dir='ltr'><strong>vo-</strong></span> 
     </span>
    </p>
   </div>
   <div class='ocr_carea' id='block_1_55' title="bbox 741 3956 2306 4023">
    <p class='ocr_par' dir='ltr' id='par_1_55' title="bbox 741 3956 2306 4023">
     <span class='ocr_line' id='line_1_55' title="bbox 741 3956 2306 4023; baseline -0.01 0"><span class='ocrx_word' id='word_1_383' title='bbox 741 3984 803 4023; x_wconf 87' lang='lat' dir='ltr'><strong>ce</strong></span> <span class='ocrx_word' id='word_1_384' title='bbox 826 3967 993 4021; x_wconf 88' lang='lat' dir='ltr'><strong>utitur</strong></span> <span class='ocrx_word' id='word_1_385' title='bbox 1018 3967 1179 4021; x_wconf 86' lang='lat' dir='ltr'><strong>etiam</strong></span> <span class='ocrx_word' id='word_1_386' title='bbox 1206 3963 1549 4021; x_wconf 75' lang='lat' dir='ltr'><strong>Justinianus</strong></span> <span class='ocrx_word' id='word_1_387' title='bbox 1590 3959 1801 4015; x_wconf 76' lang='lat' dir='ltr'><strong>Ntwell.</strong></span> <span class='ocrx_word' id='word_1_388' title='bbox 1833 3958 1953 4013; x_wconf 78' lang='lat' dir='ltr'><strong>tos.</strong></span> <span class='ocrx_word' id='word_1_389' title='bbox 1991 3957 2087 4012; x_wconf 84' lang='lat' dir='ltr'><strong>Est</strong></span> <span class='ocrx_word' id='word_1_390' title='bbox 2142 3956 2306 4010; x_wconf 86' lang='lat' dir='ltr'><strong>etiam</strong></span> 
     </span>
    </p>
   </div>
   <div class='ocr_carea' id='block_1_56' title="bbox 744 4050 2310 4128">
    <p class='ocr_par' dir='ltr' id='par_1_56' title="bbox 744 4050 2310 4128">
     <span class='ocr_line' id='line_1_56' title="bbox 744 4050 2310 4128; baseline -0.007 -18"><span class='ocrx_word' id='word_1_391' title='bbox 744 4062 910 4120; x_wconf 76' lang='lat' dir='ltr'><strong>breve,</strong></span> <span class='ocrx_word' id='word_1_392' title='bbox 943 4066 995 4111; x_wconf 85' lang='lat' dir='ltr'><strong>et</strong></span> <span class='ocrx_word' id='word_1_393' title='bbox 1028 4073 1121 4128; x_wconf 88' lang='lat' dir='ltr'><strong>per</strong></span> <span class='ocrx_word' id='word_1_394' title='bbox 1167 4071 1507 4125; x_wconf 86' lang='lat' dir='ltr'><strong>consequens</strong></span> <span class='ocrx_word' id='word_1_395' title='bbox 1558 4054 1859 4122; x_wconf 87' lang='lat' dir='ltr'><strong>pittacium,</strong></span> <span class='ocrx_word' id='word_1_396' title='bbox 1916 4050 2310 4111; x_wconf 83' lang='lat' dir='ltr'><strong>inventarium;</strong></span> 
     </span>
    </p>
   </div>
   <div class='ocr_carea' id='block_1_57' title="bbox 743 4142 2312 4219">
    <p class='ocr_par' dir='ltr' id='par_1_57' title="bbox 743 4142 2312 4219">
     <span class='ocr_line' id='line_1_57' title="bbox 743 4142 2312 4219; baseline -0.008 -13"><span class='ocrx_word' id='word_1_397' title='bbox 743 4152 883 4219; x_wconf 89' lang='lat' dir='ltr'><strong>quod</strong></span> <span class='ocrx_word' id='word_1_398' title='bbox 934 4151 1002 4206; x_wconf 88' lang='lat' dir='ltr'><strong>ab</strong></span> <span class='ocrx_word' id='word_1_399' title='bbox 1057 4149 1252 4219; x_wconf 89' lang='lat' dir='ltr'><strong>Optato</strong></span> <span class='ocrx_word' id='word_1_400' title='bbox 1304 4149 1341 4202; x_wconf 92' lang='grc' dir='ltr'><strong>Ι.</strong></span> <span class='ocrx_word' id='word_1_401' title='bbox 1393 4165 1405 4201; x_wconf 96' lang='lat' dir='ltr'><strong>l</strong></span> <span class='ocrx_word' id='word_1_402' title='bbox 1458 4156 1687 4201; x_wconf 85' lang='lat' dir='ltr'><strong>vocatur</strong></span> <span class='ocrx_word' id='word_1_403' title='bbox 1742 4142 2312 4198; x_wconf 85' lang='lat' dir='ltr'><strong>commemoratorium.</strong></span> 
     </span>
    </p>
   </div>
   <div class='ocr_carea' id='block_1_58' title="bbox 744 4233 2315 4305">
    <p class='ocr_par' dir='ltr' id='par_1_58' title="bbox 744 4233 2315 4305">
     <span class='ocr_line' id='line_1_58' title="bbox 744 4233 2315 4305; baseline -0.009 -7"><span class='ocrx_word' id='word_1_404' title='bbox 744 4243 879 4299; x_wconf 78' lang='lat' dir='ltr'><strong>item</strong></span> <span class='ocrx_word' id='word_1_405' title='bbox 909 4244 1109 4298; x_wconf 81' lang='lat' dir='ltr'><strong>brevis:</strong></span> <span class='ocrx_word' id='word_1_406' title='bbox 1144 4243 1329 4305; x_wconf 82' lang='lat' dir='ltr'><strong>brevis,</strong></span> <span class='ocrx_word' id='word_1_407' title='bbox 1384 4241 1549 4294; x_wconf 88' lang='lat' dir='ltr'><strong>idest</strong></span> <span class='ocrx_word' id='word_1_408' title='bbox 1600 4238 1789 4299; x_wconf 83' lang='lat' dir='ltr'><strong>index,</strong></span> <span class='ocrx_word' id='word_1_409' title='bbox 1840 4236 1962 4289; x_wconf 84' lang='lat' dir='ltr'><strong>auri</strong></span> <span class='ocrx_word' id='word_1_410' title='bbox 1998 4245 2046 4288; x_wconf 90' lang='lat' dir='ltr'><strong>et</strong></span> <span class='ocrx_word' id='word_1_411' title='bbox 2111 4233 2315 4302; x_wconf 85' lang='lat' dir='ltr'><strong>argenti</strong></span> 
     </span>
    </p>
   </div>
   <div class='ocr_carea' id='block_1_59' title="bbox 748 4326 2315 4401">
    <p class='ocr_par' dir='ltr' id='par_1_59' title="bbox 748 4326 2315 4401">
     <span class='ocr_line' id='line_1_59' title="bbox 748 4326 2315 4401; baseline -0.008 -11"><span class='ocrx_word' id='word_1_412' title='bbox 748 4338 1034 4395; x_wconf 68' lang='lat' dir='ltr'><strong>Caciliano</strong></span> <span class='ocrx_word' id='word_1_413' title='bbox 1067 4339 1320 4401; x_wconf 86' lang='lat' dir='ltr'><strong>traditur,</strong></span> <span class='ocrx_word' id='word_1_414' title='bbox 1355 4334 1606 4388; x_wconf 80' lang='lat' dir='ltr'><strong>adhibitis</strong></span> <span class='ocrx_word' id='word_1_415' title='bbox 1656 4331 1894 4385; x_wconf 84' lang='lat' dir='ltr'><strong>testibus.</strong></span> <span class='ocrx_word' id='word_1_416' title='bbox 1962 4330 2028 4383; x_wconf 80' lang='lat' dir='ltr'><strong>Et</strong></span> <span class='ocrx_word' id='word_1_417' title='bbox 2069 4326 2315 4381; x_wconf 88' lang='lat' dir='ltr'><strong>absolute</strong></span> 
     </span>
    </p>
   </div>
   <div class='ocr_carea' id='block_1_60' title="bbox 750 4418 2321 4492">
    <p class='ocr_par' dir='ltr' id='par_1_60' title="bbox 750 4418 2321 4492">
     <span class='ocr_line' id='line_1_60' title="bbox 750 4418 2321 4492; baseline -0.01 -6"><span class='ocrx_word' id='word_1_418' title='bbox 750 4434 987 4488; x_wconf 86' lang='lat' dir='ltr'><strong>iudicem</strong></span> <span class='ocrx_word' id='word_1_419' title='bbox 1021 4441 1074 4486; x_wconf 93' lang='lat' dir='ltr'><strong>et</strong></span> <span class='ocrx_word' id='word_1_420' title='bbox 1095 4429 1447 4485; x_wconf 87' lang='lat' dir='ltr'><strong>summariam</strong></span> <span class='ocrx_word' id='word_1_421' title='bbox 1467 4427 1542 4480; x_wconf 91' lang='lat' dir='ltr'><strong>rei</strong></span> <span class='ocrx_word' id='word_1_422' title='bbox 1569 4421 2121 4492; x_wconf 83' lang='lat' dir='ltr'><strong>comprehensionem</strong></span> <span class='ocrx_word' id='word_1_423' title='bbox 2150 4418 2321 4487; x_wconf 84' lang='lat' dir='ltr'><strong>signi-</strong></span> 
     </span>
    </p>
   </div>
   <div class='ocr_carea' id='block_1_61' title="bbox 752 4511 2317 4591">
    <p class='ocr_par' dir='ltr' id='par_1_61' title="bbox 752 4511 2317 4591">
     <span class='ocr_line' id='line_1_61' title="bbox 752 4511 2317 4591; baseline -0.011 -12"><span class='ocrx_word' id='word_1_424' title='bbox 752 4527 895 4579; x_wconf 79' lang='lat' dir='ltr'><strong>licat.</strong></span> <span class='ocrx_word' id='word_1_425' title='bbox 925 4525 1055 4579; x_wconf 88' lang='lat' dir='ltr'><strong>Inde</strong></span> <span class='ocrx_word' id='word_1_426' title='bbox 1089 4524 1143 4576; x_wconf 87' lang='lat' dir='ltr'><strong>in</strong></span> <span class='ocrx_word' id='word_1_427' title='bbox 1173 4521 1380 4591; x_wconf 79' lang='lat' dir='ltr'><strong>legibus</strong></span> <span class='ocrx_word' id='word_1_428' title='bbox 1402 4516 1685 4574; x_wconf 84' lang='lat' dir='ltr'><strong>Francicis</strong></span> <span class='ocrx_word' id='word_1_429' title='bbox 1714 4525 1767 4568; x_wconf 88' lang='lat' dir='ltr'><strong>et</strong></span> <span class='ocrx_word' id='word_1_430' title='bbox 1821 4513 1962 4583; x_wconf 85' lang='lat' dir='ltr'><strong>apud</strong></span> <span class='ocrx_word' id='word_1_431' title='bbox 1993 4511 2317 4565; x_wconf 85' lang='lat' dir='ltr'><strong>Nithardum</strong></span> 
     </span>
    </p>
   </div>
   <div class='ocr_carea' id='block_1_62' title="bbox 2396 2011 3960 2080">
    <p class='ocr_par' dir='ltr' id='par_1_62' title="bbox 2396 2011 3960 2080">
     <span class='ocr_line' id='line_1_62' title="bbox 2396 2011 3960 2080; baseline -0.004 -13"><span class='ocrx_word' id='word_1_432' title='bbox 2396 2014 2578 2080; x_wconf 88' lang='lat' dir='ltr'><strong>cellos,</strong></span> <span class='ocrx_word' id='word_1_433' title='bbox 2615 2014 2943 2068; x_wconf 88' lang='lat' dir='ltr'><strong>cancellarii.</strong></span> <span class='ocrx_word' id='word_1_434' title='bbox 2996 2012 3112 2067; x_wconf 72' lang='lat' dir='ltr'><strong>Vox</strong></span> <span class='ocrx_word' id='word_1_435' title='bbox 3144 2029 3247 2066; x_wconf 87' lang='lat' dir='ltr'><strong>non</strong></span> <span class='ocrx_word' id='word_1_436' title='bbox 3284 2012 3577 2066; x_wconf 82' lang='lat' dir='ltr'><strong>admodum</strong></span> <span class='ocrx_word' id='word_1_437' title='bbox 3605 2011 3845 2080; x_wconf 82' lang='lat' dir='ltr'><strong>antiqua,</strong></span> <span class='ocrx_word' id='word_1_438' title='bbox 3871 2023 3960 2061; x_wconf 80' lang='lat' dir='ltr'><strong>nec</strong></span> 
     </span>
    </p>
   </div>
   <div class='ocr_carea' id='block_1_63' title="bbox 2395 2099 3959 2174">
    <p class='ocr_par' dir='ltr' id='par_1_63' title="bbox 2395 2099 3959 2174">
     <span class='ocr_line' id='line_1_63' title="bbox 2395 2099 3959 2174; baseline -0.004 -15"><span class='ocrx_word' id='word_1_439' title='bbox 2395 2107 2560 2161; x_wconf 89' lang='lat' dir='ltr'><strong>multo</strong></span> <span class='ocrx_word' id='word_1_440' title='bbox 2612 2116 2736 2159; x_wconf 89' lang='lat' dir='ltr'><strong>ante</strong></span> <span class='ocrx_word' id='word_1_441' title='bbox 2792 2103 3003 2174; x_wconf 79' lang='lat' dir='ltr'><strong>Vopisci</strong></span> <span class='ocrx_word' id='word_1_442' title='bbox 3034 2114 3266 2172; x_wconf 85' lang='lat' dir='ltr'><strong>tempora</strong></span> <span class='ocrx_word' id='word_1_443' title='bbox 3305 2113 3472 2172; x_wconf 69' lang='lat' dir='ltr'><strong>capta</strong></span> <span class='ocrx_word' id='word_1_444' title='bbox 3499 2102 3768 2172; x_wconf 79' lang='lat' dir='ltr'><strong>usurpari.</strong></span> <span class='ocrx_word' id='word_1_445' title='bbox 3817 2099 3959 2154; x_wconf 87' lang='lat' dir='ltr'><strong>Can-</strong></span> 
     </span>
    </p>
   </div>
   <div class='ocr_carea' id='block_1_64' title="bbox 2395 2192 3961 2267">
    <p class='ocr_par' dir='ltr' id='par_1_64' title="bbox 2395 2192 3961 2267">
     <span class='ocr_line' id='line_1_64' title="bbox 2395 2192 3961 2267; baseline -0.006 -14"><span class='ocrx_word' id='word_1_446' title='bbox 2395 2200 2731 2253; x_wconf 87' lang='lat' dir='ltr'><strong>rellariornm</strong></span> <span class='ocrx_word' id='word_1_447' title='bbox 2762 2198 3085 2267; x_wconf 66' lang='lat' dir='ltr'><strong>praecipuum</strong></span> <span class='ocrx_word' id='word_1_448' title='bbox 3123 2213 3313 2250; x_wconf 86' lang='lat' dir='ltr'><strong>munus</strong></span> <span class='ocrx_word' id='word_1_449' title='bbox 3344 2205 3481 2259; x_wconf 87' lang='lat' dir='ltr'><strong>erat,</strong></span> <span class='ocrx_word' id='word_1_450' title='bbox 3517 2204 3574 2249; x_wconf 88' lang='lat' dir='ltr'><strong>ut</strong></span> <span class='ocrx_word' id='word_1_451' title='bbox 3597 2196 3666 2247; x_wconf 87' lang='lat' dir='ltr'><strong>ad</strong></span> <span class='ocrx_word' id='word_1_452' title='bbox 3707 2192 3961 2247; x_wconf 84' lang='lat' dir='ltr'><strong>cancellos</strong></span> 
     </span>
    </p>
   </div>
   <div class='ocr_carea' id='block_1_65' title="bbox 2396 2284 3961 2357">
    <p class='ocr_par' dir='ltr' id='par_1_65' title="bbox 2396 2284 3961 2357">
     <span class='ocr_line' id='line_1_65' title="bbox 2396 2284 3961 2357; baseline -0.007 -12"><span class='ocrx_word' id='word_1_453' title='bbox 2396 2294 2674 2357; x_wconf 70' lang='lat' dir='ltr'><strong>harerent,</strong></span> <span class='ocrx_word' id='word_1_454' title='bbox 2693 2290 3043 2350; x_wconf 79' lang='lat' dir='ltr'><strong>admissiones</strong></span> <span class='ocrx_word' id='word_1_455' title='bbox 3063 2298 3339 2353; x_wconf 83' lang='lat' dir='ltr'><strong>curarent,</strong></span> <span class='ocrx_word' id='word_1_456' title='bbox 3368 2297 3417 2341; x_wconf 89' lang='lat' dir='ltr'><strong>et</strong></span> <span class='ocrx_word' id='word_1_457' title='bbox 3449 2302 3511 2340; x_wconf 79' lang='lat' dir='ltr'><strong>ne</strong></span> <span class='ocrx_word' id='word_1_458' title='bbox 3534 2286 3659 2357; x_wconf 78' lang='lat' dir='ltr'><strong>quid</strong></span> <span class='ocrx_word' id='word_1_459' title='bbox 3684 2284 3961 2347; x_wconf 83' lang='lat' dir='ltr'><strong>tumultus,</strong></span> 
     </span>
    </p>
   </div>
   <div class='ocr_carea' id='block_1_66' title="bbox 2398 2372 3962 2451">
    <p class='ocr_par' dir='ltr' id='par_1_66' title="bbox 2398 2372 3962 2451">
     <span class='ocr_line' id='line_1_66' title="bbox 2398 2372 3962 2451; baseline -0.008 -15"><span class='ocrx_word' id='word_1_460' title='bbox 2398 2396 2454 2437; x_wconf 84' lang='lat' dir='ltr'><strong>at</strong></span> <span class='ocrx_word' id='word_1_461' title='bbox 2495 2385 2610 2451; x_wconf 78' lang='lat' dir='ltr'><strong>fieri</strong></span> <span class='ocrx_word' id='word_1_462' title='bbox 2640 2396 2785 2437; x_wconf 86' lang='lat' dir='ltr'><strong>amat</strong></span> <span class='ocrx_word' id='word_1_463' title='bbox 2815 2384 2869 2438; x_wconf 90' lang='lat' dir='ltr'><strong>in</strong></span> <span class='ocrx_word' id='word_1_464' title='bbox 2921 2383 3096 2445; x_wconf 85' lang='lat' dir='ltr'><strong>turba,</strong></span> <span class='ocrx_word' id='word_1_465' title='bbox 3128 2382 3406 2435; x_wconf 86' lang='lat' dir='ltr'><strong>audiretur</strong></span> <span class='ocrx_word' id='word_1_466' title='bbox 3460 2378 3837 2449; x_wconf 78' lang='lat' dir='ltr'><strong>prospicerent.</strong></span> <span class='ocrx_word' id='word_1_467' title='bbox 3878 2372 3962 2426; x_wconf 85' lang='lat' dir='ltr'><strong>Si-</strong></span> 
     </span>
    </p>
   </div>
   <div class='ocr_carea' id='block_1_67' title="bbox 2398 2464 3964 2537">
    <p class='ocr_par' dir='ltr' id='par_1_67' title="bbox 2398 2464 3964 2537">
     <span class='ocr_line' id='line_1_67' title="bbox 2398 2464 3964 2537; baseline -0.01 -7"><span class='ocrx_word' id='word_1_468' title='bbox 2398 2477 2681 2532; x_wconf 76' lang='lat' dir='ltr'><strong>millimum</strong></span> <span class='ocrx_word' id='word_1_469' title='bbox 2713 2491 2903 2535; x_wconf 76' lang='lat' dir='ltr'><strong>munus</strong></span> <span class='ocrx_word' id='word_1_470' title='bbox 2932 2474 3087 2529; x_wconf 78' lang='lat' dir='ltr'><strong>hodie</strong></span> <span class='ocrx_word' id='word_1_471' title='bbox 3110 2475 3165 2527; x_wconf 88' lang='lat' dir='ltr'><strong>in</strong></span> <span class='ocrx_word' id='word_1_472' title='bbox 3213 2473 3364 2526; x_wconf 84' lang='lat' dir='ltr'><strong>curia</strong></span> <span class='ocrx_word' id='word_1_473' title='bbox 3416 2486 3596 2525; x_wconf 86' lang='lat' dir='ltr'><strong>eorum</strong></span> <span class='ocrx_word' id='word_1_474' title='bbox 3642 2469 3731 2537; x_wconf 86' lang='lat' dir='ltr'><strong>qui</strong></span> <span class='ocrx_word' id='word_1_475' title='bbox 3760 2464 3964 2520; x_wconf 87' lang='lat' dir='ltr'><strong>ostiarii</strong></span> 
     </span>
    </p>
   </div>
   <div class='ocr_carea' id='block_1_68' title="bbox 2398 2560 3960 2639">
    <p class='ocr_par' dir='ltr' id='par_1_68' title="bbox 2398 2560 3960 2639">
     <span class='ocr_line' id='line_1_68' title="bbox 2398 2560 3960 2639; baseline -0.008 -18"><span class='ocrx_word' id='word_1_476' title='bbox 2398 2570 2686 2634; x_wconf 83' lang='lat' dir='ltr'><strong>dicuntur;</strong></span> <span class='ocrx_word' id='word_1_477' title='bbox 2734 2584 2901 2639; x_wconf 79' lang='lat' dir='ltr'><strong>quare</strong></span> <span class='ocrx_word' id='word_1_478' title='bbox 2942 2577 3000 2622; x_wconf 86' lang='lat' dir='ltr'><strong>ut</strong></span> <span class='ocrx_word' id='word_1_479' title='bbox 3039 2583 3116 2631; x_wconf 89' lang='lat' dir='ltr'><strong>re,</strong></span> <span class='ocrx_word' id='word_1_480' title='bbox 3156 2568 3232 2620; x_wconf 89' lang='lat' dir='ltr'><strong>sic</strong></span> <span class='ocrx_word' id='word_1_481' title='bbox 3285 2574 3334 2619; x_wconf 90' lang='lat' dir='ltr'><strong>et</strong></span> <span class='ocrx_word' id='word_1_482' title='bbox 3386 2564 3592 2617; x_wconf 85' lang='lat' dir='ltr'><strong>nomine</strong></span> <span class='ocrx_word' id='word_1_483' title='bbox 3638 2560 3960 2620; x_wconf 78' lang='lat' dir='ltr'><strong>conveniunt,</strong></span> 
     </span>
    </p>
   </div>
   <div class='ocr_carea' id='block_1_69' title="bbox 2400 2654 3962 2731">
    <p class='ocr_par' dir='ltr' id='par_1_69' title="bbox 2400 2654 3962 2731">
     <span class='ocr_line' id='line_1_69' title="bbox 2400 2654 3962 2731; baseline -0.007 -16"><span class='ocrx_word' id='word_1_484' title='bbox 2400 2664 2535 2731; x_wconf 85' lang='lat' dir='ltr'><strong>quod</strong></span> <span class='ocrx_word' id='word_1_485' title='bbox 2568 2672 2879 2729; x_wconf 80' lang='lat' dir='ltr'><strong>acceperunt</strong></span> <span class='ocrx_word' id='word_1_486' title='bbox 2904 2662 2958 2715; x_wconf 80' lang='lat' dir='ltr'><strong>lii</strong></span> <span class='ocrx_word' id='word_1_487' title='bbox 2987 2662 3051 2717; x_wconf 85' lang='lat' dir='ltr'><strong>ab</strong></span> <span class='ocrx_word' id='word_1_488' title='bbox 3082 2662 3241 2724; x_wconf 83' lang='lat' dir='ltr'><strong>ostio,</strong></span> <span class='ocrx_word' id='word_1_489' title='bbox 3274 2660 3353 2713; x_wconf 88' lang='lat' dir='ltr'><strong>illi</strong></span> <span class='ocrx_word' id='word_1_490' title='bbox 3388 2675 3419 2712; x_wconf 92' lang='lat' dir='ltr'><strong>a</strong></span> <span class='ocrx_word' id='word_1_491' title='bbox 3442 2655 3689 2712; x_wconf 78' lang='lat' dir='ltr'><strong>cancellis</strong></span> <span class='ocrx_word' id='word_1_492' title='bbox 3743 2654 3833 2722; x_wconf 76' lang='lat' dir='ltr'><strong>qui</strong></span> <span class='ocrx_word' id='word_1_493' title='bbox 3871 2667 3962 2719; x_wconf 88' lang='lat' dir='ltr'><strong>pro</strong></span> 
     </span>
    </p>
   </div>
   <div class='ocr_carea' id='block_1_70' title="bbox 2400 2748 3966 2824">
    <p class='ocr_par' dir='ltr' id='par_1_70' title="bbox 2400 2748 3966 2824">
     <span class='ocr_line' id='line_1_70' title="bbox 2400 2748 3966 2824; baseline -0.009 -15"><span class='ocrx_word' id='word_1_494' title='bbox 2400 2756 2534 2810; x_wconf 84' lang='lat' dir='ltr'><strong>ostio</strong></span> <span class='ocrx_word' id='word_1_495' title='bbox 2561 2764 2733 2809; x_wconf 88' lang='lat' dir='ltr'><strong>erant.</strong></span> <span class='ocrx_word' id='word_1_496' title='bbox 2769 2754 2897 2809; x_wconf 68' lang='lat' dir='ltr'><strong>llaec</strong></span> <span class='ocrx_word' id='word_1_497' title='bbox 2914 2752 3069 2824; x_wconf 80' lang='lat' dir='ltr'><strong>origo</strong></span> <span class='ocrx_word' id='word_1_498' title='bbox 3086 2752 3349 2813; x_wconf 86' lang='lat' dir='ltr'><strong>nominis,</strong></span> <span class='ocrx_word' id='word_1_499' title='bbox 3378 2748 3523 2820; x_wconf 90' lang='lat' dir='ltr'><strong>quod</strong></span> <span class='ocrx_word' id='word_1_500' title='bbox 3552 2760 3807 2803; x_wconf 87' lang='lat' dir='ltr'><strong>successu</strong></span> <span class='ocrx_word' id='word_1_501' title='bbox 3833 2753 3966 2797; x_wconf 86' lang='lat' dir='ltr'><strong>tem-</strong></span> 
     </span>
    </p>
   </div>
   <div class='ocr_carea' id='block_1_71' title="bbox 2399 2836 3961 2916">
    <p class='ocr_par' dir='ltr' id='par_1_71' title="bbox 2399 2836 3961 2916">
     <span class='ocr_line' id='line_1_71' title="bbox 2399 2836 3961 2916; baseline -0.008 -20"><span class='ocrx_word' id='word_1_502' title='bbox 2399 2845 2549 2912; x_wconf 85' lang='lat' dir='ltr'><strong>poris</strong></span> <span class='ocrx_word' id='word_1_503' title='bbox 2584 2844 2936 2914; x_wconf 71' lang='lat' dir='ltr'><strong>amplissimae</strong></span> <span class='ocrx_word' id='word_1_504' title='bbox 2956 2843 3235 2916; x_wconf 74' lang='lat' dir='ltr'><strong>dignitatis</strong></span> <span class='ocrx_word' id='word_1_505' title='bbox 3292 2851 3401 2896; x_wconf 83' lang='lat' dir='ltr'><strong>tam</strong></span> <span class='ocrx_word' id='word_1_506' title='bbox 3440 2842 3495 2895; x_wconf 89' lang='lat' dir='ltr'><strong>in</strong></span> <span class='ocrx_word' id='word_1_507' title='bbox 3539 2836 3775 2893; x_wconf 82' lang='lat' dir='ltr'><strong>Ecclesia</strong></span> <span class='ocrx_word' id='word_1_508' title='bbox 3803 2848 3961 2903; x_wconf 83' lang='lat' dir='ltr'><strong>quam</strong></span> 
     </span>
    </p>
   </div>
   <div class='ocr_carea' id='block_1_72' title="bbox 2399 2926 3955 3007">
    <p class='ocr_par' dir='ltr' id='par_1_72' title="bbox 2399 2926 3955 3007">
     <span class='ocr_line' id='line_1_72' title="bbox 2399 2926 3955 3007; baseline -0.01 -14"><span class='ocrx_word' id='word_1_509' title='bbox 2399 2942 2455 2993; x_wconf 92' lang='lat' dir='ltr'><strong>in</strong></span> <span class='ocrx_word' id='word_1_510' title='bbox 2492 2952 2679 3007; x_wconf 86' lang='lat' dir='ltr'><strong>regum</strong></span> <span class='ocrx_word' id='word_1_511' title='bbox 2710 2945 2765 2992; x_wconf 89' lang='lat' dir='ltr'><strong>et</strong></span> <span class='ocrx_word' id='word_1_512' title='bbox 2785 2936 3096 3007; x_wconf 87' lang='lat' dir='ltr'><strong>principum</strong></span> <span class='ocrx_word' id='word_1_513' title='bbox 3120 2934 3261 2990; x_wconf 87' lang='lat' dir='ltr'><strong>aulis</strong></span> <span class='ocrx_word' id='word_1_514' title='bbox 3302 2932 3564 2988; x_wconf 85' lang='lat' dir='ltr'><strong>iudicium</strong></span> <span class='ocrx_word' id='word_1_515' title='bbox 3593 2944 3720 2987; x_wconf 86' lang='lat' dir='ltr'><strong>esse</strong></span> <span class='ocrx_word' id='word_1_516' title='bbox 3772 2926 3955 2993; x_wconf 60' lang='lat' dir='ltr'><strong>coepit.</strong></span> 
     </span>
    </p>
   </div>
   <div class='ocr_carea' id='block_1_73' title="bbox 2402 3017 3959 3105">
    <p class='ocr_par' dir='ltr' id='par_1_73' title="bbox 2402 3017 3959 3105">
     <span class='ocr_line' id='line_1_73' title="bbox 2402 3017 3959 3105; baseline -0.01 -20"><span class='ocrx_word' id='word_1_517' title='bbox 2402 3030 2535 3085; x_wconf 78' lang='lat' dir='ltr'><strong>Vide</strong></span> <span class='ocrx_word' id='word_1_518' title='bbox 2568 3029 2911 3100; x_wconf 86' lang='lat' dir='ltr'><strong>Onuphrium</strong></span> <span class='ocrx_word' id='word_1_519' title='bbox 2944 3029 3040 3084; x_wconf 91' lang='lat' dir='ltr'><strong>lib.</strong></span> <span class='ocrx_word' id='word_1_520' title='bbox 3064 3028 3176 3097; x_wconf 78' lang='lat' dir='ltr'><strong>iam</strong></span> <span class='ocrx_word' id='word_1_521' title='bbox 3216 3026 3418 3105; x_wconf 68' lang='lat' dir='ltr'><strong>saepius</strong></span> <span class='ocrx_word' id='word_1_522' title='bbox 3448 3025 3616 3078; x_wconf 88' lang='lat' dir='ltr'><strong>citato</strong></span> <span class='ocrx_word' id='word_1_523' title='bbox 3643 3061 3658 3087; x_wconf 94' lang='lat'><strong>,</strong></span> <span class='ocrx_word' id='word_1_524' title='bbox 3688 3028 3744 3075; x_wconf 87' lang='lat' dir='ltr'><strong>et</strong></span> <span class='ocrx_word' id='word_1_525' title='bbox 3797 3017 3959 3099; x_wconf 77' lang='lat' dir='ltr'><strong>Cuja-</strong></span> 
     </span>
    </p>
   </div>
   <div class='ocr_carea' id='block_1_74' title="bbox 2403 3110 3962 3177">
    <p class='ocr_par' dir='ltr' id='par_1_74' title="bbox 2403 3110 3962 3177">
     <span class='ocr_line' id='line_1_74' title="bbox 2403 3110 3962 3177; baseline -0.01 0"><span class='ocrx_word' id='word_1_526' title='bbox 2403 3124 2546 3177; x_wconf 86' lang='lat' dir='ltr'><strong>cium</strong></span> <span class='ocrx_word' id='word_1_527' title='bbox 2576 3124 2628 3176; x_wconf 90' lang='lat' dir='ltr'><strong>in</strong></span> <span class='ocrx_word' id='word_1_528' title='bbox 2651 3121 2930 3177; x_wconf 79' lang='lat' dir='ltr'><strong>Paratitlis</strong></span> <span class='ocrx_word' id='word_1_529' title='bbox 2948 3122 3012 3175; x_wconf 85' lang='lat' dir='ltr'><strong>ad</strong></span> <span class='ocrx_word' id='word_1_530' title='bbox 3039 3121 3136 3175; x_wconf 92' lang='lat' dir='ltr'><strong>lib.</strong></span> <span class='ocrx_word' id='word_1_531' title='bbox 3165 3135 3202 3173; x_wconf 91' lang='grc' dir='ltr'>ι.</span> <span class='ocrx_word' id='word_1_532' title='bbox 3225 3119 3362 3175; x_wconf 89' lang='lat' dir='ltr'><strong>Cod.</strong></span> <span class='ocrx_word' id='word_1_533' title='bbox 3392 3114 3738 3177; x_wconf 80' lang='lat' dir='ltr'><strong>Justinianei,</strong></span> <span class='ocrx_word' id='word_1_534' title='bbox 3770 3112 3853 3166; x_wconf 92' lang='lat' dir='ltr'><strong>tit.</strong></span> <span class='ocrx_word' id='word_1_535' title='bbox 3876 3110 3962 3164; x_wconf 72' lang='lat'><strong>51.</strong></span> 
     </span>
    </p>
   </div>
   <div class='ocr_carea' id='block_1_75' title="bbox 2478 3207 3965 3285">
    <p class='ocr_par' dir='ltr' id='par_1_75' title="bbox 2478 3207 3965 3285">
     <span class='ocr_line' id='line_1_75' title="bbox 2478 3207 3965 3285; baseline -0.009 -16"><span class='ocrx_word' id='word_1_536' title='bbox 2478 3216 2787 3275; x_wconf 79' lang='lat' dir='ltr'><strong>Redeamus</strong></span> <span class='ocrx_word' id='word_1_537' title='bbox 2813 3216 2879 3273; x_wconf 86' lang='lat' dir='ltr'><strong>ad</strong></span> <span class='ocrx_word' id='word_1_538' title='bbox 2908 3216 3269 3285; x_wconf 85' lang='lat' dir='ltr'><strong>logotbetam;</strong></span> <span class='ocrx_word' id='word_1_539' title='bbox 3326 3213 3415 3278; x_wconf 90' lang='lat' dir='ltr'><strong>qui</strong></span> <span class='ocrx_word' id='word_1_540' title='bbox 3469 3227 3496 3265; x_wconf 89' lang='lat' dir='ltr'><strong>a</strong></span> <span class='ocrx_word' id='word_1_541' title='bbox 3552 3207 3818 3279; x_wconf 82' lang='lat' dir='ltr'><strong>ponendis</strong></span> <span class='ocrx_word' id='word_1_542' title='bbox 3874 3218 3965 3259; x_wconf 87' lang='lat' dir='ltr'><strong>seu</strong></span> 
     </span>
    </p>
   </div>
   <div class='ocr_carea' id='block_1_76' title="bbox 2406 3294 3969 3365">
    <p class='ocr_par' dir='ltr' id='par_1_76' title="bbox 2406 3294 3969 3365">
     <span class='ocr_line' id='line_1_76' title="bbox 2406 3294 3969 3365; baseline -0.013 0"><span class='ocrx_word' id='word_1_543' title='bbox 2406 3307 2767 3365; x_wconf 88' lang='lat' dir='ltr'><strong>discutiendis</strong></span> <span class='ocrx_word' id='word_1_544' title='bbox 2800 3306 3101 3361; x_wconf 90' lang='lat' dir='ltr'><strong>rationibus</strong></span> <span class='ocrx_word' id='word_1_545' title='bbox 3128 3305 3230 3359; x_wconf 89' lang='lat' dir='ltr'><strong>hoc</strong></span> <span class='ocrx_word' id='word_1_546' title='bbox 3263 3319 3458 3357; x_wconf 85' lang='lat' dir='ltr'><strong>nomen</strong></span> <span class='ocrx_word' id='word_1_547' title='bbox 3488 3302 3678 3355; x_wconf 84' lang='lat' dir='ltr'><strong>traxit.</strong></span> <span class='ocrx_word' id='word_1_548' title='bbox 3700 3298 3834 3350; x_wconf 78' lang='lat' dir='ltr'><strong>Hinc</strong></span> <span class='ocrx_word' id='word_1_549' title='bbox 3860 3294 3969 3346; x_wconf 81' lang='lat' dir='ltr'><strong>dis-</strong></span> 
     </span>
    </p>
   </div>
   <div class='ocr_carea' id='block_1_77' title="bbox 2406 3384 3969 3466">
    <p class='ocr_par' dir='ltr' id='par_1_77' title="bbox 2406 3384 3969 3466">
     <span class='ocr_line' id='line_1_77' title="bbox 2406 3384 3969 3466; baseline -0.014 -10"><span class='ocrx_word' id='word_1_550' title='bbox 2406 3417 2587 3457; x_wconf 76' lang='lat' dir='ltr'><strong>Cttssor</strong></span> <span class='ocrx_word' id='word_1_551' title='bbox 2621 3398 2890 3452; x_wconf 85' lang='lat' dir='ltr'><strong>rationum</strong></span> <span class='ocrx_word' id='word_1_552' title='bbox 2931 3413 2958 3452; x_wconf 91' lang='lat' dir='ltr'><strong>a</strong></span> <span class='ocrx_word' id='word_1_553' title='bbox 3006 3394 3332 3466; x_wconf 83' lang='lat' dir='ltr'><strong>quibusdam</strong></span> <span class='ocrx_word' id='word_1_554' title='bbox 3370 3392 3705 3461; x_wconf 81' lang='lat' dir='ltr'><strong>appellatur;</strong></span> <span class='ocrx_word' id='word_1_555' title='bbox 3752 3392 3806 3440; x_wconf 78' lang='lat' dir='ltr'><strong>et</strong></span> <span class='ocrx_word' id='word_1_556' title='bbox 3837 3384 3969 3436; x_wconf 83' lang='lat' dir='ltr'><strong>forte</strong></span> 
     </span>
    </p>
   </div>
   <div class='ocr_carea' id='block_1_78' title="bbox 2408 3479 3967 3551">
    <p class='ocr_par' dir='ltr' id='par_1_78' title="bbox 2408 3479 3967 3551">
     <span class='ocr_line' id='line_1_78' title="bbox 2408 3479 3967 3551; baseline -0.013 -6"><span class='ocrx_word' id='word_1_557' title='bbox 2408 3508 2513 3545; x_wconf 92' lang='lat' dir='ltr'><strong>non</strong></span> <span class='ocrx_word' id='word_1_558' title='bbox 2537 3492 2673 3546; x_wconf 89' lang='lat' dir='ltr'><strong>male</strong></span> <span class='ocrx_word' id='word_1_559' title='bbox 2696 3490 3007 3544; x_wconf 77' lang='lat' dir='ltr'><strong>rationalem</strong></span> <span class='ocrx_word' id='word_1_560' title='bbox 3031 3487 3334 3551; x_wconf 85' lang='lat' dir='ltr'><strong>vocaveris,</strong></span> <span class='ocrx_word' id='word_1_561' title='bbox 3366 3485 3472 3538; x_wconf 88' lang='lat' dir='ltr'><strong>etsi</strong></span> <span class='ocrx_word' id='word_1_562' title='bbox 3505 3479 3781 3535; x_wconf 87' lang='lat' dir='ltr'><strong>rationalis</strong></span> <span class='ocrx_word' id='word_1_563' title='bbox 3810 3488 3967 3544; x_wconf 78' lang='lat' dir='ltr'><strong>gene-</strong></span> 
     </span>
    </p>
   </div>
   <div class='ocr_carea' id='block_1_79' title="bbox 2409 3565 3964 3652">
    <p class='ocr_par' dir='ltr' id='par_1_79' title="bbox 2409 3565 3964 3652">
     <span class='ocr_line' id='line_1_79' title="bbox 2409 3565 3964 3652; baseline -0.014 -16"><span class='ocrx_word' id='word_1_564' title='bbox 2409 3583 2505 3636; x_wconf 88' lang='lat' dir='ltr'><strong>rali</strong></span> <span class='ocrx_word' id='word_1_565' title='bbox 2542 3584 2764 3637; x_wconf 90' lang='lat' dir='ltr'><strong>notione</strong></span> <span class='ocrx_word' id='word_1_566' title='bbox 2788 3583 2969 3652; x_wconf 85' lang='lat' dir='ltr'><strong>quivis</strong></span> <span class='ocrx_word' id='word_1_567' title='bbox 3004 3588 3333 3651; x_wconf 80' lang='lat' dir='ltr'><strong>procurator</strong></span> <span class='ocrx_word' id='word_1_568' title='bbox 3367 3576 3587 3632; x_wconf 86' lang='lat' dir='ltr'><strong>dicitur,</strong></span> <span class='ocrx_word' id='word_1_569' title='bbox 3625 3582 3682 3624; x_wconf 89' lang='lat' dir='ltr'><strong>ut</strong></span> <span class='ocrx_word' id='word_1_570' title='bbox 3717 3572 3872 3622; x_wconf 87' lang='lat' dir='ltr'><strong>docet</strong></span> <span class='ocrx_word' id='word_1_571' title='bbox 3902 3565 3964 3617; x_wconf 68' lang='lat' dir='ltr'><strong>asl</strong></span> 
     </span>
    </p>
   </div>
   <div class='ocr_carea' id='block_1_80' title="bbox 2382 3656 3971 3752">
    <p class='ocr_par' dir='ltr' id='par_1_80' title="bbox 2382 3656 3971 3752">
     <span class='ocr_line' id='line_1_80' title="bbox 2382 3656 3971 3752; baseline -0.011 -25"><span class='ocrx_word' id='word_1_572' title='bbox 2382 3673 2786 3752; x_wconf 44' lang='lat' dir='ltr'><strong>.Lampridium</strong></span> <span class='ocrx_word' id='word_1_573' title='bbox 2829 3681 2883 3727; x_wconf 90' lang='lat' dir='ltr'><strong>et</strong></span> <span class='ocrx_word' id='word_1_574' title='bbox 2913 3670 3283 3742; x_wconf 89' lang='lat' dir='ltr'><strong>Capitolinum</strong></span> <span class='ocrx_word' id='word_1_575' title='bbox 3321 3666 3700 3723; x_wconf 86' lang='lat' dir='ltr'><strong>Casaubonus.</strong></span> <span class='ocrx_word' id='word_1_576' title='bbox 3763 3658 3865 3713; x_wconf 75' lang='lat' dir='ltr'><strong>Sed</strong></span> <span class='ocrx_word' id='word_1_577' title='bbox 3898 3656 3971 3710; x_wconf 88' lang='lat' dir='ltr'><strong>nil</strong></span> 
     </span>
    </p>
   </div>
   <div class='ocr_carea' id='block_1_81' title="bbox 2414 3752 3971 3837">
    <p class='ocr_par' dir='ltr' id='par_1_81' title="bbox 2414 3752 3971 3837">
     <span class='ocr_line' id='line_1_81' title="bbox 2414 3752 3971 3837; baseline -0.012 -16"><span class='ocrx_word' id='word_1_578' title='bbox 2414 3777 2560 3823; x_wconf 75' lang='lat' dir='ltr'><strong>vetat</strong></span> <span class='ocrx_word' id='word_1_579' title='bbox 2587 3766 2895 3837; x_wconf 81' lang='lat' dir='ltr'><strong>generalem</strong></span> <span class='ocrx_word' id='word_1_580' title='bbox 2926 3764 3201 3819; x_wconf 89' lang='lat' dir='ltr'><strong>notionem</strong></span> <span class='ocrx_word' id='word_1_581' title='bbox 3264 3759 3613 3827; x_wconf 81' lang='lat' dir='ltr'><strong>restringere.</strong></span> <span class='ocrx_word' id='word_1_582' title='bbox 3677 3752 3971 3823; x_wconf 66' lang='lat' dir='ltr'><strong>praesertim</strong></span> 
     </span>
    </p>
   </div>
   <div class='ocr_carea' id='block_1_82' title="bbox 2415 3846 3976 3925">
    <p class='ocr_par' dir='ltr' id='par_1_82' title="bbox 2415 3846 3976 3925">
     <span class='ocr_line' id='line_1_82' title="bbox 2415 3846 3976 3925; baseline -0.015 -9"><span class='ocrx_word' id='word_1_583' title='bbox 2415 3877 2536 3916; x_wconf 88' lang='lat' dir='ltr'><strong>cum</strong></span> <span class='ocrx_word' id='word_1_584' title='bbox 2572 3860 2815 3913; x_wconf 74' lang='lat' dir='ltr'><strong>(lodinus</strong></span> <span class='ocrx_word' id='word_1_585' title='bbox 2845 3858 2986 3913; x_wconf 75' lang='lat' dir='ltr'><strong>dicat</strong></span> <span class='ocrx_word' id='word_1_586' title='bbox 3014 3855 3346 3925; x_wconf 80' lang='lat' dir='ltr'><strong>logotbelam</strong></span> <span class='ocrx_word' id='word_1_587' title='bbox 3375 3864 3492 3904; x_wconf 83' lang='lat' dir='ltr'><strong>esse</strong></span> <span class='ocrx_word' id='word_1_588' title='bbox 3519 3852 3596 3912; x_wconf 75' lang='grc' dir='ltr'><strong>εἰς</strong></span> <span class='ocrx_word' id='word_1_589' title='bbox 3634 3846 3693 3900; x_wconf 76' lang='grc' dir='ltr'>τὸ</span> <span class='ocrx_word' id='word_1_590' title='bbox 3722 3846 3976 3912; x_wconf 77' lang='grc' dir='ltr'>λογογρα-</span> 
     </span>
    </p>
   </div>
   <div class='ocr_carea' id='block_1_83' title="bbox 2415 3936 3977 4021">
    <p class='ocr_par' dir='ltr' id='par_1_83' title="bbox 2415 3936 3977 4021">
     <span class='ocr_line' id='line_1_83' title="bbox 2415 3936 3977 4021; baseline -0.012 -17"><span class='ocrx_word' id='word_1_591' title='bbox 2415 3956 2554 4021; x_wconf 79' lang='grc' dir='ltr'>φεῖν,</span> <span class='ocrx_word' id='word_1_592' title='bbox 2586 3953 2654 4009; x_wconf 90' lang='lat' dir='ltr'><strong>ad</strong></span> <span class='ocrx_word' id='word_1_593' title='bbox 2690 3950 3041 4018; x_wconf 80' lang='lat' dir='ltr'><strong>conﬁciendas</strong></span> <span class='ocrx_word' id='word_1_594' title='bbox 3080 3955 3130 4002; x_wconf 86' lang='lat' dir='ltr'><strong>et</strong></span> <span class='ocrx_word' id='word_1_595' title='bbox 3181 3944 3487 3999; x_wconf 85' lang='lat' dir='ltr'><strong>scribendas</strong></span> <span class='ocrx_word' id='word_1_596' title='bbox 3541 3952 3587 3994; x_wconf 90' lang='lat' dir='ltr'><strong>et</strong></span> <span class='ocrx_word' id='word_1_597' title='bbox 3624 3936 3977 3992; x_wconf 84' lang='lat' dir='ltr'><strong>discutiendas</strong></span> 
     </span>
    </p>
   </div>
   <div class='ocr_carea' id='block_1_84' title="bbox 2417 4028 3973 4111">
    <p class='ocr_par' dir='ltr' id='par_1_84' title="bbox 2417 4028 3973 4111">
     <span class='ocr_line' id='line_1_84' title="bbox 2417 4028 3973 4111; baseline -0.011 -15"><span class='ocrx_word' id='word_1_598' title='bbox 2417 4048 2663 4097; x_wconf 83' lang='lat' dir='ltr'><strong>rationes.</strong></span> <span class='ocrx_word' id='word_1_599' title='bbox 2691 4042 2841 4096; x_wconf 87' lang='lat' dir='ltr'><strong>Talis</strong></span> <span class='ocrx_word' id='word_1_600' title='bbox 2867 4040 3111 4111; x_wconf 80' lang='lat' dir='ltr'><strong>profecto</strong></span> <span class='ocrx_word' id='word_1_601' title='bbox 3138 4054 3238 4092; x_wconf 86' lang='lat' dir='ltr'><strong>nec</strong></span> <span class='ocrx_word' id='word_1_602' title='bbox 3264 4037 3404 4089; x_wconf 90' lang='lat' dir='ltr'><strong>male</strong></span> <span class='ocrx_word' id='word_1_603' title='bbox 3443 4049 3542 4088; x_wconf 90' lang='lat' dir='ltr'><strong>nec</strong></span> <span class='ocrx_word' id='word_1_604' title='bbox 3589 4028 3823 4085; x_wconf 85' lang='lat' dir='ltr'><strong>absurde</strong></span> <span class='ocrx_word' id='word_1_605' title='bbox 3883 4044 3973 4080; x_wconf 91' lang='lat' dir='ltr'><strong>ra-</strong></span> 
     </span>
    </p>
   </div>
   <div class='ocr_carea' id='block_1_85' title="bbox 2420 4120 3980 4206">
    <p class='ocr_par' dir='ltr' id='par_1_85' title="bbox 2420 4120 3980 4206">
     <span class='ocr_line' id='line_1_85' title="bbox 2420 4120 3980 4206; baseline -0.012 -16"><span class='ocrx_word' id='word_1_606' title='bbox 2420 4140 2631 4191; x_wconf 71' lang='lat' dir='ltr'><strong>tionalis</strong></span> <span class='ocrx_word' id='word_1_607' title='bbox 2654 4135 3041 4206; x_wconf 84' lang='lat' dir='ltr'><strong>appellabitur.</strong></span> <span class='ocrx_word' id='word_1_608' title='bbox 3070 4133 3207 4186; x_wconf 85' lang='lat' dir='ltr'><strong>Hinc</strong></span> <span class='ocrx_word' id='word_1_609' title='bbox 3245 4130 3409 4183; x_wconf 87' lang='lat' dir='ltr'><strong>etiam</strong></span> <span class='ocrx_word' id='word_1_610' title='bbox 3444 4142 3549 4183; x_wconf 92' lang='lat' dir='ltr'><strong>non</strong></span> <span class='ocrx_word' id='word_1_611' title='bbox 3596 4126 3773 4193; x_wconf 78' lang='lat' dir='ltr'><strong>inepte</strong></span> <span class='ocrx_word' id='word_1_612' title='bbox 3794 4120 3980 4189; x_wconf 83' lang='lat' dir='ltr'><strong>appel-</strong></span> 
     </span>
    </p>
   </div>
   <div class='ocr_carea' id='block_1_86' title="bbox 2420 4214 3977 4294">
    <p class='ocr_par' dir='ltr' id='par_1_86' title="bbox 2420 4214 3977 4294">
     <span class='ocr_line' id='line_1_86' title="bbox 2420 4214 3977 4294; baseline -0.013 -13"><span class='ocrx_word' id='word_1_613' title='bbox 2420 4229 2621 4282; x_wconf 74' lang='lat' dir='ltr'><strong>labitur</strong></span> <span class='ocrx_word' id='word_1_614' title='bbox 2647 4227 3019 4294; x_wconf 74' lang='grc' dir='ltr'>λογογράφοςε</span> <span class='ocrx_word' id='word_1_615' title='bbox 3061 4223 3106 4279; x_wconf 90' lang='lat' dir='ltr'><strong>si</strong></span> <span class='ocrx_word' id='word_1_616' title='bbox 3153 4222 3297 4275; x_wconf 89' lang='lat' dir='ltr'><strong>enim</strong></span> <span class='ocrx_word' id='word_1_617' title='bbox 3325 4220 3442 4288; x_wconf 84' lang='lat' dir='ltr'><strong>eius</strong></span> <span class='ocrx_word' id='word_1_618' title='bbox 3466 4229 3547 4272; x_wconf 86' lang='lat' dir='ltr'><strong>est</strong></span> <span class='ocrx_word' id='word_1_619' title='bbox 3596 4214 3977 4284; x_wconf 69' lang='grc' dir='ltr'><strong>λογογραφεῖν.</strong></span> 
     </span>
    </p>
   </div>
   <div class='ocr_carea' id='block_1_87' title="bbox 2421 4305 3984 4388">
    <p class='ocr_par' dir='ltr' id='par_1_87' title="bbox 2421 4305 3984 4388">
     <span class='ocr_line' id='line_1_87' title="bbox 2421 4305 3984 4388; baseline -0.015 -12"><span class='ocrx_word' id='word_1_620' title='bbox 2421 4339 2519 4376; x_wconf 89' lang='lat' dir='ltr'><strong>cur</strong></span> <span class='ocrx_word' id='word_1_621' title='bbox 2560 4337 2665 4374; x_wconf 90' lang='lat' dir='ltr'><strong>non</strong></span> <span class='ocrx_word' id='word_1_622' title='bbox 2698 4320 2849 4388; x_wconf 78' lang='grc' dir='ltr'>παρὰ</span> <span class='ocrx_word' id='word_1_623' title='bbox 2907 4319 2966 4370; x_wconf 73' lang='grc' dir='ltr'>τὸ</span> <span class='ocrx_word' id='word_1_624' title='bbox 3014 4316 3372 4383; x_wconf 80' lang='grc' dir='ltr'>λογογραφεῖν</span> <span class='ocrx_word' id='word_1_625' title='bbox 3432 4309 3792 4379; x_wconf 87' lang='lat' dir='ltr'><strong>appellaretur</strong></span> <span class='ocrx_word' id='word_1_626' title='bbox 3835 4305 3984 4369; x_wconf 82' lang='grc' dir='ltr'>λογο-</span> 
     </span>
    </p>
   </div>
   <div class='ocr_carea' id='block_1_88' title="bbox 2423 4387 3985 4482">
    <p class='ocr_par' dir='ltr' id='par_1_88' title="bbox 2423 4387 3985 4482">
     <span class='ocr_line' id='line_1_88' title="bbox 2423 4387 3985 4482; baseline -0.015 -15"><span class='ocrx_word' id='word_1_627' title='bbox 2423 4413 2675 4482; x_wconf 65' lang='grc' dir='ltr'>γράφοςῗ</span> <span class='ocrx_word' id='word_1_628' title='bbox 2707 4387 2823 4464; x_wconf 72' lang='lat' dir='ltr'><strong>Non</strong></span> <span class='ocrx_word' id='word_1_629' title='bbox 2857 4409 3083 4479; x_wconf 82' lang='lat' dir='ltr'><strong>ignarus</strong></span> <span class='ocrx_word' id='word_1_630' title='bbox 3103 4421 3223 4461; x_wconf 89' lang='lat' dir='ltr'><strong>sum</strong></span> <span class='ocrx_word' id='word_1_631' title='bbox 3252 4404 3380 4472; x_wconf 85' lang='lat' dir='ltr'><strong>quid</strong></span> <span class='ocrx_word' id='word_1_632' title='bbox 3432 4403 3484 4454; x_wconf 92' lang='lat' dir='ltr'><strong>in</strong></span> <span class='ocrx_word' id='word_1_633' title='bbox 3521 4387 3985 4453; x_wconf 72' lang='lat' dir='ltr'><strong>codiCcJustinia-</strong></span> 
     </span>
    </p>
   </div>
   <div class='ocr_carea' id='block_1_89' title="bbox 2426 4482 3985 4566">
    <p class='ocr_par' dir='ltr' id='par_1_89' title="bbox 2426 4482 3985 4566">
     <span class='ocr_line' id='line_1_89' title="bbox 2426 4482 3985 4566; baseline -0.014 -8"><span class='ocrx_word' id='word_1_634' title='bbox 2426 4520 2527 4558; x_wconf 78' lang='lat' dir='ltr'><strong>nco</strong></span> <span class='ocrx_word' id='word_1_635' title='bbox 2550 4504 2642 4558; x_wconf 89' lang='lat' dir='ltr'><strong>lib.</strong></span> <span class='ocrx_word' id='word_1_636' title='bbox 2668 4518 2724 4566; x_wconf 83' lang='lat' dir='ltr'><strong>x,</strong></span> <span class='ocrx_word' id='word_1_637' title='bbox 2759 4500 2796 4553; x_wconf 92' lang='lat' dir='ltr'><strong>l.</strong></span> <span class='ocrx_word' id='word_1_638' title='bbox 2837 4500 2889 4561; x_wconf 77' lang='grc'><strong>1.</strong></span> <span class='ocrx_word' id='word_1_639' title='bbox 2917 4500 2981 4552; x_wconf 90' lang='lat' dir='ltr'><strong>de</strong></span> <span class='ocrx_word' id='word_1_640' title='bbox 3017 4492 3368 4565; x_wconf 82' lang='lat' dir='ltr'><strong>logograpbis</strong></span> <span class='ocrx_word' id='word_1_641' title='bbox 3392 4490 3738 4550; x_wconf 88' lang='lat' dir='ltr'><strong>decernatur,</strong></span> <span class='ocrx_word' id='word_1_642' title='bbox 3772 4494 3823 4537; x_wconf 86' lang='lat' dir='ltr'><strong>et</strong></span> <span class='ocrx_word' id='word_1_643' title='bbox 3856 4482 3985 4551; x_wconf 86' lang='lat' dir='ltr'><strong>quid</strong></span> 
     </span>
    </p>
   </div>
   <div class='ocr_carea' id='block_1_90' title="bbox 755 4576 3988 4669">
    <p class='ocr_par' dir='ltr' id='par_1_90' title="bbox 755 4576 3988 4669">
     <span class='ocr_line' id='line_1_90' title="bbox 755 4576 3988 4669; baseline -0.013 -2"><span class='ocrx_word' id='word_1_644' title='bbox 755 4615 956 4669; x_wconf 85' lang='lat' dir='ltr'><strong>llistur.</strong></span> <span class='ocrx_word' id='word_1_645' title='bbox 994 4612 1027 4664; x_wconf 93' lang='grc' dir='ltr'><strong>Ι.</strong></span> <span class='ocrx_word' id='word_1_646' title='bbox 1059 4627 1115 4665; x_wconf 76' lang='grc' dir='ltr'><strong>ιγ</strong></span> <span class='ocrx_word' id='word_1_647' title='bbox 1149 4576 1716 4665; x_wconf 54' lang='grc' dir='ltr'><strong>γοῖὶιιιτηίηθτευὶαγε,</strong></span> <span class='ocrx_word' id='word_1_648' title='bbox 1756 4576 1969 4657; x_wconf 63' lang='grc' dir='ltr'>ὴοοόει</span> <span class='ocrx_word' id='word_1_649' title='bbox 2007 4600 2206 4669; x_wconf 87' lang='lat' dir='ltr'><strong>aliquid</strong></span> <span class='ocrx_word' id='word_1_650' title='bbox 2264 4601 2315 4654; x_wconf 88' lang='lat' dir='ltr'><strong>in</strong></span> <span class='ocrx_word' id='word_1_651' title='bbox 2352 4603 2395 4656; x_wconf 84' lang='grc' dir='ltr'><strong>Ι)</strong></span> <span class='ocrx_word' id='word_1_652' title='bbox 2427 4596 2491 4649; x_wconf 89' lang='lat' dir='ltr'><strong>ad</strong></span> <span class='ocrx_word' id='word_1_653' title='bbox 2518 4596 2664 4649; x_wconf 89' lang='lat' dir='ltr'><strong>illam</strong></span> <span class='ocrx_word' id='word_1_654' title='bbox 2697 4606 2915 4663; x_wconf 90' lang='lat' dir='ltr'><strong>quoque</strong></span> <span class='ocrx_word' id='word_1_655' title='bbox 2946 4589 3117 4659; x_wconf 85' lang='lat' dir='ltr'><strong>legem</strong></span> <span class='ocrx_word' id='word_1_656' title='bbox 3183 4584 3362 4640; x_wconf 88' lang='lat' dir='ltr'><strong>tradat</strong></span> <span class='ocrx_word' id='word_1_657' title='bbox 3411 4579 3706 4650; x_wconf 77' lang='lat' dir='ltr'><strong>Cuiacius:</strong></span> <span class='ocrx_word' id='word_1_658' title='bbox 3741 4576 3829 4669; x_wconf 82' lang='lat' dir='ltr'><strong>sed</strong></span> <span class='ocrx_word' id='word_1_659' title='bbox 3890 4588 3988 4626; x_wconf 83' lang='lat' dir='ltr'><strong>nos</strong></span> 
     </span>
    </p>
   </div>
   <div class='ocr_carea' id='block_1_91' title="bbox 757 4691 2319 4761">
    <p class='ocr_par' dir='ltr' id='par_1_91' title="bbox 757 4691 2319 4761">
     <span class='ocr_line' id='line_1_91' title="bbox 757 4691 2319 4761; baseline -0.005 -10"><span class='ocrx_word' id='word_1_660' title='bbox 757 4705 916 4755; x_wconf 79' lang='lat' dir='ltr'><strong>breve</strong></span> <span class='ocrx_word' id='word_1_661' title='bbox 934 4716 1030 4756; x_wconf 86' lang='lat' dir='ltr'><strong>seu</strong></span> <span class='ocrx_word' id='word_1_662' title='bbox 1052 4697 1417 4753; x_wconf 83' lang='lat' dir='ltr'><strong>inventarium</strong></span> <span class='ocrx_word' id='word_1_663' title='bbox 1440 4694 1663 4748; x_wconf 81' lang='lat' dir='ltr'><strong>referre.</strong></span> <span class='ocrx_word' id='word_1_664' title='bbox 1688 4693 1761 4747; x_wconf 91' lang='lat' dir='ltr'><strong>De</strong></span> <span class='ocrx_word' id='word_1_665' title='bbox 1784 4692 2005 4761; x_wconf 89' lang='lat' dir='ltr'><strong>pittacio</strong></span> <span class='ocrx_word' id='word_1_666' title='bbox 2024 4691 2143 4745; x_wconf 84' lang='lat' dir='ltr'><strong>vide</strong></span> <span class='ocrx_word' id='word_1_667' title='bbox 2157 4692 2319 4744; x_wconf 90' lang='lat' dir='ltr'><strong>etiam</strong></span> 
     </span>
    </p>
   </div>
   <div class='ocr_carea' id='block_1_92' title="bbox 760 4784 2321 4847">
    <p class='ocr_par' dir='ltr' id='par_1_92' title="bbox 760 4784 2321 4847">
     <span class='ocr_line' id='line_1_92' title="bbox 760 4784 2321 4847; baseline -0.006 -1"><span class='ocrx_word' id='word_1_668' title='bbox 760 4794 1101 4847; x_wconf 82' lang='lat' dir='ltr'><strong>Ileribertum</strong></span> <span class='ocrx_word' id='word_1_669' title='bbox 1128 4788 1475 4844; x_wconf 75' lang='lat' dir='ltr'><strong>Rosweidum</strong></span> <span class='ocrx_word' id='word_1_670' title='bbox 1501 4796 1749 4840; x_wconf 91' lang='lat' dir='ltr'><strong>nostrum</strong></span> <span class='ocrx_word' id='word_1_671' title='bbox 1796 4786 1846 4837; x_wconf 92' lang='lat' dir='ltr'><strong>in</strong></span> <span class='ocrx_word' id='word_1_672' title='bbox 1877 4784 2228 4841; x_wconf 84' lang='lat' dir='ltr'><strong>Onomastico</strong></span> <span class='ocrx_word' id='word_1_673' title='bbox 2256 4784 2321 4837; x_wconf 90' lang='lat' dir='ltr'><strong>ad</strong></span> 
     </span>
    </p>
   </div>
   <div class='ocr_carea' id='block_1_93' title="bbox 758 4876 2325 4947">
    <p class='ocr_par' dir='ltr' id='par_1_93' title="bbox 758 4876 2325 4947">
     <span class='ocr_line' id='line_1_93' title="bbox 758 4876 2325 4947; baseline -0.007 -6"><span class='ocrx_word' id='word_1_674' title='bbox 758 4887 908 4942; x_wconf 78' lang='lat' dir='ltr'><strong>Vitas</strong></span> <span class='ocrx_word' id='word_1_675' title='bbox 938 4886 1197 4939; x_wconf 86' lang='lat' dir='ltr'><strong>Patrum.’</strong></span> <span class='ocrx_word' id='word_1_676' title='bbox 1246 4883 1484 4935; x_wconf 82' lang='lat' dir='ltr'><strong>Zonaras</strong></span> <span class='ocrx_word' id='word_1_677' title='bbox 1526 4880 1589 4935; x_wconf 80' lang='lat' dir='ltr'><strong>in.</strong></span> <span class='ocrx_word' id='word_1_678' title='bbox 1615 4879 1835 4932; x_wconf 89' lang='lat' dir='ltr'><strong>concilii</strong></span> <span class='ocrx_word' id='word_1_679' title='bbox 1879 4876 2325 4947; x_wconf 78' lang='lat' dir='ltr'><strong>Cartliaginensis</strong></span> 
     </span>
    </p>
   </div>
   <div class='ocr_carea' id='block_1_94' title="bbox 758 4970 2323 5047">
    <p class='ocr_par' dir='ltr' id='par_1_94' title="bbox 758 4970 2323 5047">
     <span class='ocr_line' id='line_1_94' title="bbox 758 4970 2323 5047; baseline -0.008 -13"><span class='ocrx_word' id='word_1_680' title='bbox 758 4997 995 5034; x_wconf 80' lang='lat' dir='ltr'><strong>canones</strong></span> <span class='ocrx_word' id='word_1_681' title='bbox 1037 4997 1048 5031; x_wconf 91' lang='lat'>:</span> <span class='ocrx_word' id='word_1_682' title='bbox 1082 4976 1363 5047; x_wconf 81' lang='grc' dir='ltr'>Βρέὅιονή</span> <span class='ocrx_word' id='word_1_683' title='bbox 1397 4974 1634 5042; x_wconf 72' lang='grc' dir='ltr'>ἐπιτομὴ</span> <span class='ocrx_word' id='word_1_684' title='bbox 1666 4972 1883 5039; x_wconf 82' lang='grc' dir='ltr'>λέγεται</span> <span class='ocrx_word' id='word_1_685' title='bbox 1921 4972 2014 5024; x_wconf 74' lang='grc' dir='ltr'>καὶ</span> <span class='ocrx_word' id='word_1_686' title='bbox 2057 4970 2323 5039; x_wconf 82' lang='grc' dir='ltr'>σύντομος</span> 
     </span>
    </p>
   </div>
   <div class='ocr_carea' id='block_1_95' title="bbox 759 5060 2328 5139">
    <p class='ocr_par' dir='ltr' id='par_1_95' title="bbox 759 5060 2328 5139">
     <span class='ocr_line' id='line_1_95' title="bbox 759 5060 2328 5139; baseline -0.006 -18"><span class='ocrx_word' id='word_1_687' title='bbox 759 5071 965 5139; x_wconf 71' lang='grc' dir='ltr'>γραφή.</span> <span class='ocrx_word' id='word_1_688' title='bbox 993 5068 1203 5136; x_wconf 74' lang='grc' dir='ltr'><strong>Βρεὸίω</strong></span> <span class='ocrx_word' id='word_1_689' title='bbox 1227 5066 1336 5133; x_wconf 85' lang='grc' dir='ltr'><strong>γὰρ</strong></span> <span class='ocrx_word' id='word_1_690' title='bbox 1364 5063 1504 5116; x_wconf 78' lang='grc' dir='ltr'>κατὰ</span> <span class='ocrx_word' id='word_1_691' title='bbox 1541 5063 1804 5123; x_wconf 76' lang='grc' dir='ltr'><strong>Λατίνους</strong></span> <span class='ocrx_word' id='word_1_692' title='bbox 1857 5060 1921 5113; x_wconf 82' lang='grc' dir='ltr'>τδ</span> <span class='ocrx_word' id='word_1_693' title='bbox 1977 5062 2182 5129; x_wconf 81' lang='grc' dir='ltr'>τέμνω,</span> <span class='ocrx_word' id='word_1_694' title='bbox 2237 5060 2328 5112; x_wconf 77' lang='grc' dir='ltr'>καὶ</span> 
     </span>
    </p>
   </div>
   <div class='ocr_carea' id='block_1_96' title="bbox 764 5157 1407 5229">
    <p class='ocr_par' dir='ltr' id='par_1_96' title="bbox 764 5157 1407 5229">
     <span class='ocr_line' id='line_1_96' title="bbox 764 5157 1407 5229; baseline -0.008 -17"><span class='ocrx_word' id='word_1_695' title='bbox 764 5160 1014 5229; x_wconf 67' lang='grc' dir='ltr'>βρεόίτας</span> <span class='ocrx_word' id='word_1_696' title='bbox 1055 5161 1087 5227; x_wconf 82' lang='grc' dir='ltr'>ἡ</span> <span class='ocrx_word' id='word_1_697' title='bbox 1125 5157 1407 5224; x_wconf 81' lang='grc' dir='ltr'>συντομία.</span> 
     </span>
    </p>
   </div>
   <div class='ocr_carea' id='block_1_97' title="bbox 834 5239 2334 5313">
    <p class='ocr_par' dir='ltr' id='par_1_97' title="bbox 834 5239 2334 5313">
     <span class='ocr_line' id='line_1_97' title="bbox 834 5239 2334 5313; baseline -0.007 -11"><span class='ocrx_word' id='word_1_698' title='bbox 834 5250 891 5303; x_wconf 77' lang='grc' dir='ltr'><strong>Ρ.</strong></span> <span class='ocrx_word' id='word_1_699' title='bbox 924 5249 975 5301; x_wconf 71' lang='grc'><strong>4.</strong></span> <span class='ocrx_word' id='word_1_700' title='bbox 1012 5247 1084 5299; x_wconf 85' lang='lat' dir='ltr'><strong>De</strong></span> <span class='ocrx_word' id='word_1_701' title='bbox 1119 5246 1331 5313; x_wconf 81' lang='lat' dir='ltr'><strong>origine</strong></span> <span class='ocrx_word' id='word_1_702' title='bbox 1386 5245 1537 5297; x_wconf 79' lang='lat' dir='ltr'><strong>vocis</strong></span> <span class='ocrx_word' id='word_1_703' title='bbox 1564 5245 1844 5294; x_wconf 66' lang='grc' dir='ltr'>πιττάκιον</span> <span class='ocrx_word' id='word_1_704' title='bbox 1870 5242 1982 5296; x_wconf 69' lang='lat' dir='ltr'><strong>hate</strong></span> <span class='ocrx_word' id='word_1_705' title='bbox 2012 5239 2334 5308; x_wconf 77' lang='lat' dir='ltr'><strong>Moschopu-</strong></span> 
     </span>
    </p>
   </div>
   <div class='ocr_carea' id='block_1_98' title="bbox 765 5334 2335 5405">
    <p class='ocr_par' dir='ltr' id='par_1_98' title="bbox 765 5334 2335 5405">
     <span class='ocr_line' id='line_1_98' title="bbox 765 5334 2335 5405; baseline -0.008 -8"><span class='ocrx_word' id='word_1_706' title='bbox 765 5346 879 5397; x_wconf 84' lang='lat' dir='ltr'><strong>lus:</strong></span> <span class='ocrx_word' id='word_1_707' title='bbox 920 5342 1187 5394; x_wconf 82' lang='grc' dir='ltr'>Πεττύκια</span> <span class='ocrx_word' id='word_1_708' title='bbox 1220 5337 1474 5405; x_wconf 79' lang='grc' dir='ltr'><strong>Δωρικῶς</strong></span> <span class='ocrx_word' id='word_1_709' title='bbox 1508 5338 1571 5389; x_wconf 85' lang='grc' dir='ltr'>τὰ</span> <span class='ocrx_word' id='word_1_710' title='bbox 1601 5336 1775 5387; x_wconf 73' lang='grc' dir='ltr'><strong>λεπτά</strong></span> <span class='ocrx_word' id='word_1_711' title='bbox 1805 5336 2194 5403; x_wconf 77' lang='grc' dir='ltr'>περιτμήματα</span> <span class='ocrx_word' id='word_1_712' title='bbox 2229 5334 2335 5384; x_wconf 83' lang='grc' dir='ltr'>τῶν</span> 
     </span>
    </p>
   </div>
   <div class='ocr_carea' id='block_1_99' title="bbox 766 5425 2334 5504">
    <p class='ocr_par' dir='ltr' id='par_1_99' title="bbox 766 5425 2334 5504">
     <span class='ocr_line' id='line_1_99' title="bbox 766 5425 2334 5504; baseline -0.006 -16"><span class='ocrx_word' id='word_1_713' title='bbox 766 5436 1095 5504; x_wconf 62' lang='grc' dir='ltr'>δερματίων,</span> <span class='ocrx_word' id='word_1_714' title='bbox 1123 5434 1213 5500; x_wconf 77' lang='grc' dir='ltr'><strong>ἀφ’</strong></span> <span class='ocrx_word' id='word_1_715' title='bbox 1238 5433 1297 5485; x_wconf 73' lang='grc' dir='ltr'>οὗ</span> <span class='ocrx_word' id='word_1_716' title='bbox 1333 5433 1491 5501; x_wconf 79' lang='grc' dir='ltr'>ἡμεῖς</span> <span class='ocrx_word' id='word_1_717' title='bbox 1528 5430 1785 5481; x_wconf 75' lang='grc' dir='ltr'>πιττάκια</span> <span class='ocrx_word' id='word_1_718' title='bbox 1844 5428 2095 5495; x_wconf 69' lang='grc' dir='ltr'>λέγομεν.</span> <span class='ocrx_word' id='word_1_719' title='bbox 2129 5425 2334 5479; x_wconf 72' lang='lat' dir='ltr'><strong>GRETS.</strong></span> 
     </span>
    </p>
   </div>
   <div class='ocr_carea' id='block_1_100' title="bbox 838 5520 2339 5601">
    <p class='ocr_par' dir='ltr' id='par_1_100' title="bbox 838 5520 2339 5601">
     <span class='ocr_line' id='line_1_100' title="bbox 838 5520 2339 5601; baseline -0.004 -22"><span class='ocrx_word' id='word_1_720' title='bbox 838 5528 1251 5601; x_wconf 76' lang='lat' dir='ltr'><strong>[Musclmpulus</strong></span> <span class='ocrx_word' id='word_1_721' title='bbox 1298 5526 1558 5577; x_wconf 71' lang='grc' dir='ltr'>πεττύκια</span> <span class='ocrx_word' id='word_1_722' title='bbox 1634 5522 1821 5576; x_wconf 85' lang='lat' dir='ltr'><strong>Dorice</strong></span> <span class='ocrx_word' id='word_1_723' title='bbox 1889 5520 2237 5588; x_wconf 80' lang='lat' dir='ltr'><strong>proauutiat,</strong></span> <span class='ocrx_word' id='word_1_724' title='bbox 2288 5531 2339 5573; x_wconf 82' lang='lat' dir='ltr'><strong>et</strong></span> 
     </span>
    </p>
   </div>
   <div class='ocr_carea' id='block_1_101' title="bbox 776 5616 2343 5687">
    <p class='ocr_par' dir='ltr' id='par_1_101' title="bbox 776 5616 2343 5687">
     <span class='ocr_line' id='line_1_101' title="bbox 776 5616 2343 5687; baseline -0.006 -11"><span class='ocrx_word' id='word_1_725' title='bbox 776 5624 1101 5676; x_wconf 82' lang='lat' dir='ltr'><strong>membranas</strong></span> <span class='ocrx_word' id='word_1_726' title='bbox 1145 5621 1257 5673; x_wconf 55' lang='lat' dir='ltr'><strong>sire</strong></span> <span class='ocrx_word' id='word_1_727' title='bbox 1302 5619 1574 5687; x_wconf 77' lang='lat' dir='ltr'><strong>pelliccam</strong></span> <span class='ocrx_word' id='word_1_728' title='bbox 1630 5616 1872 5670; x_wconf 84' lang='lat' dir='ltr'><strong>chartam</strong></span> <span class='ocrx_word' id='word_1_729' title='bbox 1918 5616 2031 5667; x_wconf 72' lang='lat' dir='ltr'><strong>sive</strong></span> <span class='ocrx_word' id='word_1_730' title='bbox 2070 5629 2343 5681; x_wconf 81' lang='lat' dir='ltr'><strong>pergame—</strong></span> 
     </span>
    </p>
   </div>
   <div class='ocr_carea' id='block_1_102' title="bbox 779 5701 2342 5777">
    <p class='ocr_par' dir='ltr' id='par_1_102' title="bbox 779 5701 2342 5777">
     <span class='ocr_line' id='line_1_102' title="bbox 779 5701 2342 5777; baseline -0.007 -14"><span class='ocrx_word' id='word_1_731' title='bbox 779 5728 903 5763; x_wconf 86' lang='lat' dir='ltr'><strong>llltllt</strong></span> <span class='ocrx_word' id='word_1_732' title='bbox 930 5711 1215 5777; x_wconf 67' lang='lat' dir='ltr'><strong>signiﬁcat.</strong></span> <span class='ocrx_word' id='word_1_733' title='bbox 1248 5706 1298 5759; x_wconf 86' lang='lat' dir='ltr'><strong>In</strong></span> <span class='ocrx_word' id='word_1_734' title='bbox 1323 5706 1508 5759; x_wconf 80' lang='lat' dir='ltr'><strong>eodem</strong></span> <span class='ocrx_word' id='word_1_735' title='bbox 1532 5721 1690 5756; x_wconf 52' lang='lat' dir='ltr'><strong>srnsu</strong></span> <span class='ocrx_word' id='word_1_736' title='bbox 1714 5704 1900 5756; x_wconf 76' lang='lat' dir='ltr'><strong>audies</strong></span> <span class='ocrx_word' id='word_1_737' title='bbox 1921 5703 2108 5770; x_wconf 68' lang='lat' dir='ltr'><strong>vulgus</strong></span> <span class='ocrx_word' id='word_1_738' title='bbox 2130 5701 2342 5754; x_wconf 65' lang='grc' dir='ltr'>ϐιαιρο-</span> 
     </span>
    </p>
   </div>
   <div class='ocr_carea' id='block_1_103' title="bbox 780 5794 2341 5870">
    <p class='ocr_par' dir='ltr' id='par_1_103' title="bbox 780 5794 2341 5870">
     <span class='ocr_line' id='line_1_103' title="bbox 780 5794 2341 5870; baseline -0.008 -15"><span class='ocrx_word' id='word_1_739' title='bbox 780 5820 897 5855; x_wconf 79' lang='lat' dir='ltr'><strong>rum</strong></span> <span class='ocrx_word' id='word_1_740' title='bbox 919 5801 1227 5870; x_wconf 65' lang='grc' dir='ltr'><strong>ὶεμπρηνόν</strong></span> <span class='ocrx_word' id='word_1_741' title='bbox 1259 5800 1459 5852; x_wconf 80' lang='lat' dir='ltr'><strong>dicere.</strong></span> <span class='ocrx_word' id='word_1_742' title='bbox 1486 5798 1881 5863; x_wconf 65' lang='lat' dir='ltr'><strong>Nmnunquam</strong></span> <span class='ocrx_word' id='word_1_743' title='bbox 1916 5805 2091 5847; x_wconf 65' lang='lat' dir='ltr'><strong>tamen</strong></span> <span class='ocrx_word' id='word_1_744' title='bbox 2111 5794 2341 5862; x_wconf 85' lang='lat' dir='ltr'><strong>diploma</strong></span> 
     </span>
    </p>
   </div>
   <div class='ocr_carea' id='block_1_104' title="bbox 783 5882 2340 5958">
    <p class='ocr_par' dir='ltr' id='par_1_104' title="bbox 783 5882 2340 5958">
     <span class='ocr_line' id='line_1_104' title="bbox 783 5882 2340 5958; baseline -0.004 -11"><span class='ocrx_word' id='word_1_745' title='bbox 783 5894 991 5948; x_wconf 72' lang='lat' dir='ltr'><strong>tabulas</strong></span> <span class='ocrx_word' id='word_1_746' title='bbox 1032 5882 1177 5946; x_wconf 64' lang='grc' dir='ltr'>ιιι-σιτ</span> <span class='ocrx_word' id='word_1_747' title='bbox 1209 5890 1477 5945; x_wconf 73' lang='lat' dir='ltr'><strong>codicillos</strong></span> <span class='ocrx_word' id='word_1_748' title='bbox 1536 5891 1731 5951; x_wconf 63' lang='lat' dir='ltr'><strong>rotet;</strong></span> <span class='ocrx_word' id='word_1_749' title='bbox 1788 5899 2010 5958; x_wconf 70' lang='lat' dir='ltr'><strong>tumque</strong></span> <span class='ocrx_word' id='word_1_750' title='bbox 2060 5887 2340 5942; x_wconf 71' lang='lat' dir='ltr'><strong>materiam</strong></span> 
     </span>
    </p>
   </div>
   <div class='ocr_carea' id='block_1_105' title="bbox 2433 4667 3989 4746">
    <p class='ocr_par' dir='ltr' id='par_1_105' title="bbox 2433 4667 3989 4746">
     <span class='ocr_line' id='line_1_105' title="bbox 2433 4667 3989 4746; baseline -0.019 -2"><span class='ocrx_word' id='word_1_751' title='bbox 2433 4687 2930 4744; x_wconf 78' lang='lat' dir='ltr'><strong>ecclesiasticarum</strong></span> <span class='ocrx_word' id='word_1_752' title='bbox 2995 4682 3263 4736; x_wconf 85' lang='lat' dir='ltr'><strong>duntaxat</strong></span> <span class='ocrx_word' id='word_1_753' title='bbox 3314 4673 3736 4746; x_wconf 80' lang='lat' dir='ltr'><strong>appellationum</strong></span> <span class='ocrx_word' id='word_1_754' title='bbox 3783 4667 3884 4720; x_wconf 74' lang='lat' dir='ltr'><strong>vim</strong></span> <span class='ocrx_word' id='word_1_755' title='bbox 3938 4673 3989 4717; x_wconf 90' lang='lat' dir='ltr'><strong>et</strong></span> 
     </span>
    </p>
   </div>
   <div class='ocr_carea' id='block_1_106' title="bbox 2435 4758 3983 4852">
    <p class='ocr_par' dir='ltr' id='par_1_106' title="bbox 2435 4758 3983 4852">
     <span class='ocr_line' id='line_1_106' title="bbox 2435 4758 3983 4852; baseline -0.02 -13"><span class='ocrx_word' id='word_1_756' title='bbox 2435 4784 2704 4852; x_wconf 77' lang='lat' dir='ltr'><strong>Origiuem</strong></span> <span class='ocrx_word' id='word_1_757' title='bbox 2731 4780 2831 4833; x_wconf 89' lang='lat' dir='ltr'><strong>hoc</strong></span> <span class='ocrx_word' id='word_1_758' title='bbox 2859 4779 2979 4831; x_wconf 89' lang='lat' dir='ltr'><strong>loco</strong></span> <span class='ocrx_word' id='word_1_759' title='bbox 3015 4774 3337 4843; x_wconf 85' lang='lat' dir='ltr'><strong>indagamus</strong></span> <span class='ocrx_word' id='word_1_760' title='bbox 3371 4780 3426 4825; x_wconf 87' lang='lat' dir='ltr'><strong>et</strong></span> <span class='ocrx_word' id='word_1_761' title='bbox 3449 4783 3544 4837; x_wconf 91' lang='lat' dir='ltr'><strong>pro</strong></span> <span class='ocrx_word' id='word_1_762' title='bbox 3576 4763 3780 4818; x_wconf 75' lang='lat' dir='ltr'><strong>viribus</strong></span> <span class='ocrx_word' id='word_1_763' title='bbox 3815 4758 3983 4826; x_wconf 76' lang='lat' dir='ltr'><strong>expli-</strong></span> 
     </span>
    </p>
   </div>
   <div class='ocr_carea' id='block_1_107' title="bbox 2434 4872 2872 4935">
    <p class='ocr_par' dir='ltr' id='par_1_107' title="bbox 2434 4872 2872 4935">
     <span class='ocr_line' id='line_1_107' title="bbox 2434 4872 2872 4935; baseline -0.014 -6"><span class='ocrx_word' id='word_1_764' title='bbox 2434 4890 2645 4935; x_wconf 82' lang='lat' dir='ltr'><strong>eamus.</strong></span> <span class='ocrx_word' id='word_1_765' title='bbox 2675 4872 2872 4927; x_wconf 71' lang='lat' dir='ltr'><strong>(iners.</strong></span> 
     </span>
    </p>
   </div>
   <div class='ocr_carea' id='block_1_108' title="bbox 2508 4941 3993 5037">
    <p class='ocr_par' dir='ltr' id='par_1_108' title="bbox 2508 4941 3993 5037">
     <span class='ocr_line' id='line_1_108' title="bbox 2508 4941 3993 5037; baseline -0.02 -15"><span class='ocrx_word' id='word_1_766' title='bbox 2508 4967 2593 5037; x_wconf 85' lang='lat' dir='ltr'><strong>[P.</strong></span> <span class='ocrx_word' id='word_1_767' title='bbox 2619 4966 2668 5019; x_wconf 72' lang='grc'><strong>4.</strong></span> <span class='ocrx_word' id='word_1_768' title='bbox 2719 4964 2775 5016; x_wconf 83' lang='lat'><strong>&#39;0</strong></span> <span class='ocrx_word' id='word_1_769' title='bbox 2804 4960 3151 5031; x_wconf 68' lang='grc' dir='ltr'>λογοθέτης.</span> <span class='ocrx_word' id='word_1_770' title='bbox 3196 4956 3317 5009; x_wconf 62' lang='lat' dir='ltr'><strong>Haec</strong></span> <span class='ocrx_word' id='word_1_771' title='bbox 3353 4953 3419 5007; x_wconf 85' lang='lat' dir='ltr'><strong>de</strong></span> <span class='ocrx_word' id='word_1_772' title='bbox 3442 4951 3529 5005; x_wconf 89' lang='lat' dir='ltr'><strong>illo</strong></span> <span class='ocrx_word' id='word_1_773' title='bbox 3555 4946 3815 5001; x_wconf 78' lang='lat' dir='ltr'><strong>Allatiana</strong></span> <span class='ocrx_word' id='word_1_774' title='bbox 3852 4961 3888 5037; x_wconf 32' lang='grc' dir='ltr'><strong>ε.</strong></span> <span class='ocrx_word' id='word_1_775' title='bbox 3938 4941 3993 4993; x_wconf 86' lang='grc'><strong>’0</strong></span> 
     </span>
    </p>
   </div>
   <div class='ocr_carea' id='block_1_109' title="bbox 2433 5033 3990 5124">
    <p class='ocr_par' dir='ltr' id='par_1_109' title="bbox 2433 5033 3990 5124">
     <span class='ocr_line' id='line_1_109' title="bbox 2433 5033 3990 5124; baseline -0.017 -16"><span class='ocrx_word' id='word_1_776' title='bbox 2433 5033 2726 5124; x_wconf 73' lang='grc' dir='ltr'>λογοθὲτης</span> <span class='ocrx_word' id='word_1_777' title='bbox 2756 5050 3086 5120; x_wconf 79' lang='grc' dir='ltr'>ὐποκρατῶν</span> <span class='ocrx_word' id='word_1_778' title='bbox 3120 5048 3217 5116; x_wconf 80' lang='grc' dir='ltr'>τὴν</span> <span class='ocrx_word' id='word_1_779' title='bbox 3252 5043 3482 5114; x_wconf 75' lang='grc' dir='ltr'>βοῦλλαν</span> <span class='ocrx_word' id='word_1_780' title='bbox 3512 5038 3608 5093; x_wconf 82' lang='grc' dir='ltr'>τοῦ</span> <span class='ocrx_word' id='word_1_781' title='bbox 3672 5033 3990 5124; x_wconf 77' lang='grc' dir='ltr'><strong>ἁρχ.ερέως,</strong></span> 
     </span>
    </p>
   </div>
   <div class='ocr_carea' id='block_1_110' title="bbox 2437 5123 3993 5215">
    <p class='ocr_par' dir='ltr' id='par_1_110' title="bbox 2437 5123 3993 5215">
     <span class='ocr_line' id='line_1_110' title="bbox 2437 5123 3993 5215; baseline -0.019 -13"><span class='ocrx_word' id='word_1_782' title='bbox 2437 5123 2668 5202; x_wconf 24' lang='grc' dir='ltr'>καζιεῖτι</span> <span class='ocrx_word' id='word_1_783' title='bbox 2696 5149 2759 5199; x_wconf 85' lang='grc' dir='ltr'>ἂν</span> <span class='ocrx_word' id='word_1_784' title='bbox 2783 5146 2985 5215; x_wconf 77' lang='grc' dir='ltr'>γράφει</span> <span class='ocrx_word' id='word_1_785' title='bbox 3029 5145 3055 5195; x_wconf 86' lang='grc' dir='ltr'>ὁ</span> <span class='ocrx_word' id='word_1_786' title='bbox 3091 5140 3404 5209; x_wconf 75' lang='grc' dir='ltr'>ἀρχιερεὺς,</span> <span class='ocrx_word' id='word_1_787' title='bbox 3465 5130 3823 5201; x_wconf 74' lang='grc' dir='ltr'>σφραγίζεται</span> <span class='ocrx_word' id='word_1_788' title='bbox 3867 5123 3993 5191; x_wconf 79' lang='grc' dir='ltr'>παρ’</span> 
     </span>
    </p>
   </div>
   <div class='ocr_carea' id='block_1_111' title="bbox 2441 5218 3995 5300">
    <p class='ocr_par' dir='ltr' id='par_1_111' title="bbox 2441 5218 3995 5300">
     <span class='ocr_line' id='line_1_111' title="bbox 2441 5218 3995 5300; baseline -0.019 -5"><span class='ocrx_word' id='word_1_789' title='bbox 2441 5241 2628 5295; x_wconf 76' lang='grc' dir='ltr'>αὐτοῦ.</span> <span class='ocrx_word' id='word_1_790' title='bbox 2661 5238 2896 5300; x_wconf 68' lang='grc' dir='ltr'>Ὁμοίως</span> <span class='ocrx_word' id='word_1_791' title='bbox 2915 5238 3008 5291; x_wconf 68' lang='grc' dir='ltr'>καὶ</span> <span class='ocrx_word' id='word_1_792' title='bbox 3028 5239 3105 5296; x_wconf 80' lang='grc' dir='ltr'><strong>εἱς</strong></span> <span class='ocrx_word' id='word_1_793' title='bbox 3126 5237 3304 5285; x_wconf 73' lang='grc' dir='ltr'>πᾶσαν</span> <span class='ocrx_word' id='word_1_794' title='bbox 3326 5230 3525 5283; x_wconf 70' lang='grc' dir='ltr'>εῐαοδον</span> <span class='ocrx_word' id='word_1_795' title='bbox 3552 5226 3645 5293; x_wconf 72' lang='grc' dir='ltr'>τῆς</span> <span class='ocrx_word' id='word_1_796' title='bbox 3678 5218 3995 5282; x_wconf 66' lang='grc' dir='ltr'>ἐπισκοπῆς.</span> 
     </span>
    </p>
   </div>
   <div class='ocr_carea' id='block_1_112' title="bbox 2451 5308 3998 5394">
    <p class='ocr_par' dir='ltr' id='par_1_112' title="bbox 2451 5308 3998 5394">
     <span class='ocr_line' id='line_1_112' title="bbox 2451 5308 3998 5394; baseline -0.02 -7"><span class='ocrx_word' id='word_1_797' title='bbox 2451 5334 2611 5385; x_wconf 81' lang='grc' dir='ltr'>’Ἐστι</span> <span class='ocrx_word' id='word_1_798' title='bbox 2653 5332 2709 5385; x_wconf 85' lang='grc' dir='ltr'>δὲ</span> <span class='ocrx_word' id='word_1_799' title='bbox 2748 5334 2839 5383; x_wconf 71' lang='grc' dir='ltr'>καὶ</span> <span class='ocrx_word' id='word_1_800' title='bbox 2870 5332 2947 5392; x_wconf 85' lang='grc' dir='ltr'><strong>εἰς</strong></span> <span class='ocrx_word' id='word_1_801' title='bbox 2972 5330 3068 5389; x_wconf 80' lang='grc' dir='ltr'>τὰς</span> <span class='ocrx_word' id='word_1_802' title='bbox 3084 5329 3316 5394; x_wconf 80' lang='grc' dir='ltr'><strong>κρίσεις.</strong></span> <span class='ocrx_word' id='word_1_803' title='bbox 3351 5322 3611 5375; x_wconf 72' lang='lat' dir='ltr'><strong>Pra‘terca</strong></span> <span class='ocrx_word' id='word_1_804' title='bbox 3646 5311 3861 5382; x_wconf 81' lang='grc' dir='ltr'>κρατῶν</span> <span class='ocrx_word' id='word_1_805' title='bbox 3907 5308 3998 5360; x_wconf 73' lang='grc' dir='ltr'>καὶ</span> 
     </span>
    </p>
   </div>
   <div class='ocr_carea' id='block_1_113' title="bbox 2446 5401 3987 5493">
    <p class='ocr_par' dir='ltr' id='par_1_113' title="bbox 2446 5401 3987 5493">
     <span class='ocr_line' id='line_1_113' title="bbox 2446 5401 3987 5493; baseline -0.019 -16"><span class='ocrx_word' id='word_1_806' title='bbox 2446 5429 2534 5479; x_wconf 61' lang='grc' dir='ltr'><strong>τὸν</strong></span> <span class='ocrx_word' id='word_1_807' title='bbox 2563 5427 2743 5479; x_wconf 78' lang='grc' dir='ltr'>δίσκον</span> <span class='ocrx_word' id='word_1_808' title='bbox 2780 5426 2917 5493; x_wconf 79' lang='grc' dir='ltr'>μετὰ</span> <span class='ocrx_word' id='word_1_809' title='bbox 2944 5422 3035 5475; x_wconf 81' lang='grc' dir='ltr'>τοῦ</span> <span class='ocrx_word' id='word_1_810' title='bbox 3070 5421 3225 5484; x_wconf 74' lang='grc' dir='ltr'>ἁγίου</span> <span class='ocrx_word' id='word_1_811' title='bbox 3262 5412 3557 5479; x_wconf 75' lang='grc' dir='ltr'>ἀντιδώρου</span> <span class='ocrx_word' id='word_1_812' title='bbox 3590 5412 3644 5462; x_wconf 84' lang='grc' dir='ltr'>ὲν</span> <span class='ocrx_word' id='word_1_813' title='bbox 3682 5409 3742 5474; x_wconf 76' lang='grc' dir='ltr'>τῇ</span> <span class='ocrx_word' id='word_1_814' title='bbox 3800 5401 3987 5466; x_wconf 56' lang='lat' dir='ltr'><strong>imitr-</strong></span> 
     </span>
    </p>
   </div>
   <div class='ocr_carea' id='block_1_114' title="bbox 2450 5496 4000 5586">
    <p class='ocr_par' dir='ltr' id='par_1_114' title="bbox 2450 5496 4000 5586">
     <span class='ocr_line' id='line_1_114' title="bbox 2450 5496 4000 5586; baseline -0.015 -18"><span class='ocrx_word' id='word_1_815' title='bbox 2450 5520 2561 5586; x_wconf 71' lang='grc' dir='ltr'>σία,</span> <span class='ocrx_word' id='word_1_816' title='bbox 2593 5517 2873 5585; x_wconf 77' lang='grc' dir='ltr'>διδομένου</span> <span class='ocrx_word' id='word_1_817' title='bbox 2908 5513 3001 5566; x_wconf 77' lang='grc' dir='ltr'>τοῦ</span> <span class='ocrx_word' id='word_1_818' title='bbox 3033 5504 3415 5564; x_wconf 67' lang='grc' dir='ltr'>κατακλαστοῦ</span> <span class='ocrx_word' id='word_1_819' title='bbox 3470 5501 3621 5569; x_wconf 79' lang='grc' dir='ltr'>παρὰ</span> <span class='ocrx_word' id='word_1_820' title='bbox 3659 5496 3752 5549; x_wconf 79' lang='grc' dir='ltr'><strong>τοῦ</strong></span> <span class='ocrx_word' id='word_1_821' title='bbox 3816 5497 4000 5563; x_wconf 77' lang='grc' dir='ltr'><strong>ἀρχιε-</strong></span> 
     </span>
    </p>
   </div>
   <div class='ocr_carea' id='block_1_115' title="bbox 2454 5585 4000 5675">
    <p class='ocr_par' dir='ltr' id='par_1_115' title="bbox 2454 5585 4000 5675">
     <span class='ocr_line' id='line_1_115' title="bbox 2454 5585 4000 5675; baseline -0.018 -14"><span class='ocrx_word' id='word_1_822' title='bbox 2454 5585 2605 5675; x_wconf 67' lang='grc' dir='ltr'><strong>ρὲῲς.</strong></span> <span class='ocrx_word' id='word_1_823' title='bbox 2640 5606 2809 5673; x_wconf 80' lang='lat' dir='ltr'><strong>Quale</strong></span> <span class='ocrx_word' id='word_1_824' title='bbox 2846 5605 3168 5673; x_wconf 69' lang='lat' dir='ltr'><strong>patriam-bc</strong></span> <span class='ocrx_word' id='word_1_825' title='bbox 3206 5600 3444 5666; x_wconf 67' lang='lat' dir='ltr'><strong>sigillum</strong></span> <span class='ocrx_word' id='word_1_826' title='bbox 3505 5602 3558 5646; x_wconf 87' lang='lat' dir='ltr'><strong>et</strong></span> <span class='ocrx_word' id='word_1_827' title='bbox 3595 5589 3771 5658; x_wconf 83' lang='lat' dir='ltr'><strong>qualis</strong></span> <span class='ocrx_word' id='word_1_828' title='bbox 3841 5585 4000 5636; x_wconf 79' lang='lat' dir='ltr'><strong>fuerit</strong></span> 
     </span>
    </p>
   </div>
   <div class='ocr_carea' id='block_1_116' title="bbox 2450 5674 4003 5766">
    <p class='ocr_par' dir='ltr' id='par_1_116' title="bbox 2450 5674 4003 5766">
     <span class='ocr_line' id='line_1_116' title="bbox 2450 5674 4003 5766; baseline -0.019 -15"><span class='ocrx_word' id='word_1_829' title='bbox 2450 5702 2567 5766; x_wconf 69' lang='lat' dir='ltr'><strong>ejus</strong></span> <span class='ocrx_word' id='word_1_830' title='bbox 2595 5701 2943 5766; x_wconf 69' lang='lat' dir='ltr'><strong>subscr’ptio.</strong></span> <span class='ocrx_word' id='word_1_831' title='bbox 2978 5697 3089 5748; x_wconf 69' lang='lat' dir='ltr'><strong>lucc</strong></span> <span class='ocrx_word' id='word_1_832' title='bbox 3122 5695 3235 5745; x_wconf 79' lang='lat' dir='ltr'><strong>loca</strong></span> <span class='ocrx_word' id='word_1_833' title='bbox 3272 5693 3332 5740; x_wconf 77' lang='grc' dir='ltr'>ὲκ</span> <span class='ocrx_word' id='word_1_834' title='bbox 3366 5688 3471 5739; x_wconf 83' lang='grc' dir='ltr'>τῶν</span> <span class='ocrx_word' id='word_1_835' title='bbox 3505 5681 3857 5751; x_wconf 60' lang='grc' dir='ltr'><strong>σημειώσεων</strong></span> <span class='ocrx_word' id='word_1_836' title='bbox 3912 5674 4003 5726; x_wconf 74' lang='grc' dir='ltr'>καὶ</span> 
     </span>
    </p>
   </div>
   <div class='ocr_carea' id='block_1_117' title="bbox 2454 5764 4004 5856">
    <p class='ocr_par' dir='ltr' id='par_1_117' title="bbox 2454 5764 4004 5856">
     <span class='ocr_line' id='line_1_117' title="bbox 2454 5764 4004 5856; baseline -0.019 -13"><span class='ocrx_word' id='word_1_837' title='bbox 2454 5764 2756 5856; x_wconf 39' lang='lat' dir='ltr'><strong>civilium,</strong></span> <span class='ocrx_word' id='word_1_838' title='bbox 2791 5764 2853 5842; x_wconf 70' lang='lat' dir='ltr'><strong>ea:</strong></span> <span class='ocrx_word' id='word_1_839' title='bbox 2873 5788 3095 5854; x_wconf 78' lang='lat' dir='ltr'><strong>publicis</strong></span> <span class='ocrx_word' id='word_1_840' title='bbox 3122 5778 3483 5836; x_wconf 82' lang='lat' dir='ltr'><strong>instrumentis</strong></span> <span class='ocrx_word' id='word_1_841' title='bbox 3515 5786 3559 5825; x_wconf 87' lang='lat' dir='ltr'><strong>et</strong></span> <span class='ocrx_word' id='word_1_842' title='bbox 3602 5770 3834 5823; x_wconf 77' lang='lat' dir='ltr'><strong>brevibus</strong></span> <span class='ocrx_word' id='word_1_843' title='bbox 3859 5764 4004 5830; x_wconf 79' lang='lat' dir='ltr'><strong>sigil-</strong></span> 
     </span>
    </p>
   </div>
   <div class='ocr_carea' id='block_1_118' title="bbox 2456 5856 4003 5938">
    <p class='ocr_par' dir='ltr' id='par_1_118' title="bbox 2456 5856 4003 5938">
     <span class='ocr_line' id='line_1_118' title="bbox 2456 5856 4003 5938; baseline -0.019 -2"><span class='ocrx_word' id='word_1_844' title='bbox 2456 5884 2575 5936; x_wconf 76' lang='lat' dir='ltr'><strong>latis</strong></span> <span class='ocrx_word' id='word_1_845' title='bbox 2609 5884 2984 5936; x_wconf 59' lang='lat' dir='ltr'><strong>demonstrant</strong></span> <span class='ocrx_word' id='word_1_846' title='bbox 3014 5877 3161 5931; x_wconf 80' lang='lat' dir='ltr'><strong>luris</strong></span> <span class='ocrx_word' id='word_1_847' title='bbox 3212 5874 3326 5927; x_wconf 76' lang='lat' dir='ltr'><strong>GR.</strong></span> <span class='ocrx_word' id='word_1_848' title='bbox 3389 5887 3437 5938; x_wconf 86' lang='lat' dir='ltr'><strong>p.</strong></span> <span class='ocrx_word' id='word_1_849' title='bbox 3463 5867 3568 5920; x_wconf 69' lang='lat'><strong>256</strong></span> <span class='ocrx_word' id='word_1_850' title='bbox 3605 5882 3616 5917; x_wconf 90' lang='lat'><strong>:</strong></span> <span class='ocrx_word' id='word_1_851' title='bbox 3658 5862 3745 5922; x_wconf 82' lang='lat' dir='ltr'><strong>Ei;</strong></span> <span class='ocrx_word' id='word_1_852' title='bbox 3802 5856 4003 5924; x_wconf 66' lang='grc' dir='ltr'>ετδηαιν</span> 
     </span>
    </p>
   </div>
  </div>
