4266 6438
322 400 421 465 “9

1405 392 1785 461 GRETSERI
1829 389 1919 448 ΕΤ
1950 387 2186 449 GOARI
2229 390 2468 451 NOTE.

3454 392 3555 458 150

316 514 430 587 εἶχε
456 515 517 569 τὸ
551 507 681 585 μηνὶ
724 509 947 581 Ἰουνίῳ,
1012 514 1387 582 ἑπινεμήσεως
1454 512 1735 578 πέμπτης,
1791 507 1877 558 διὰ
1909 508 1948 562 Α
1982 502 1993 555 i

1869 523 1877 556 ι
1909 508 1948 562 Α
1982 502 2202 557 indicat.
2238 502 2426 557 Simon
2452 502 2672 557 Portius
2706 518 2718 556 :
2773 503 3051 567 ὑπόθεσις,
3085 503 3205 575 ὖλη,
3262 505 3554 575 ὑποκείςιε-

314 611 411 677 τῆς
443 608 847 679 πατριαρχικῆς
866 607 958 659 καὶ
1003 606 1151 669 θείας
1178 605 1383 676 χειρός.
1450 604 1773 674 Ἀπῃώρητο
1822 600 1876 652 δὲ

312 701 406 752 καὶ
430 699 678 754 κάτωθεν
702 697 982 768 μολιϐδίνη
1020 697 1241 769 βοῦλλα,
1298 698 1500 768 ἔχουσα
1532 698 1591 750 ὲν
1653 694 1751 766 μὲν
1800 692 1878 762 τῷ

311 795 392 845 ἔνι
427 793 585 863 μέρει
607 792 708 863 τὴν
730 791 1038 861 ὁπεραγίαν
1066 791 1332 845 Θεοτόκον
1364 790 1649 858 παλάμαις
1681 788 1878 858 φέρου-

310 904 408 939 σαν
432 887 522 940 τὸν
560 884 763 955 Κύριον
814 884 975 955 ἡμῶν
1015 883 1228 955 Ἰησοῦν
1280 882 1625 952 -Χριστὸν,ἐν
1678 880 1736 933 δὲ
1798 876 1877 950 τῷ

306 977 481 1047 ἑτέρῳ
506 976 811 1046 γράμματα
839 978 1033 1043 ταῦτα,
1061 996 1078 1028 ι
1103 974 1387 1046 Γερμανὸς
1421 976 1554 1043 ἐλέῳ
1594 973 1729 1026 Θεοῦ
1777 973 1878 1041 ἀρ-

306 1066 666 1135 χιιπίσκοτως
868 1068 990 1123 ΚΠ.
1009 1068 1131 1131 νίας
1149 1066 1366 1137 Ῥώμης
1389 1068 1481 1120 καὶ
1500 1063 1878 1134 οἰκουμενικδς

307 1158 707 1229 πατριάρχης.»
745 1156 986 1213 Mensem
1010 1158 1193 1228 itaque
1210 1168 1265 1215 et
1287 1159 1634 1214 indieliouem
1658 1156 1874 1225 propria

305 1262 470 1302 manu
500 1248 778 1304 scribebat
810 1249 923 1312 ille.
957 1264 1154 1305 nomen
1197 1251 1343 1306 bulla
1375 1251 1491 1304 sive
1518 1249 1757 1318 sigillum
1791 1248 1874 1301 in-

303 1342 543 1397 dicabat.
570 1340 692 1397 llcc
713 1357 843 1398 vero
863 1343 1025 1397 modo
1053 1343 1308 1415 plumbea
1339 1344 1501 1397 modo
1535 1357 1691 1396 cerea
1721 1341 1873 1395 colo-

305 1438 382 1493 ris
408 1437 599 1499 viridis
631 1436 749 1493 fuit.
782 1436 977 1493 Vidisti
1018 1438 1330 1499 plumbeam
1360 1454 1373 1490 :
1420 1436 1645 1491 adverte
1711 1435 1873 1490 modo

304 1542 538 1582 ceream.
572 1526 633 1581 Ρ.
664 1527 770 1582 280
798 1545 812 1583 :
838 1523 968 1599 Εἶχε
992 1529 1053 1582 τὸ
1087 1528 1222 1598 μηνὶ
1260 1527 1463 1597 Ἰουλίῳ
1494 1526 1873 1595 ὲπινεμήσεως

305 1621 373 1691 η’,
404 1622 498 1674 καὶ
522 1622 621 1690 τὴν
648 1622 879 1693 κηρίνην
914 1623 1184 1692 πρασίνην
1210 1622 1506 1691 σφραγῖδα.
1527 1619 1743 1674 Ρ.ἳ62;
1783 1616 1876 1672 Εἵ-

302 1729 362 1783 χε
396 1713 459 1766 τὸ
484 1712 834 1784 μηνὶῚουλῐῳ
859 1715 1242 1783 ἑπινεμήσεως
1264 1718 1337 1778 η’.
1358 1713 1448 1766 διὰ
1476 1712 1576 1783 τῆς
1599 1728 1873 1781 πατριαρ-

302 1805 466 1875 χιιιῆς
497 1805 597 1895 atat
652 1804 804 1869 θείας
838 1805 1045 1875 χειρὸς.
1075 1809 1170 1861 καὶ
1191 1805 1292 1874 τὴν
1325 1804 1528 1874 συνήθη
1552 1803 1872 1901 μολισδὶνην
1907 1842 1951 1901 Β

304 1890 555 1967 βοῦλλαν.
606 1899 667 1954 P.
702 1899 850 1954 356:
893 1898 983 1952 Ἐν
1018 1900 1414 1969 ὑπομνήμασιν
1464 1899 1753 1953 εκτιθὲντα
1801 1899 1866 1967 τῇ

306 1991 528 2060 συνήθει
576 1991 665 2045 διὰ
693 1991 943 2061 μολίϐδου
969 1993 1227 2061 σφραγῖδι
1258 1992 1585 2062 ἐϐεϐαιώθη,
1620 1993 1711 2045 καὶ
1742 1992 1871 2043 ἕπεο

299 2081 426 2150 δόθη
457 2083 587 2152 μηνὶ
615 2084 930 2155 Ἰανουαρίῳ
957 2085 1341 2155 επινεμήσεως
1361 2083 1451 2151 ια’,
1479 2084 1632 2148 ἔτους
1654 2081 1865 2155 ,ςφλςπ

300 2173 518 2229 Annum
541 2189 706 2242 porro
736 2190 840 2230 non
868 2176 1175 2244 apponebat
1213 2176 1526 2246 patriarcha
1553 2192 1569 2241 ;
1628 2174 1716 2231 hic
1767 2189 1866 2229 ceu

299 2267 551 2336 esetnplo
569 2276 778 2322 tantum
809 2268 1147 2338 adiungitur.
1171 2268 1235 2324 Et
1264 2284 1320 2339 p.
1350 2268 1455 2325 259
1484 2285 1501 2323 :
1534 2270 1613 2338 Τῇ
1645 2268 1734 2321 διὰ
1767 2284 1865 2337 μο-

299 2357 484 2413 λίϐδου
517 2360 772 2429 σφραγῐδι
804 2358 1087 2431 ὶπιστώθη
1119 2361 1215 2415 καὶ
1245 2359 1476 2431 ἐπεδόθη
1510 2361 1642 2430 μηνὶ
1686 2360 1867 2426 Νοεμ-

300 2449 442 2519 ϐρίῳ
467 2451 847 2521 επινεμήσεως
874 2458 942 2506 ια’
957 2450 1112 2517 hanc
1136 2453 1344 2524 ,ςφλςη
1374 2452 1468 2508 Est
1490 2453 1708 2520 insuper
1726 2452 1871 2506 alius

301 2542 673 2599 Cantacuzeni
708 2543 778 2600 de
801 2559 898 2600 sua
930 2547 1289 2600 coronatione
1313 2545 1590 2611 loquentis
1636 2544 1868 2615 insignis

300 2633 480 2697 locus,
506 2648 593 2700 ιιι,
620 2634 689 2689 36
724 2653 739 2689 :
768 2636 1127 2707 Πατριάρχης
1161 2636 1218 2691 5t
1248 2638 1368 2690 taret
1392 2638 1490 2707 τὴν
1524 2636 1679 2701 ἀξίαν
1718 2635 1875 2705 ἀμει-

300 2725 418 2779 δειν
444 2728 545 2781 οὐκ
570 2724 723 2797 ῑνῆν,
780 2729 860 2791 si;
916 2729 1251 2800 σεμνότερόν
1300 2745 1354 2783 τι
1413 2729 1747 2799 περιέστησε
1806 2725 1869 2780 τὸ

303 2816 513 2887 σχῆμα,
556 2820 649 2871 καὶ
670 2816 727 2872 ιν
754 2833 814 2872 τε
844 2821 962 2881 sale
982 2820 1331 2887 ὑπογραφαῖς
1354 2821 1600 2890 ἠερανέῳ
1616 2817 1867 2890 χρώματι

302 2907 539 2978 εχρῆτο·
574 2908 742 2963 colore
795 2910 929 2964 inter
976 2910 1260 2965 carulcum
1322 2921 1372 2963 et
1418 2912 1642 2965 viridem
1690 2910 1859 2963 medio

304 3013 428 3053 usus
453 3007 553 3063 est,
574 3000 853 3056 Caesarum
884 3002 1135 3057 videlicet
1167 3018 1337 3058 more.
1365 3002 1579 3057 Gradus
1597 3003 1743 3058 enim
1776 3003 1864 3057 hic

300 3102 383 3149 est
408 3095 549 3148 inter
566 3095 774 3150 colores
799 3103 855 3149 ut
874 3096 1085 3166 primus
1106 3095 1179 3151 sit
1200 3110 1528 3165 purpureus,
1550 3106 1667 3152 tum
1700 3096 1863 3150 ruber

1983 613 2091 648 νον.
2123 596 2271 651 ΟοΑῐι
2302 596 2320 667 1

2052 688 2316 741 Caeterum
2349 686 2486 742 intra
2515 703 2563 742 c.
2624 689 2655 742 5
2704 688 2775 741 ita
2841 692 3095 746 describit
3149 690 3394 747 Codiuns
3438 709 3551 745 tua-

1983 795 2148 846 gt-um
2178 779 2531 849 logotltetam,
2559 788 2617 834 ut
2639 795 2863 850 prorsus
2889 782 2940 834 in
2961 784 3316 838 caucellarios
3337 800 3557 838 nostros

1982 872 2279 940 descriptio
2308 872 2396 926 illa
2431 873 2838 942 competat.Ait
2874 873 3021 927 enim
3057 876 3238 941 magni
3268 876 3557 946 logotltctao

1979 979 2102 1018 esse
2127 980 2316 1017 curare
2345 965 2680 1032 imperatoris
2706 966 2963 1017 mandata
2984 976 3030 1018 et
3062 965 3266 1019 litteras
3290 968 3357 1019 ad
3380 986 3548 1036 rcges.

1979 1056 2219 1109 sultanos
2249 1066 2295 1110 et
2321 1056 2621 1125 toparchas.

2053 1145 2195 1201 Ibid.
2229 1148 2360 1202 Post
2386 1148 2724 1218 logotltetam
2774 1149 2927 1203 adest
2981 1152 3337 1216 canstrixius;
3392 1170 3549 1223 qut-tn

1980 1240 2297 1296 Bouclidius
2352 1242 2403 1294 iu
2448 1240 2582 1295 Jure
2635 1257 2737 1297 suo
2798 1241 3062 1299 Orientali
3112 1259 3270 1301 vocat
3310 1258 3548 1299 castren-

1977 1349 2106 1409 sem,
2168 1333 2350 1387 male:
2411 1334 2487 1388 nil
2539 1337 2682 1390 enim
2736 1336 2839 1391 loci
2895 1340 3154 1391 castrensi
3208 1339 3259 1392 in
3317 1342 3547 1395 ecclesia

1977 1434 2029 1479 ct
2080 1426 2472 1483 ecclesiasticis
2528 1429 2739 1484 olliciis.
2789 1429 3001 1486 Dicitur
3052 1448 3181 1502 ergo
3233 1436 3549 1487 cattslrisins

1977 1518 2133 1587 quasi
2170 1519 2454 1574 canistrius
2481 1536 2512 1574 a
2558 1525 2812 1575 canistra.
2838 1521 2935 1577 Jus
2974 1524 3019 1577 ei
3065 1535 3180 1578 erat
3210 1527 3289 1589 εἰς
3320 1526 3378 1579 τὸ
3421 1528 3549 1580 κάν-

1978 1624 2182 1677 στριον,
2213 1611 2390 1679 inquit
2411 1610 2674 1677 Codinus,
2707 1614 2760 1665 in
2788 1614 3104 1679 canistrum,
3136 1617 3330 1679 καὶεὶς
3363 1619 3421 1670 τὸ
3454 1620 3547 1670 dif-

1975 1701 2193 1754 λάσσειν
2216 1703 2309 1755 τὸν
2341 1704 2631 1773 ἀρχιερέα.
2660 1704 2788 1773 Ejus
2848 1706 3009 1761 etiam
3036 1723 3239 1763 munus
3286 1720 3403 1764 erat
3456 1728 3547 1780 pa-

1977 1793 2274 1847 triarcham
2340 1808 2437 1850 seu
2496 1796 2841 1866 episcopum,
2896 1799 3114 1867 quando
3164 1811 3341 1855 vestes
3387 1803 3442 1856 in
3493 1821 3551 1857 re

1975 1884 2157 1939 divina
2191 1888 2497 1956 peragenda
2534 1887 2695 1960 136
2717 1892 2989 1945 mutandae
3008 1903 3186 1957 erant,
3218 1894 3476 1964 adjuvare
3496 1907 3551 1953 ct

1973 1977 2200 2032 induere
2224 1992 2330 2033 una
2369 1994 2492 2033 cum
2515 1980 3001 2038 hieromnemoue:
3030 1985 3111 2039 sic
3135 1984 3282 2039 enim
3304 1986 3545 2044 Joannes

1973 2067 2219 2125 Citrius:
2269 2069 2719 2126 Hierotnnemonis
2755 2075 2996 2143 ofﬁcium
3030 2076 3264 2148 διακόνῳ
3299 2080 3356 2144 ἐξ
3380 2082 3549 2149 ἀνάγ-

1972 2178 2078 2230 κης
2132 2164 2424 2232 προσήκει,
2470 2164 2663 2235 ὶπειδὴ
2714 2166 3086 2235 συνυπουργὸς
3118 2161 3272 2234 οὗτος
3301 2172 3419 2223 ἔστι
3472 2172 3550 2240 τῷ

1973 2252 2310 2324 κανστρισιῳ
2339 2256 2419 2317 sl;
2444 2256 2504 2307 τὸ
2531 2255 2870 2324 περιτιθέναι
2921 2258 3019 2327 τὴν
3064 2260 3214 2330 ἱερὰν
3255 2261 3446 2333 στολὴν
3473 2262 3551 2333 τῷ

1974 2344 2227 2416 ἀρχιερεῖ
2262 2346 2518 2415 μέλλοντι
2574 2349 2983 2419 ἱεροπρακτεῖν.
3016 2350 3223 2422 itaque
3272 2356 3546 2407 canstriou

1975 2438 2110 2491 nihil
2139 2438 2285 2492 aliud
2331 2439 2545 2494 videtur
2565 2440 2654 2495 hic
2710 2456 2833 2497 esse
2862 2458 3027 2513 quam
3081 2446 3400 2500 vestiarium
3452 2463 3545 2501 seu

1973 2529 2126 2585 locus
2156 2532 2388 2587 vestium
2434 2548 2740 2597 sacrarum.
2795 2547 2851 2591 et
2877 2537 2994 2606 ipse
3039 2540 3347 2595 canslrisius
3412 2539 3545 2594 nihil

1971 2621 2119 2676 aliud
2146 2636 2309 2690 quam
2346 2622 2392 2677 is
2428 2624 2519 2692 qui
2550 2625 2693 2680 inter
2730 2626 3000 2695 palatinas
3046 2629 3338 2700 dignitates
3363 2633 3549 2700 appel-

1970 2714 2115 2769 latur
2139 2714 2442 2767 vestiarius.
2481 2713 2605 2769 Fuit
2638 2726 2691 2770 et
2726 2717 2779 2771 in
2815 2716 3061 2774 Romana
3089 2718 3333 2777 Ecclesia
3380 2738 3546 2793 pecu-

1974 2804 2129 2860 liaris
2158 2805 2389 2860 vestiarii
2452 2808 2691 2879 dignitas
2714 2819 2768 2864 et
2791 2810 3053 2875 oﬂicium,
3077 2823 3134 2867 ut
3161 2830 3223 2869 ex
3261 2818 3548 2870 Anastasio

1972 2896 2391 2954 Bibliothecario
2414 2899 2571 2955 docet
2594 2900 2932 2972 Onuphrius.
2961 2903 3018 2958 lu
3044 2904 3421 2978 Turcogt'atcia
3452 2908 3542 2963 fol.

1971 2989 2076 3044 285
2107 2989 2310 3045 dicitur
2355 2994 2728 3065 κανστρίσιος,
2778 2996 2867 3065 qui
2920 2999 2974 3050 in
3027 2997 3248 3069 liturgia
3296 3010 3437 3053 tenet
3485 3002 3547 3057 τὸ

1972 3083 2265 3153 κὰνστριον
2294 3084 2401 3137 τῶν
2432 3086 2819 3156 θυμιαμάτων,
2853 3089 2995 3159 quod
3026 3106 3117 3161 ego
3146 3092 3435 3145 turibulum
3461 3094 3543 3145 iu-

298 3184 411 3238 σίνε
431 3184 737 3247 ηαηηηευδ.
762 3186 1265 3252 ιθτιίυενίοιθθθιιδ,
1304 3198 1535 3258 quam”
1570 3190 1858 3253 οωτυιευε,
1891 3180 1933 3238 c
1972 3184 2248 3244 terpretor,
2282 3177 2459 3245 inquit
2488 3187 2701 3233 auctor.
2742 3178 2811 3233 At
2833 3180 3029 3237 inscite
3061 3200 3074 3237 :
3106 3184 3231 3252 quis
3266 3186 3407 3238 enim
3448 3202 3546 3239 Illl-

297 3275 495 3331 deinde
518 3276 814 3331 subviridis
841 3277 956 3333 sive
982 3278 1216 3342 cassius;
1276 3279 1525 3348 sequitur
1553 3278 1741 3332 viridis
1760 3292 1864 3347 pu-

299 3381 415 3431 rus,
447 3368 542 3435 qui
564 3369 843 3438 prasinus.
880 3384 1041 3439 quem
1105 3370 1307 3437 excipit
1346 3369 1582 3425 citrinus
1614 3376 1765 3435 etc.-;
1798 3366 1866 3423 de

296 3458 497 3527 quibus
529 3474 580 3515 ο.
613 3459 668 3515 5.
699 3459 894 3534 Con]

363 3572 422 3628 P.
443 3574 501 3629 4.
518 3573 681 3627 Addit
701 3573 940 3629 Codinus
977 3574 1224 3645 ejusdem
1250 3574 1542 3644 logothetie
1566 3572 1738 3628 fuisse
1765 3572 1864 3633 τὰς

296 3665 638 3733 δημοσιακὰς
669 3665 766 3720 καὶ
804 3667 1135 3738 ἀρχοντικὰς
1164 3667 1453 3729 ὑποθέσεις
1476 3667 1857 3736 λογογραφεῖν.

294 3755 490 3811 Junius
513 3758 673 3812 vertit
701 3779 713 3811 :
740 3755 1024 3829 Logotlteta
1054 3759 1347 3813 rationibus
1380 3767 1430 3813 et
1466 3761 1673 3827 quidem
1694 3758 1860 3810 ratio-

296 3849 449 3903 nibus
510 3849 579 3902 ad
597 3849 845 3918 populum
860 3851 1249 3921 principemque
1320 3852 1659 3905 sacerdotum
1685 3850 1853 3919 perti-

295 3938 536 3992 nentibus
573 3939 970 4006 pra'scribendis
1037 3951 1249 4009 praest.
1308 3938 1493 3994 Male:
1543 3938 1861 3995 vertendum

293 4027 437 4081 enim
473 4046 484 4081 :
507 4025 794 4098 Logotlteta
821 4038 1008 4097 praest
1036 4030 1378 4083 discutiendis
1398 4039 1448 4082 et
1473 4030 1860 4083 conscribendis

296 4117 612 4183 rationibus,
655 4128 763 4174 tam
790 4136 922 4191 quas
978 4120 1198 4174 reddunt
1256 4124 1345 4189 qui
1388 4134 1453 4173 ea:
1502 4120 1646 4185 plebe
1699 4135 1858 4189 quam

294 4211 383 4279 qui
422 4226 487 4264 ea:
522 4209 707 4263 ordine
725 4211 1103 4265 ecclesiastico.

367 4328 554 4383 Exstat
576 4328 721 4395 apud
758 4330 1025 4383 Joannem
1077 4330 1305 4385 Citrium
1339 4332 1587 4401 quaestio,
1635 4334 1695 4383 tv
1746 4332 1857 4394 τοῖς

298 4420 641 4489 ἀρχοντικοϊς
674 4419 1146 4488 ικκλησιαστικοῖς
1193 4421 1571 4491 ἁξιώμιισιτίς
1638 4423 1854 4490 πρῶτος

299 4514 390 4565 καὶ
417 4512 498 4575 τίς
527 4512 778 4583 δεύτερος
800 4552 815 4578 ,
850 4524 955 4571 etc.
994 4516 1297 4586 Responsio
1334 4526 1418 4573 est
1450 4536 1464 4573 :
1505 4518 1717 4572 Primus
1769 4526 1853 4572 est
1883 4513 1929 4570 D

297 4617 527 4672 magnus
587 4617 948 4668 (nconomus.
999 4609 1270 4663 secundus
1318 4622 1549 4677 magnus
1624 4608 1857 4662 sacella-

293 4696 425 4759 rius,
453 4704 559 4749 etc.
586 4696 674 4749 lsti
702 4696 873 4759 enim,
894 4707 948 4751 et
978 4699 1066 4752 alii
1099 4714 1234 4768 quos
1294 4684 1499 4753 Citrius
1519 4713 1855 4755 commemo-

295 4797 398 4850 rat,
462 4788 735 4845 habebant
794 4793 1094 4861 αρχοντικὰ
1168 4793 1483 4861 ἀξιώματα,
1534 4793 1853 4863 limumque

291 4883 504 4951 negotia
555 4891 686 4936 sunt
737 4892 791 4937 ct
857 4884 1202 4952 appellantur
1277 4886 1602 4953 ἀρχοντικαὶ
1656 4886 1856 4939 ὑποθέ-

292 4992 422 5041 σεις,
452 4990 561 5030 non
597 4985 777 5029 autem
807 4976 891 5030 illa
916 4985 1145 5043 tantum,
1173 4994 1292 5046 quae
1313 4979 1376 5033 ad
1415 4979 1588 5049 ipsqu
1622 4980 1854 5049 patriar-

290 5071 447 5126 cham
475 5083 569 5123 seu
594 5068 914 5139 episeOpum
942 5073 1236 5139 pertinent.
1266 5071 1472 5126 Gns'rs.

360 5205 528 5277 [Πιὶά.
601 5204 815 5275 Optime
879 5209 1144 5275 interpres
1190 5208 1312 5269 τοὺς
1373 5207 1729 5277 ἀρχοντικούς
1787 5209 1852 5261 ad

290 5299 535 5351 ordinem
600 5296 1028 5352 ecclesiasticum
1102 5300 1371 5363 pertinere
1437 5301 1855 5367 aestimatzquo

288 5388 454 5460 gradu
492 5400 621 5440 vero
642 5402 748 5440 non
771 5389 1037 5455 apposuit.
1058 5388 1201 5443 Sunt
1231 5390 1394 5458 igitur
1414 5390 1853 5460 ἀρχουτικοί,‹ιυί

286 5458 487 5531 habent
511 5477 745 5544 ὀφφίκια
773 5478 1071 5547 ἀρχοντικά
1097 5480 1340 5533 ecclesia
1364 5458 1467 5536 CP.
1486 5458 1668 5536 clerici
1690 5458 1855 5552 ;quos

283 5567 379 5624 Jus
396 5567 489 5622 CR
538 5583 591 5637 p.
612 5569 719 5622 2l5
735 5570 902 5624 et269
926 5579 1081 5625 vocat
1102 5571 1459 5635 δεσποτικοὺς
1486 5576 1772 5644 ἄρχοντας,
1788 5591 1851 5630 eo

287 5662 428 5730 quod
465 5662 787 5730 patriarcha:
826 5663 1095 5732 obsequio
1138 5668 1424 5731 mancipati
1461 5667 1529 5734 (is
1564 5669 1708 5721 enim
1766 5670 1849 5721 δια

289 5755 492 5821 σπότης
519 5755 624 5819 est)
655 5768 940 5823 procerum
969 5756 1225 5811 Ecclesiw
1252 5774 1562 5825 supremum
1587 5761 1851 5826 attingant

288 5844 533 5915 gradum.
551 5844 835 5903 ’Υπόθεσις
862 5862 1022 5917 porro
1047 5863 1153 5903 non
1178 5850 1463 5916 rationem,
1483 5866 1539 5906 sc
1563 5852 1847 5923 Enegolittm

1966 3279 2132 3335 quam
2167 3265 2375 3321 audivit
2405 3268 2700 3339 κάνστριον
2732 3284 2855 3325 esse
2882 3271 3183 3327 turibulum
3212 3275 3235 3327 Ἰ
3264 3273 3367 3328 nisi
3403 3276 3541 3330 forte

1966 3359 2130 3413 etiam
2163 3361 2464 3414 canistrum
2497 3362 2569 3416 sit
2593 3363 2893 3421 turibulum
2926 3382 2939 3419 :
2966 3379 3090 3421 nam
3124 3381 3154 3421 a
3184 3370 3416 3423 canistro
3442 3385 3536 3425 seu

1966 3448 2294 3506 diminutivo
2354 3455 2611 3507 canistrio
2649 3454 2707 3510 llt
2760 3459 3034 3513 canstrion
3085 3476 3183 3529 per
3241 3477 3537 3533 syncopen,

1963 3540 2216 3612 idemque
2247 3554 2331 3598 est
2360 3545 2506 3615 quod
2541 3546 2757 3613 κάνεον,
2787 3559 3070 3607 contracto
3097 3553 3319 3617 κανοῦν,
3348 3556 3420 3608 ita
3479 3568 3535 3610 ttt

1964 3634 2313 3703 κανστρίσιος
2369 3635 2578 3707 integre
2609 3639 2681 3693 sit
2702 3643 3101 3709 κανιστρίσιος,
3134 3646 3411 3714 ρι’(είεσιιιι
3452 3666 3538 3703 ca-

1962 3724 2152 3779 nistrio
2177 3742 2271 3779 seu
2312 3730 2587 3793 canistro;
2643 3730 2803 3801 cujus
2857 3733 3239 3803 praefecturam
3293 3742 3537 3796 extendit

1961 3830 2179 3887 quoque
2207 3817 2406 3873 Junius
2441 3821 2507 3876 ad
2526 3825 2825 3889 penuriam.
2858 3826 2928 3881 At
2952 3828 3132 3893 nobis,
3165 3839 3220 3885 et
3244 3830 3343 3898 ipsi
3368 3834 3532 3888 etiam

1961 3908 2201 3977 veritati,
2236 3911 2339 3965 nisi
2368 3910 2548 3974 l‘allor.
2583 3915 2760 3970 satius
2810 3917 3026 3973 videtur
3076 3923 3357 3977 canstrisii
3416 3925 3534 3981 olli-

1960 4002 2105 4056 cium
2148 4004 2408 4057 vestiario
2436 4006 2908 4074 circumscribere,
2949 4022 3003 4065 et
3032 4015 3257 4069 canstrii
3313 4020 3535 4074 nomine

1961 4088 2102 4150 nihil
2131 4096 2274 4149 aliud
2308 4098 2557 4167 accipere
2589 4114 2749 4169 quam
2795 4102 2973 4157 locum
3027 4105 3117 4160 ubi
3157 4118 3334 4163 vestes
3399 4126 3537 4179 pon-

1956 4187 2179 4244 tillcales
2202 4190 2645 4255 asservahantur,
2666 4208 2775 4247 uno
2798 4196 2965 4250 verbo
2985 4198 3308 4253 vestiarium.
3330 4200 3533 4258 (Iners.

2032 4282 2116 4355 [Ρ.
2149 4284 2203 4338 4.
2233 4284 2895 4354 Κανστρήνσιοςιιιιοιιυο,
2920 4303 3020 4342 nec
3048 4305 3156 4343 non
3183 4293 3533 4358 καστρῖνσιο;

1954 4382 2008 4428 et
2068 4377 2429 4445 καστρήνσιος
2486 4377 2744 4444 scriptum
2810 4381 3071 4449 reperies,
3109 4396 3173 4435 ac
3208 4398 3308 4453 pro
3364 4387 3532 4439 variis

1956 4464 2158 4520 Graecis
2184 4466 2588 4521 charamcrihus
2604 4468 2809 4525 Latinis
2832 4486 3048 4539 quoque
3074 4473 3221 4529 varie
3241 4476 3529 4532 redditum.

1961 4556 2168 4611 Sensus
2201 4560 2533 4627 requiratur,
2571 4561 2659 4614 ubi
2721 4563 2804 4614 vix
2848 4562 3000 4629 juvat
3044 4565 3350 4621 character.
3391 4570 3532 4622 Καν-

1961 4649 2199 4719 στρίσιον
2224 4652 2329 4703 ἀπὸ
2357 4653 2448 4703 τοῦ
2474 4653 2763 4722 κινστρίου
2794 4656 2994 4709 dictum
3031 4658 3211 4724 video;
3239 4662 3531 4730 κάνστριον

1960 4758 2089 4795 Vero
2127 4744 2279 4812 panis
2320 4744 2584 4799 benedicti
2617 4747 2837 4810 lancem,
2874 4748 2957 4801 vel
2992 4750 3174 4818 potius
3212 4755 3351 4807 turis
3378 4771 3531 4807 arcu-

1959 4833 2087 4895 lam,
2114 4836 2196 4889 vel
2219 4837 2450 4905 denique
2479 4840 2775 4893 canistrum
2808 4842 3141 4910 recipiendis
3204 4845 3531 4913 patriarcha:

1961 4928 2203 4981 vestibus
2242 4929 2498 4983 idoneum
2547 4930 2918 4999 interpretor:
2955 4933 3157 4986 κανοῦν
3204 4935 3348 4989 enim
3383 4937 3523 4990 idem

1960 5020 2103 5087 quod
2137 5021 2381 5072 πινάκιον
2417 5022 2696 5075 vasculum
2724 5024 2865 5090 apud
2918 5022 3184 5087 Nicctatn,
3221 5041 3319 5094 pro
3360 5030 3526 5083 variis

1960 5111 2309 5165 lectionibus.
2330 5112 2597 5166 Allatiana
2625 5116 2700 5183 (et
2721 5113 2788 5183 Μ)
2808 5116 2877 5170 tle
2900 5118 3245 5170 canstrensio
3272 5121 3365 5172 :‘O
3395 5138 3526 5172 κανη-

1963 5205 2247 5269 στρῄνσιος
2282 5205 2564 5255 ἀλλάσσων
2594 5206 2669 5273 τῷ
2714 5206 2969 5277 ἀρχιερεῖ
2990 5208 3086 5276 τὴν
3112 5209 3277 5261 αὑτοῦ
3309 5211 3521 5281 στολὴν,

1962 5294 2176 5360 κρατῶν
2206 5295 2261 5345 δὲ
2290 5297 2381 5346 καὶ
2411 5296 2782 5363 τὸνθυμιατὸν
2812 5302 2869 5350 ὲν
2900 5302 2965 5368 τῇ
3030 5301 3367 5370 λειτουργίᾳ,
3424 5306 3521 5355 καὶ

1958 5387 2048 5437 τὸν
2081 5387 2216 5451 ἀέρα
2248 5389 2447 5439 (velum
2484 5390 2674 5443 calicis
2697 5401 2749 5443 et
2780 5391 2937 5459 disci)
2976 5392 3033 5443 ἐν
3063 5395 3127 5462 τῇ
3166 5393 3318 5464 δεξιᾷ
3347 5394 3512 5447 αὑτοῦ

1960 5479 2124 5547 χειρὶ,
2180 5480 2442 5548 puti:an
2503 5483 2591 5532 καὶ
2622 5483 2679 5533 τὸ
2734 5480 2878 5550 bit-)9
2924 5484 3001 5545 si;
3041 5486 3130 5535 τὶν
3170 5484 3308 5537 λαὸν
3332 5488 3388 5537 ἐν
3442 5485 3520 5554 τῷ

1960 5573 2223 5643 τριαδικῷ
2272 5574 2447 5644 ὓμννρ,
2488 5576 2704 5644 κρατῶν
2763 5576 2818 5627 δὲ
2852 5578 2945 5627 καὶ
3003 5578 3061 5627 τ’)
3113 5576 3367 5628 κιϐώτιον
3410 5579 3519 5630 τῶν

1962 5668 2290 5736 ἀρωμάτων,
2316 5667 2680 5734 κενοεζόμενος
2710 5671 2804 5721 καὶ
2842 5669 2920 5730 ei;
2944 5670 3040 5729 τὰς
3068 5670 3292 5734 κρίσεις.
3316 5667 3526 5741 Gonni

2028 5760 2432 5826 lit'fcrcndttt't'tts
2467 5779 2496 5811 (ι
2535 5764 2801 5831 referendo
2858 5777 3052 5813 nomen
3090 5760 3312 5814 trahens
3361 5763 3517 5816 ltodic

1958 5858 2117 5907 ctiatn
2156 5854 2205 5904 in
2228 5854 2471 5907 cttlc:i:r
2514 5870 2611 5908 usu
2650 5866 2828 5912 manct
2864 5870 2876 5905 :
2912 5853 3229 5917 mittebatur
3255 5870 3315 5906 cx
3342 5852 3512 5913 cilicio
