4266 6438
315 383 410 447 153
1391 372 1769 432 GRETSERI
1816 373 1906 431 ET
1928 373 2000 431 Ο(

1391 372 1769 432 GRETSER]
1816 373 1906 431 ET
1928 373 2160 431 GOARI
2202 373 2438 434 NOTAE.

3438 364 3534 433 l5l

311 487 527 545 sitilluul
549 484 821 558 qnodvull
854 482 1082 538 Junius:
1112 496 1237 535 nam
1272 482 1437 549 ese;
1472 500 1566 550 pro
1587 485 1857 553 su/fragiis
1893 493 1931 543 Λ
1964 503 1989 539 e

1848 502 1857 534 ι
1893 493 1931 543 Λ
1964 498 2041 539 est
2068 487 2123 538 τὸ
2149 487 2344 555 βριχῦ,
2375 484 2434 535 τὸ
2467 481 2729 551 σύντομον
2763 480 2858 535 καὶ
2894 474 3347 545 συνεσταλμένον,
3373 477 3426 526 id
3462 487 3533 525 rs!

310 578 477 648 accipi
504 575 643 645 apud
673 573 910 636 Graecos,
944 570 1103 624 etiam
1133 570 1483 631 recentiores,
1517 574 1702 625 nescio
1734 588 1863 624 num

310 670 556 739 exemplo
587 667 768 735 aliquo
792 661 1151 718 demonstrari
1191 671 1375 731 queat.
1410 660 1602 717 Latine
1644 665 1862 732 quidem

311 763 471 833 vulgo
512 758 811 828 accipimus
866 767 986 809 vota
1040 770 1138 821 pro
1186 754 1494 821 suﬂ'ragiis:
1530 755 1620 809 sed
1683 756 1867 808 nescio

314 874 440 912 num
478 855 685 914 Grmcis
714 852 828 907 lucc
851 851 1003 905 notio
1030 859 1239 916 recepta
1258 848 1365 911 sit;
1402 860 1547 904 certe
1567 850 1652 903 vix
1679 849 1864 903 credo.

313 951 376 1006 Et
415 948 540 1018 quid
575 947 787 1002 tandem
820 945 950 998 illud
978 952 1081 1007 est,
1114 958 1244 1011 pone
1270 942 1594 996 sacerdotem
1625 951 1742 994 vota
1772 957 1864 996 seu

311 1025 569 1109 διισταρἱ
618 1038 867 1104 inspicere
900 1035 923 1087 .’
962 1034 1065 1087 nisi
1113 1034 1255 1087 iSlud
1286 1032 1509 1086 ὄπισθεν
1568 1042 1865 1101 usurpetur

315 1141 568 1199 propost,
602 1138 661 1182 ut
689 1142 880 1182 sensus
913 1129 1002 1189 sit,
1039 1136 1162 1194 post
1194 1125 1383 1194 pontiﬁ
1406 1140 1501 1178 -em
1532 1124 1722 1192 inspici
1753 1126 1866 1179 suf-

316 1224 507 1291 fragia,
534 1236 655 1291 quae
673 1219 874 1275 Griecis
897 1226 953 1274 et
984 1219 1084 1287 ipsi
1114 1218 1325 1273 Codino
1348 1218 1550 1285 passim
1575 1217 1768 1284 ψῆφοι,
1798 1218 1865 1272 ab

314 1314 771 1365 lticromnemone.
796 1308 908 1362 Nec
936 1322 1031 1376 per
1054 1307 1215 1375 εὐχάς
1246 1306 1467 1375 intelligi
1502 1307 1739 1360 arbitror
1768 1308 1865 1362 τὰς

312 1404 595 1475 ἔγγραφὶς
622 1400 731 1452 τῶν
758 1398 1071 1467 μαρτύρων,
1098 1398 1330 1463 scriptas
1377 1398 1598 1451 testium
1652 1397 1867 1465 deposi-

312 1500 485 1548 tiones
512 1495 579 1546 de
609 1495 715 1544 vita
747 1498 799 1543 et
825 1489 1068 1541 moribus
1122 1489 1576 1552 Ordinandorum,
1633 1503 1864 1558 quarunt

307 1598 537 1641 examen
559 1582 637 1637 ait
670 1580 871 1642 Citrius
894 1580 1253 1633 commissum
1273 1594 1335 1632 es
1368 1578 1637 1645 imperitia
1657 1579 1869 1647 aliquo-

310 1691 428 1729 rum
450 1669 902 1727 bicromnemoni.
925 1670 981 1723 in
1004 1684 1121 1722 eam
1146 1670 1308 1736 igitur
1323 1668 1643 1722 sententiam
1663 1668 1866 1721 inclino

306 1767 475 1842 εὐχάς
527 1757 835 1836 signiﬁcare
889 1760 1030 1832 apud
1072 1761 1341 1817 Codinum
1376 1777 1566 1831 preces
1621 1777 1716 1816 seu
1747 1775 1867 1829 pre-

1976 583 2143 639 breve.
2193 577 2638 646 compendiariam
2688 588 2735 629 et
2794 584 3146 629 contractum.
3226 569 3452 623 Proinde
3507 590 3535 618 ιι

1974 674 2217 725 brevitate
2239 672 2462 724 canticis
2516 669 2833 737 ejuscemodi
2881 683 3069 735 nonten
3117 663 3347 717 inditum
3391 671 3536 726 puto,

1974 783 2074 818 non
2113 767 2316 835 quidem
2352 763 2490 834 quod
2511 764 2745 817 omnium
2778 760 3106 820 breuissima,
3175 758 3265 811 sed
3294 752 3433 824 quod
3458 754 3538 803 in-

1976 869 2051 913 ter
2089 860 2394 912 brevissima
2441 858 2565 911 siut.
2605 851 2920 935 Hujusntodi
2975 866 3092 903 vero
3142 847 3539 902 nomenclntura

1972 950 2103 1004 nulli
2139 953 2271 1003 mira
2329 949 2585 1007 videatur.
2631 964 2747 999 cum
2780 947 2834 999 in
2898 942 3198 998 Gracorum
3260 938 3536 992 ritualibus

1971 1044 2090 1094 huic
2107 1042 2301 1095 similes
2343 1040 2523 1092 multa:
2556 1039 2900 1104 reperiantur,
2934 1038 3035 1089 imo
3092 1033 3254 1087 etiam
3303 1030 3537 1083 nonnul-

1973 1135 2038 1187 la:
2066 1149 2209 1187 noces
2240 1148 2356 1198 qua:
2379 1130 2459 1184 uel
2487 1130 2694 1183 Latina:
2750 1129 2960 1182 omnino
3010 1136 3128 1179 sunt
3191 1122 3272 1178 vel
3330 1120 3533 1174 Latinis

1973 1226 2160 1292 affines
2185 1231 2231 1276 et
2262 1224 2325 1275 ab
2377 1223 2484 1277 illis
2532 1222 2684 1292 quasi
2735 1220 3006 1282 deducite;
3055 1214 3356 1283 cuiusmodi
3418 1223 3539 1266 sunt

1972 1315 2227 1382 ὠράριον,
2270 1314 2614 1381 μανουάὶιον,
2661 1311 2950 1381 φακέλλων
3011 1317 3059 1361 ιι
3116 1306 3332 1361 similia.
3397 1302 3536 1367 Quin

1972 1410 2123 1460 etiam
2148 1408 2192 1459 si
2216 1414 2447 1472 tempora
2471 1415 2516 1457 et
2561 1412 2769 1457 a'latem
2825 1403 2918 1455 τοῦ
2953 1399 3179 1469 ποιητοῦ
3238 1397 3345 1448 τῶν
3410 1412 3535 1446 κον-

1972 1500 2174 1552 τακίων
2204 1510 2519 1561 scrutemur,
2553 1514 2738 1567 nomen
2767 1497 2858 1551 τοῦ
2912 1494 3197 1547 κοντακίου
3247 1489 3391 1543 haud
3458 1490 3540 1541 in-

1971 1591 2139 1642 solens
2161 1589 2440 1650 videbitur,
2472 1603 2587 1640 cum
2619 1586 2887 1641 Romanus
2942 1585 3196 1637 diaconus
3226 1580 3535 1638 Emesenus.

1972 1692 2028 1733 ut
2060 1680 2346 1733 habeturin
2389 1680 2598 1733 uentris
2626 1677 2936 1733 Grecorum
2969 1690 3145 1728 mense
3178 1672 3394 1727 Octobri
3452 1672 3536 1723 die

1974 1774 2169 1837 printa,
2204 1773 2403 1837 primus
2434 1771 2540 1823 τῶν
2565 1770 2864 1823 κοντακιων
2895 1777 3079 1821 auctor
3100 1774 3149 1819 et
3198 1764 3540 1817 concinnator

305 1840 570 1924 rationes,
603 1870 837 1927 eumque
868 1855 1005 1909 nihil
1034 1854 1180 1909 aliud
1206 1854 1337 1907 velle
1362 1868 1522 1923 quam
1554 1854 1864 1907 ltieromue-
1906 1840 1945 1897 Β
1978 1893 1990 1917 λ

1853 1883 1864 1893 ·
1906 1840 1945 1897 Β
1978 1864 2246 1917 Anastasii
2276 1864 2604 1930 imperatoris
2637 1871 2813 1923 atate,
2839 1861 2891 1913 id
2922 1869 2998 1913 est
3025 1860 3169 1911 circa
3192 1872 3389 1909 annum
3429 1854 3538 1907 Da—

307 1966 523 2007 monem
566 1958 822 2019 tanquam
849 1946 1136 2004 diaconum
1174 1945 1413 2014 pontiﬁci
1451 1946 1503 1999 in
1534 1945 1753 2010 liturgia
1776 1960 1866 1999 sa-

306 2057 429 2097 cras
451 2055 640 2112 preces
685 2038 1110 2106 recitanti'pone
1149 2037 1427 2100 assistere,
1480 2049 1548 2090 eo
1576 2036 1735 2088 modo
1761 2050 1867 2104 quo

304 2133 468 2188 etiam
498 2131 758 2201 aptidnos
780 2128 994 2186 diaconi
1032 2128 1293 2183 assistere
1343 2125 1779 2182 sacriﬁcantibus
1814 2135 1867 2179 et

307 2240 499 2293 preces
528 2239 665 2292 quas
682 2221 910 2286 recitent
930 2220 1174 2290 aspicere
1198 2228 1253 2273 et
1286 2218 1413 2273 folia
1438 2218 1625 2273 itidem
1653 2226 1865 2273 vertere

305 2316 506 2371 solent.
537 2315 741 2371 Gasrs.

377 2407 464 2479 [ιι.
504 2408 560 2463 5.
590 2406 707 2471 Qua
738 2405 805 2463 de
859 2420 1028 2461 causa
1058 2404 1149 2460 τὸν
1185 2403 1388 2458 κὼδικα
1421 2404 1519 2470 τῆς
1568 2401 1864 2469 ἐκκλησίας

306 2514 472 2569 penes
502 2513 560 2554 se
590 2508 753 2562 tenet,
786 2497 1204 2566 patriarclticum
1234 2494 1394 2564 139
1421 2494 1670 2549 videlicet
1704 2507 1867 2546 etcre-

304 2587 540 2643 moniale
564 2588 643 2643 vel
661 2582 1061 2657 euchologium.
1083 2588 1388 2641 orationum
1414 2583 1864 2654 promptum-ium,

304 2692 364 2737 ut
390 2697 511 2751 quae
531 2692 658 2736 sunt
688 2683 889 2752 agenda
911 2681 1205 2735 dicendave
1227 2688 1501 2747 suggerat.
1527 2676 1722 2747 ϐολῇ]

375 2772 798 2827 Euthronismus
826 2787 923 2827 seu
946 2772 1393 2827 eutlironiasmus
1433 2778 1485 2823 et
1510 2768 1603 2837 jus
1635 2767 1863 2821 conlacii

306 2862 359 2915 iu
394 2850 850 2924 cliirotonia,boc
909 2871 989 2916 est
1025 2858 1371 2915 ordinatione
1412 2874 1510 2913 seu
1566 2858 1864 2925 inaugura-

304 2954 475 3013 tione.
511 2952 765 3007 distincta
792 2962 917 3009 sunt
942 2968 971 3005 a
1002 2953 1184 3021 priore
1208 2951 1419 3005 munia.
1450 2942 1653 3004 Gusrs.

375 3040 463 3120 [Ρ.
492 3042 545 3108 5.
581 3041 840 3113 Reliquiae
871 3043 973 3105 sub
1004 3043 1161 3113 altari
1202 3040 1492 3097 recondita:
1524 3041 1576 3094 in
1623 3038 1866 3094 ecclesiae

304 3134 720 3189 consecratione
749 3134 1165 3204 ἐνορονίξονται,
1226 3142 1362 3189 teste
1419 3132 1753 3199 Eucltologio
1810 3130 1860 3180 in

1968 1957 2097 2007 mini
2134 1955 2627 2021 quingentesimum,
2662 1952 2927 2020 ﬂoruerit,
2964 1965 3064 2017 quo
3119 1958 3344 2012 tempore
3404 1959 3534 2011 pene

1966 2059 2245 2115 corruptus
2274 2055 2323 2101 et
2349 2047 2682 2099 adulteratus
2710 2053 2825 2098 erat
2855 2041 3070 2097 Gnaeus
3104 2055 3296 2103 sermo,
3341 2049 3395 2091 ut
3443 2039 3538 2091 hoc

1966 2140 2101 2192 idem
2138 2154 2318 2192 nomen
2351 2137 2576 2190 ostendit
2600 2146 2648 2189 et
2672 2134 2784 2203 ejus
2813 2135 2987 2189 a’tatis
3020 2132 3259 2197 .locutio.
3324 2130 3388 2183 Et
3424 2129 3538 2183 haec

1968 2232 2183 2299 quidem
2212 2241 2356 2283 recte
2383 2244 2448 2283 ac
2474 2229 2632 2283 docte
2661 2227 2883 2281 Graecus
2909 2227 3034 2280 iste.

2037 2322 2303 2375 (lu-terum
2342 2318 2627 2371 κοντάκιον
2662 2318 2839 2371 adhuc
2863 2330 3025 2369 unam
3062 2312 3342 2368 uotiOncm
3401 2310 3534 2365 sub.

1963 2409 2163 2478 jcctam
2202 2408 2367 2461 habet
2401 2424 2415 2460 :
2455 2408 2725 2476 significat
2766 2405 2912 2460 enim
2967 2403 3132 2457 etiam
3186 2403 3387 2456 librum
3442 2415 3533 2453 seu

1969 2501 2227 2554 volumen
2257 2514 2351 2553 seu
2382 2498 2657 2552 codicem.
2687 2496 2977 2550 Balsamon
3028 2495 3094 2548 ad
3149 2494 3391 2548 Marcum
3443 2506 3536 2559 pa.

1967 2591 2262 2646 triarcham
2321 2590 2772 2651 Alexandrinum,
2813 2588 3081 2657 Respons.
3134 2588 3217 2640 5:
3280 2586 3535 2653 Ἔχοντες

1966 2684 2071 2735 τῶν
2104 2683 2351 2753 συνήθων
2383 2682 2552 2749 ἁγίων
2579 2680 2754 2751 εὐχῶν
2791 2680 3207 2747 ἀπαράλλακτα,
3248 2676 3317 2739 it;
3369 2694 3531 2744 μετέω

1967 2777 2243 2842 γραφέντα
2261 2776 2321 2827 ὲκ
2343 2774 2639 2827 κοντακὲων
2664 2771 3231 2839 καλλιγραφηθὲντων,
3249 2769 3334 2820 διὰ
3364 2785 3536 2836 γραμ-

1968 2864 2153 2930 μάτων
2214 2863 2557 2931 Ἑλληνικῶν.
2602 2862 3063 2931 Ἀπροςδιονύσως
3096 2860 3254 2930 140
3304 2861 3536 2912 trahitur

1966 2971 1994 3007 a
2026 2955 2302 3009 Glossario
2331 2956 2395 3009 ad
2439 2956 2577 3009 hanc
2619 2956 2897 3008 notionem
2958 2954 3249 3005 cont-trioa
3303 2952 3369 3004 de
3426 2964 3536 3017 quo

1965 3049 2207 3103 Codinus
2241 3063 2290 3101 c.
2330 3049 2360 3100 7
2411 3047 2702 3116 ψάλλοντες
2748 3046 2809 3098 τὸ
2864 3046 3196 3099 κοντάκιονε
3254 3060 3380 3100 natu
3445 3046 3535 3099 llic

1964 3143 2240 3195 conlacion
2266 3155 2373 3194 non
2422 3148 2501 3193 est
2564 3140 2733 3193 codex
2786 3154 2882 3192 seu
2927 3138 3179 3192 volumen
3226 3152 3321 3191 seu
3375 3138 3533 3197 liber.

302 3224 495 3281 eodem
537 3223 740 3280 ofﬁcio.
780 3225 897 3295 Ipse
951 3225 1243 3295 episcopus
1287 3224 1698 3279 consecratione
1739 3238 1859 3290 pvr-
1892 3206 1931 3259 (ἶ
1965 3250 1987 3285 s

1848 3251 1859 3259 ·
1892 3206 1931 3259 C
1965 3233 2058 3286 sed
2085 3233 2332 3285 odarinm
2360 3246 2599 3292 sacrum,
2628 3246 2819 3299 nempe
2855 3230 2986 3285 illud
3018 3230 3177 3299 cujus
3203 3230 3533 3292 initium,'H

303 3327 420 3379 acta
461 3318 657 3382 sedens
686 3332 809 3375 cum
843 3320 1171 3391 presbyteris
1212 3321 1271 3376 ιν
1309 3317 1605 3387 συνθρόνῳ,
1632 3318 1684 3369 in
1718 3316 1859 3369 thro-

306 3426 369 3466 no
397 3408 567 3463 altare
595 3410 1071 3472 circumambiente,
1101 3426 1294 3465 rursus
1346 3408 1710 3475 ὲνθρονῑζεται
1775 3408 1861 3463 vel

305 3503 726 3573 ἑνθρονιάζεται.
760 3504 907 3558 Idem
956 3504 1168 3559 demum
1228 3502 1293 3557 ad
1325 3496 1694 3571 praesulatum
1750 3501 1857 3569 pri-

304 3610 449 3650 mum
480 3604 723 3661 evectus,
747 3610 1169 3667 concessamque
1201 3596 1382 3651 sedem
1408 3606 1655 3649 recenter
1687 3608 1853 3650 occu—

304 3704 461 3754 pans,
502 3689 686 3743 verius
712 3688 1111 3757 ινθρονιάζετιι
1164 3706 1176 3742 :
1233 3688 1376 3741 unde
1443 3687 1724 3741 Cedrenus
1799 3686 1853 3739 in

302 3779 624 3835 Constantio
682 3779 771 3832 τὸν
827 3780 925 3849 μὲν
958 3779 1135 3847 inquit
1162 3779 1373 3833 Παῦλον
1400 3778 1652 3848 ἐξορίζει,
1683 3779 1773 3831 τὸν
1800 3778 1858 3830 δὲ

302 3872 631 3929 Μακεδόνων
660 3872 1013 3943 ινθρονιάζει.
1043 3871 1187 3940 Lego
1212 3887 1375 3942 quam
1420 3872 1653 3926 dilucide
1703 3870 1853 3926 Juris

301 3964 489 4035 GR.p.
518 3965 616 4026 ιδι
645 3964 997 4033 ἑνθρονισμὸν
1020 3979 1118 4032 pro
1167 3964 1426 4031 sportula.
1480 3978 1600 4032 qua!
1651 3962 1857 4032 pende-

304 4056 461 4109 batur
486 4054 554 4108 ab
605 4053 866 4123 episcopo
926 4051 1341 4122 pauperioribus
1380 4052 1619 4118 clericis,
1654 4068 1774 4108 cum
1801 4053 1853 4103 in

302 4148 496 4201 solimn
543 4146 945 4201 collocaretur:
994 4148 1170 4204 satius
1230 4127 1417 4201 tamen
1470 4161 1713 4201 asseram
1768 4147 1851 4200 vel

303 4238 509 4292 litteras
566 4237 810 4293 ecclesia
867 4249 1217 4297 consecratae.
1280 4238 1363 4292 vel
1411 4238 1622 4293 similes
1683 4238 1857 4306 ipsius

301 4328 540 4398 cpiscOpi
566 4328 872 4384 consecrati
905 4338 1092 4395 testes,
1128 4329 1207 4383 vel
1237 4329 1469 4398 denique
1497 4330 1671 4394 ipsmn
1705 4345 1768 4383 or
1789 4332 1855 4383 li-

304 4422 461 4475 nandi
481 4422 716 4491 episcopi
749 4437 811 4477 ac
842 4422 895 4477 in
926 4424 1121 4477 solium
1151 4422 1454 4477 collocandi
1508 4425 1669 4476 ritum
1736 4438 1857 4478 esse

1971 3326 2235 3393 παρθένος
2263 3324 2524 3393 σήμερον.
2567 3321 2657 3377 Sic
2689 3321 2829 3391 apud
2863 3320 3095 3377 Citrium
3129 3321 3181 3373 in
3238 3319 3535 3386 Responsis

1971 3417 2035 3471 ad
2062 3416 2364 3470 Cabasilam
2394 3416 2601 3484 (ἄρχων
2636 3415 2743 3467 τῶν
2778 3413 3226 3479 xovraxlmvlpcr
3290 3415 3532 3466 contacia

1972 3524 2078 3568 nou
2111 3509 2349 3574 codices,
2378 3508 2470 3562 sed
2506 3522 2693 3563 sacras
2723 3508 2855 3561 oJas
2896 3507 3102 3573 accipe.
3138 3506 3194 3561 ln
3229 3516 3418 3558 nostro
3451 3513 3533 3558 ta-

1972 3616 2095 3653 men
2131 3602 2404 3669 proposito
2451 3615 2555 3654 uon
2611 3600 2805 3665 iniuria
2870 3599 3107 3651 dubitari
3166 3606 3372 3665 posset,
3404 3612 3531 3647 num

1971 3692 2259 3745 contaciuu
2312 3692 2508 3745 librant
2554 3706 2621 3744 an
2681 3689 2927 3747 odarinm
2971 3690 3237 3759 signiﬁcet
3270 3706 3283 3742 :
3321 3690 3535 3741 videtur

1970 3782 2112 3834 enim
2138 3781 2199 3834 τὸ
2228 3781 2510 3835 κοντάκιον
2528 3781 2625 3848 τῆς
2649 3782 2980 3851 χειροτονίας
3007 3795 3128 3835 esse
3174 3780 3312 3833 liber
3362 3779 3534 3835 rituao

1971 3871 2058 3934 lis,
2091 3872 2143 3925 in
2170 3886 2278 3940 quo
2305 3872 2438 3926 ordo
2492 3872 2811 3926 cltirotonite
2863 3887 2956 3927 seu
3006 3886 3175 3926 savrze
3226 3870 3527 3929 ordinatio.

1970 3965 2053 4018 uis
2091 3964 2240 4029 insit,
2277 3957 2436 4032 quem
2477 3964 2883 4017 hieromnemon
2913 3976 3112 4018 teneat.
3142 3962 3283 4016 Nihil
3310 3964 3530 4027 deﬁnio,

1972 4056 2063 4114 sed
2094 4056 2267 4110 solum
2306 4056 2669 4124 suspicionem
2710 4070 2883 4108 meam
2924 4070 3138 4124 promo.
3161 4054 3287 4108 llzcc
3312 4056 3377 4108 de
3398 4070 3530 4108 con.

1970 4147 2130 4207 tacio,
2162 4146 2305 4214 quod
2347 4146 2542 4213 sazpius
2571 4145 2724 4199 nobis
2746 4155 3015 4198 occurret.
3046 4144 3247 4200 Gns-rs.

2042 4231 2123 4303 [P.
2150 4234 2204 4286 5.
2244 4232 2317 4285 Τὸ
2345 4234 2661 4286 κον-τάχιον
2691 4234 3057 4301 χειροτονίας
3085 4251 3097 4263 ·
3122 4234 3527 4288 Ονάὺιαιὶυηιιηι

1971 4325 2203 4378 omnium
2239 4325 2473 4378 ordinem
2512 4342 2574 4378 ac
2608 4342 2789 4380 earum
2834 4327 3079 4379 ritualcm
3125 4325 3343 4377 librum:
3374 4326 3527 4378 illum

1969 4415 2115 4470 enim
2137 4418 2419 4469 κοντάκιον
2452 4416 2539 4471 llic
2561 4417 2892 4480 manifestat,
2911 4417 3156 4484 quamvis
3179 4415 3304 4469 alibi
3338 4416 3525 4469 lilvrum

301 4513 705 4582 ἐκορονιασμόν,
726 4512 798 4567 Ea
822 4513 889 4568 de
915 4516 1077 4570 eausa
1102 4513 1330 4567 observo
1362 4513 1856 4567 hieromnemoncm
1894 4544 1934 4597 D
1972 4505 2243 4560 missalem
2265 4506 2423 4575 vulgo
2444 4507 2665 4571 indicet,
2688 4510 2769 4562 vel
2796 4507 2958 4560 etiam
2988 4507 3199 4559 brevem
3242 4506 3520 4558 mudttltlut

303 4606 479 4659 adhuc
512 4614 716 4669 tenere,
747 4614 905 4673 prout
937 4605 1206 4659 subditur.
1230 4604 1385 4659 Gesn
1414 4603 1433 4671 1

376 4698 451 4751 Ex
482 4696 569 4751 liis
593 4711 713 4764 quas
751 4696 817 4752 de
846 4696 1108 4752 contaciis
1131 4704 1184 4750 et
1214 4696 1396 4763 εὐχαῖς
1444 4695 1702 4760 diximus,
1728 4697 1821 4765 qui

304 4788 383 4843 vis
413 4788 664 4843 eruditus
720 4787 873 4841 nullo
910 4787 1127 4855 negotio
1154 4786 1421 4854 judicium
1487 4787 1621 4839 feret
1653 4787 1717 4841 de
1749 4787 1857 4842 illis

299 4894 419 4948 qua:
452 4886 850 4933 commentatur
875 4875 926 4929 in
958 4876 1177 4930 scholiis
1235 4875 1347 4929 suis
1371 4874 1569 4928 Junius
1610 4874 1704 4929 fol.
1729 4876 1855 4939 218,

298 4973 450 5038 2‘9;
495 4970 927 5040 quotiescunque
990 4969 1133 5022 enim
1194 4968 1487 5021 contacium
1552 4968 1855 5022 cantionem

300 5080 396 5119 seu
450 5064 809 5123 conlationem
868 5060 1049 5124 vertit,
1092 5061 1250 5114 toties
1310 5060 1695 5123 Itallucinatur,
1758 5074 1857 5114 nec

300 5154 642 5213 ulloeslocq
664 5152 1066 5209 Codiniverum
1128 5161 1182 5207 et
1232 5151 1467 5208 solidum
1529 5152 1701 5205 errori
1757 5166 1858 5206 suo

299 5245 657 5313 patrocinium
716 5242 961 5304 invenire
1016 5250 1210 5313 potest.
1822 5292 1829 5301 ,

375 5336 650 5393 Ακτίιηηι
676 5334 761 5390 liic
776 5335 1100 5393 Anconitaui
1132 5334 1412 5404 cujusdam
1446 5335 1657 5403 origine
1681 5334 1851 5389 Grreci

294 5427 563 5497 judicium
587 5427 656 5480 de
716 5424 986 5489 contacio,
1030 5424 1184 5493 cujus
1206 5435 1311 5477 tam
1357 5425 1610 5491 frequens
1670 5424 1721 5475 in
1775 5424 1853 5475 ri-

299 5522 539 5575 tualibus
578 5518 891 5574 Graecorum
915 5518 1071 5572 libris
1101 5526 1154 5572 et
1184 5518 1236 5570 in
1269 5518 1477 5572 Codino
1506 5518 1730 5579 mentio,
1761 5516 1851 5585 qui

297 5629 459 5682 super
492 5613 593 5665 hac
620 5626 681 5665 re
719 5617 939 5679 rogatus
980 5609 1124 5663 hunc
1156 5610 1209 5663 in
1275 5610 1491 5663 modum
1532 5612 1807 5675 rescripsit
1838 5626 1852 5663 :

299 5706 592 5760 Κοντάκιον
617 5718 720 5755 non
755 5700 999 5754 Latinam
1031 5716 1222 5759 vocem.
1248 5701 1334 5751 scd
1365 5699 1603 5752 Cra-can:
1626 5717 1737 5753 csse
1761 5718 1852 5752 ar-

308 5796 488 5861 ἕκτον,
507 5793 629 5854 licet
653 5794 1001 5851 vernaculam.
1040 5792 1237 5845 Κοντὸν
1270 5792 1405 5847 enim
1451 5790 1599 5844 hodie
1658 5791 1849 5843 Cruci,

1966 4597 2103 4649 inter
2125 4596 2303 4651 ofﬁcia
2325 4598 2507 4651 divina
2525 4597 2946 4661 decantandum,
2970 4596 3035 4649 de
3055 4610 3164 4663 quo
3184 4610 3284 4649 nos
3305 4595 3525 4650 abunde

1962 4688 2013 4741 in
2041 4687 2435 4757 Eucltologicis.
2460 4689 2609 4744 Gosn
2637 4688 2656 4761 ]

2030 4778 2091 4834 P.
2119 4780 2173 4834 5.
2207 4779 2516 4834 Secundqu
2544 4782 2723 4834 locum
2772 4779 2822 4833 iu
2850 4780 2949 4832 hac
2976 4781 3131 4837 tertia
3168 4780 3406 4834 Pentade
3434 4778 3529 4832 ob-

1961 4873 2141 4925 tineto
2163 4872 2383 4925 ἐπὶτῶν
2414 4873 2676 4937 γονάτων,
2716 4872 2951 4932 minister
2986 4888 3017 4924 a
3048 4874 3282 4939 genibus,
3305 4871 3528 4939 κρεμῶν

1959 4964 2019 5014 τὸ
2062 4964 2400 5030 ὲπιγονάτιον
2461 4962 2552 5017 τοῦ
2597 4964 2918 5034 ἀρχιερέως,
2970 4965 3263 5032 appendcns
3310 4962 3529 5030 genuale

1962 5055 2273 5119 patriarcha
2300 5072 2389 5109 seu
2428 5058 2620 5110 summi
2667 5058 2974 5109 sacerdotis.
3011 5056 3085 5108 ιω
3154 5054 3377 5121 Junius;
3432 5056 3524 5123 qui

1962 5142 2123 5193 etiam
2154 5142 2212 5194 τὸ
2242 5144 2582 5209 ἐπιγονάτιον
2606 5146 3061 5199 vocatinstratum
3104 5160 3349 5213 genuum.
3376 5146 3522 5211 quia,

1963 5244 2020 5284 ut
2058 5234 2253 5302 inquit,
2288 5251 2403 5289 cum
2435 5236 2739 5303 patriarcha
2790 5236 3279 5305 cirrumferebatur,
3320 5243 3373 5287 ut
3405 5252 3523 5303 per-

1960 5333 2169 5389 petuum
2200 5324 2363 5389 ipsius
2397 5326 2464 5377 ad
2498 5326 2797 5394 fundendus
2821 5344 2995 5395 preces
3022 5327 3258 5395 ofﬁciunt
3316 5326 3521 5393 signiﬁ-

1957 5426 2187 5467 caretur.
2224 5414 2445 5485 Mystica
2478 5418 2788 5484 explicatio,
2823 5432 2995 5486 eaque
3046 5429 3264 5487 propter
3297 5417 3521 5484 pulchra

1959 5517 2011 5560 et
2064 5506 2275 5560 festiva.
2309 5506 2514 5561 Forsan
2580 5509 2720 5562 idem
2787 5512 3107 5579 mysterium
3173 5508 3513 5573 signiﬁcatur

1956 5614 2049 5665 per
2074 5598 2370 5665 pulvinum,
2400 5601 2492 5667 qui
2534 5601 2832 5669 principum
2862 5601 3094 5671 genibus
3127 5599 3320 5665 subjici
3348 5608 3403 5653 et
3463 5600 3514 5651 in

1958 5705 2079 5741 rum
2109 5704 2266 5741 usum
2316 5690 2662 5745 circumferri
2719 5693 3021 5745 consuevit.

2027 5781 2181 5835 Addit
2205 5781 2396 5837 Junius
2428 5800 2441 5838 :
2464 5784 2571 5838 lloc
2588 5797 2757 5838 autem
2773 5784 3109 5850 ἑπιγανάτιον
3125 5781 3510 5851 appendelmtnr
