4266 6438
666 389 773 458 159

1764 391 1841 448 ΙΝ
1895 390 2189 449 LIBRUM
2233 390 2328 448 DE
2364 391 2691 450 OFFICIIS
2724 392 2810 451 CP

3813 385 3911 448 166

731 505 789 557 l‘.
824 504 877 558 Ei.
912 503 1151 558 Rhetoris
1181 503 1420 559 oflicium
1459 514 1540 558 est
1575 506 1871 573 generatim
1907 504 2219 572 Scripturas
2251 509 2296 566 Α
2325 508 2421 559 stis
2475 524 2566 574 per
2618 507 3013 576 lampadarium
3039 546 3054 569 ,
3089 516 3144 558 ut
3189 508 3241 560 in
3290 504 3387 560 hoc
3424 508 3556 561 libro
3617 507 3915 575 appellatur

658 613 846 652 sacras
876 597 1220 666 interpretari
1245 614 1258 657 ;
1291 605 1343 650 et
1369 596 1583 649 videtur
1603 596 1690 651 ille
1713 613 1873 667 quem
1897 612 1999 652 nos
2022 598 2231 651 concio-

660 700 893 744 natorem
921 689 1289 744 nominamus.
1321 686 1525 741 Cas-rs.

1288 780 1513 835 CAPUT
1541 780 1630 835 IX.

773 873 845 927 De
888 876 1071 942 quinta
1119 874 1338 942 pentade
1370 876 1666 939 ofﬁciorum
1714 881 1762 927 et
1791 872 2129 943 ofﬁcialium.

737 964 796 1017 Ρ.
832 962 884 1016 5.
920 963 977 1018 In
1011 965 1199 1034 quinta
1230 965 1538 1018 continetur
1566 964 1615 1029 l,
1637 964 1695 1017 '0
1718 965 1903 1035 ἄρχων
1931 964 2038 1016 τῶν
2074 981 2232 1032 μονα-

669 1059 930 1129 στηρίων,
969 1060 1149 1113 socius
1180 1065 1233 1111 et
1258 1058 1474 1126 adjutor
1506 1057 1683 1127 magni
1708 1058 2000 1121 sacellarii,
2028 1057 2093 1111 de
2122 1070 2233 1126 quo

662 1152 776 1216 jam
811 1168 909 1205 suo
941 1152 1083 1215 loco,
1110 1150 1164 1215 ‘2,
1184 1149 1242 1203 '0
1270 1150 1453 1220 ἄρχων
1477 1151 1585 1204 τῶν
1608 1151 1932 1221 ἐκκλησιῶν,
1968 1150 2149 1204 socius
2179 1156 2234 1203 et

664 1244 882 1312 adjutor
897 1244 1164 1297 curatoris
1182 1244 1409 1303 sacellii.
1430 1244 1496 1297 de
1512 1260 1619 1312 quo
1633 1244 1817 1299 itidem
1834 1243 2232 1314 supra.GaErs.

735 1336 819 1408 [Ρ.
849 1335 901 1390 5.
940 1334 1062 1390 τῶν
1085 1335 1446 1402 ἐκκλησιῶν.
1486 1334 1802 1390 Καθολικῶν
1855 1336 2118 1404 intelligo.
2167 1333 2234 1388 de

664 1428 866 1491 quibus
892 1442 1057 1494 supra
1082 1427 1343 1480 Allatiana
1379 1443 1391 1480 :
1426 1426 1635 1495 Γράφει
1664 1428 1732 1479 τὰ
1778 1428 2090 1495 ἀντιμίνσία
2122 1426 2236 1494 (ἀν-

664 1521 906 1588 τίμηνσα
956 1518 1031 1586 Μ)
1064 1519 1158 1571 καὶ
1194 1520 1261 1571 τὰ
1308 1521 1705 1590 σταυροπήγια.
1733 1520 1940 1572 Altaria
1964 1519 2237 1588 portatilia

668 1610 869 1679 signat,
927 1620 975 1663 et
1006 1610 1212 1663 litteras
1263 1611 1449 1679 quibus
1495 1626 1644 1663 cruce
1674 1611 1799 1662 data
1854 1626 1884 1662 a
1931 1609 2236 1662 dimensanis

668 1702 1017 1767 exemptiones
1051 1700 1396 1766 conferuntur
1425 1704 1778 1755 monasteriis.
1810 1700 1879 1755 De
1906 1701 1987 1754 his
2021 1684 2235 1753 Euche-

673 1791 873 1861 logium
918 1791 1058 1847 fuse.
1093 1792 1259 1854 Idem,
1289 1807 1387 1847 ceu
1421 1794 1675 1861 parmciis
1701 1794 2013 1862 pra-lectus,
2048 1793 2241 1861 κρατεῖ

668 1886 728 1933 ὲν
760 1884 825 1951 τῇ
858 1882 1082 1947 φυλάξει
1112 1882 1278 1935 αὐτοῦ
1327 1882 1387 1933 τὸ
1421 1882 1612 1953 μύρον,
1650 1900 1861 1936 sacrum
1895 1892 2240 1952 unguentum.

674 1972 727 2023 in
761 1972 1175 2027 conﬁrmatione
1202 1974 1566 2026 adhibendum
1605 1988 1634 2027 a
1683 1973 1910 2042 privatis
1946 1971 2245 2027 sacerdoti-

675 2066 778 2118 bus
806 2079 905 2120 ccu
932 2066 1211 2119 consuetis
1240 2066 1379 2134 apud
1411 2066 1629 2120 Grzecos
1655 2068 1770 2135 ejus
1795 2064 2127 2119 sacramenti
2148 2064 2249 2115 ml-

676 2156 885 2215 nistris.
920 2172 1031 2209 sua:
1063 2157 1313 2210 custodia:
1342 2158 1681 2210 conmissum
1715 2165 1869 2211 tenet.
1902 2152 2105 2225 Gesn]

752 2248 896 2302 Ibid.
938 2248 997 2302 '0
1050 2250 1234 2318 ἄρχων
1260 2248 1353 2302 τοῦ
1396 2248 1752 2316 Εὑαγγελίου,
1809 2251 1889 2311 είς
1918 2249 1978 2300 τὸ
2026 2248 2250 2317 κρατεῖν

677 2340 837 2392 τοῦτο
860 2342 937 2402 είς
961 2340 1056 2401 τὰς
1084 2340 1257 2404 λιτάς,
1290 2340 1447 2410 cujus
1468 2341 1712 2394 ofﬁcium
1742 2349 1827 2394 est
1852 2350 2056 2408 gestare
2082 2339 2252 2393 Evan-

676 2432 869 2502 gelinm
900 2448 987 2485 seu
1014 2433 1242 2486 codicem
1270 2431 1677 2503 Evangeliorum
1706 2433 1759 2485 in
1785 2431 2252 2499 supplicationibus

675 2536 724 2579 et
753 2525 1190 2592 processiom’bus.
1224 2524 1335 2580 Hoc
1365 2536 1544 2579 tamen
1574 2540 1680 2579 non
1710 2524 1918 2579 videtur
1947 2524 2254 2578 consentire

678 2633 801 2669 (‘lltll
853 2617 1062 2670 Joanne
1095 2617 1287 2679 Citrio,
1322 2618 1413 2686 qui
1456 2619 1655 2673 diserte
1710 2619 1899 2673 scribit
1947 2617 2100 2671 «res.
2138 2618 2257 2680 ταῖς

673 2712 849 2772 λιταῖς
870 2708 1156 2778 βαστάζειν
1180 2708 1239 2761 τὸ
1260 2707 1591 2777 Εὑαγγέλιον
1612 2726 1722 2764 esse
1738 2709 1830 2763 τοῦ
1852 2709 2258 2778 δευτερεύοντος

680 2804 790 2855 τῶν
812 2800 1093 2861 διακόνων.
1127 2816 1287 2868 quem
1314 2801 1553 2857 Codinus
1577 2802 1628 2855 in
1661 2809 1811 2855 sexta
1837 2800 2068 2871 pentade
2087 2801 2257 2854 collo-

680 2902 794 2946 cat.
849 2892 913 2946 Et
984 2893 1098 2946 ﬁeri
1150 2904 1325 2961 potest
1357 2902 1415 2946 ut
1448 2892 1563 2946 hate
1595 2907 1683 2947 res
1718 2893 1872 2947 aliter
1901 2906 1958 2946 se
2015 2891 2262 2945 habuerit

686 2995 931 3051 tempore
954 2982 1107 3038 Citrii
1138 2996 1190 3036 et
1221 2984 1376 3037 aliter
1420 2992 1576 3037 aetate
1608 2982 1799 3037 Codini
1826 2999 1841 3036 ε
1877 2996 1999 3036 nam
2058 2989 2117 3035 ut
2149 2982 2261 3050 ipse

686 3076 890 3131 Citrius
910 3076 1278 3143 conqueritur.
1307 3076 1422 3129 lucc
1446 3076 1642 3144 sepius
1664 3073 2261 3143 patriarchaearhitratu

2336 598 2480 665 p.44
2510 599 2973 666 (accendebantur
3027 597 3141 654 haec
3215 600 3530 661 luminaria)
3560 608 3654 663 ;at
3708 602 3916 668 lampa-

2334 689 2520 742 darius
2559 689 2661 745 iste
2690 691 2822 745 nihil
2857 692 2960 745 huc
2988 690 3147 758 facit;
3174 701 3293 747 erat
3324 694 3468 747 enim
3492 692 3734 747 oflicium
3790 694 3910 761 ejus

2343 781 2666 850 palatinum,
2763 798 2871 837 non
2922 785 3403 848 ecclesiasticum;
3490 783 3917 854 praeferebatan.

2338 872 2639 941 lampadem
2715 888 3001 928 accensam
3064 890 3169 928 non
3223 876 3597 946 singularibus
3652 876 3893 929 duntaxa

2339 962 2491 1018 festis
2537 966 3005 1029 etanniversarie.
3056 967 3148 1022 sed
3215 969 3431 1037 quoties
3502 968 3799 1036 imperator
3863 966 3901 1019 it

2339 1053 2613 1124 publicum
2643 1056 2991 1124 procedebat,
3014 1066 3074 1111 ut
3110 1072 3175 1112 ex
3211 1056 3537 1113 Basalmone
3567 1058 3706 1112 infra
3733 1065 3889 1111 osten

2340 1144 2461 1197 dam
2492 1146 2555 1198 ad
2581 1162 2633 1216 p.
2664 1146 2752 1201 45.
2782 1146 2964 1217 Longe
2989 1164 3118 1219 ergo
3147 1147 3287 1204 alius
3313 1150 3340 1201 6
3363 1151 3547 1220 ἄρχων
3568 1150 3675 1202 τῶν
3699 1148 3914 1218 φώτων.

2339 1245 2394 1291 et
2416 1238 2555 1292 alius
2583 1242 2610 1291 ὁ
2659 1239 3057 1310 λαμπαδάριος.
3103 1242 3292 1311 Neque
3349 1250 3561 1295 tantum
3627 1241 3793 1296 semel
3840 1241 3922 1295 vel

2340 1327 2634 1396 aliquoties
2666 1331 2718 1384 in
2756 1344 2904 1385 anno
2941 1347 3078 1388 usus
3110 1332 3384 1387 luminum
3430 1343 3549 1387 erat
3575 1333 3628 1385 in
3681 1333 3921 1401 templis,

2339 1421 2432 1475 sed
2484 1433 2743 1492 perpetuo
2789 1432 2839 1477 et
2898 1432 3011 1478 toto
3063 1439 3244 1489 anno,
3301 1424 3462 1479 etiam
3516 1435 3648 1480 tunc
3703 1424 3925 1493 quando

2339 1516 2476 1568 nulli
2509 1517 2854 1583 νεοφώτιστοι
2880 1515 3107 1570 aderant
3136 1533 3150 1569 :
3192 1531 3369 1586 neque
3404 1518 3549 1571 enim
3584 1517 3756 1572 moris
3807 1528 3925 1571 erat

2339 1605 2544 1663 Graecis
2565 1608 2836 1678 liturgiam
2866 1608 2985 1661 sine
3006 1607 3309 1663 luminibus
3331 1607 3628 1664 celebrare.
3648 1608 3852 1664 (ἷκε-ιε.

2415 1697 2584 1771 [lbid.
2640 1701 2702 1753 '0
2728 1700 2928 1769 ἄρχων
2955 1700 3075 1753 τῶν
3105 1700 3333 1770 φώτων.
3381 1698 3495 1755 Hoc
3560 1701 3800 1755 ofﬁcium
3872 1705 3925 1755 in

2343 1802 2578 1863 quatuor
2627 1792 2885 1847 videntur
2935 1792 3211 1847 Allatiana
3265 1792 3571 1863 dispertiri,
3598 1795 3701 1847 hoc
3730 1805 3923 1862 pacto:

2360 1883 2420 1937 '0
2454 1884 2771 1955 κατηχητὴς
2835 1884 3122 1955 κατηχίζει
3180 1887 3290 1952 (τὸν
3324 1886 3453 1937 λαὸν
3488 1886 3581 1939 καὶ
3612 1887 3688 1954 Μ)
3721 1888 3927 1946 πάντας

2346 1977 2473 2037 τοὺς
2501 1977 2911 2045 εἰσερχομένους
2946 1977 3008 2029 ὲκ
3039 1975 3145 2029 τῶν
3171 1975 3491 2046 ἑτεροδόξων
3522 1978 3601 2038 είς
3626 1978 3725 2046 τὴν
3768 1977 3925 2045 ὀρθό-

2348 2065 2500 2131 δοξον
2539 2066 2745 2129 πίστιν,
2770 2065 2844 2128 ὡς
2867 2066 2954 2119 ἵνα
2976 2065 3035 2118 τὸ
3058 2066 3212 2133 ἅγιον
3243 2066 3524 2135 βάπτισμα
3544 2064 3825 2131 δέξωνται.
3870 2066 3930 2121 '0

2351 2156 2702 2229 περιοδευτής
2738 2157 3056 2227 περιπατῶν
3086 2159 3199 2212 καὶ
3248 2158 3630 2227 παιδευόμενος
3693 2158 3930 2227 (ὁδηγῶν

2351 2247 2429 2316 Μ)
2466 2247 2589 2307 τοὺς
2617 2245 2869 2311 θέλοντας
2901 2246 3267 2317 βαπτισθῆναι
3320 2249 3387 2319 τῇ
3418 2247 3683 2320 ὁρθοδόεῳ
3741 2250 3930 2302 πίστει

2353 2339 2636 2408 (εἰσελθεῖν
2665 2341 2746 2402 είς
2774 2342 2872 2406 τὴν
2896 2339 3174 2408 ὀρθὸδοξον
3208 2336 3390 2393 πίστιν
3414 2341 3517 2411 Μ).
3554 2341 3614 2394 '0
3648 2342 3931 2411 βουτιστὴς

2356 2431 2567 2485 ἵσταται
2587 2433 2655 2491 ἐν
2683 2434 2748 2501 τῇ
2779 2432 2909 2502 ἁγίᾳ
2938 2430 3317 2502 κολυμϐήθρᾳ,
3356 2433 3450 2486 καὶ
3491 2434 3519 2486 6
3555 2433 3737 2500 ἱερεὺς
3785 2433 3933 2499 λέγει

2357 2525 2453 2588 τὰς
2475 2523 2664 2594 εὐχὰς,
2689 2527 2715 2578 6
2740 2524 2794 2576 δὲ
2822 2524 3113 2593 ἀρχιερεὺς
3136 2524 3435 2594 σταυρώνει
3470 2524 3529 2577 τὸ
3585 2524 3750 2592 ὕδωρ.
3803 2525 3831 2576 6
3878 2524 3932 2575 es

2362 2618 2645 2685 βουτιστὴς
2703 2615 2950 2687 βαπτίζει
3006 2616 3097 2667 τὸν
3152 2616 3412 2684 μέλλοντα
3456 2617 3837 2687 βαπτισθῆναι.
3874 2615 3935 2668 '0

2364 2710 2662 2781 μυροδότης
2686 2708 2773 2762 ἵνα
2800 2707 3125 2781 ὑποκριτῶν
3151 2708 3211 2761 τὸ
3242 2708 3396 2775 ἅγιον
3433 2709 3624 2778 μύρον,
3676 2710 3768 2761 καὶ
3801 2710 3935 2762 ὅπου

2358 2801 2419 2853 τὸ
2438 2800 2607 2868 ὁρίζει
2635 2802 2662 2853 6
2692 2799 2979 2870 ἀρχιερεὺς
3017 2798 3109 2853 τοῦ
3143 2797 3324 2852 δοῦναι
3362 2800 3553 2869 μύρον.
3586 2798 3789 2871 Genu]

2432 2891 2496 2947 P.
2532 2892 2582 2946 5.
2634 2889 2868 2945 Ultimus
2905 2891 2959 2944 in
2991 2891 3091 2944 hac
3117 2890 3351 2959 pentade
3392 2899 3475 2944 est
3501 2890 3530 2941 6
3583 2890 3767 2959 ἄρχων
3827 2890 3935 2940 τῶν

2363 2982 2721 3052 ἁντιμινσίων
2768 2994 2861 3034 seu
2918 2980 3280 3048 ἁντιμινσίου,
3317 2980 3556 3047 εἰσάγων
3593 2980 3718 3041 τοὺς
3759 2980 3937 3047 εἰσερ-

2364 3077 2625 3146 χομένους
2663 3073 2742 3133 εις
2767 3071 2868 3140 τὴν
2891 3070 3053 3138 ἁγίαν
3082 3070 3406 3139 μετάληψιν,
3455 3071 3737 3139 ρι’(ινῙεειιιε
3792 3071 3936 3121 anti-

685 3168 1110 3230 suomulabant,
1144 3169 1210 3220 τὰ
1242 3167 1351 3221 ἄνω
1379 3168 1526 3221 κάτω
1550 3167 1850 3231 ποιοῦντες,
1875 3168 1945 3219 ita
1973 3176 2033 3220 ut
2058 3167 2109 3218 in
2136 3146 2253 3219 illos
2282 3190 2324 3248 ε
2363 3185 2370 3219 ι

2251 3182 2253 3212 ι
2282 3190 2324 3248 c
2363 3167 2701 3228 mensiorum,
2733 3163 2981 3217 inducens
3012 3177 3097 3217 eos
3126 3164 3215 3232 qui
3251 3178 3463 3216 sacram
3515 3163 3936 3216 communionem

682 3260 978 3331 quadraret
999 3260 1256 3328 parmmia
1281 3260 1393 3313 ἅνω
1411 3261 1671 3330 ποταμῶν
1693 3264 1886 3329 γωρεῖν
1913 3260 2140 3326 λέγουσα
2157 3261 2253 3320 τὰς

686 3354 889 3423 πηγὰς,
925 3353 1013 3406 καὶ
1048 3352 1115 3405 τὰ
1149 3353 1301 3422 παρὰ
1338 3352 1615 3413 Ἰουδαίοις
1645 3351 1800 3423 145
1841 3350 2258 3419 δευτερόπρωτα

689 3444 957 3505 σάὗδατα.
1000 3444 1094 3497 καὶ
1128 3445 1277 3512 παρὰ
1322 3444 1435 3503 sui;
1485 3442 1676 3505 δεινοῖς
1705 3444 1987 3509 σοφισταῖς
2015 3443 2084 3493 τὰ
2112 3458 2259 3510 πρω-

688 3536 944 3604 οὑστερα,
982 3544 1041 3587 ιιι
1071 3536 1207 3588 scite
1244 3536 1319 3588 ait
1357 3532 1583 3588 Citrius.
1620 3534 1825 3588 Gae'rs.

755 3624 856 3697 ['0
888 3626 1088 3695 ἄρχων
1109 3625 1216 3679 τοῦ
1250 3626 1642 3695 Εὑαγγελὶου.
1674 3625 1933 3687 Consule,
1957 3625 2001 3679 si
2024 3625 2258 3679 laborem

691 3727 943 3782 meretur,
975 3718 1363 3787 Euchelogium
1420 3728 1661 3772 nostrum
1689 3716 1894 3773 fol.770
1915 3727 1969 3773 et
1999 3718 2095 3773 8H
2135 3718 2262 3788 περὶ

690 3812 841 3880 λιτῆς
874 3822 925 3865 et
953 3810 1244 3879 Evangelio
1270 3811 1322 3863 in
1356 3824 1416 3864 ea
1440 3810 1685 3880 legendo.
1717 3810 1863 3865 Gosn
1893 3808 1913 3883 1

764 3900 907 3957 Ibid.
940 3901 1197 3970 Sequitur
1240 3902 1268 3953 6
1296 3903 1478 3971 ἄρχων
1506 3903 1605 3954 τῶν
1631 3902 1843 3971 φώτων,
1873 3918 2030 3972 quem
2056 3901 2267 3956 Beneﬁ-

692 3996 816 4051 dius
841 4008 997 4050 vocat
1025 3996 1601 4060 luminarium,.lunius
1635 3998 2264 4066 prwfectumlnminibus.

695 4088 825 4157 Ejus
852 4098 968 4142 erat
993 4104 1178 4141 curam
1209 4104 1395 4159 gerere
1444 4089 1747 4158 φωτιστῶν,
1779 4105 1967 4143 recens
2001 4089 2270 4143 illumina-

698 4188 874 4233 torum
933 4194 1027 4233 seu
1083 4178 1533 4247 baptizatornm:
1615 4178 1777 4231 veteri
1826 4178 1968 4231 enim
2020 4177 2269 4232 Ecclesiae

700 4270 883 4337 phrasi
913 4269 1205 4335 baptismus
1238 4268 1543 4337 appellatur
1575 4266 1872 4336 φωτισμός,
1926 4276 1980 4321 et
2012 4265 2271 4336 baptisati

625 4368 629 4372 ’
700 4362 978 4430 φωτιστοί.
1009 4361 1193 4415 forsan
1247 4376 1353 4414 non
1374 4361 1489 4415 sine
1522 4370 1787 4435 respectu
1809 4360 1871 4411 ad
1895 4359 2269 4413 caeremoniam

698 4457 991 4525 quamdam
1022 4471 1141 4524 qua:
1175 4454 1501 4523 baptismum
1559 4451 1992 4521 subsequebatur
2021 4466 2034 4501 :
2064 4451 2273 4503 daban-

2356 3262 2586 3326 accipere
2603 3256 2798 3309 volunt.
2824 3254 3028 3311 Gncrs.

2432 3351 2602 3425 [lbid.
2627 3348 3047 3418 Charmphylax,
3068 3357 3126 3403 ut
3150 3362 3311 3417 supra
3344 3347 3520 3403 visum
3544 3355 3648 3408 est.
3667 3348 3731 3401 ad
3760 3347 3934 3401 eccle-

2358 3444 2655 3508 siasticam,
2721 3440 2811 3495 hic
2846 3439 2913 3495 ad
2969 3439 3165 3495 laicam
3202 3439 3647 3494 communionem
3712 3439 3935 3493 invitat.

2358 3531 2555 3604 Ceam]

2429 3625 2624 3680 Junius
2662 3623 2938 3694 prtefectus
2976 3623 3266 3677 antecessui
3295 3636 3505 3686 mensa,
3549 3620 3815 3675 adducens
3850 3637 3937 3674 eos

2360 3720 2623 3789 quierant
2656 3717 2861 3773 venturi
2904 3718 2972 3770 ad
3000 3716 3425 3770 communionem
3457 3729 3691 3770 sacram.
3754 3712 3939 3781 Inepte

2362 3827 2611 3884 prorsus.
2644 3810 2907 3865 etadhuc
2968 3808 3205 3878 ineptius
3253 3808 3304 3861 in
3372 3807 3623 3870 scholiis,
3693 3814 3753 3860 ut
3805 3806 3940 3861 satis

2367 3904 2552 3958 mirari
2603 3915 2868 3971 nequeam
2930 3900 3171 3953 hominis
3212 3898 3377 3965 hujus
3410 3896 3495 3950 his
3538 3896 3590 3949 in
3636 3896 3795 3949 rebus
3845 3912 3939 3949 seu

2365 3996 2656 4063 ὀλιγωρίαν
2688 3994 2846 4064 15,6
2872 4006 2965 4046 seu
2998 3990 3376 4044 ἀπαιδευσίαν.
3404 3988 3798 4041 Examinemus
3822 3988 3950 4056 sint

2369 4089 2524 4159 gulas
2551 4088 2670 4154 ejus
2706 4085 2962 4153 ineptias.
3019 4082 3138 4134 Τῶν
3199 4078 3573 4149 ἁντιμινσίων,
3625 4080 3938 4141 adverbium,

2372 4178 2821 4238 antimensalium,
2876 4174 3072 4242 inquit,
3122 4182 3228 4227 etc.
3286 4173 3327 4225 Α
3385 4188 3566 4225 mensa
3616 4170 3945 4225 denomimti

2372 4279 2492 4323 sunt
2522 4270 2569 4321 οί
2594 4266 2937 4333 ἁντιμίνσιοι,
2983 4263 3135 4332 quasi
3192 4263 3336 4315 dicat
3394 4263 3799 4324 antemensales,
3853 4263 3942 4330 qui

2374 4363 2441 4416 ad
2473 4375 2679 4413 sacram
2706 4372 2936 4409 mensam
2962 4356 3190 4424 primum
3223 4355 3609 4421 recipicbontur
3634 4364 3683 4407 et
3712 4371 3945 4406 commn-

2380 4456 2581 4506 niunem
2614 4450 2968 4511 eucltaristire,
3000 4456 3106 4501 etc.
3140 4444 3207 4498 Hi
3237 4448 3371 4497 enim
3398 4447 3541 4510 prius
3570 4462 3725 4514 qnam
3748 4446 3945 4497 admit-

696 4559 782 4601 tur
801 4548 945 4600 enim
980 4546 1249 4613 baptizato
1275 4542 1417 4597 cerei
1452 4542 1666 4596 accensi
1724 4542 1777 4593 in
1803 4540 2017 4608 signum
2050 4538 2169 4591 ﬁdei
2204 4545 2259 4591 et
2293 4534 2332 4587 0
2363 4554 2593 4600 terentur
2635 4543 2701 4595 ad
2737 4540 3149 4594 communionem
3177 4554 3404 4595 sacram,
3433 4537 3667 4590 solebant
3707 4538 3941 4589 ecclesiis

693 4638 879 4703 gratia:
911 4648 1169 4704 aceeptm,
1198 4633 1426 4703 etquod
1484 4649 1512 4685 a
1574 4640 1849 4700 potestate
1906 4630 2256 4683 tenebrarum

692 4729 989 4781 translatus
1022 4735 1165 4781 esset
1188 4726 1251 4778 ad
1308 4725 1488 4778 lumen
1554 4731 1609 4773 et
1666 4732 1865 4777 sortem
1922 4732 2255 4777 sanctorum.

696 4819 935 4872 Meminit
968 4819 1129 4886 hujus
1156 4817 1492 4871 czercmonire
1543 4813 1937 4877 Nazianzenus,
2000 4824 2139 4868 orat.
2194 4813 2257 4867 In

695 4922 934 4963 sanctum
977 4909 1269 4969 lavacrum,
1306 4916 1357 4960 et
1393 4907 1451 4961 S.
1484 4907 1823 4977 Augustinus
1851 4907 1901 4959 in
1941 4906 2070 4959 illud
2124 4907 2260 4974 psal.

695 5018 795 5057 va
825 5018 837 5055 :
872 5000 1233 5055 Transiviinus
1263 5017 1354 5069 per
1376 5002 1544 5069 ignem
1570 5010 1615 5052 et
1651 5016 1869 5068 aquam,
1921 5008 2024 5053 etc.
2062 4996 2260 5053 Junius

698 5097 860 5148 iitum
892 5095 1036 5149 hunc
1090 5094 1331 5157 involvit,
1390 5107 1457 5145 ne
1505 5091 1760 5144 emineat.
1814 5091 2260 5154 Accendebantur,

693 5191 748 5242 in
774 5189 889 5255 jnit,
925 5187 1234 5239 luminaria.
1260 5186 1327 5239 At
1356 5200 1460 5237 non
1488 5194 1696 5237 tantum
1761 5184 1883 5247 hoc,
1923 5185 2014 5237 sed
2067 5194 2120 5237 et
2173 5199 2261 5237 ae-

695 5294 857 5334 rensa
906 5279 1259 5333 tradebantur
1312 5275 1623 5341 baptizatis.‘
1677 5275 1833 5343 Atqui
1897 5273 2259 5344 Itic,‘inquit,

695 5377 826 5429 ritus
858 5372 1131 5426 ordinarie
1158 5369 1225 5422 ad
1254 5368 1564 5435 baptismum
1596 5367 1987 5421 observabatur.
2015 5366 2125 5420 Cur
2158 5366 2258 5437 igi—

696 5477 787 5520 tur
819 5480 914 5519 vos
942 5462 1193 5517 mutastis
1222 5470 1274 5516 ct
1304 5461 1605 5530 abrogastis
1630 5460 1651 5511 ἲ
1690 5458 1952 5513 Ρνωιενεα
1989 5475 2105 5512 vero
2162 5474 2258 5511 an-

694 5556 980 5612 niversario
1046 5554 1101 5606 in
1164 5553 1519 5621 singularibus
1581 5549 1891 5619 quibusdam
1959 5548 2138 5601 diebus
2189 5548 2264 5614 fe-

694 5693 805 5747 t'~7.b
836 5691 928 5743 τοῦ
985 5688 1420 5758 χαρτοφύλακος,
1457 5690 1516 5739 τὸ
1548 5687 1641 5739 τοῦ
1694 5685 1929 5758 μεγάλου
1987 5684 2261 5758 ααᾷςάτου

694 5755 1131 5827 ἀναγινιίηκετσι
1165 5759 1269 5811 ὑπὸ
1296 5759 1387 5811 τοῦ
1418 5755 1839 5823 σκευοψύὶακος.
1876 5757 1953 5824 Τῇ
2000 5755 2131 5821 ἁγίᾳ.
2176 5756 2266 5827 καὶ

701 5826 914 5905 μεγᾶὶῃ
967 5832 1216 5899 κυριακῇ
1270 5829 1362 5881 τοῦ
1395 5830 1674 5897 llirxzw;
1731 5833 2162 5893 any-moritur.
2210 5826 2265 5877 τ’)

2367 4648 2485 4689 ante
2519 4649 2745 4687 mensam
2780 4632 2894 4683 sisti
2924 4630 3011 4681 διὰ
3054 4630 3144 4680 τὸν
3174 4628 3282 4679 τῶν
3315 4629 3654 4693 ἁντιμασῖων
3683 4628 3939 4696 ἄρχοντα,

2367 4739 2647 4800 posteaque
2677 4726 2852 4780 eodem
2884 4733 3148 4791 pra'eunte
3184 4722 3375 4775 adduci
3410 4722 3476 4772 ad
3498 4723 3942 4780 connnnnicnem,

2369 4829 2424 4872 ut
2464 4818 2638 4885 palam
2678 4824 2923 4868 testatum
2981 4812 3198 4879 faceret,
3256 4811 3372 4861 illos
3432 4825 3551 4861 suos
3621 4811 3829 4861 comites
3890 4809 3943 4859 in

2370 4926 2530 4963 unum
2559 4922 2743 4973 corpus
2777 4903 3035 4957 coaluisse
3059 4917 3175 4954 cum
3206 4900 3419 4955 Christo
3448 4911 3497 4953 et
3538 4899 3771 4953 Ecclesia
3808 4898 3943 4965 ejus.

2377 5000 2474 5055 llic
2502 5008 2675 5053 autem
2708 4998 2837 5049 ritus
2874 4996 2933 5049 τὸ
2972 4994 3311 5063 ἁντιμίνσιον
3344 4992 3518 5045 dictus
3574 5001 3668 5045 est.
3724 4988 3943 5044 Fabula:

2372 5092 2493 5161 plus
2534 5104 2695 5158 quam
2730 5086 3037 5155 Esopicm;
3071 5085 3269 5153 quibus
3295 5082 3609 5137 refellendis
3629 5082 3719 5134 diu
3746 5080 3942 5134 immn-

2371 5185 2479 5236 rari
2513 5182 2582 5234 nil
2613 5181 2715 5235 erit
2748 5193 2987 5239 necesse,
3024 5177 3111 5229 uhi
3135 5176 3306 5244 ipsam
3366 5174 3649 5227 veritatem
3701 5172 3944 5240 explica-

2371 5275 2629 5332 verimus.
2669 5285 2769 5323 nec
2806 5267 3024 5322 aliunde
3066 5266 3173 5320 nisi
3245 5282 3310 5317 ex
3375 5264 3688 5318 Grmeorum
3748 5276 3967 5335 monti-7

2370 5367 2585 5421 mentis.
2614 5362 2751 5428 Quid
2781 5362 2947 5430 igitur
2975 5368 3104 5414 sunt
3159 5358 3477 5409 antimensia
3504 5358 3527 5409 ?
3590 5354 3940 5416 Antlmensia,

2368 5456 2543 5524 inquit
2574 5453 2660 5507 ille
2684 5454 2736 5505 in
2766 5451 2895 5504 .lure
2929 5448 3044 5503 GR.
3079 5448 3171 5501 fol.
3204 5446 3329 5511 239,
3354 5448 3549 5499 scimus
3582 5445 3700 5512 fieri
3752 5444 3939 5505 solita,

2382 5545 2601 5617 quando
2656 5544 2897 5612 episopus
2958 5548 3262 5594 consecrato
3326 5536 3670 5599 dedicatoque
3750 5534 3942 5603 templo

2373 5684 2525 5747 ἅγιον
2557 5676 2889 5747 Εὐαγγέλιον
2920 5674 3023 5747 ὑ-πδ
3049 5671 3142 5725 τοῦ
3170 5672 3407 5747 μεγάλου
3428 5670 3739 5747 οἰκονόμουΣ

2458 5736 2788 5816 Ἐπληρῶίὶη
2812 5749 2837 5795 ὁ
2872 5743 3045 5816 δεξιὸς
3073 5736 3229 5811 χορὸς
3259 5742 3351 5792 καὶ
3384 5741 3449 5792 τὰ
3484 5740 3695 5807 μεγάλα
3716 5736 3947 5807 ὀφςρίκια

2377 5822 2482 5873 τῶν
2516 5814 3007 5886 {minuant-adu.
