4266 6438
321 400 411 462 161
1414 403 1806 464 GRE'FSEIU
1853 402 1952 463 ET.
1985 400 2217 461 GOARI
2251 403 2489 464 NOT/E.

3450 402 3555 467 102

314 535 548 588 pannum
591 538 780 574 mensa:
822 522 1145 575 substratum
1191 535 1525 587 mensamque
1570 535 1661 571 seu
1724 515 1895 571 altare
1926 521 1968 574 Α

1874 534 1895 571 e
1926 521 1968 574 Α
2001 522 2086 565 tur
2118 514 2191 577 ὡς
2218 514 2610 582 ἁντιπρόσωπα
2637 511 2730 565 καὶ
2754 512 3021 563 ἀντίτυπα
3056 510 3163 563 τῶν
3207 511 3412 563 πολλῶν
3444 516 3559 582 μιν.

316 621 587 678 tegentem,
621 613 673 665 in
739 613 913 680 frusta
969 612 1254 665 dissectum
1310 612 1610 679 pictumque
1648 610 1892 662 sacerdo-

317 703 451 755 tibus
505 705 793 767 distribuit,
848 715 905 757 ut
962 720 1021 758 eo
1073 704 1284 772 prwditi
1330 703 1651 770 sacrificium
1699 702 1887 770 offerre

313 805 503 861 queant
569 793 709 848 Sunt
744 795 909 863 igitur
936 796 1250 849 antimensia
1281 809 1341 848 ea
1368 809 1488 863 qua:
1543 793 1685 862 apud
1743 793 1888 847 Lati-

315 903 410 938 nos
436 888 635 953 lapides
660 889 955 941 consecrati
988 903 1083 944 seu
1108 904 1215 942 arce
1238 887 1529 955 portatiles,
1554 887 1671 943 sine
1689 888 1885 956 quibus

314 979 640 1031 suetiliriutll
674 979 784 1032 iieri
826 968 935 1033 non
979 988 1178 1048 potest,
1243 979 1286 1032 si
1349 993 1453 1033 non
1513 978 1772 1033 oil‘eratnr
1830 978 1883 1031 in

316 1070 469 1121 :lilal'i
531 1086 621 1135 per
682 1084 737 1123 se
809 1071 1049 1138 alioquin
1102 1080 1423 1125 consecrato
1478 1082 1532 1124 et
1608 1070 1880 1123 dedicato.

316 1159 576 1214 Dicuntur
632 1163 1118 1228 antimensia,quia
1181 1172 1309 1217 sunt
1360 1164 1480 1217 loco
1538 1177 1735 1215 ntensa:
1789 1176 1882 1213 seu

316 1269 423 1305 arae
461 1263 791 1307 consecratae
824 1255 1050 1323 ejusque
1089 1256 1259 1309 vicem
1293 1256 1571 1319 subeunt;
1640 1255 1881 1319 liuntque

315 1362 377 1398 ex
446 1361 627 1413 panno
675 1347 851 1399 diviso
899 1357 945 1399 et
1014 1346 1065 1398 in
1121 1346 1291 1399 frusta
1331 1344 1590 1407 dissecto,
1637 1359 1704 1396 ex
1748 1342 1880 1406 illo,

315 1438 555 1503 inquam,
582 1451 759 1505 panno
780 1438 871 1505 qui
893 1438 1060 1489 altare
1082 1437 1149 1489 ab
1172 1437 1429 1505 episcopo
1457 1436 1522 1488 de
1576 1450 1714 1487 novo
1744 1451 1873 1488 cun-

313 1538 584 1582 secrututn
614 1528 877 1581 vestiebat
910 1539 960 1580 et
987 1529 1216 1581 ornabat
1254 1545 1266 1580 :
1337 1528 1438 1580 hoc
1495 1529 1640 1580 enim
1692 1528 1876 1595 operi-

317 1628 555 1671 utentum
582 1618 633 1670 in
665 1630 844 1685 partes
880 1618 1115 1671 minutas
1166 1618 1462 1672 dissectum
1497 1617 1881 1672 .distribuebat

312 1712 601 1780 episc0pus
625 1713 1019 1777 sacerdotibus,
1051 1724 1107 1766 ut
1136 1726 1321 1781 poStea
1352 1714 1586 1783 partium
1651 1714 1878 1767 istarum

314 1803 581 1856 beneﬁcio
603 1802 936 1858 sacrificium
960 1805 1013 1858 in
1043 1805 1303 1861 altaribus
1333 1806 1495 1860 etiam
1536 1822 1642 1860 non
1692 1819 1882 1860 conse-
1920 1826 1960 1881 Β

313 1896 479 1947 cratis
505 1894 706 1948 oll‘crre
737 1904 981 1963 possent.
1020 1895 1225 1949 (iners.

386 1984 471 2056 [P.
502 1987 556 2040 5.
583 1986 948 2053 Antimensia,
972 1989 1129 2056 quasi
1148 2003 1337 2041 mensa’
1362 2003 1527 2040 sacra!
1551 1987 1658 2040 vice
1680 2001 1893 2040 assum-

314 2086 429 2146 pta,
461 2087 590 2131 sunt
638 2076 977 2148 "Grecorum
1005 2077 1201 2131 altaria
1266 2077 1747 2147 portatilia,lintea
1805 2078 1890 2129 ni-

316 2168 517 2219 mirum
581 2168 756 2223 sacris
811 2166 1057 2236 reliquiis
1106 2167 1294 2234 dilata,
1364 2177 1638 2236 unguento
1677 2181 1891 2236 quoque

313 2273 475 2312 sacro
492 2257 730 2311 delibuta
782 2273 843 2311 ac
861 2258 1133 2327 pontiiicis
1158 2258 1536 2313 benedictione
1558 2257 1623 2311 ad
1672 2258 1888 2311 missam

314 2349 369 2402 in
401 2349 467 2403 iis
490 2347 864 2403 celebrandam
897 2348 1162 2402 dedicata.
1227 2348 1296 2404 Ut
1352 2364 1543 2402 eorum
1610 2362 1741 2402 usus
1805 2357 1889 2400 est

316 2441 368 2493 in
415 2439 818 2503 communione,
884 2439 977 2508 qui
1030 2439 1194 2510 hujus
1236 2454 1425 2496 curam
1469 2439 1717 2508 suscipit,
1779 2437 1888 2492 illis

315 2533 511 2601 ιιι-τιξίὶςί
536 2538 816 2587 asscritur.
837 2531 1034 2602 Gonn]

387 2624 654 2685 Quocirca
705 2625 902 2693 quaerit
952 2625 1042 2678 ille
1104 2625 1155 2678 in
1214 2622 1344 2678 Jure
1395 2622 1888 2687 Graeco-Romano,

313 2717 440 2785 quid
474 2716 772 2784 faciendum
801 2718 848 2770 si
883 2716 1049 2770 desint
1076 2718 1412 2781 antimensia,
1470 2732 1586 2767 cum
1640 2716 1753 2768 sine
1807 2714 1887 2768 his

314 2807 575 2859 celebrare
603 2821 703 2860 non
744 2806 897 2859 liceat
931 2808 954 2861 .9
987 2804 1325 2875 Responsum
1361 2805 1441 2858 bis
1468 2804 1647 2859 verbis
1691 2804 1886 2858 datur:

313 2899 638 2951 Antimensia
669 2899 723 2950 in
758 2897 997 2951 erunibus
1025 2899 1217 2951 sanctis
1260 2898 1451 2950 mensis
1480 2896 1606 2962 (hoc
1640 2904 1721 2949 est
1748 2895 1887 2949 aita-

316 2990 490 3057 riltus)
534 2992 658 3058 poni
689 3006 893 3044 necesse
924 3006 1023 3043 non
1075 2999 1175 3053 est,
1208 2990 1296 3043 sed
1346 2989 1399 3041 in
1466 2990 1530 3041 iis
1589 2989 1652 3042 de
1701 2988 1886 3057 quibus

314 3084 569 3133 incertum
606 3098 731 3134 num
764 3090 1086 3135 consecrata:
1108 3083 1213 3134 sint
1240 3097 1418 3134 necne.
1450 3079 1591 3133 Nam
1614 3082 1878 3133 antimen-

1999 622 2106 657 σων
2139 606 2249 657 τῶν
2283 602 2720 672 καταρτιζόντων
2756 604 2852 670 τὴν
2870 603 3044 670 ,ἁγίαν
3091 603 3187 655 καὶ
3240 603 3561 676 δεσποτικὴν

1993 696 2288 765 τράπεζαν.
2334 695 2470 749 Sunt
2509 695 2656 751 enini
2686 696 2856 765 ipsius
2886 705 3216 751 consecratas
3246 712 3448 751 tuensm
3467 712 3563 752 seu

1991 804 2102 843 arae
2132 790 2330 865 {vicaria
2355 808 2368 843 :
2389 805 2514 843 nam
2536 798 2594 844 ut
2627 789 2768 843 idem
2809 786 3154 859 Nieepborus
3184 789 3336 853 dicit,
3354 792 3567 859 proprie

1995 900 2196 936 mensas
2236 898 2327 937 seu
2372 898 2497 938 aras
2538 882 2848 953 signiﬁcant
2902 897 3052 951 quas~
3081 886 3406 937 consecratio
3459 900 3561 937 non

1990 977 2360 1043 sancti/icavit.
2396 976 2575 1030 Monet
2613 976 2778 1032 etiam
2814 976 2915 1031 hoc
2964 973 3306 1044 Nicephorus
3339 995 3350 1028 :
3381 974 3440 1030 Si
3469 992 3563 1045 per

1989 1069 2346 1137 ignorantiam
2402 1068 2567 1120 lotum
2615 1068 2775 1135 fuerit
2834 1067 3228 1131 antimensium,
3292 1083 3395 1119 non
3434 1084 3559 1134 pro-

1987 1172 2161 1228 pteren
2181 1161 2420 1212 amittere
2442 1160 2921 1226 sanctiﬁcationem
2945 1175 3036 1213 nec
3093 1158 3375 1227 profanum
3411 1159 3558 1227 effici.

1986 1250 2093 1303 Pro
2134 1266 2242 1316 quo
2264 1250 2377 1313 alii,
2438 1252 2629 1304 vitiose
2669 1265 2897 1319 prorsus
2953 1250 3210 1318 nullaque
3276 1266 3463 1313 sensu,
3513 1253 3561 1303 si

1987 1342 2257 1409 inpletum
2287 1342 2443 1409 fuerit
2472 1342 2847 1394 antimensium
2882 1358 2893 1394 :
2967 1341 3228 1394 nimirum
3252 1355 3352 1410 pro
3386 1341 3557 1408 πλυοῇ

1986 1432 2233 1499 legerunt
2264 1432 2556 1500 πληθυνοῇ.
2595 1431 2724 1496 Qua:
2750 1430 2943 1485 vitiosa
2982 1432 3139 1485 lectio
3196 1446 3226 1485 a
3282 1429 3561 1484 Bozteiillio

1989 1523 2229 1593 proiecta
2269 1533 2447 1577 exstat
2477 1524 2640 1576 etiam
2684 1534 2819 1579 tom.
2848 1521 2915 1577 Vl
2947 1521 3288 1577 Bibliotheca
3320 1520 3422 1577 SS.
3460 1519 3560 1575 Pa-

1989 1628 2156 1669 lfUlu.

2059 1706 2111 1759 in
2133 1705 2471 1773 Eucbologio
2498 1702 2806 1757 Graecorum
2849 1704 3224 1772 praescribitur
3251 1702 3423 1767 τάξις,
3460 1701 3562 1755 boe

1988 1808 2070 1852 est
2105 1799 2297 1851 modus
2328 1806 2379 1849 et
2412 1799 2545 1849 ordo
2611 1796 2969 1849 consecrandi
3000 1796 3346 1850 antimensia.
3372 1793 3561 1858 Quan-

1999 1890 2083 1949 do,
2112 1889 2305 1956 inquit,
2358 1892 2652 1940 sacerdotes
2686 1888 3000 1940 antimensia
3038 1903 3224 1941 mensa
3262 1888 3556 1953 imponunt.

1994 1981 2102 2033 illis
2121 1995 2185 2033 ea:
2205 1980 2443 2032 oenanthe
2465 1996 2555 2033 seu
2583 1981 2711 2047 flore
2735 1979 2841 2031 vini
2860 1980 3249 2044 superinfundit
3287 1980 3559 2047 episcopus

1997 2082 2075 2125 ter
2103 2081 2357 2140 quantum
2394 2072 2545 2135 satis,
2572 2071 2790 2122 recitato
2817 2071 3023 2122 interim
3056 2070 3292 2137 psalmo:
3328 2088 3346 2120 s
3373 2071 3561 2137 Asper.

1995 2178 2078 2231 ges
2108 2178 2208 2227 me,
2228 2162 2468 2227 Domine,
2517 2163 2762 2230 hyssopo,
2800 2170 2849 2214 et
2882 2162 3196 2226 mundabor,
3236 2161 3433 2214 lavabis
3458 2177 3560 2223 me,

1995 2266 2044 2308 et
2068 2270 2222 2322 super
2249 2255 2414 2307 nivem
2439 2254 2776 2307 dealbabor.»
2802 2253 2915 2307 Hoc
2939 2263 3015 2307 ter
3040 2254 3401 2330 dictoqreliqua
3424 2253 3563 2321 ejus-

1992 2349 2107 2400 dem
2133 2348 2326 2416 psalmi
2355 2345 2618 2416 adjungit,
2645 2345 2909 2414 Deumque
2951 2345 3252 2427 benedicens
3281 2347 3378 2410 ait,
3414 2363 3431 2396 ι
3462 2345 3562 2398 Be-

1993 2440 2225 2493 nedictus
2280 2439 2415 2492 Deus
2453 2449 2644 2503 noster,
2681 2453 2816 2491 nunc
2845 2448 2893 2491 et
2936 2454 3141 2507 semper
3177 2449 3226 2491 et
3260 2438 3316 2491 in
3365 2437 3561 2491 secula

1990 2532 2324 2594 seculorum,
2355 2532 2540 2584 Amen.
2586 2549 2604 2582 ι
2668 2534 2860 2585 Postea
2882 2542 3092 2598 accepto
3129 2531 3271 2583 sacri
3312 2530 3563 2599 unguenti

1992 2640 2134 2686 vase,
2160 2632 2208 2675 et
2232 2623 2453 2674 diacono
2484 2624 2744 2675 clamante
2763 2661 2778 2687 ,
2807 2641 2825 2675 t
2859 2624 3221 2687 Attendamus,
3259 2639 3277 2673 ι
3317 2621 3443 2689 facit
3471 2638 3562 2688 per

1991 2715 2362 2767 antintensium
2396 2729 2570 2765 cruces
2608 2723 2734 2776 tres,
2795 2729 2954 2765 unam
2983 2729 3074 2781 per
3107 2714 3354 2773 medium,
3397 2713 3563 2763 utrin-

1988 2820 2085 2874 que
2105 2806 2260 2864 duas,
2286 2804 2633 2872 recitaturque
2653 2803 2887 2879 psalmus
2913 2821 2926 2857 :
2964 2821 2982 2854 ι
3017 2802 3148 2856 Ecce
3177 2818 3333 2872 quam
3369 2804 3560 2856 bonum

1988 2906 2037 2950 et
2070 2911 2226 2964 quam
2248 2895 2566 2963 jucundum,
2608 2911 2626 2943 ι
2660 2895 2908 2962 usquead
2931 2894 3119 2962 ﬁnem,-
3161 2895 3422 2964 Deumque
3449 2897 3561 2949 col.

1988 2988 2215 3041 laudans
2232 2986 2359 3038 dicit
2378 2987 2644 3053 episcopus
2666 3001 2684 3038 :
2712 3003 2729 3036 ι
2757 2983 2937 3038 Gloria
2960 2986 3075 3051 tibi,
3100 2994 3283 3039 sancta
3307 2984 3557 3050 Trinitas.

1988 3078 2125 3132 Deus
2164 3086 2339 3129 noster
2382 3078 2436 3129 in
2470 3076 2689 3129 swcula.
2750 3095 2768 3128 ι
2821 3075 3014 3129 Deinde
3068 3086 3277 3144 accepto
3328 3078 3561 3131 turibulo

312 3172 393 3222 sia
436 3172 603 3224 locum
658 3173 883 3225 obtinent
937 3180 1360 3225 consecratarum
1412 3188 1729 3234 mensarum,
1793 3186 1883 3223 nec
1911 3162 1953 3218 C
1986 3173 2250 3225 incensum
2290 3170 2451 3236 facit;
2480 3178 2529 3221 et
2558 3170 2777 3222 diacono
2793 3169 3031 3222 dicente:
3069 3186 3083 3217 ι
3117 3168 3337 3221 Oremus
3381 3167 3562 3221 Domi-

312 3264 381 3314 iis
406 3278 532 3329 opus
568 3272 641 3314 est
669 3264 757 3315 ubi
790 3279 998 3317 mensas
1030 3274 1368 3318 consecratas
1402 3280 1510 3317 esse
1534 3271 1760 3316 constat.
1805 3262 1881 3317 Ex

314 3355 517 3419 quibus
544 3353 751 3422 liquido
805 3364 949 3422 patet
1013 3371 1134 3425 quae
1187 3356 1294 3409 sint
1348 3357 1684 3418 antimensia,
1764 3354 1886 3423 quis

314 3458 499 3495 eorum
544 3457 697 3507 usus,
739 3457 933 3510 nempe
971 3442 1109 3496 idem
1175 3460 1403 3510 prorsus
1458 3447 1550 3513 qui
1593 3444 1733 3511 apud
1781 3457 1883 3498 nos

314 3534 570 3584 altarium
615 3532 944 3599 partatiliutn
1020 3549 1113 3587 seu
1175 3536 1432 3600 lapidum,
1497 3546 1555 3589 ut
1602 3548 1882 3598 vocamus,

314 3634 759 3684 consecratorum,
791 3640 1023 3693 quorum
1058 3626 1320 3680 benelicio
1348 3636 1521 3694 potest
1582 3626 1704 3694 quis
1723 3627 1883 3680 etiam

317 3720 370 3771 in
395 3733 499 3770 non
522 3728 838 3773 consecrato
867 3719 1022 3772 altari
1052 3718 1359 3772 celebrare.
1405 3718 1557 3783 Quod
1610 3734 1739 3787 ergo
1789 3733 1887 3774 nos

318 3821 609 3873 possumus
639 3807 739 3860 ltoc
761 3808 959 3871 medio,
984 3807 1035 3861 id
1057 3806 1228 3860 Graeci
1250 3807 1482 3875 quibant
1508 3822 1601 3874 per
1625 3808 1889 3861 antimeu-

317 3900 421 3961 sia,
453 3898 560 3952 hoc
589 3905 671 3951 est
698 3913 791 3967 per
813 3906 991 3966 partes
1014 3899 1307 3965 tegumenti
1333 3898 1479 3952 illius
1508 3898 1650 3966 quod
1686 3912 1887 3951 novum

318 3992 509 4053 altare,
575 3990 793 4058 quando
864 3989 1120 4058 templum
1177 3990 1623 4054 consecrabatur,
1668 4005 1891 4057 operue-

321 4091 431 4134 rat.

393 4176 538 4227 inter
573 4183 796 4229 caeteras
832 4173 1163 4242 quaestiones
1200 4170 1394 4226 Joauni
1439 4170 1612 4225 Citrio
1645 4172 1892 4239 proposi-

320 4280 404 4322 tas
440 4269 554 4320 brae
599 4267 760 4320 etiam
797 4281 903 4319 una
955 4277 1091 4327 erat,
1121 4280 1188 4317 an
1221 4265 1532 4317 antimensia
1587 4263 1746 4315 etiam
1805 4279 1890 4314 va-

319 4362 455 4413 leant
486 4361 537 4410 in
559 4358 683 4412 aliis
715 4357 991 4426 provinciis
1004 4369 1053 4409 et
1074 4356 1395 4416 dioecesibus,
1415 4370 1481 4406 an
1507 4353 1677 4406 solum
1698 4356 1748 4405 in
1767 4353 1897 4406 diae-

1987 3278 2132 3328 num,
2161 3280 2178 3312 »
2220 3262 2296 3313 sic
2321 3269 2567 3328 precatur
2586 3259 2847 3327 pontifex.
2876 3258 3201 3313 Subduntur
3223 3259 3420 3313 deinde
3438 3274 3560 3328 pre-

1984 3369 2096 3420 ces,
2122 3368 2258 3423 quas
2281 3367 2442 3421 super
2461 3352 2777 3404 antimensia
2805 3351 3051 3419 pontifex
3078 3351 3255 3405 fundit
3280 3367 3294 3416 ;
3326 3367 3557 3420 quarum

1985 3445 2255 3501 desiderio
2288 3444 2380 3514 qui
2421 3452 2654 3508 tenetur,
2695 3444 2740 3497 is
2773 3442 3162 3513 Eucbologium
3198 3443 3466 3499 consulat.

2059 3536 2235 3589 Animi
2280 3550 2443 3590 causa
2475 3534 2624 3603 juvat
2683 3532 2882 3588 addere
2934 3534 3294 3603 qumstionent
3357 3533 3556 3589 Joattni

1986 3628 2157 3682 Citrio
2190 3627 2543 3695 propositam,
2585 3624 2713 3693 quid
2754 3623 2943 3679 Grece
2980 3624 3252 3694 signiﬁcet
3299 3624 3559 3677 antimen—

1984 3723 2146 3786 sium,
2166 3735 2219 3774 et
2248 3720 2519 3789 quomodo
2542 3717 2886 3772 scribendum
2924 3718 3014 3780 sit,
3062 3695 3190 3770 num
3231 3731 3328 3786 per
3359 3712 3465 3787 ἦτα
3487 3732 3555 3771 sn

1990 3829 2083 3883 per
2102 3813 2253 3867 ἰῶτα.
2268 3812 2348 3865 Ad
2375 3812 2513 3864 Itane
2538 3809 2898 3879 quaestionem
2922 3808 2995 3861 ita
3014 3806 3304 3875 respondet
3326 3806 3552 3860 Citrius:

1989 3904 2281 3971 Appellatio
2317 3904 2594 3955 deducitur
2629 3918 2660 3953 a
2696 3916 2894 3960 mensa,
2922 3898 3057 3967 quod
3087 3898 3371 3950 secundum
3404 3895 3555 3952 Grae-

1990 4010 2077 4048 cos
2104 3994 2307 4061 quidem
2329 3990 2591 4060 signiﬁcat
2614 3989 2808 4041 κανοῦν
2853 3988 3170 4052 canistrum,
3200 3994 3247 4039 et
3272 3988 3555 4038 secundum

1995 4086 2239 4141 Italicam
2268 4084 2503 4151 linguam
2521 4082 2580 4132 τὸ
2604 4078 3168 4149 πεπραγματευμένον
3191 4081 3304 4141 τοῖς
3334 4078 3555 4146 ili/anot-

1993 4182 2072 4240 οῖς
2116 4174 2657 4240 ὲδεστόνᾸηῑθΓρΓρι,
2690 4171 2881 4225 Venale
2905 4170 3301 4238 propinotorum
3323 4169 3554 4222 edulium

1995 4272 2014 4342 (
2049 4284 2212 4339 quam
2246 4268 2383 4320 bene
2406 4266 2646 4327 Cra-cus,
2671 4272 2777 4317 tam
2814 4263 2951 4316 bene
2986 4260 3159 4315 Graeci
3216 4260 3478 4329 interpres
3512 4260 3552 4327 ).

1996 4360 2295 4414 Audiamus
2324 4367 2534 4409 caetera.
2554 4356 2668 4405 Hac
2707 4352 2911 4403 ratione
2953 4360 3002 4403 et
3028 4350 3084 4402 in
3113 4350 3304 4403 mensis
3327 4350 3555 4417 explica-

319 4451 661 4518 cesiepiscopi
683 4450 995 4501 antimensia
1016 4447 1109 4500 illa
1126 4448 1475 4499 consecrantis
1492 4457 1537 4497 et
1559 4444 1892 4511 conﬁcientis.
1930 4483 1973 4538 Β
2005 4467 2069 4509 ιω
2102 4468 2300 4520 mappa:
2332 4448 2672 4500 noniinantur
2694 4442 2966 4501 mensalia.
3001 4453 3250 4509 tanquam
3291 4441 3361 4493 ad
3395 4456 3555 4493 οτηη.

323 4541 479 4611 147
518 4541 817 4609 liesponsio
840 4549 923 4593 est
968 4539 1139 4592 ualere
1178 4538 1381 4602 ubique,
1434 4538 1567 4589 sicut
1640 4545 1689 4588 et
1722 4535 1889 4601 ipsum

316 4649 528 4687 sacrant
560 4640 881 4701 unguentum
902 4640 953 4685 et
1003 4631 1113 4684 alia
1173 4647 1345 4693 sacra,
1402 4630 1636 4697 quamvis
1693 4644 1796 4679 uno
1835 4628 1890 4678 in

316 4724 433 4777 loco
461 4724 817 4791 sanctiﬁcata,
836 4723 992 4776 semel
1018 4732 1193 4775 tamen
1210 4722 1678 4787 sanctiﬁcationem
1702 4720 1889 4786 adepta

320 4816 514 4885 ubique
542 4834 657 4870 eam
688 4817 913 4869 retinent
947 4824 995 4868 et
1023 4824 1290 4876 exserunt,
1329 4813 1503 4881 inquit
1535 4811 1763 4872 Cilrius,
1795 4810 1888 4877 qui

317 4920 372 4963 et
405 4911 563 4961 docet
596 4908 912 4961 antimensia
940 4922 1041 4959 non
1092 4906 1258 4973 primo
1320 4904 1499 4956 statim
1546 4886 1889 4954 dedicationis

319 5000 404 5050 die
452 4998 758 5061 distributa,
822 4995 911 5051 sed
968 5007 1076 5049 tum
1134 4996 1363 5060 demum,
1420 4991 1507 5047 ubi
1535 5004 1890 5061 tegumentum

320 5091 509 5143 altaris
550 5105 640 5155 per
661 5088 925 5156 sacriﬁcia
957 5096 1152 5153 septem
1188 5088 1449 5141 continuis
1480 5087 1659 5137 diebus
1711 5084 1887 5137 oblata

319 5180 790 5246 sancti/irationem
823 5180 1130 5243 accepisset,
1153 5180 1207 5232 in
1256 5190 1428 5247 partes
1456 5179 1684 5231 divisum
1716 5184 1763 5228 et
1792 5170 1887 5243 pro

319 5274 653 5327 antimensiis
690 5274 1029 5346 distributum
1058 5289 1189 5326 esse.
1216 5272 1270 5325 in
1299 5275 1541 5326 eamdem
1565 5272 1885 5325 sententiam

319 5366 661 5435 Nicepltorus
741 5369 1049 5435 patriarcha
1106 5366 1424 5435 Cpoiitanus
1481 5374 1611 5417 tom.
1669 5363 1685 5415 I
1741 5363 1887 5417 Jnt-is

318 5458 545 5513 δῆλοι.
576 5457 681 5520 29,
723 5459 1072 5520 Antimensia,
1122 5459 1315 5526 inquit,
1388 5458 1676 5522 ubicunque
1730 5457 1887 5522 fuerit

318 5552 385 5604 iis
414 5565 567 5617 opus,
602 5551 902 5610 mittuntur,
956 5565 1045 5601 nec
1103 5550 1180 5601 vel
1246 5549 1342 5600 hac
1402 5546 1475 5599 vel
1533 5546 1627 5597 illa
1684 5548 1887 5609 regione

321 5644 846 5701 circumscribuntur,
873 5643 961 5694 sed
1001 5642 1055 5693 in
1101 5641 1257 5694 aliam
1321 5655 1517 5708 quoque
1564 5638 1886 5704 provinciam

320 5733 714 5799 transferuntur
741 5732 943 5784 sicutet
977 5746 1185 5782 sacrum
1236 5737 1571 5796 unguentum.
1611 5725 1767 5775 Addit
1792 5724 1883 5773 Ni-

322 5826 590 5894 cepltorus
624 5823 953 5877 notationem
988 5820 1225 5875 nominis
1262 5837 1274 5873 :
1315 5820 1399 5871 Sic
1422 5827 1593 5869 autem
1618 5814 1891 5880 appellun-

1995 4564 2104 4604 tum
2123 4556 2311 4595 mensce
2337 4538 2528 4606 posita.
2566 4534 2783 4602 Vulgari
2808 4542 2982 4584 autem
3006 4548 3102 4583 usu
3133 4529 3445 4583 antimensia
3475 4529 3557 4580 di-

1992 4648 2180 4695 cuntur
2204 4643 2259 4686 ut
2290 4634 2342 4684 in
2372 4629 2590 4682 vestibus
2616 4628 2873 4694 antipana
2912 4622 3260 4693 (antipanni).
3306 4620 3437 4675 ﬂare
3457 4636 3555 4672 au-

1994 4743 2093 4784 tem
2120 4729 2173 4779 in
2207 4722 2401 4776 sanctis
2429 4718 2536 4771 illis
2562 4727 2824 4782 ponuntur
2850 4716 3035 4766 mensis
3079 4728 3210 4780 quas
3234 4713 3555 4763 consecratio

1993 4838 2095 4875 non
2125 4811 2491 4881 sancti/icavit.
2521 4807 2682 4879 148
2708 4806 2996 4874 Subjuttgit
3023 4804 3227 4857 Citritts
3254 4820 3266 4855 :
3328 4799 3387 4854 Si
3424 4811 3551 4851 tens-

1990 4913 2134 4981 plnm
2163 4924 2265 4959 non
2296 4915 2372 4957 est
2401 4902 2721 4982 dedicatum,
2749 4896 2888 4966 quod
2911 4897 2958 4949 ei
2998 4896 3159 4957 deest,
3194 4891 3552 4958 sanctiﬁcato-

1995 5004 2077 5055 ria
2112 5001 2183 5053 vis
2225 4992 2527 5048 antintensii
2556 4988 2757 5057 implet.
2794 4987 3019 5054 Ideoque
3049 4987 3105 5038 in
3138 5000 3239 5046 non
3260 4990 3551 5035 consecrata

1992 5091 2182 5159 templo
2227 5084 2545 5150 sacriﬁcium
2591 5081 2702 5133 sine
2747 5077 3062 5131 antimensio
3093 5088 3354 5141 nunquam
3383 5071 3553 5136 facere

1989 5185 2128 5235 licet.
2178 5179 2241 5232 Et
2269 5174 2530 5232 sacerdoti
2566 5171 2657 5240 qui
2696 5170 2791 5222 hoc
2824 5184 2983 5220 ausus
3036 5167 3216 5234 fuerit,
3258 5176 3404 5224 paena
3454 5160 3551 5213 erit

1988 5272 2263 5340 depositio.
2300 5266 2403 5320 Per
2434 5267 2541 5317 iota
2571 5273 2745 5315 autem
2786 5258 3037 5313 scribitur
3082 5256 3169 5308 διὰ
3201 5257 3261 5306 τὸ
3292 5249 3502 5304 ὲθνικόν
3536 5266 3549 5277 ν

1991 5365 2057 5416 τὰ
2086 5363 2192 5429 γὰρ
2226 5360 2417 5411 ὲθνικὰ
2449 5356 2593 5409 κατὰ
2615 5354 2707 5405 τὸν
2743 5348 3131 5421 γραμματικὸν
3184 5344 3385 5398 κανόνα
3422 5340 3550 5394 οὔτε

1990 5451 2324 5521 παραγωγὰς
2341 5448 2464 5501 οὔτε
2490 5447 2718 5508 κανόνας
2741 5447 2969 5513 ἔχουσιν.
2992 5439 3169 5494 Solent
3186 5445 3355 5489 autent
3373 5447 3545 5503 gum-

1990 5545 2169 5596 matici
2184 5558 2272 5609 per
2295 5541 2400 5592 iota
2419 5550 2462 5591 et
2487 5538 2717 5590 omicron
2741 5545 2785 5587 ct
2805 5534 3007 5598 epsilon
3025 5530 3122 5592 τὰς
3143 5526 3354 5586 ἐθνικὰς
3375 5524 3554 5591 φωνάς

1989 5636 2233 5691 scribere.
2290 5631 2418 5695 Quae
2460 5630 2600 5683 ratio
2653 5627 2808 5683 Cill'ii
2858 5623 3042 5695 quanti
3089 5622 3177 5681 sit,
3230 5618 3280 5672 in
3313 5614 3548 5686 cujusvis

1986 5727 2208 5782 arbitrio
2240 5725 2403 5777 simul
2428 5732 2563 5776 esto.

2061 5822 2146 5873 Ait
2190 5819 2405 5886 insuper
2448 5812 2763 5868 antimensia
2795 5810 2940 5865 nullo
2988 5807 3147 5864 modo
3182 5804 3389 5859 licitum
3422 5813 3549 5855 con-
