4266 6438
693 318 791 383 163

1816 322 1894 379 ΙΝ
1931 322 2236 380 LIBRUM
2283 319 2375 377 illi
2406 318 2885 379 OFFiileS(1l'.

3838 316 3933 377 164

689 437 872 499 licere,
907 433 1013 486 nisi
1048 432 1247 485 innovi
1283 430 1466 499 templi
1493 428 1851 494 dedicatione,
1876 434 2080 501 quique
2106 447 2265 485 secus
2299 440 2338 488 Α
2372 444 2543 498 nugas
2569 431 2632 481 de
2667 428 3049 493 solli-agatione
3084 440 3135 478 et
3189 428 3472 490 electione,
3530 428 3801 495 quomodo
3838 437 3935 481 ad-

687 532 868 595 agant,
910 539 1148 579 canones
1208 524 1557 590 transgredi,
1593 539 1694 579 nec
1752 523 1952 579 referre
1996 538 2123 577 num
2160 541 2261 575 nn-

688 634 781 686 per
814 617 1068 685 templum
1102 615 1173 670 sit
1198 624 1539 670 exstructum
1606 633 1619 679 ;
1648 616 1779 671 satis
1824 630 1944 669 esse
1976 616 2121 683 quod
2155 630 2260 667 null

690 710 851 763 fuerit
886 708 1217 774 dedicatum,
1275 707 1715 779 quandocunque
1780 708 2001 762 demum
2049 717 2266 763 exstru-

690 814 832 858 ctum
856 802 1045 858 luerit.

760 894 855 948 llis
892 894 1037 948 hunc
1069 893 1121 947 in
1158 893 1375 946 modum
1427 891 1494 945 de
1546 890 2000 947 antimensinrum
2055 895 2265 948 ratione

689 984 997 1053 explicatis,
1032 984 1084 1037 in
1118 992 1306 1036 tenues
1338 997 1503 1038 auras
1558 985 1834 1039 evanescit
1880 983 2144 1039 Junianus
2178 987 2267 1039 ille

692 1075 985 1127 antecessui
1027 1088 1217 1126 mensa
1250 1073 1549 1141 praefectus,
1578 1088 1699 1127 cum
1728 1072 1955 1128 scholiis
2008 1073 2113 1127 illis
2143 1088 2269 1129 vero

693 1165 889 1219 scoriis
914 1172 968 1219 et
1024 1164 1270 1219 insulsis.
1328 1164 1436 1218 Nos
1470 1164 1779 1234 prad‘ectnm
1827 1166 2266 1219 antimensiorum

693 1256 1106 1308 velantimensii
1150 1254 1529 1320 nominemus;
1556 1254 1644 1308 cui
1673 1261 1875 1324 prater
1906 1268 2096 1308 curam
2130 1258 2270 1309 anti-

693 1345 1012 1397 menu‘orum
1042 1344 1202 1399 etiam
1232 1343 1347 1397 haec
1370 1341 1741 1405 incumbebat,
1775 1351 1831 1397 ut
1862 1358 2062 1412 corpus
2084 1344 2270 1398 Domi-

695 1436 749 1487 ni
790 1443 1113 1502 accepturos
1143 1434 1208 1487 ad
1237 1433 1677 1488 communionem
1707 1448 1802 1487 seu
1849 1432 2141 1488 deduceret
2172 1448 2269 1487 seu

698 1526 1000 1581 induceret.
1032 1525 1239 1581 Gnars.

1317 1615 1545 1671 CAPUT
1580 1614 1653 1670 X.

824 1710 900 1764 De
928 1719 1078 1763 sexta
1100 1708 1327 1777 pentade
1374 1708 1669 1776 ofﬁciorum
1724 1719 1773 1763 et
1813 1709 2147 1777 ofﬁcialium.

2368 523 2515 575 missi
2552 531 2679 575 sunt
2706 532 2764 574 ut
2793 521 2961 574 libere
3002 528 3055 573 et
3090 519 3356 588 intrepide
3406 519 3707 572 indicarent
3737 520 3940 589 quibus

2367 613 2820 683 snll'ragarentur,
2856 614 2899 667 si
2930 613 3061 675 hinc,
3102 621 3159 663 nt
3189 623 3376 681 postea
3399 612 3494 676 ait,
3527 613 3742 666 nonnisi
3779 616 3938 677 trepi-

2367 708 2429 758 de
2450 714 2501 760 et
2530 705 2693 758 labris
2716 706 3053 759 trementibus
3085 703 3262 758 ell‘t-rri
3294 705 3491 769 solent,
3523 704 3622 757 etsi
3656 704 3705 757 in
3736 705 3816 759 liis
3849 721 3943 759 ne.

2369 813 2522 852 «esse
2561 808 2643 852 est
2677 797 2999 867 βαμόἀλειν,
3022 796 3269 850 Ιιωείιατε
3302 807 3357 851 et
3386 796 3686 863 fluctuare?
3720 795 3824 849 Sed
3849 812 3943 847 va-

2371 888 2769 944 leatbamhalio
2806 891 2937 944 iste:
2972 904 3072 943 nos
3110 889 3357 955 legamus
3396 890 3808 957 μοιιάμπουλλον
3843 908 3939 944 seu

2374 980 2772 1049 μονάμπουλον.
2802 976 2871 1031 Ut
2896 979 3039 1033 enim
3063 978 3256 1047 prioris
3286 980 3495 1033 ostiarii
3542 990 3625 1034 est
3668 979 3812 1035 fores
3848 998 3937 1035 cu-

2371 1072 2599 1133 stodire.
2620 1072 2749 1126 dum
2779 1071 3018 1125 ministri
3038 1070 3310 1136 Ecclesia,
3331 1069 3572 1135 diaconi,
3596 1054 3944 1137 subdiaconi,

2371 1168 2712 1230 sacerdotes,
2748 1164 3016 1235 episcopi,
3057 1165 3383 1218 ordinantur
3417 1174 3470 1219 et
3503 1165 3811 1226 initiantur,
3872 1165 3946 1214 ita

2372 1256 2536 1326 hujus
2564 1256 2789 1311 secundi
2858 1255 3069 1310 ostiarii
3095 1266 3179 1309 est
3218 1264 3402 1308 tenere
3434 1257 3729 1324 ampullam
3783 1270 3947 1307 unam

2370 1359 2425 1402 et
2454 1348 2646 1411 solam,
2671 1356 2730 1401 ut
2763 1346 3135 1409 distinguatur
3163 1359 3192 1398 a
3216 1345 3549 1413 dibampulo,
3585 1346 3650 1400 de
3679 1360 3790 1414 quo
3812 1345 3952 1399 inira

2374 1439 2440 1491 ad
2477 1452 2531 1506 p.
2567 1437 2656 1490 44.
2712 1433 2845 1489 Erat
2894 1444 3075 1489 autem
3144 1440 3198 1489 in
3263 1436 3500 1504 ampulla
3559 1436 3660 1490 hac
3711 1436 3952 1490 chrisma

2374 1530 2440 1585 ad
2467 1528 2779 1583 unctionem
2815 1526 3161 1582 sacerdotum
3194 1537 3247 1581 et
3274 1527 3655 1595 episcoporum
3700 1541 3953 1581 necessa-

2380 1623 2539 1686 rium,
2573 1633 2806 1689 eamque
2842 1619 3061 1673 tenebat
3108 1619 3210 1671 iste
3238 1618 3518 1680 ostiarius,
3565 1628 3625 1672 ut
3654 1622 3707 1672 in
3738 1631 3960 1688 promp-

2377 1724 2432 1767 tu
2464 1712 2648 1766 statim
2677 1710 2843 1773 foret.
2876 1710 2924 1764 si
2948 1708 3190 1764 initiator
3223 1717 3552 1779 reposceret.
3585 1707 3753 1763 Porro
3784 1723 3954 1764 vocu-

770 1801 831 1855 P.
870 1801 923 1854 5.
955 1800 1007 1853 ln
1047 1774 1200 1853 sexta
1232 1774 1467 1867 pentade
1499 1798 1735 1866 primum
1773 1774 1951 1853 locum
1996 1808 2140 1855 tenet
2164 1816 2274 1869 prt-
2308 1774 2346 1826 Β
2377 1806 2481 1859 lam
2523 1800 2763 1869 ampulla
2786 1802 2951 1856 etiam
3002 1799 3178 1855 Cra-ci
3233 1774 3481 1856 fecerunt
3513 1817 3668 1856 suam
3699 1800 3957 1870 ᾶμπουλα

701 1910 816 1947 mus
884 1893 1133 1945 ostiarius
1172 1889 1390 1958 κρατῶν
1425 1891 1522 1953 τὰς
1564 1889 1734 1959 θύρας
1778 1893 1855 1952 εἰς
1884 1891 1983 1952 τὰς
2035 1908 2274 1961 χειροτο-

701 1984 839 2051 νίας,
882 1984 970 2052 qui
1006 1981 1144 2050 fores
1182 1980 1407 2034 custodit
1440 1980 1492 2033 in
1528 1980 1753 2047 ferendis
1771 1981 2069 2050 suffragiis,
2104 1984 2281 2051 inquit

702 2074 918 2139 Junius,
974 2072 1326 2125 cltirotoniam
1371 2084 1468 2138 pro
1521 2069 1768 2123 electione
1819 2072 2111 2138 accipiens.
2168 2073 2277 2141 Ego

706 2168 887 2220 malim
911 2164 1261 2218 chirotoniam
1297 2162 1541 2229 accipere
1590 2176 1690 2230 pro
1714 2163 1937 2229 preprio
1956 2179 2057 2217 suo
2111 2165 2281 2233 signi-

705 2260 888 2320 ticato,
926 2268 1119 2323 nempe
1170 2267 1269 2322 pro
1318 2252 1735 2307 consecratione
1784 2268 1877 2306 seu
1931 2254 2278 2310 ordinatione

705 2348 1079 2403 ministrorum
1108 2343 1386 2409 Ecclesiae,
1412 2343 1481 2397 ita
1514 2352 1569 2397 ut
1595 2345 1765 2413 primo
1796 2346 2013 2399 Ostiario
2041 2362 2170 2400 cura
2197 2347 2281 2417 ja-

705 2456 828 2496 nuae
859 2438 1181 2493 demandata
1213 2436 1282 2490 sit
1313 2448 1440 2491 tunc
1462 2436 1679 2505 quando
1707 2435 1943 2504 diaconi,
1970 2441 2283 2496 sacerdotes

705 2534 906 2602 aliique
939 2532 1261 2587 ordinantur
1285 2539 1340 2584 et
1383 2535 1799 2583 consecrantur.
1851 2528 2115 2594 Quamvis
2161 2546 2283 2586 ma-

706 2638 943 2692 gnopere
973 2638 1080 2677 non
1111 2620 1443 2691 repugnabo,
1468 2619 1514 2674 si
1550 2620 1673 2688 quis
1704 2618 1940 2673 ollicium
1984 2621 2143 2691 primi
2181 2623 2283 2677 ltu-

704 2716 794 2781 jus
819 2714 1028 2767 ostiarii
1054 2713 1447 2780 interpretetur
1478 2711 1545 2764 de
1567 2710 1681 2779 ipsa
1700 2711 1965 2767 electione
2003 2713 2283 2770 ministro-

709 2820 829 2857 rum
864 2804 1148 2865 Ecclesiae,
1185 2820 1308 2857 cum
1342 2818 1435 2870 per
1488 2802 1742 2872 sull'ragia
1777 2804 2055 2872 eliguntur
2083 2806 2151 2860 ab
2177 2808 2285 2862 illis

705 2895 905 2965 quibus
933 2895 1023 2963 jus
1047 2902 1102 2948 et
1130 2902 1371 2964 potestas
1392 2892 1621 2963 eligendi
1647 2902 1800 2947 :tunc
1828 2897 1972 2949 enim
1998 2895 2079 2950 vel
2103 2913 2187 2951 ma
2200 2899 2280 2952 xi-

711 3004 795 3042 me
817 2998 1023 3043 attento
1047 2996 1101 3042 et
1120 2987 1517 3055 circumspecto
1543 2987 1765 3040 ostiario
1792 3002 1931 3056 opus
1955 2996 2059 3042 est.
2077 2987 2284 3046 Csars.

791 3079 960 3150 [lbid.
988 3079 1124 3133 lluit:
1151 3080 1294 3133 aliud
1323 3093 1525 3133 munus
1551 3079 1857 3148 adiungunt
1884 3079 2182 3138 Allatiaua:
2216 3083 2279 3136 Ol
2311 3094 2355 3154 α

708 3172 973 3241 ὀπιάριοι
1005 3170 1304 3241 βαστάζων
1325 3171 1424 3241 τὴν
1453 3171 1652 3242 ράὁδον
1678 3171 1771 3225 τοῦ
1817 3174 2140 3243 ἀρχιερέως.
2167 3177 2280 3232 Cu-

715 3261 967 3315 bicularii
1006 3275 1147 3316 onus
1194 3275 1319 3316 esse
1363 3270 1619 3316 asserunt
1658 3263 1807 3318 alia:
1862 3261 1919 3318 ’0
1944 3264 2283 3337 κουὸούκλης

714 3354 801 3405 ἵνα
821 3351 1066 3422 passim
1099 3353 1158 3405 τὸ
1195 3351 1508 3406 δικανικιον
1532 3352 1627 3406 τοῦ
1658 3353 1982 3425 ἀρχιερέως,
2008 3355 2137 3409 ὅταν
2188 3374 2285 3411 πε-

712 3446 951 3511 ριπατεῖ.
986 3442 1136 3497 Com
1172 3442 1186 3513 ι

782 3532 842 3585 Ρ.
936 3532 1206 3587 Secundus
1226 3534 1475 3587 ostiarius
1495 3534 1757 3602 ὁσκρατῶν
1771 3536 1832 3589 τδ
1852 3537 2283 3608 μονοὸἁμὸυλον,

710 3627 798 3693 qui
825 3635 982 3691 tenet,
1007 3640 1103 3680 seu
1151 3626 1235 3681 cui
1270 3627 1363 3695 jus
1392 3628 1446 3681 in
1480 3627 1933 3699 monobambylum
1960 3648 1974 3684 :
2012 3632 2088 3685 ita
2119 3633 2289 3687 edidit

713 3718 937 3777 Junius.
985 3720 1127 3787 Quid
1169 3736 1298 3777 vero
1350 3723 1454 3777 hoc
1492 3723 1767 3778 nominis?
1811 3726 1890 3780 vel
1933 3726 2111 3795 potius
2151 3729 2285 3797 quid

716 3810 986 3865 monstri?
1014 3809 1206 3865 Junius
1257 3810 1347 3865 hic
1374 3810 1564 3877 multa,
1604 3812 1698 3867 sed
1742 3813 1901 3883 plane
1950 3815 2284 3872 ridicularia.

714 3902 856 3966 Quid
897 3919 1027 3973 ergo
1071 3903 1145 3956 illi
1176 3912 1262 3958 est
1310 3902 1784 3972 monobambylon‘.’
1814 3906 1928 3960 Duo
1954 3907 2073 3961 loca
2106 3909 2289 3962 chiro-

716 3997 875 4050 tonie
907 3996 1215 4065 distinguit,
1269 3996 1515 4063 alterum,
1541 4000 1596 4050 in
1627 4015 1781 4067 quem
1810 4016 1840 4050 a
1868 4001 2037 4067 primo
2069 4002 2287 4054 ostiario

713 4102 887 4138 omnes
916 4085 1175 4139 admissos
1210 4086 1341 4141 dicit
1366 4102 1493 4155 quos
1521 4101 1736 4141 noverat
1759 4089 1947 4142 habere
1970 4090 2059 4158 jus
2094 4092 2289 4157 sit/fra-

716 4179 786 4246 gii
816 4177 1047 4247 ferendi;
1078 4178 1303 4231 alterum
1344 4181 1699 4242 secretiorem,
1732 4182 1783 4233 in
1829 4181 1988 4251 149
2028 4199 2177 4250 quem
2218 4186 2286 4235 ad

716 4272 1077 4335 patriarcham
1107 4270 1181 4323 vel
1214 4271 1512 4337 episcopum
1538 4288 1627 4337 per
1654 4274 1940 4324 secundum
1999 4275 2287 4326 ostiarium

716 4362 1007 4414 intromissi
1040 4361 1255 4429 fuerint,
1293 4372 1347 4413 ut
1381 4362 1541 4415 libere
1571 4373 1618 4414 et
1650 4365 1906 4430 intrepide
1942 4367 2141 4430 optima
2182 4365 2285 4433 fide

716 4456 945 4507 dicerent
974 4455 1161 4520 quibus
1198 4452 1639 4520 su/I‘ragarentur,
1665 4456 1853 4521 quibus
1890 4472 1989 4507 non
2026 4456 2284 4524 suffraga-

719 4560 916 4609 rentur,
944 4558 991 4599 et
1021 4562 1206 4613 quare.
1233 4544 1385 4596 Hunc
1412 4542 1740 4599 secretiorem
1764 4548 2047 4615 singularis
2106 4565 2283 4617 χειρο-

718 4639 890 4699 τονίας
909 4637 1100 4701 locum,
1123 4639 1325 4705 opinor,
1349 4638 1592 4690 dixerunt
1616 4635 1786 4690 (ἔτρεὶ
1817 4640 2128 4691 recentiores
2186 4657 2281 4706 po-

718 4732 1069 4800 νοόἀμδυ).ον,
1108 4732 1257 4801 παρὰ
1287 4732 1347 4783 τὸ
1380 4731 1571 4799 μόνους
1604 4732 1638 4800 ἢ
1694 4732 1835 4784 κατὰ
1868 4733 2030 4801 μόνας
2065 4732 2284 4803 pausa-

718 4824 848 4886 λιιν,
883 4840 941 4876 eo
964 4822 1101 4890 quod
1148 4824 1200 4875 in
1236 4824 1347 4875 loco
1388 4822 1647 4890 ejusmodi
1678 4833 1897 4892 rogatus
1941 4827 2159 4894 quisque
2187 4842 2282 4893 pro

720 4915 821 4981 ﬁde
852 4915 1066 4967 seorsim
1102 4912 1415 4966 sententiam
1454 4928 1607 4964 suam
1636 4921 1898 4966 teneretur
1923 4915 2158 4981 quamvis
2178 4925 2285 4968 tre-

719 5006 836 5070 pide
863 5004 1156 5064 enuntiare,
1196 5004 1241 5054 si
1274 5017 1423 5069 quem
1462 5018 1563 5053 non
1597 5018 1708 5055 esse
1732 5003 2094 5072 ἀνεπίληπτον
2141 5022 2284 5057 com-

719 5096 931 5161 perisset
961 5096 1087 5152 (lucc
1115 5096 1253 5145 enim
1274 5095 1569 5147 testimonia
1606 5108 1651 5147 et
1680 5096 2037 5148 accusationes
2075 5100 2280 5150 nonnisi

719 5184 914 5249 trepide
947 5195 990 5235 ct
1011 5185 1168 5236 labris
1202 5186 1361 5252 ferme
1394 5187 1728 5238 trementibus
1760 5188 1928 5253 (πεΠὶ
1956 5190 2167 5257 solent),
2192 5203 2280 5243 aut

718 5285 849 5325 (τηρ
883 5276 1031 5325 alteri
1084 5279 1376 5343 obstrepere
1407 5286 1453 5329 et
1489 5278 1761 5330 deti-alacre
1807 5280 1869 5329 de
1895 5282 2282 5336 existimatione

720 5362 901 5415 insitis.
934 5361 1020 5413 list
1039 5367 1172 5415 enim
1194 5366 1491 5432 βαμδάλειγ
1515 5366 1709 5420 Cra'cis
1728 5368 1915 5434 ψοφεῖν
1934 5373 2040 5430 τοῖς
2060 5372 2280 5437 χείλεσι,

719 5464 807 5505 aut
835 5455 1011 5512 etiam.
1047 5466 1099 5505 ut
1133 5456 1184 5507 in
1234 5456 1497 5511 Glossario
1552 5458 1771 5527 legimus
1794 5501 1805 5521 ,
1828 5462 2093 5525 lia'sitare,
2118 5466 2283 5516 vacil-

722 5545 851 5608 Iure,
887 5546 1142 5598 titubare:
1177 5548 1263 5599 scd
1298 5550 1351 5598 in
1374 5550 1543 5599 locum
1571 5548 1662 5599 τοῦ
1694 5566 1726 5600 α
1760 5547 1941 5603 Dorice
1964 5554 2283 5619 usu/fectum

719 5649 788 5689 est
815 5678 827 5694 ,
868 5648 912 5689 et
954 5637 1353 5704 ειθνοὸάμϐυὶῃν
1393 5651 1633 5709 corrupte
1660 5641 1877 5693 dictum.
1904 5641 2040 5706 Quid
2071 5653 2152 5696 est
2182 5660 2281 5696 nn-

721 5731 854 5797 gazi,
892 5747 932 5782 Si
978 5732 1077 5781 huc
1117 5746 1218 5781 non
1253 5731 1372 5783 est?
1404 5730 1460 5785 Ut
1497 5733 1637 5785 enim
1672 5732 1919 5785 omittani
1958 5737 2281 5789 \anissintas

2379 1890 2458 1946 vel
2485 1888 2792 1959 ᾅμπουλλα.
2844 1888 3034 1943 Aetius
3058 1928 3072 1952 ,
3110 1888 3148 1943 l.
3185 1905 3256 1945 vn
3304 1909 3316 1944 :
3354 1891 3709 1960 Ἀμπουλλαν
3742 1891 3958 1960 ὑελίνην

2380 1981 2590 2048 πλήσας
2618 1981 2822 2041 natos,
2854 1987 2913 2032 ut
2952 1980 3024 2033 sit
3054 1993 3151 2033 cur
3173 1994 3238 2033 eo
3263 1982 3449 2036 minus
3481 1981 3693 2035 mireris
3733 1982 3794 2033 τὸ
3858 1998 3956 2050 μο-

2378 2071 2676 2140 νὰμόουλον
2696 2072 2791 2123 καὶ
2818 2070 2879 2121 τὸ
2899 2068 3285 2138 διῦἁμπουλον.
3317 2070 3524 2127 GItE'rs.

2452 2163 2596 2235 [P.6.
2622 2162 2977 2225 l’atriarchae,
3003 2162 3148 2217 sicut
3196 2173 3252 2217 et
3282 2163 3623 2233 imperatori,
3673 2163 3961 2235 praefertur

2376 2254 2516 2323 ignis
2547 2253 2597 2306 in
2627 2252 2880 2317 ecclesia,
2912 2251 3000 2306 fax
3032 2252 3289 2307 nimirum
3322 2261 3555 2310 ascensa
3589 2254 3760 2310 hasta:
3795 2270 3959 2322 quam

2378 2357 2586 2401 ornata:
2612 2343 2787 2398 allisa.
2818 2342 3057 2399 Vocatur
3075 2345 3166 2398 illa
3197 2345 3581 2413 μονάμπουλον
3601 2346 3689 2398 διὰ
3708 2346 3768 2398 τὸ
3792 2346 3963 2415 μόνην

2381 2440 2573 2493 ἅπτειν
2602 2453 2615 2489 :
2646 2437 2792 2490 aliud
2826 2437 2946 2505 eius
2973 2451 3171 2490 nomen
3209 2445 3291 2489 est
3315 2437 3591 2505 λαμπρόν.
3637 2437 3961 2507 Imperatori

2382 2540 2690 2585 reservatur
2706 2528 3095 2596 διϐἀμπουλον.
3138 2530 3209 2582 De
3243 2540 3476 2598 utroque
3507 2530 3760 2584 fusiusc.
3811 2530 3881 2583 iii
3907 2532 3958 2583 in

2383 2619 2548 2674 notis.
2588 2617 2829 2673 Consule
2864 2619 3213 2673 Balsamonis
3238 2619 3552 2675 Meditatum
3609 2622 3675 2675 de
3724 2622 3964 2691 patriar-

2382 2710 2607 2765 charum
2640 2708 2937 2777 privilegiis
2957 2706 3230 2762 JurisGR.
3261 2708 3295 2761 ι.
3334 2723 3429 2762 vn.
3463 2706 3633 2761 Porro
3658 2709 3962 2761 secundum

2388 2803 2531 2854 hunc
2564 2801 2849 2855 ostiarium
2891 2800 3117 2869 proprio
3174 2800 3394 2853 nomine
3453 2809 3650 2853 vocant
3693 2800 3963 2855 Allatiana

2386 2890 2896 2959 nsptstaspxopsvov
2931 2903 2946 2919 °
3006 2891 3033 2941 ὁ
3093 2889 3628 2960 περιεισερχὸμινος.
3683 2890 3963 2961 inquiunt,

2385 2980 2472 3033 ἵνα
2498 2982 2641 3053 φέρῃ
2665 2981 2917 3050 λαμπρὸν
2950 2982 3029 3042 sic
3053 2982 3151 3052 τὴν
3174 2980 3490 3051 ἐκκλησίαν.
3509 2981 3711 3055 ϐολι]

2465 3074 2605 3130 Ibid.
2634 3074 2788 3130 Nunc
2802 3074 2869 3129 ad
2889 3084 3247 3145 protopapam
3284 3091 3370 3131 me
3394 3076 3620 3132 confero
3657 3094 3672 3141 ;
3702 3093 3867 3148 quem
3885 3079 3966 3135 sic

2384 3164 2652 3223 de'scribit
2677 3165 2923 3222 Codinus
2957 3184 2972 3221 :
3010 3166 3264 3231 Ἔκδικος
3291 3170 3387 3222 καὶ
3413 3168 3630 3239 πρῶτος
3655 3168 3753 3223 τοῦ
3782 3170 3963 3242 βήμα-

2384 3279 2494 3325 τος,
2529 3261 2623 3316 καὶ
2640 3259 2901 3331 pipiant!
2924 3260 3212 3329 διυτεριια.
3236 3260 3330 3314 τοῦ
3361 3262 3684 3333 ἀρχιερέως,
3719 3262 3964 3331 defensor

2385 3362 2432 3407 et
2454 3354 2653 3419 primus
2681 3350 2963 3407 tribunalis
2981 3351 3086 3423 (sic
3101 3353 3244 3408 enim
3262 3351 3460 3410 Junius
3481 3369 3501 3408 :
3519 3369 3619 3426 ego
3637 3355 3967 3412 tabernaculi

2387 3459 2484 3498 seu
2511 3444 2699 3500 altaris
2722 3444 2900 3514 εβῆμα
2926 3445 3073 3501 enim
3104 3444 3195 3501 hic
3215 3454 3298 3501 est
3318 3447 3474 3503 locus
3497 3447 3727 3504 interior
3749 3458 3805 3505 et
3836 3464 3965 3504 san-

2387 3535 2551 3597 ctior,
2570 3533 2659 3588 ubi
2683 3536 3017 3591 sacriﬁcium
3036 3536 3361 3606 peragitur),
3374 3540 3645 3607 prosimus
3667 3555 3701 3593 α
3719 3542 3966 3611 pontiﬁce

2387 3628 2649 3681 obtinens.
2683 3625 2799 3682 Non
2834 3636 3017 3683 tamen
3045 3630 3371 3699 simpliciter
3406 3630 3555 3703 (nam
3596 3636 3963 3690 eaocatacteli

2388 3718 2596 3789 absque
2627 3719 2793 3774 dubio
2823 3721 3067 3791 potiores
3098 3730 3259 3777 erant
3306 3722 3643 3795 maiorisque
3683 3724 3967 3796 dignitatis

2388 3820 2441 3864 ct
2471 3811 2851 3882 excellentia),
2880 3812 2976 3868 sed
3012 3813 3156 3869 inter
3186 3814 3531 3879 sacerdotes,
3567 3814 3853 3873 utCitrins
3890 3819 3967 3872 lo-

2389 3903 2599 3969 quitur,
2630 3903 2839 3966 κοινούς
2868 3913 3167 3975 protopapa
3203 3907 3416 3973 primus
3436 3918 3555 3962 erat
3582 3918 3635 3963 et
3663 3909 3743 3963 sic
3770 3911 3963 3977 prosi-

2394 4010 2515 4047 mns
2542 4009 2571 4047 a
2604 3996 2936 4063 patriarcha,
2969 4010 3091 4058 seu.
3117 3997 3264 4066 quod
3298 3998 3441 4052 idem
3464 4008 3571 4063 est,
3617 4001 3895 4056 secundus
3934 4017 3964 4056 a

2392 4087 2700 4155 patriarcha
2721 4085 2919 4143 ferens.
2946 4086 3153 4145 Csars.
3604 4142 3611 4149 .

2464 4175 2631 4247 [lbid.
2668 4177 2885 4233 Clarius
2911 4180 3177 4235 Allaliana
3202 4199 3216 4235 :
3262 4181 3322 4235 Ὀ
3346 4186 3724 4253 πρωτοπαπᾶς
3749 4186 3965 4239 ἵσταται

2392 4270 2578 4321 ἐπάνω
2615 4270 2723 4323 τῶν
2778 4270 3051 4339 ὀφφικίων
3104 4272 3199 4325 τοῦ
3257 4274 3543 4344 εὐωνύμου
3605 4276 3793 4347 χοροῦ,
3836 4277 3968 4331 ὅταν

2393 4360 2693 4431 λειτουργιί
2718 4364 2746 4415 ὁ
2775 4362 3087 4433 ἀρχιερεύς.
3120 4364 3407 4418 Μιταδίδει
3448 4368 3611 4430 αὐτὸς
3657 4369 3757 4440 τὴν
3804 4370 3967 4436 ἁγίαν

2394 4452 2699 4521 μετάληψιν
2725 4452 2803 4521 τῷ
2831 4455 3101 4523 ἀρχιερεῖ,
3151 4457 3351 4523 ὁμοίως
3395 4460 3487 4508 καὶ
3510 4458 3537 4508 ὁ
3565 4461 3859 4528 ἁρχιιριὺς
3889 4461 3965 4527 τῷ

2396 4541 2555 4611 150
2609 4545 2995 4613 πρωτοπαπᾷ,
3034 4544 3174 4613 ἔχων
3233 4546 3290 4597 δι
3349 4549 3409 4598 ἐν
3464 4552 3529 4617 τῇ
3574 4549 3845 4620 ἐκκλησίᾳ
3902 4552 3967 4603 τὰ

2394 4637 2636 4701 πρωτεῖα
2689 4634 2889 4688 πάντα.
2918 4635 2985 4695 lit
3018 4639 3200 4699 παπᾶς
3231 4638 3553 4691 sacerdotem
3583 4639 3813 4709 indicet,
3845 4642 3969 4698 vide

2396 4725 2785 4795 EnchoIOgica.
2808 4726 3013 4799 Ceam]

2462 4817 2621 4873 Notio
2649 4828 2702 4874 et
2731 4820 2885 4890 origo
2918 4820 3157 4878 nominis
3183 4824 3316 4878 satis
3336 4833 3572 4879 constat.
3593 4824 3752 4895 Apud
3776 4824 3969 4881 Balsa-

2392 4927 2607 4966 monem
2635 4921 2768 4965 tom.
2799 4912 2815 4964 l
2841 4910 2988 4967 luris
3039 4913 3154 4967 GR.
3201 4914 3429 4983 legimus
3466 4922 3887 4986 protopapadas,
3910 4930 3969 4974 ut

2393 5018 2573 5058 rectus
2609 5005 2681 5057 sit
2721 5006 3467 5077 npwronandanednterpres
3512 5010 3965 5079 primopapadas:

2392 5098 2486 5151 sed
2550 5100 2723 5152 satius
2788 5100 3001 5151 videtur
3050 5101 3103 5153 in
3179 5101 3259 5154 his
3309 5113 3361 5154 et
3414 5103 3683 5159 similibus
3733 5106 3969 5160 retinere

2403 5186 2611 5240 Graeca.
2646 5187 2698 5240 ln
2743 5186 3118 5256 Turcogrmcia
3182 5189 3271 5243 fol.
3303 5190 3407 5244 2l8
3443 5194 3645 5246 dicitur
3677 5210 3970 5263 πρωτοπα-

2393 5276 2497 5337 sti,-
2521 5279 2546 5327 ὸ
2567 5276 2778 5342 πρῶτος
2808 5278 2910 5328 τῶν
2945 5278 3152 5346 ἱερέων.
3180 5277 3307 5331 Jura
3343 5280 3491 5334 illius
3520 5284 3571 5335 in
3604 5284 3791 5338 eadem
3826 5284 3967 5339 Tur-

2392 5369 2654 5434 ρειαί-πρίω
2692 5368 2787 5421 fol.
2814 5369 2919 5423 258
2952 5372 3446 5438 πρωτοπαπαδίκια
3495 5375 3863 5442 appellantur.

2463 5458 2519 5512 Ρ.
2546 5461 2595 5512 6.
2640 5460 2896 5527 Sequitur
2920 5463 2947 5512 ὁ
2976 5460 3314 5530 δευτερεύων
3342 5464 3450 5516 τῶν
3483 5449 3689 5531 ἱερέων,
3710 5468 3969 5523 secundus

2390 5552 2741 5615 sacerdotum,
2779 5550 3061 5603 εἰσοδεὺων
3084 5554 3211 5613 τοὺς
3247 5555 3411 5622 ἱερεῖς
3439 5594 3452 5619 ,
3475 5554 3584 5608 dus
3614 5566 3666 5609 et
3720 5566 3971 5613 anteces-

2392 5658 2487 5695 sor
2518 5642 2859 5695 sacerdotum
2890 5651 2945 5696 et
2967 5644 3251 5712 proximus
3287 5660 3316 5699 a
3339 5657 3656 5715 protopapa,
3688 5662 3847 5716 quem
3872 5648 3970 5703 1η-

2394 5735 2516 5786 nius
2539 5751 2643 5787 non
2667 5738 2804 5787 male
2822 5735 3231 5802 asutspatnzi-i
3261 5738 3512 5804 appellat,
3535 5741 3597 5791 .\t
3628 5742 3768 5795 male
3790 5740 3966 5794 illud:
