4266 6438
287 392 394 455 165

1422 383 1813 443 (illE'I‘SElil
1847 384 1939 441 ET
1981 381 2229 441 GOARI
2262 381 2503 439 NUT.E.

3438 385 3536 447 166

281 510 385 574 Qui
436 504 728 559 sacerdotes
775 503 1069 556 introducit
1093 541 1107 564 ,
1142 498 1424 552 εἰσοδεύων
1449 537 1463 559 ,
1496 501 1747 551 nimirum
1804 498 1862 550 in
1890 505 1931 559 Α
1966 493 2282 562 pulantibus
2315 495 2425 546 liet.
2457 492 2581 546 lla2c
2610 502 2786 547 autem
2818 494 2891 548 ita
2926 508 3048 549 esse
3073 493 3334 567 intelliget
3372 499 3538 554 lector

282 600 537 659 tribunal.
563 600 607 651 si
627 615 781 668 quam
816 612 1031 650 causam
1056 596 1313 664 agendam
1339 593 1640 645 habuerint.
1695 590 1854 645 Nullo

282 693 443 746 modo
480 709 491 745 :
536 707 659 745 nam
690 689 979 743 εἰσοδεύειν
1007 697 1089 741 est
1132 702 1251 741 esse
1301 686 1535 739 aliorum
1580 684 1635 738 in
1684 683 1856 737 sacris

282 786 625 849 ministeriis,
658 781 1035 837 [unctionibus
1060 790 1111 835 et
1143 778 1639 850 supplicationibus
1661 777 1854 829 ducem

280 890 337 935 et
364 880 517 949 quasi
546 886 947 932 antecessoretn
968 886 1017 930 et
1056 875 1340 929 ductorem
1371 888 1385 937 ;
1424 871 1565 941 quod
1603 872 1763 925 etiam
1789 885 1853 924 ex

280 972 646 1040 descriptione
680 971 770 1022 τοῦ
800 971 1212 1039 δευτερεύοντος
1265 966 1504 1029 diaconi,
1568 981 1687 1034 quae
1734 979 1858 1033 pro-

284 1066 428 1120 xime
462 1064 837 1133 subiungitur,
870 1061 1216 1115 manifestum
1253 1060 1457 1115 evadit.
1523 1059 1857 1126 Deutempa-

278 1172 362 1226 pte
402 1156 633 1220 nullum,
667 1156 713 1210 si
746 1164 893 1208 recte
943 1154 1188 1228 memini,
1235 1154 1568 1208 mentionem
1608 1150 1855 1204 lacitCi-

284 1252 440 1303 trius.
468 1249 673 1302 Gns'rs.

358 1342 438 1412 μ’.
483 1341 536 1396 6.
566 1341 835 1395 Allatiana
871 1358 885 1394 :
921 1341 981 1394 '0
1016 1339 1351 1409 δευτερεύων
1380 1337 1697 1405 λειτουργεῖ
1761 1335 1858 1387 καὶ

281 1437 445 1497 αὐτὸς
480 1436 613 1503 μετὰ
638 1433 733 1486 τοῦ
760 1412 1060 1503 ἀρχιερέως
1084 1434 1101 1501 (
1131 1433 1235 1486 hoc
1255 1440 1339 1486 est
1366 1447 1488 1486 cum
1521 1430 1855 1500 patriarcha,

282 1541 406 1583 cum
435 1542 542 1595 quo
567 1526 700 1580 alias
728 1525 827 1580 soli
855 1524 1095 1593 episcopi
1156 1524 1455 1590 celebrant,
1491 1534 1549 1578 ut
1578 1539 1699 1579 cum
1744 1523 1858 1593 epi-

284 1619 470 1687 sc0pis
519 1616 832 1672 sacerdotes
861 1617 899 1687 ).
953 1616 1122 1670 Ὂταν
1152 1616 1331 1669 λείπει
1374 1620 1401 1669 ὸ
1457 1618 1856 1685 πρωτοπαπᾶς,

285 1710 398 1779 ἔχει
415 1711 471 1761 ἐν
493 1712 559 1779 τῇ
583 1708 845 1778 ἐκκλησίᾳ
865 1708 934 1761 τὰ
956 1709 1196 1776 πρωτεῖα
1217 1707 1419 1762 πάντα.
1441 1706 1641 1778 Cone]

356 1803 417 1857 P.
450 1802 503 1854 6.
526 1801 759 1858 Ultimus
792 1802 1058 1856 hacsexta
1090 1799 1321 1870 pentade
1357 1808 1440 1854 est
1471 1781 1499 1853 ό
1527 1798 1857 1867 δευτερεύων

284 1898 394 1952 τῶν
431 1899 718 1964 διακόνων,
749 1905 1011 1953 secundus
1042 1898 1326 1961 diaconus,
1354 1896 1571 1966 πρῶτος
1606 1894 1715 1948 τῶν
1747 1910 1859 1946 κοι-

284 1993 414 2057 νῶν,
443 1992 651 2061 primus
674 2008 738 2047 ex
756 1991 1137 2046 communibus
1160 1990 1430 2054 diaconis,
1456 1992 1549 2041 καὶ
1574 1986 1859 2040 εισοδεύων

283 2085 413 2146 τοὺς
443 2085 741 2145 διακόνους.
777 2082 972 2139 Junius
1002 2099 1016 2137 :
1045 2093 1093 2136 et
1120 2081 1372 2141 diaconos
1394 2080 1701 2135 intromittit
1724 2094 1742 2132 :
1766 2077 1861 2132 ad-

280 2176 471 2246 ditque
490 2176 593 2231 hoc
607 2175 879 2231 scholium
911 2192 926 2229 :
952 2176 1009 2228 in
1031 2176 1325 2241 {unctiones
1353 2183 1403 2228 et
1426 2173 1684 2226 stationes
1714 2172 1858 2239 ipso-

282 2284 423 2321 rum.
456 2266 535 2321 Tu
559 2266 771 2337 corrige
812 2284 825 2321 :
855 2266 948 2337 qui
977 2265 1334 2322 diaconorum
1391 2265 1601 2330 ductor,
1663 2274 1855 2325 rector,

282 2359 514 2413 director
542 2368 596 2413 et
625 2369 684 2413 ut
718 2360 798 2414 sic
824 2356 999 2413 dicam
1031 2359 1319 2428 dispositor
1338 2365 1419 2412 est
1445 2370 1464 2410 :
1488 2357 1592 2412 hoc
1608 2356 1752 2411 enim
1776 2365 1859 2411 est

282 2452 594 2515 εισοδεύειν.
628 2451 773 2522 quod
803 2450 1077 2521 signiﬁcat
1104 2451 1402 2523 quemlibet
1432 2451 1487 2505 in
1515 2450 1656 2505 viam
1698 2464 1855 2505 suam

281 2545 441 2614 quasi
464 2536 833 2610 introducere,
868 2550 928 2597 ut
951 2544 1088 2599 sciat
1128 2558 1289 2613 quem
1334 2542 1582 2599 ordinem
1638 2551 1693 2597 et
1747 2550 1857 2597 sta-

282 2636 489 2690 tionem
516 2643 699 2691 tenere
722 2634 935 2691 debeat.
955 2633 1104 2691 Vidit
1128 2636 1347 2690 tandem
1380 2632 1577 2689 Junius
1595 2634 1735 2688 hanc
1755 2646 1855 2686 no-

285 2729 506 2791 tionem,
546 2727 641 2781 sed
670 2726 827 2796 quasi
847 2742 942 2796 per
963 2727 1315 2793 nebulam,ut
1337 2736 1566 2795 apparet
1598 2742 1661 2779 ex
1690 2724 1857 2780 scho-

285 2819 357 2872 lio
380 2821 524 2888 quod
543 2819 1102 2886 sttaainterpretationi
1128 2820 1215 2886 ad]
1224 2819 1398 2874 unxit.
1422 2815 1496 2871 Ex
1518 2832 1627 2887 quo
1650 2825 1852 2881 tamen,

283 2922 538 2980 tauquam
560 2913 613 2967 in
634 2915 799 2971 rebus
824 2913 1211 2971 ecclesiasticis
1230 2912 1546 2966 ercorum
1571 2910 1727 2964 valde
1749 2911 1855 2966 sci-

284 3005 409 3059 licet
429 3006 625 3074 perito,
656 3007 1006 3076 quaerendum
1038 3014 1175 3073 erat,
1196 3019 1367 3075 quare
1423 3003 1649 3057 verbum
1704 3003 1844 3055 eloo~

281 3094 460 3149 δεύειν
490 3097 873 3165 interpretatus
919 3087 1010 3164 sit,
1042 3095 1271 3165 loquens
1318 3093 1385 3147 de
1434 3093 1715 3147 sacerdote
1759 3108 1849 3148 se-

1961 601 2085 639 cum
2118 602 2179 641 ex
2206 586 2328 639 aliis
2357 585 2669 639 Grmcorum
2698 586 3001 652 ritualibus,
3026 587 3180 644 libris
3207 598 3321 643 tum
3345 606 3407 645 ex
3437 590 3539 644 Eu-

1963 674 2231 751 ehologio'.
2264 680 2449 734 Valeat
2483 680 2649 749 igitur
2683 678 2995 737 Bonet‘tdius
3026 699 3152 738 cum
3188 685 3305 739 suis
3338 702 3538 738 conne-

1960 774 2208 827 aionibus
2234 783 2281 826 et
2316 774 2731 841 repetitionibus.
2770 772 2976 839 Quarta
3012 786 3092 828 est
3116 777 3350 840 ἀπόντος
3376 778 3538 848 ἀρχι-

1959 866 2207 920 διακόνου
2237 866 2433 919 διδόναι
2468 867 2671 937 κηρῡὺς
2698 870 2811 929 τοῖς
2833 869 2888 919 ὲν
2912 867 2986 937 τῷ
3010 867 3221 936 ἄμϐωνι
3254 869 3279 920 δ
3306 872 3540 936 ακόνοις,

1960 957 2169 1012 abseuie
2198 959 2571 1011 arc/aitliacouo
2594 960 2721 1011 dare
2746 976 2919 1014 cereos
2952 962 3185 1013 diacouis
3211 962 3260 1013 in
3295 965 3534 1018 amboue.

1962 1047 2063 1103 Ubi
2088 1049 2324 1117 pessime
2355 1048 2623 1118 interpres
2674 1066 2772 1116 pro
2821 1053 3020 1121 κηρούς
3071 1053 3256 1121 legens
3317 1059 3537 1124 καιρούς

1960 1144 2122 1196 vertit
2153 1151 2430 1210 :tempora
2459 1142 2585 1195 dare
2617 1144 2880 1206 diaconis,
2909 1146 2997 1212 qui
3032 1149 3247 1200 amboui
3279 1148 3533 1200 serviunt.

1961 1236 2357 1303 Quid,qua:so,
2397 1246 2483 1289 est
2526 1244 2765 1303 tempora
2822 1237 2949 1290 dare
2997 1237 3234 1292 diaconis
3288 1240 3312 1292 ?
3356 1241 3539 1311 Neque

1960 1336 2296 1382 correctores
2342 1337 2435 1380 aut
2495 1328 2546 1380 in
2610 1327 2800 1382 Graeca
2865 1330 3144 1398 scriptura
3199 1341 3292 1384 aut
3333 1334 3386 1386 in
3438 1334 3535 1388 Bo.

1962 1420 2140 1478 netidii
2199 1419 2644 1489 interpretatione
2705 1422 2850 1478 hunc
2904 1432 3011 1477 tam
3048 1434 3260 1494 turpem
3298 1440 3540 1481 errorem

1960 1512 2529 1576 animadverterunt;
2608 1523 2668 1567 ut
2735 1513 2820 1568 vel
2884 1515 3012 1570 hinc
3088 1517 3295 1587 liqueat
3376 1533 3539 1588 quam

1962 1608 2123 1659 rudes
2194 1621 2377 1659 rerum
2447 1605 2949 1661 ecclesiasticarum
3021 1608 3109 1663 isti
3178 1624 3208 1663 a
3269 1611 3539 1665 catholica

1960 1697 2222 1766 religione
2252 1698 2427 1751 aversi
2453 1697 2519 1751 ad
2562 1698 2697 1751 ritus
2757 1698 3173 1754 Eeclesiastieos
3202 1715 3295 1756 seu
3322 1702 3540 1756 Grmcos

1962 1804 2058 1844 seu
2107 1787 2328 1842 Latinos
2392 1789 2743 1858 explicandos
2814 1791 3100 1846 accedant.
3158 1792 3300 1847 Dicit
3361 1804 3538 1847 autem

1965 1880 2173 1933 absente
2226 1881 2617 1946 archidiacano,
2654 1882 2779 1950 quia
2813 1894 2868 1936 ut
2900 1882 3142 1940 Codinus
3165 1887 3331 1941 tradit
3365 1903 3419 1956 p.
3447 1889 3537 1955 94,

1964 1971 2092 2027 olim
2147 1971 2366 2041 quidem
2424 1970 2616 2043 Magna
2668 1973 2913 2029 Ecclesia
2980 1976 3211 2032 habebat
3265 1981 3542 2036 archidia-

1960 2079 2184 2128 conum,
2209 2066 2300 2119 sed
2337 2075 2523 2134 postea
2552 2066 2764 2119 nullum
2822 2068 3034 2130 habuit.
3062 2086 3231 2138 quare
3279 2075 3307 2125 ό
3357 2073 3539 2126 aeu-re-

1966 2156 2136 2225 ρεύων
2159 2168 2341 2224 partes
2368 2156 2486 2225 ejus
2519 2156 2811 2226 supplevit.
2844 2157 2983 2215 Hinc
3014 2160 3307 2218 aitCitrius
3326 2177 3527 2219 secun-

1960 2247 2015 2301 di
2046 2247 2261 2304 diaconi
2289 2263 2408 2304 esse
2426 2249 2661 2303 etiamin
2693 2250 2813 2306 aliis
2836 2251 3208 2307 archidiaconi
3230 2270 3428 2310 munus
3444 2272 3538 2310 ex-

1960 2339 2107 2409 plere
2139 2356 2154 2405 ;
2181 2355 2246 2395 ex
2273 2341 2473 2411 quibus
2504 2341 2646 2395 forte
2679 2341 2783 2397 hoc
2808 2352 2912 2408 est,
2940 2345 3144 2413 θυμιᾷν
3169 2346 3262 2399 τὸν
3285 2347 3535 2416 βασιλέα,

1960 2431 2339 2494 imperatorem
2374 2447 2570 2487 recens
2603 2443 2927 2488 coronatum
2964 2438 3203 2503 incenso,
3252 2449 3310 2493 ut
3374 2454 3538 2496 vocat

1961 2524 2222 2591 Ecclesia,
2254 2526 2523 2591 venerari,
2554 2528 2713 2596 eique
2739 2527 2877 2581 bene
2908 2530 3213 2585 ominatum
3248 2532 3385 2587 illud
3413 2549 3536 2588 car-

1961 2634 2083 2674 men
2109 2619 2380 2685 accinere,
2406 2637 2424 2671 ι
2459 2618 2781 2673 Recordetur
2817 2621 3071 2676 Dominus
3094 2622 3231 2677 Deus
3258 2624 3357 2694 τῆς
3386 2626 3535 2696 βασι-

1958 2710 2106 2775 λείας
2132 2712 2251 2780 σᾶς,
2278 2714 2424 2782 regni
2453 2714 2551 2777 tui,
2586 2712 2643 2766 in
2668 2729 2822 2782 regno
2853 2730 2970 2779 suo,
2993 2732 3129 2770 nunc
3157 2727 3206 2771 et
3237 2732 3441 2786 seraper
3485 2732 3533 2773 et

1957 2804 2010 2857 in
2038 2803 2234 2857 uacula
2257 2804 2591 2858 sucularum.
2623 2807 2842 2860 Amen.»
2876 2804 2968 2861 Sic
2997 2806 3138 2861 idem
3166 2809 3343 2864 fausta
3362 2812 3537 2867 accla.

1957 2895 2197 2949 matione
2218 2895 2655 2963 prosequebatur
2678 2896 3082 2964 patriarcbam:
3109 2899 3394 2971 Μνησθείη
3423 2902 3535 2954 us-

1960 3004 2072 3057 ριος
2096 2988 2127 3039 ὁ
2157 2985 2291 3048 Θεὸς
2319 2987 2419 3054 τῆς
2451 2988 2862 3058 ἀρχιερωσύνης
2881 3006 2994 3054 σου,
3012 2989 3334 3046 Recordetur
3357 2993 3535 3049 Domi-

1956 3095 2052 3133 nus
2077 3082 2416 3149 pontiﬁcatus
2442 3082 2518 3135 tui
2549 3082 2739 3151 ubique
2756 3099 2894 3137 nunc
2920 3095 2967 3138 et
2993 3100 3197 3153 semper
3215 3098 3261 3142 et
3283 3086 3335 3139 in
3362 3103 3534 3142 sacu-

285 3185 490 3253 cundo,
523 3189 857 3243 introducens
878 3188 997 3243 illos
1021 3188 1075 3241 in
1098 3185 1355 3248 tribunal,
1385 3185 1610 3253 siquam
1640 3200 1859 3237 causam
1886 3172 1933 3238 C
1966 3170 2019 3225 ια
2050 3171 2394 3226 “acutorum-
2425 3170 2537 3227 Nec
2561 3172 2665 3228 hoc
2695 3173 2859 3228 nebat
2890 3182 3104 3230 “mum
3153 3191 3219 3232 ⁸ο
3278 3176 3367 3232 die
3422 3193 3532 3248 duo

285 3277 541 3346 agendam
567 3277 871 3342 habuerint,
892 3278 1143 3348 idemque
1172 3276 1399 3331 verbum
1432 3274 1620 3328 eadem
1648 3273 1859 3342 signiti-

282 3368 501 3425 catlone
521 3384 626 3424 non
653 3370 1040 3440 interpretatus
1064 3368 1134 3425 sit
1162 3369 1215 3421 in
1238 3366 1610 3436 descriptione
1628 3364 1858 3421 secundi

283 3458 525 3527 diaconi,
563 3460 860 3529 praesertim
912 3473 1035 3513 cum
1084 3458 1316 3514 diversae
1361 3456 1601 3514 notionis
1647 3455 1856 3512 nullum

284 3566 513 3621 prorsus
543 3552 803 3607 indicium
828 3551 1156 3621 Curopalata
1180 3550 1413 3605 dederit.

354 3644 554 3700 Verum
574 3655 632 3700 ut
648 3644 960 3702 accuratius
977 3643 1343 3715 intelligamus
1363 3651 1614 3697 naturam
1635 3650 1690 3698 et
1704 3650 1761 3696 ut
1778 3639 1858 3696 sic

282 3741 461 3795 dicam
482 3738 720 3793 indolem
750 3740 911 3808 hujus
924 3736 1157 3800 diaconi,
1177 3751 1357 3806 opera:
1374 3736 1609 3805 pretium
1634 3734 1741 3790 erit
1762 3749 1859 3788 au-

282 3833 670 3888 diteJoanuem
688 3831 937 3896 Citrium,
954 3830 1038 3886 cui
1053 3816 1166 3885 haec
1187 3829 1367 3901 ignota
1386 3843 1489 3882 non
1508 3828 1748 3891 fuerunt,
1762 3824 1857 3895 qui

283 3928 356 3981 ait
371 3927 660 3982 diaconum
678 3926 841 3981 istum
866 3938 973 3978 non
992 3922 1115 3991 eligi
1139 3930 1232 3975 aut
1258 3921 1433 3975 creari
1449 3919 1768 3989 simpliciter
1787 3915 1854 3971 ad

282 4023 449 4076 unius
460 4017 766 4079 arbitrium,
788 4014 882 4070 sed
904 4015 1021 4068 κατ’
1040 4014 1292 4085 ἐκλογήν,
1312 4029 1401 4080 per
1418 4014 1680 4084 suﬁragia
1700 4030 1719 4068 :
1736 4028 1859 4070 esse

279 4115 423 4169 enim
444 4108 711 4181 ejusmodi
748 4108 1006 4174 officium,
1029 4107 1171 4178 quod
1197 4107 1467 4162 desideret
1492 4109 1666 4162 virum
1722 4114 1856 4162 dex-

280 4218 425 4260 trum
444 4212 742 4273 aptumque
764 4202 829 4256 ad
851 4214 1044 4254 omnes
1062 4199 1223 4253 etiam
1256 4199 1483 4254 fortuito
1496 4208 1853 4254 occurrentes

285 4295 632 4357 functiones;
664 4308 893 4362 quarum
932 4291 1145 4359 aliquas
1160 4299 1423 4345 recenset.
1453 4290 1631 4343 Prima
1656 4298 1737 4343 est
1772 4290 1854 4343 in-

284 4386 486 4457 gressis
510 4386 563 4438 in
577 4384 837 4452 templum
864 4378 1286 4450 imperatoribus
1306 4387 1360 4432 et
1382 4376 1704 4447 patriarchis
1728 4375 1852 4431 fau-

286 4481 382 4533 stis
410 4474 893 4532 acclamationibus
916 4473 1055 4547 bene
1071 4471 1303 4541 precari,
1330 4478 1385 4525 et
1406 4480 1465 4524 ut
1484 4467 1726 4524 Codinus
1754 4483 1855 4523 no-

1964 3263 2261 3330 imperator
2293 3262 2725 3331 inaugurabatur
2754 3269 2808 3315 et
2839 3264 3229 3328 coronabatur,
3263 3262 3359 3319 sed
3392 3280 3535 3334 quo-

1964 3353 2065 3408 ties
2094 3353 2147 3407 in
2170 3353 2459 3408 ecclesiam
2484 3353 2807 3407 ventitabat.
2830 3354 2902 3407 Ea
2919 3354 2988 3409 de
3003 3369 3171 3410 causa
3190 3355 3267 3410 ait
3283 3354 3484 3412 Citrius
3512 3373 3530 3413 :

1960 3441 2138 3498 Αὐτοῦ
2157 3443 2265 3514 γάρ
2294 3444 2445 3497 ἔστιν
2466 3445 2498 3514 ὴ
2528 3446 2665 3512 μετὰ
2681 3447 2778 3516 τὴν
2807 3445 3015 3499 εἴσοδον
3034 3447 3278 3517 εὐφημία
3298 3448 3411 3502 τῶν
3434 3448 3532 3519 βα-

1963 3534 2163 3589 σιλέων
2201 3536 2295 3589 καὶ
2324 3535 2643 3606 ἀρχιερέων,
2670 3534 2845 3605 Ipsius
2892 3546 2968 3590 est
3013 3538 3423 3605 isnperatoribus
3477 3553 3527 3594 et

1958 3630 2279 3699 patriarchis
2312 3630 2364 3681 in
2407 3627 2653 3695 templum
2676 3628 2924 3697 ingressis
2979 3629 3103 3684 bene
3153 3634 3363 3701 precari
3388 3633 3527 3699 ;nisi

1960 3722 2087 3791 quis
2118 3721 2249 3775 illud
2284 3722 2419 3788 μετὰ
2449 3720 2545 3789 τὴν
2576 3719 2776 3771 εἴσοδον
2809 3728 2923 3788 post
2972 3720 3264 3791 ingressum
3323 3724 3527 3779 referre

1960 3812 2089 3867 velit
2119 3811 2182 3866 ad
2214 3814 2520 3880 ingressum
2554 3810 2607 3864 in
2641 3809 3055 3865 tabernaculum
3097 3825 3193 3867 seu
3226 3811 3284 3867 in
3327 3811 3527 3869 Sancta

1959 3912 2298 3967 sanctorum,
2332 3902 2405 3955 ita
2442 3909 2499 3955 ut
2523 3900 2701 3956 t‘austa
2734 3902 2849 3956 haec
2895 3902 3214 3959 acclamatio
3262 3904 3403 3961 facta
3455 3906 3531 3962 sit

1958 4004 2081 4065 post
2101 3993 2408 4049 absolutam
2432 3993 2902 4063 supplicationem,
2946 3994 3001 4048 in
3032 4009 3138 4064 qua
3187 3996 3345 4065 panis
3383 4010 3527 4067 prae-

1958 4084 2335 4143 sanctiﬁcatus
2383 4084 2448 4139 ad
2508 4083 2834 4139 sacriﬁcium
2906 4086 3394 4142 circumferebatur
3432 4104 3529 4160 per

1959 4182 2221 4251 templum
2244 4190 2298 4236 et
2324 4189 2507 4251 postea
2536 4180 2601 4234 ad
2632 4180 2804 4235 altare
2827 4177 3185 4237 inferebatur.
3232 4181 3354 4250 Quo
3376 4185 3434 4239 tit
3470 4197 3523 4239 ut

1958 4274 2232 4330 secundus
2254 4273 2518 4327 diaconus
2540 4272 2813 4342 εὐφημίαν
2834 4272 2976 4327 hanc
3000 4274 3299 4330 instituerit
3319 4292 3523 4347 regresr

1958 4379 2020 4420 so
2049 4364 2161 4434 jam
2185 4362 2492 4433 patriarcha
2513 4362 2579 4415 ad
2593 4362 2764 4415 altare
2785 4369 2838 4416 et
2859 4366 3210 4431 processlone
3232 4365 3483 4422 absoluta
3509 4387 3519 4431 ;

1958 4457 2101 4528 quod
2133 4471 2262 4512 vero
2286 4454 2510 4527 propius
2539 4454 2771 4508 videtur.

286 4530 396 4629 ste—r
421 4530 686 4639 loquitur,
716 4568 869 4640 151
898 4568 987 4620 τὸν
1008 4530 1232 4636 βασιλέα
1263 4530 1670 4634 τιοὶυχρονίζειν
1692 4578 1785 4618 seu
1801 4562 1860 4616 τὸ
1891 4530 1935 4587 D

1835 4562 1860 4616 δ
1891 4530 1935 4587 υ
2038 4547 2335 4602 Dicebatur
2365 4544 2697 4615 δευτερεύων
2723 4546 2827 4597 τῶν
2848 4545 3132 4611 διακόνων,
3159 4563 3265 4602 non
3296 4551 3437 4619 quod
3470 4551 3520 4603 in

285 4664 696 4733 πολυχρόνισμα
756 4662 1005 4715 accinerc
1073 4674 1165 4712 seu
1222 4658 1573 4724 πολυχρόνιον
1658 4656 1851 4706 ποιεῖν.

282 4757 383 4821 Qui
416 4767 533 4806 mos
561 4767 624 4805 ex
659 4750 883 4817 antiquo
918 4764 1068 4803 more
1102 4747 1262 4800 hodie
1288 4759 1505 4814 quoque
1523 4743 1728 4798 Graecis
1756 4744 1853 4795 ad-

283 4848 477 4899 haeret.
504 4842 751 4897 Secunda
776 4851 857 4895 est
899 4852 1113 4909 portare
1134 4837 1489 4904 Evangelium
1540 4836 1594 4889 in
1645 4834 1855 4903 suppli-

282 4936 592 4991 catiouibus
628 4949 689 4987 ac
723 4931 948 4986 litaniis.
988 4930 1169 4982 Tertia
1199 4929 1296 4990 τὰς
1325 4930 1382 4980 ἑν
1442 4928 1641 4989 nitrati;
1688 4942 1853 4978 συνα-

286 5034 425 5089 ma;
451 5028 547 5078 καὶ
566 5026 807 5093 αἰτήσεις
833 5024 1024 5074 ποιεῖν.
1047 5020 1228 5089 Inepte
1256 5020 1523 5087 interpres
1552 5018 1859 5070 :couuexio—

285 5136 371 5172 nes
398 5129 446 5172 et
481 5118 806 5185 repetitioues
848 5118 900 5167 in
931 5116 1003 5167 eis
1038 5113 1227 5181 facere.
1262 5108 1729 5163 COrrexeruntalii
1753 5107 1858 5159 col-

284 5209 445 5259 lectas
471 5216 516 5257 et
545 5219 741 5270 preces.
782 5204 914 5256 Sunt
961 5200 1230 5252 συναπταί
1271 5200 1484 5266 proprie
1539 5212 1657 5262 quae
1713 5198 1853 5264 apud

286 5317 386 5354 nos
414 5302 466 5353 in
512 5299 657 5351 horis
688 5296 965 5349 canenicis
1002 5304 1260 5346 vocantur
1289 5306 1488 5358 preces,
1541 5290 1729 5341 diebus
1775 5290 1857 5356 je-

282 5393 561 5460 ju-niorum
596 5388 933 5455 potissimum
968 5384 1199 5445 usitatae,
1228 5379 1511 5435 nonmodo
1540 5380 1589 5431 in
1639 5380 1856 5430 matuti—

289 5483 394 5543 nis,
426 5481 517 5531 sed
544 5481 670 5531 etin
697 5473 923 5542 singulis
952 5473 1120 5526 horis.
1147 5470 1205 5522 Et
1232 5485 1420 5538 preces
1450 5470 1550 5520 illm
1574 5482 1709 5535 quas
1734 5478 1854 5533 post

290 5574 502 5626 litanias
536 5587 632 5639 pro
663 5570 807 5622 omni
845 5566 1121 5619 hominum
1160 5575 1297 5616 statu
1331 5573 1382 5615 et
1433 5563 1624 5614 ordine
1672 5560 1853 5611 {ntidi—

292 5680 431 5723 ntus,
472 5661 756 5730 ipstssitnu:
789 5670 914 5711 Sunt
961 5659 1277 5710 (innectunt
1336 5652 1624 5712 συναπταί,
1683 5667 1854 5719 quatt-

294 5772 450 5825 quam
501 5764 557 5807 et
602 5768 739 5821 quas
789 5764 886 5804 nos
947 5764 1203 5801 voramus
1231 5746 1475 5799 collectas
1506 5745 1603 5796 hoc
1632 5744 1853 5796 lIOmlllC

298 5847 560 5915 appellare
585 5846 662 5898 nil
706 5852 868 5905 vetat,
902 5842 1026 5911 quia
1088 5840 1395 5893 Grtcrotu-u
1451 5836 1683 5904 liturgiis
1728 5837 1853 5887 asti-

1958 4640 2147 4694 ordine
2174 4640 2529 4692 diaconorutn
2555 4636 2760 4707 Magna:
2788 4637 3040 4692 Ecclesia:
3069 4640 3341 4695 secundm
3359 4652 3518 4699 esset.

1960 4731 2052 4785 sed
2097 4739 2350 4798 respectu
2375 4728 2442 4782 ad
2471 4728 2941 4791 archidiaconum,
2980 4727 3136 4797 152
3166 4730 3257 4799 qui
3286 4741 3521 4798 tempore

1956 4822 2146 4875 Codini
2179 4820 2357 4873 nullus
2384 4818 2599 4888 quidem
2616 4828 2754 4884 erat,
2781 4829 2835 4872 at
2865 4819 3159 4887 aliquando
3193 4818 3367 4875 fuerat
3391 4838 3403 4881 ;
3423 4835 3521 4872 un-

1957 4915 2025 4969 de
2045 4925 2098 4969 et
2120 4914 2195 4982 τῷ
2232 4912 2601 4981 δευτερεύοντι
2625 4913 2731 4964 τῶν
2767 4912 3030 4964 διακόνων
3070 4924 3269 4965 nomen
3298 4913 3523 4973 mansit,

1956 5006 2099 5061 sicut
2129 5016 2182 5059 et
2208 5005 2282 5074 τῷ
2316 5004 2682 5073 δευτερεύοντι
2724 5002 2832 5055 τῶν
2890 5002 3078 5070 ἱερέων
3120 5002 3261 5057 idem
3326 5018 3520 5055 nomen

1960 5099 2272 5159 mansisset,
2309 5098 2354 5149 si
2391 5106 2715 5164 protopapas
2752 5096 2803 5148 in
2837 5095 2985 5149 clero
3021 5093 3223 5161 Magnae
3267 5092 3519 5146 Ecclesia:

1955 5188 2210 5251 desisset,
2243 5188 2371 5253 quia
2405 5201 2528 5238 cum
2561 5186 2866 5238 secundarii
2897 5187 3116 5239 nomine
3160 5184 3364 5253 primus
3384 5186 3516 5236 tuis-

1958 5286 2055 5327 set.
2098 5276 2306 5328 Gusrs.
2566 5262 2569 5265 ’

2028 5368 2109 5438 [Ρ.
2142 5368 2197 5421 6.
2228 5367 2363 5430 Quid
2395 5370 2494 5418 hoc
2532 5368 2603 5418 rei
2626 5376 2727 5431 est,
2761 5376 2818 5419 ut
2840 5368 2920 5419 hic
2944 5367 3292 5418 diaconorum
3332 5377 3521 5416 secuno

1958 5459 2059 5511 dus
2088 5457 2354 5511 scribatur
2380 5472 2439 5509 ac
2468 5456 2687 5509 insimul
2732 5456 2947 5525 πρῶτος
2980 5454 3086 5504 τῶν
3121 5452 3311 5504 κοινῶν
3343 5453 3521 5504 oranti-

1958 5568 2059 5601 νων
2096 5549 2416 5600 asseratnr?
2458 5549 2654 5601 Paucis
2696 5549 2779 5600 hic
2839 5548 2991 5615 plura
3044 5545 3353 5605 evolvenda,
3413 5560 3521 5609 quo

1958 5643 2231 5710 proposita
2259 5641 2553 5693 difficultas
2579 5641 2752 5693 lucem
2786 5640 3030 5707 accipiat.
3062 5636 3416 5704 Temporibus
3445 5637 3524 5686 nl-

1961 5735 2103 5785 titnis
2126 5733 2336 5784 diaconi
2361 5740 2565 5783 tantum
2589 5732 2652 5783 ad
2674 5732 2986 5799 ἀρχοντὶκια
3005 5728 3249 5795 decima,
3269 5726 3519 5777 nobiliora

1958 5826 2156 5891 c/[icia,
2192 5836 2314 5877 sunt
2353 5822 2596 5887 admissi,
2623 5824 2713 5891 qui
2749 5823 3017 5889 priori-bus
3052 5819 3361 5873 sacerdotes
3395 5830 3519 5884 per-
