4252 6444
792 342 889 407 17$

1859 360 1942 421 IN
1978 363 2272 425 LIBRUM
2320 368 2412 430 DE
2454 370 2781 436 OFFlClIS
2810 376 2919 438 ΕΡ.

3916 395 4017 457 176

773 459 925 511 sedis
984 462 1299 529 apostolica:
1349 466 1466 522 loco
1519 484 1717 524 causas
1782 474 2179 533 ecclesiasticas
2246 497 2311 533 co
2376 494 2414 546 Α
2450 495 2557 540 vat.
2596 504 2667 549 IV,
2702 490 2754 542 ὅ.
2792 490 2922 544 Vide
2961 496 3302 553 eumdeinde
3352 500 3701 559 chartulariis
3756 507 3939 563 ahlih.
3986 529 4017 564 κ

771 553 1070 619 gnoscebat
1122 566 1174 609 ct
1219 566 1476 624 tanquam
1530 562 1695 630 jutlex
1745 566 2034 621 dirimebat
2088 579 2141 623 et
2187 573 2335 639 judi-

770 646 971 713 cabat;
1034 652 1341 718 mansitque
1425 653 1479 707 in
1534 658 1723 711 eodem
1780 660 1956 714 allii-io
2028 663 2079 715 in
2153 664 2334 719 Africa

767 739 930 791 etiam
962 741 1061 794 sub
1101 741 1346 811 Grcgmii
1381 746 1553 817 Magni
1606 751 1949 818 pontiﬁcatu,
2005 757 2163 825 cujus
2220 759 2335 828 ipse

768 830 882 883 suis
936 829 986 885 in
1032 833 1279 900 epistolis
1312 840 1506 893 crebro
1540 844 1803 898 meminit.
1844 844 2046 900 Verum
2099 850 2326 905 chartu-

767 923 933 977 larius
960 922 1150 979 Codini
1181 929 1339 1000 longe
1367 932 1642 989 inferioris
1696 938 1904 993 ordinis
1955 952 2009 996 et
2052 944 2332 1011 dignitatis

763 1027 900 1076 erat,
940 1015 1082 1070 inter
1109 1020 1338 1074 lectores
1388 1026 1644 1080 nimirum
1679 1034 2031 1093 constitutus,
2073 1046 2126 1089 et
2180 1049 2329 1093 ante-

762 1110 1093 1175 penultimus
1127 1115 1174 1165 in
1217 1115 1405 1169 ultima
1433 1122 1692 1187 pentadc.

834 1227 1008 1278 Porro
1042 1243 1165 1281 cum
1203 1231 1611 1299 plurfs‘fueriut
1642 1242 1981 1303 rhartularii,
2022 1258 2075 1300 ut
2118 1248 2327 1305 Citt‘ius

757 1328 1019 1380 expresse
1060 1319 1456 1392 serihit;160
1480 1342 1573 1378 cur
1597 1328 1839 1385 Codinus
1872 1349 2039 1389 unum
2061 1339 2327 1395 duntaxat

758 1404 1047 1461 nominat?
1078 1425 1142 1461 an
1182 1426 1346 1465 lllllmi
1382 1416 1717 1473 nominando
1749 1424 1988 1493 reliquos
2017 1432 2324 1488 subintelli-

755 1498 884 1567 git?
942 1516 1007 1551 an
1032 1501 1132 1554 iste
1194 1508 1564 1563 chartularius
1615 1514 1704 1580 qui
1762 1514 1813 1567 in
1873 1532 2015 1573 nona
2067 1528 2321 1593 pentade,

753 1590 1109 1648 t'iversusest
1139 1612 1165 1647 a
1199 1596 1547 1654 ehartulariis
1594 1619 1799 1673 magna:
1846 1609 2080 1675 sacelltc,
2134 1590 2325 1668 sceuo-i

752 1682 986 1750 phylacii
1040 1685 1171 1738 etc?
1210 1686 1313 1740 Sed
1346 1690 1489 1756 quod
1517 1690 1746 1745 omciuai
1781 1694 2018 1762 {Junius
2046 1703 2319 1771 expedite:

752 1774 958 1826 utinam
990 1790 1135 1828 vere.
1175 1775 1231 1828 Ὀ
1289 1780 1686 1851 χαρτουλάριος
1717 1787 1807 1852 qui
1838 1788 2063 1856 publicis
2096 1792 2318 1861 litteris,

2441 575 2569 629 Cod.
2603 576 2804 634 Justin.
2842 584 2924 636 tit.
2961 584 3031 639 25
3059 587 3272 642 οισίιιίηι
3308 591 3401 644 lib.
3441 608 3498 657 ιι,
3528 610 3576 648 c.
3614 593 3667 648 5.

2512 668 2575 724 P.
2600 671 2654 725 6.
2676 674 2919 730 'l‘ertium
2952 678 3132 732 locum
3162 682 3371 737 obtinet
3399 687 3427 737 ὁ
3456 686 3773 750 διπτάτος.
3800 690 4014 746 Citrius

2440 778 2666 817 numero
2702 768 3067 824 multitudinis
3090 773 3400 829 δεποτάτοι.
3456 777 3731 843 Quantum
3758 788 4010 835 erroret'n

2434 850 2627 908 Junius
2674 862 3009 917 commiserit
3067 864 3159 921 [οι.
3205 866 3327 930 194,
3372 868 3632 939 deceptus
3673 875 3882 929 scilicet
3926 876 4013 929 le-

2434 946 2614 1001 ctione
2634 948 2791 1016 falsa,
2812 969 2971 1020 quam
2993 956 3152 1010 facile
3177 962 3463 1016 emendare
3489 974 3717 1031 poterat,
3740 969 3852 1035 jam
3876 970 4007 1021 alil-i

2433 1040 2636 1093 dictum
2678 1052 2759 1096 est
2809 1046 2896 1106 (ad
2954 1063 3077 1118 pag.
3114 1049 3225 1118 95).
3274 1051 3328 1105 In
3387 1055 3610 1108 scholiis
3654 1072 3757 1110 non
3818 1061 4005 1112 minus

2434 1130 2645 1199 ineptit.
2690 1134 2747 1186 Ὀ
2777 1136 3081 1201 διποτάτος,
3110 1142 3352 1205 barbare,
3373 1146 3700 1200 cltartulario
3719 1147 4003 1217 adjunctus

2430 1225 2822 1294 ἀντιγραφεὺς,
2890 1248 3041 1299 quem
3101 1234 3281 1302 vulgo,
3342 1246 3397 1288 ut
3462 1237 3686 1291 Budams
3742 1241 4001 1310 loquitur,

2427 1320 2959 1374 contrarotululorem
3010 1336 3217 1383 vocant.
3262 1326 3549 1383 Prmclare.
3608 1331 3826 1385 Interim
3896 1350 3998 1387 nos

2426 1411 2718 1463 credamus
2767 1411 2961 1478 Citrio,
3029 1418 3122 1483 qui
3159 1421 3393 1485 deputati
3428 1437 3626 1475 munus
3660 1438 3768 1476 non
3805 1440 3999 1477 nume-

2427 1510 2511 1552 rat
2543 1502 2680 1555 inter
2703 1505 2904 1566 ofticia,
2930 1514 2982 1559 In
3008 1523 3163 1576 quoa
3200 1509 3410 1566 Codino
3443 1515 3713 1571 dissentit.
3734 1516 3826 1569 sed
3852 1517 3997 1569 inter

2424 1591 2701 1657 διακονίας
2732 1611 2825 1649 seu
2860 1599 3187 1655 ministeria.
3226 1602 3327 1655 Sed
3362 1604 3623 1671 quidquid
3657 1610 3726 1659 sit
3757 1606 3822 1659 de
3865 1605 3992 1671 hoc,

2425 1687 2569 1757 quod
2603 1689 2987 1759 deputatorum
3020 1711 3217 1758 munus
3252 1708 3420 1764 esset,
3451 1699 3534 1752 his
3558 1700 3735 1752 verbis
3777 1699 3936 1753 docet
3976 1720 3990 1754 :

2426 1780 2488 1833 Oi
2539 1780 2825 1838 δεποτάτοι
2876 1785 2932 1838 δὲ
2967 1788 3470 1857 μανδυοφοροῦντες
3524 1793 3662 1859 μετά
3692 1790 3997 1859 λαμπάδων

750 1866 947 1918 tabulis
996 1869 1461 1942 instrumentisque
1523 1878 1775 1929 curandis
1838 1891 1884 1932 et
1955 1889 2315 1942 retractandis
2353 1856 2429 1921 8‘

2309 1856 2315 1939 έ
2353 1856 2391 1909 Β
2421 1876 2858 1944 προπορεύονται
2882 1856 2976 1932 τοῦ
3007 1897 3064 1932 τε
3093 1856 3257 1949 ἀγίουῗ
3286 1856 3642 1948 Εὖαγγείίου,
3673 1856 3834 1934 dada
3858 1887 3988 1934 ἀνα-

748 1960 1065 2012 rons:itutus
1098 1973 1192 2013 est.
1223 1964 1291 2015 At
1325 1963 1427 2016 hoc
1463 1965 1707 2019 ol'ticium
1769 1974 2001 2038 pertinet
2025 1976 2090 2029 ad
2134 1960 2312 2031 ’πεπιν-

748 2051 1087 2121 tophylacem
1121 2053 1350 2122 ejaSque
1378 2056 1747 2115 eharlularios
1795 2079 1888 2117 seu
1925 2067 2313 2134 administros,

750 2143 875 2194 item
908 2144 972 2195 al
1004 2147 1445 2212 protonotarium
1481 2157 1532 2203 ct
1565 2152 1792 2207 similes.
1826 2157 1906 2209 An
1950 2160 2317 2218 chartularius

754 2233 857 2285 iste
905 2232 1043 2286 inter
1094 2238 1326 2291 lcetores
1382 2240 1653 2306 peculiare
1702 2244 1963 2313 quiddam
2017 2252 2321 2311 obtinebat.

749 2322 959 2377 ratiane
991 2322 1144 2391 Cujus
1170 2328 1494 2383 charlu-larii
1527 2346 1721 2386 nomen
1742 2346 2025 2407 acceperat
2058 2340 2079 2393 i
2108 2341 2315 2397 Gens.

819 2458 1244 2529 [Registrorum,
1312 2464 1649 2534 chartarum,
1717 2472 2091 2529 COJit'iliOl‘lllll
2174 2495 2313 2533 onus

744 2554 848 2607 5th
890 2554 1206 2621 impositum
1233 2556 1312 2609 Vel
1347 2557 1463 2611 Solo
1495 2560 1717 2616 nomine
1764 2566 2129 2625 ehartularius
2178 2572 2319 2626 indi-

743 2656 830 2701 cat
863 2667 875 2703 :
918 2665 1152 2719 quorum
1189 2667 1317 2706 vero
1348 2661 1864 2714 commentariormn
1893 2679 2081 2719 curam
2122 2683 2313 2723 susce-

743 2740 879 2808 perit
912 2742 995 2794 hic
1032 2743 1306 2810 privatim,
1340 2760 1403 2799 ex
1428 2750 1676 2817 genciioa
1720 2758 2110 2827 communique
2170 2778 2313 2817 Voce

748 2850 853 2885 non
918 2834 1074 2888 facile
1128 2838 1523 2905 assignare-ris.
1587 2844 1883 2898 Sacellario
1922 2859 1975 2902 et
2026 2867 2314 2909 ceconomo

745 2926 1206 2996 pariterleginms
1238 2930 1291 2982 in
1340 2934 1722 3000 superioribus
1771 2939 2166 2998 chartularium
2214 2951 2313 3000 ad-

740 3011 1005 3078 iunctum,
1036 3014 1249 3080 laboris,
1284 3025 1340 3069 ut
1362 3020 1435 3071 ait
1458 3019 1764 3086 Balsamon,
1788 3036 2198 3100 συμμεριστήνε
2227 3035 2313 3089 hic

738 3118 868 3156 vero
901 3104 1136 3160 lectores
1165 3107 1311 3161 inter
1336 3120 1384 3163 et
1408 3120 1665 3168 cantores
1701 3121 2005 3174 recensitus
2029 3137 2309 3177 common~

2423 1966 2648 2031 φέρεται
2678 1968 2755 2029 είς
2779 1968 2869 2020 τὸν
2920 1969 3147 2037 ἄμϐωνα
3173 1973 3325 2041 161
3350 1974 3483 2041 πρὸς
3509 1975 3833 2041 ἀνάγνωσιν,
3868 1977 3964 2027 καὶ

2433 2059 2544 2108 τῶν
2589 2059 2759 2125 ἁγίων
2777 2059 2968 2129 δώρων
3008 2062 3066 2114 ἓν
3114 2080 3172 2114 τε
3208 2068 3273 2133 τῇ
3308 2065 3386 2126 είς
3414 2068 3510 2134 τῂν
3531 2067 3689 2132 ἁγίαν
3709 2065 3992 2131 τράπεξλν

2421 2149 2611 2216 εἰσόδῳ
2669 2151 2763 2204 καὶ
2808 2153 2863 2205 ὲν
2897 2155 2962 2224 τῇ
2999 2154 3077 2217 είς
3131 2155 3231 2225 τὴν
3291 2156 3547 2226 πρόθεσιν
3604 2157 3844 2225 ίπανὸδῳ
3894 2157 3991 2209 αὑ-

2420 2242 2547 2295 τῶν.
2600 2240 2798 2297 Gnms.
3436 2268 3439 2271 ‘

2492 2352 2581 2427 [P.
2609 2356 2660 2409 6.
2693 2356 2747 2410 '0
2776 2358 3121 2426 δεποτάτος.
3158 2363 3428 2417 Allatiana
3454 2364 3546 2419 :‘0
3577 2364 3870 2428 δεποτάτος
3891 2383 3990 2418 πε-

2422 2448 2666 2515 ριπατῶν
2717 2449 3030 2520 ἔμπροσθεν
3068 2453 3163 2507 τοῦ
3223 2456 3524 2526 ἀρχιερέως
3559 2457 3849 2528 καθαρίζει
3899 2460 3994 2512 τὸν

2418 2538 2543 2590 λαὸν
2575 2540 2681 2592 ἀπὸ
2705 2541 2806 2608 τὴν
2848 2545 3112 2611 στράταν,
3168 2547 3305 2598 viam
3367 2548 3559 2614 populo
3601 2550 3851 2601 mundam
3898 2565 3988 2601 ra-

2416 2640 2669 2693 cuamque
2698 2628 2892 2683 reddit.
2916 2631 3031 2683 Alia
3054 2647 3069 2683 :
3090 2632 3147 2684 Ὀ
3170 2633 3459 2696 δεποτάτος
3491 2637 3556 2688 να
3580 2635 3716 2706 καλῇ
3744 2638 3867 2697 τοὺς
3891 2637 3989 2705 ἆρ-

2414 2730 2607 2779 χοντας
2634 2716 2711 2777 εἰς
2741 2716 2834 2767 τὸν
2861 2717 3127 2789 ἀρχιερέα
3160 2722 3256 2773 καὶ
3297 2722 3363 2775 νὰ
3409 2722 3687 2795 καθαρίζει
3724 2724 3817 2775 τὸν
3865 2724 3991 2776 λαὸν

2413 2806 2522 2857 ἀπὸ
2550 2805 2649 2875 τὴν
2683 2809 2946 2877 στράταν.
2972 2810 3178 2882 Com.)

2490 2918 2917 2977 Fueruntetiam
2950 2926 3188 2993 deputati
3217 2926 3356 2979 inter
3416 2928 3598 2982 ofﬁcia
3655 2928 3883 2993 militire,
3922 2932 3989 2983 de

2414 3010 2610 3079 quibus
2644 3012 2813 3065 multa
2842 3029 2905 3066 ex
2985 3016 3150 3068 variis
3200 3016 3591 3083 imperatorum
3644 3019 3990 3073 constitutio-

2417 3105 2579 3156 nibus
2624 3101 2892 3173 Rigaltius
2948 3107 2999 3159 in
3061 3123 3161 3161 suo
3222 3109 3415 3175 lexico,
3467 3112 3632 3164 verbo
3679 3111 3987 3175 δεποτάτυι,

742 3197 898 3248 tariis
924 3206 974 3248 ct
1016 3200 1300 3253 memoriis
1337 3217 1441 3255 non
1484 3204 1732 3275 invigilat
1785 3211 1906 3265 aliis
1963 3229 2123 3282 quam
2182 3234 2301 3286 qum
2336 3211 2374 3265 C
2411 3207 2570 3286 ‘l‘fem
2605 3194 2727 3286 Ϋί-άεῗ
2757 3209 2771 3249 ³
2807 3196 2941 3249 “in”
2981 3196 3124 3249 θ¹⁸ί¹η
3152 3197 3227 3251 mi
3284 3198 3349 3252 ad
3405 3214 3527 3263 "05'
3578 3201 3669 3268 qui
3727 3200 3990 3256 ⁸⁴⁵⁶¹θ⁶ί³⁹

738 3292 970 3344 lectores
1009 3303 1059 3344 et
1093 3303 1347 3348 cantores
1386 3295 1601 3361 tleCent,
1639 3302 2029 3359 CCCit'SiuSliCis
2054 3309 2305 3363 videlicet

737 3381 894 3433 libris
914 3380 1280 3449 proferendis,
1313 3400 1544 3453 quorum
1592 3390 1751 3457 copia
1800 3406 1923 3444 cum
1967 3395 2302 3451 tricesimum

735 3484 957 3539 superet
997 3488 1310 3540 numerum,
1343 3478 1622 3532 custodem
1655 3483 1924 3547 privatum
1960 3502 2067 3540 non
2102 3490 2302 3545 imme-

738 3565 844 3615 tito
913 3565 1013 3617 sibi
1063 3569 1307 3633 exposcit
1367 3573 1778 3638 assignandum.
1852 3577 1976 3632 Haec
2037 3581 2305 3638 Antonius

732 3658 906 3710 Cralis
939 3656 1043 3711 (ΞΡ.
1078 3660 1256 3720 Icelo;
1292 3662 1506 3725 retulit;
1537 3666 1623 3717 cui
1654 3682 1758 3719 non
1794 3668 2047 3738 displicet
2090 3688 2297 3728 memo-

735 3762 912 3801 ratum
944 3749 1011 3800 ah
1044 3748 1328 3803 Allatianis
1356 3751 1621 3806 decaiium
1644 3770 1764 3807 cum
1796 3757 2137 3813 chartulario
2169 3778 2302 3816 eon-

735 3842 978 3893 l'undere.
1015 3842 1074 3892 '0
1109 3842 1354 3905 δεκανθδς,
1404 3842 1659 3912 inquiUnt
1685 3848 1796 3910 illa,
1828 3850 2019 3903 τάσσει
2072 3855 2198 3915 τοὺς
2234 3856 2305 3906 ιε-

734 3936 846 3998 ρεῑς
872 3934 928 3984 ὲν
952 3935 1064 3995 τοῖς
1091 3934 1408 4004 ἐρχομένοις
1439 3937 1618 3989 αὐτῶν
1647 3939 1999 4010 δικαιώμασι.
2030 3942 2264 3999 Rursum
2289 3966 2302 4001 :

745 4024 804 4075 ’0
832 4024 1056 4086 amavi»;
1091 4024 1175 4076 ἵνα
1225 4025 1361 4095 καλῇ
1395 4028 1519 4091 τοὺς
1578 4031 1741 4097 ἱερεῖς
1788 4033 1868 4092 είς
1914 4035 1981 4087 τὰ
2011 4037 2307 4090 αὐτῶνσδιο

736 4116 1027 4184 καιώμντα
1061 4117 1154 4167 καὶ
1181 4118 1629 4187 προσφερὲματοι.
1660 4121 1886 4187 Quantis
1928 4140 2054 4179 vero
2082 4130 2302 4193 tabulis,

732 4207 969 4269 chartis,
1007 4207 1280 4260 codicillis
1338 4218 1391 4261 et
1423 4210 1645 4278 scriptis
1712 4215 2042 4280 ratiociniis,
2099 4222 2301 4288 quibus

733 4298 1014 4351 attendere
1033 4300 1165 4353 solet
1192 4301 1583 4367 chartularius,
1625 4319 1766 4371 opus
1790 4306 1880 4371 sit,
1916 4312 2078 4363 etiam
2108 4314 2189 4364 vir
2218 4316 2269 4366 in
2290 4344 2303 4351 -

733 4391 1034 4457 tt-gerrinnc
1108 4393 1464 4445 Conscientia:
1523 4394 1962 4467 fidelis-siluasque
2023 4406 2300 4460 memoria:

730 4482 945 4533 lati-tur.
981 4464 1128 4535 60Αά
1158 4480 1177 4553 ]

806 4596 954 4646 Inter
972 4594 1266 4663 dignitates
1284 4596 1547 4664 palatinas
1571 4610 1651 4653 est
1674 4601 1699 4651 ὁ
1720 4601 1890 4669 μέγας
1917 4604 2297 4661 cltartularius.

728 4686 861 4751 Quis
924 4689 1113 4751 fuerit,
1167 4690 1325 4743 dot-et
1393 4690 1633 4747 Zonaras
1674 4696 1724 4747 in
1787 4694 1967 4749 Leone
2029 4699 2297 4754 Isaurico:

739 4782 799 4830 '0
832 4779 940 4831 τῶν
968 4780 1266 4848 βασιλικῶν
1296 4782 1627 4851 ἱπποκόμων
1663 4787 1987 4855 ἐπιστατῶν,
2022 4794 2299 4861 pra'fectus

734 4874 1091 4939 imperatoriis
1158 4876 1514 4943 equisonibus.
1576 4876 1914 4935 Pertineisse
1976 4885 2296 4951 dignitatem

729 4966 865 5017 Itum:
893 4967 957 5018 ad
994 4982 1177 5019 curam
1216 4968 1417 5020 stabuli
1479 4971 1609 5037 regii
1643 4970 1803 5024 docet
1860 4977 1973 5042 ipse
2030 4975 2295 5044 (lodinus,

725 5073 921 5109 munus
954 5059 1130 5124 magni
1164 5059 1477 5112 chartularii
1511 5062 1789 5128 etplieans
1823 5080 1871 5117 c.
1908 5066 1977 5131 5;
2021 5067 2123 5121 fuit
2155 5070 2299 5124 inter

726 5151 980 5202 militaria
1050 5150 1230 5204 cilicia
1302 5153 1686 5208 clturtulurius.
1758 5156 1809 5209 Id
1892 5158 2157 5227 liquidum
2227 5178 2293 5215 ex

724 5244 903 5297 Leone
938 5244 1285 5311 imperatore.
1328 5246 1418 5312 qui
1466 5245 1673 5299 diataxi
1735 5250 1889 5302 tertia
1931 5266 2054 5303 cum
2113 5263 2296 5321 proto-

722 5335 937 5387 notario
972 5334 1227 5388 thematis
1261 5343 1317 5388 et
1369 5351 1490 5387 cum
1540 5347 1771 5404 prastore
1792 5342 1907 5393 sive
1947 5342 2130 5409 judice
2170 5346 2288 5399 the-

725 5429 887 5477 matis
958 5434 1210 5479 numerat
1265 5442 1484 5495 quuque
1548 5430 1942 5486 chartularium
2011 5437 2288 5500 thematis,

719 5535 879 5588 quem
908 5521 1262 5572 constitutum
1291 5520 1420 5573 dicit
1447 5520 1581 5589 πρὸς
1616 5522 1711 5591 τὴν
1737 5525 1827 5575 τοῦ
1848 5526 2081 5595 στρατοῦ
2117 5545 2288 5580 κατα-

720 5611 936 5679 γραφὴν
971 5611 1062 5660 καὶ
1092 5611 1455 5681 ἀναζήτησιν,
1491 5614 1831 5669 describenda
1883 5632 1931 5671 et
1971 5625 2284 5676 recensendo

719 5704 991 5755 exercitui.
1018 5701 1145 5755 Vide
1183 5701 1474 5771 Rigaltium
1511 5709 1675 5760 veiho
1726 5717 2141 5776 protonatarius.
2179 5716 2281 5780 Qui

718 5797 827 5849 sint
859 5796 1088 5847 homines
1107 5791 1454 5861 'c/titrtalurii,
1496 5798 1673 5853 disces
1706 5818 1767 5855 ex
1806 5803 2029 5870 (lujacio
2079 5805 2279 5862 Obser-

2409 3282 2542 3335 stica
2580 3282 2759 3337 cilicia
2814 3295 3127 3342 tractamus.

2488 3395 2625 3451 Ibid.
2652 3396 2913 3468 Sequitur
2940 3402 2966 3452 ὁ
2990 3403 3083 3453 ἐπὶ
3112 3403 3210 3472 τῆς
3238 3404 3451 3466 mdia;
3484 3403 3679 3461 Junius
3706 3410 3985 3476 praefectus

2410 3488 2756 3542 instrumento
2791 3507 2965 3546 sacro.
2986 3491 3061 3546 De
3090 3510 3195 3560 quo
3216 3499 3324 3547 duo
3343 3500 3523 3564 potius
3550 3502 3799 3567 suspicor
3818 3518 3983 3570 quam

2410 3579 2548 3630 seio.
2591 3578 2731 3642 Quid
2766 3580 2812 3633 si
2844 3581 2872 3630 ὁ
2895 3582 2989 3631 ἐπὶ
3010 3582 3107 3651 τῆς
3145 3584 3341 3646 ποδέας
3360 3587 3430 3639 sit
3463 3588 3550 3639 ille
3569 3588 3662 3655 qui
3697 3591 3982 3656 pavimen—

2411 3671 2450 3722 ti
2483 3670 2535 3722 in
2561 3671 2749 3739 Magna
2793 3672 3025 3727 ecclesia
3059 3689 3248 3727 curam
3309 3677 3580 3746 gerebat?
3621 3677 3755 3733 Nam
3813 3682 3983 3736 ποδὲα

2408 3773 2488 3816 est
2517 3765 2707 3826 solum.
2732 3768 3124 3833 parimentum;
3153 3768 3295 3821 unde
3330 3770 3621 3825 Germanis
3652 3773 3745 3823 der
3778 3772 3983 3829 Baden.

2411 3857 2477 3909 Et
2525 3866 2673 3923 patet
2712 3858 2813 3910 hoc
2836 3874 2898 3910 ex
2926 3857 3242 3929 Originibus
3273 3860 3396 3942 εἶρα
3426 3864 3516 3915 ubi
3580 3864 3821 3942 ambitus
3879 3866 3983 3922 lori

2407 3946 2791 4001 diciturfuisse
2811 3950 3043 4015 aqualis
3077 3950 3174 4017 τῆς
3206 3938 3400 4012 ποδέας
3421 3953 3516 4021 τῆς
3540 3953 3741 4024 κόρτης
3769 3938 3861 4009 ῖτοῦ
3889 3977 3985 4028 με-

2408 4039 2587 4105 γάλου
2634 4040 3077 4094 Κωνσταντίνου.
3139 4041 3201 4094 Et
3240 4043 3268 4093 ὁ
3322 4043 3417 4093 ἐπὶ
3466 4044 3568 4112 τῆς
3620 4047 3814 4108 ποδέας
3852 4049 3975 4103 ideo

2407 4130 2696 4183 ctiamdici
2739 4131 2928 4199 nequit
2958 4132 3239 4199 prcefectus
3294 4134 3632 4188 instrumenti
3681 4142 3822 4193 sacri
3879 4156 3976 4195 seu

2408 4222 2772 4291 supellectilis,
2804 4223 2932 4291 quia
2968 4224 3290 4276 distinctum
3316 4234 3369 4278 ct
3401 4229 3673 4295 prOprinni
3736 4230 3979 4309 officium

2406 4322 2488 4366 est
2522 4317 2548 4365 ὁ
2574 4316 2747 4383 μέγας
2775 4315 3116 4382 σκευοφύλαξ
3162 4319 3382 4386 κρατῶν
3430 4321 3499 4371 τὰ
3542 4322 3713 4391 σκεύη
3755 4325 3852 4391 τῆς
3882 4326 3980 4377 ὲκ-

2406 4405 2637 4473 κλησίας
2661 4444 2674 4458 .
2702 4406 2843 4470 Quid
2863 4407 2906 4460 si
2944 4408 3015 4461 sit
3045 4424 3187 4462 unus
3215 4424 3278 4462 ex
3316 4408 3559 4479 θεωροῖς,
3616 4431 3680 4467 ex
3731 4420 3981 4472 custodi-

2410 4497 2511 4549 bus
2539 4498 2651 4565 qui,
2678 4498 2827 4549 utait
2857 4498 3079 4561 (iilrius,
3116 4500 3213 4567 τὴν
3243 4500 3489 4571 φυλακὴν
3514 4504 3606 4555 καὶ
3634 4507 3867 4576 τήρησιν
3890 4525 3981 4561 πι-

2413 4586 2690 4641 στεύονται
2721 4591 2830 4641 τῶν
2885 4591 3046 4658 ἱερῶν
3081 4595 3293 4645 σκευῶν
3336 4597 3429 4647 καὶ
3460 4596 3569 4647 τῶν
3592 4599 3979 4666 καλυμμάτων

2405 4680 2606 4745 αὐτῶν,
2637 4681 2684 4731 εί
2709 4681 2944 4748 μάλιστα
2969 4683 3315 4751 εὑρίσκονται
3336 4687 3508 4739 ταῦτα
3530 4689 3694 4750 λίοοις
3719 4693 3809 4743 καὶ
3838 4710 3981 4761 μαρ-

2403 4775 2593 4843 γάροις
2625 4776 2999 4845 κοσμούμενα.
3033 4778 3181 4831 Adde
3241 4783 3383 4845 quod
3452 4781 3503 4833 in
3574 4783 3840 4853 'I‘nrcOgr.
3865 4828 3880 4850 ,
3919 4803 3975 4854 p.

2406 4867 2528 4929 181,
2572 4868 2759 4928 ποδαῐς
2794 4886 2891 4938 pro
2952 4870 3174 4922 vestibus
3228 4874 3320 4923 Seu
3378 4876 3688 4940 tegumentis
3726 4878 3919 4942 lt'gltltt‘
3960 4897 3975 4933 :

2404 4960 2541 5025 μετὰ
2570 4960 3005 5029 εὐμορφοτάταις
3035 4962 3244 5023 ποδαῖς.
3279 4962 3546 5032 lnterpres
3574 4984 3586 5017 :
3618 4971 3819 5019 ornauit
3843 4979 3978 5021 tem-

2398 5050 2543 5117 plum
2575 5054 2889 5121 imaginibus
2938 5054 3291 5121 pulcherrime
3321 5058 3519 5109 vestitis
3555 5074 3572 5119 ;
3632 5058 3685 5109 in
3724 5064 3973 5129 margine

2400 5143 2620 5195 additur
2700 5145 2839 5211 μετὰ
2907 5147 3257 5214 ὡραιοτάτων
3323 5150 3790 5217 ἐφαπλωμάτων.
3850 5169 3969 5204 cum

2398 5238 2775 5290 venustissimis
2826 5239 3220 5309 integumentis.
3263 5240 3401 5304 Quid
3429 5242 3473 5295 si
3508 5246 3699 5296 horum
3731 5255 3783 5297 et
3818 5246 3971 5298 simi-

2397 5329 2529 5382 lium
2573 5345 2704 5383 cura
2765 5332 2829 5384 ad
2867 5335 3027 5384 istum
3071 5334 3399 5400 spectabat?
3430 5335 3634 5387 (iners.

2466 5441 2859 5513 [lbid.-H06éav
2885 5445 3153 5499 Meursius
3182 5445 3567 5514 interpretatur
3604 5450 3970 5511 ministerium,

2392 5536 2659 5588 utensilia.
2710 5534 2821 5589 Nisi
2866 5552 2984 5603 quas
3025 5538 3134 5589 sint
3194 5537 3282 5589 illa
3348 5537 3612 5605 proferas,
3666 5541 3974 5594 ministerio

2400 5637 2493 5679 tuo
2527 5645 2632 5679 non
2680 5639 2825 5693 utar,
2864 5629 3089 5681 Meursi.
3150 5628 3379 5681 Prosunt
3426 5632 3658 5696 amplius
3713 5629 3974 5686 Graeculae

2396 5721 2679 5781 inulieies,
2749 5736 2869 5788 quae
2930 5720 3130 5772 ποδέαν
3182 5732 3387 5788 partem
3446 5723 3613 5775 vestis
3659 5722 3969 5776 inferiorem

2392 5826 2551 5862 crura
2599 5810 2869 5871 I'CdCStHIC
2926 5819 3067 5864 'snos
3117 5812 3383 5863 velantcm
3413 5834 3416 5839 ν
3452 5812 3725 5864 vocitant:
3781 5811 3969 5864 utilius
