4252 6444
229 406 325 465 i'i'l

221 613 358 663 uicae
385 629 533 663 urunt
571 623 769 665 terram
799 614 1206 683 allambentem,
1242 616 1369 685 quia
1399 618 1561 686 pedes
1590 619 1781 683 ambit,

222 701 660 763 ποδέαςῚιοηιοη
724 706 940 758 mereri.
994 705 1257 771 Prpfuere
1312 724 1420 776 pra:
1453 713 1662 764 caeteris
1709 710 1785 763 illi

224 795 470 850 sacrista-
495 795 689 856 Grmci.
712 797 801 863 qui
834 800 1081 851 anterius
1142 799 1331 853 altaris
1382 811 1784 864 ornamentum,

173 931 178 935 .
225 902 520 957 sacrasque
552 889 669 943 illas
701 902 876 946 vestes
933 893 1137 947 sericas
1156 894 1236 947 vel
1278 910 1411 950 auro
1468 907 1644 949 testas
1706 894 1787 947 vel

222 980 386 1031 etiam
414 997 477 1033 ex
508 995 642 1034 auro
669 983 843 1037 solido
868 984 948 1035 vel
984 997 1210 1051 argento
1242 986 1539 1045 confectas.
1563 1003 1625 1041 ac
1658 990 1790 1043 ima-

225 1071 442 1138 ginibus
477 1073 529 1126 in
572 1076 820 1130 ecclesiis
851 1077 1363 1147 circumponendas,
1420 1080 1611 1137 ποδέας
1651 1098 1792 1136 utm-

226 1164 419 1231 cupari
454 1176 825 1220 asseruerunt.
871 1167 1056 1223 Fidem
1113 1171 1326 1226 cunctis
1387 1186 1418 1226 ι
1474 1187 1562 1226 me
1609 1174 1790 1227 datam

226 1256 515 1309 confirmat
549 1257 745 1312 Nicetze
777 1261 1079 1315 auctoritas
1112 1261 1166 1314 in
1224 1262 1388 1317 variis
1428 1263 1551 1332 ejus
1610 1263 1797 1319 lectio-

233 1348 396 1402 nibus
429 1349 641 1404 obviam
678 1351 837 1415 facta,
869 1353 922 1404 in
946 1352 1157 1407 lsaacio
1185 1354 1400 1423 quidem
1438 1357 1648 1423 Angelo
1680 1357 1715 1410 Ι.
1741 1371 1791 1410 t:

232 1444 521 1511 Οἰκήματα
548 1444 909 1513 κατήρειψαν,
946 1447 1035 1498 τὸν
1080 1447 1228 1499 ἐιιδον
1266 1448 1496 1500 πλοῦτον
1538 1449 1798 1519 περιεσά-

231 1535 409 1598 λοντο,
433 1536 553 1603 ιερὰ
578 1535 957 1605 ἁνηρεύνησαν
982 1540 1402 1608 φροντιστήρια,
1425 1540 1617 1603 ποδέας
1639 1543 1798 1611 ἀφεί-

231 1627 389 1679 λοντο
418 1630 525 1681 τῶν
552 1629 745 1695 ἁγίων,
789 1631 875 1684 cui
908 1631 1085 1686 ultimi
1120 1635 1409 1688 commatis
1447 1636 1565 1689 vice
1599 1636 1701 1689 alia
1727 1636 1801 1690 lc-

235 1720 346 1773 clio
393 1723 604 1788 reponit
648 1721 851 1774 ἔπιπλα
902 1723 1188 1789 ἀφείλοντο
1248 1726 1492 1794 παναγ-ῆ.
1548 1727 1797 1795 Ejusdem

1320 412 1704 473 GliETSElll
1742 416 1830 473 ΕΤ
1867 418 2097 475 GOAHI
2146 419 2380 477 NO'I‘JE.

224 519 403 573 adhuc
434 537 517 571 tltu
588 521 893 575 docuerunt
922 521 1044 583 viri.
1068 524 1651 593 talariseujuseunque
1703 541 1785 580 tu-
1818 530 1860 583 Α

3364 420 3463 483 1⁸18

2479 532 2703 585 CAPUT
2738 532 2873 583 XIV.

1896 644 1967 694 0c
2020 643 2140 694 aliis
2187 644 2497 711 quibusdmn
2562 648 2753 713 ofﬁciis
2794 648 3156 701 ecclesiasticis
3208 665 3238 700 a
3298 645 3465 700 Citrio

1959 716 2484 784 e:mmeratis,deque
2523 718 2629 771 illis
2682 734 2798 785 qua:
2860 720 3010 771 hodie
3063 720 3199 783 apud
3257 715 3467 770 (ἔνατος

1962 785 2155 836 usimta
2185 796 2324 841 sunt.

1965 899 2021 952 In
2094 903 2503 954 enumeratione
2576 899 2882 955 officiorum
2957 901 3460 956 ecclesiasticorum

1897 1005 2002 1043 non
2050 992 2299 1045 convenit
2363 991 2566 1047 Citrius
2621 1008 2741 1046 cum
2792 993 3021 1059 Codino,
3051 1003 3108 1047 ut
3146 1009 3309 1061 supra
3357 1007 3404 1045 c.
3436 992 3468 1045 6

1897 1082 2232 1136 monuimus.
2291 1083 2519 1136 Causam
2576 1084 2745 1148 addit,
2798 1084 2924 1152 quia
2984 1085 3303 1152 patriarelue
3353 1084 3468 1137 lucc

1897 1178 2079 1228 omnia
2135 1174 2397 1229 arbitratu
2448 1192 2546 1230 suo
2606 1176 2893 1230 mutabant
2958 1177 3359 1245 depressosque
3413 1176 3466 1230 in

1898 1266 2066 1318 altum
2095 1266 2399 1319 evehebant
2445 1277 2498 1320 et
2539 1277 2759 1320 evectos
2810 1267 3193 1336 deprimebant
3226 1280 3277 1321 et
3330 1283 3471 1322 nova

1900 1356 2079 1408 munia
2107 1355 2487 1419 instituebant,
2523 1370 2681 1425 prout
2718 1359 2842 1414 huic
2874 1360 2953 1413 vel
2988 1360 3063 1414 illi
3121 1360 3471 1431 gratificandi

1897 1450 2154 1503 voluntas
2200 1448 2423 1505 ferebat.
2468 1449 2668 1506 Prmter
2693 1452 2873 1506 ofﬁcia
2906 1469 2933 1505 a
2982 1453 3188 1507 Codino
3245 1470 3472 1507 enume-

1901 1552 2015 1593 rata
2049 1552 2175 1595 sunt
2204 1544 2353 1596 istaec
2412 1558 2425 1594 :
2475 1543 2532 1594 Ὀ
2570 1545 2662 1595 ἐπὶ
2723 1544 2831 1595 τῶν
2889 1545 3266 1613 κατηχήσεων,
3327 1556 3474 1598 cute-

1901 1635 2093 1694 cltista,
2152 1636 2629 1703 orpltanotrapltus,
2679 1649 2907 1705 quatuor
2943 1638 3269 1706 defensores.
3319 1640 3414 1689 καὶ
3444 1641 3473 1690 ὀ

1904 1726 2278 1794 περιοδευτὴς,
2312 1728 2528 1780 circiter
2560 1727 2858 1790 Bnnelidio,
2920 1730 3323 1782 correctoribus
3353 1730 3475 1779 visi-

233 1808 424 1862 lsaaeii
450 1811 485 1863 Ι.
526 1824 580 1863 Itt
610 1828 623 1864 :
653 1812 757 1863 Τὸν
794 1812 849 1864 ἐν
886 1813 1207 1883 ἀνακτόροις
1258 1814 1604 1884 περιώνυμον
1649 1817 1796 1881 ναὸν,
1835 1858 1876 1914 Β
1907 1834 1912 1868 t

1835 1858 1876 1914 Β
1907 1826 2066 1870 tutor.
2128 1818 2265 1883 Quid
2303 1820 2346 1873 si
2376 1821 2447 1873 sit
2484 1820 2575 1874 ille
2612 1835 2773 1888 qurm
2804 1818 3067 1887 Typicum
3103 1820 3275 1873 sancti
3320 1819 3476 1872 Saba:

231 1899 291 1956 ὃς
316 1900 413 1953 νέα
439 1902 574 1970 μονὴ
611 1903 992 1972 κικὶήσκεται,
1045 1905 1194 1968 θείας
1241 1908 1423 1975 πάσης
1468 1910 1663 1970 ποδὲας
1687 1909 1799 1976 ἐψί-

233 1991 396 2045 imas.
431 1994 546 2045 Alia
575 1994 733 2046 lectio
764 1995 907 2047 θείου
934 1997 1134 2059 παντὸς
1167 1998 1399 2051 ἐπίπλου
1431 1998 1685 2066 ιψίλωσε.
1724 1998 1798 2052 Es

239 2082 575 2148 bisconjieio
593 2084 683 2135 τὸν
700 2086 793 2136 ἰπὶ
825 2088 1016 2149 ποδέας
1039 2102 1160 2142 esse
1182 2088 1261 2142 vel
1280 2090 1373 2157 qui
1392 2090 1636 2145 ecclesia:
1657 2104 1797 2146 stra-

237 2172 391 2238 gulas
424 2185 620 2238 vestes,
640 2175 758 2230 sive
776 2180 945 2233 muris
968 2179 1083 2232 sive
1101 2180 1367 2236 altaribus
1395 2183 1656 2237 ornandis
1701 2185 1804 2239 sub

237 2275 334 2313 sua
366 2262 723 2330 diSpositioue
756 2278 983 2329 teneret.
1016 2271 1098 2323 vel
1127 2272 1220 2339 qui
1256 2281 1477 2327 sanctas
1535 2274 1805 2341 imagines

237 2352 382 2408 lictis
429 2357 671 2411 vestibus
730 2359 1174 2431 circumtegeret,
1230 2364 1311 2417 vel
1352 2365 1609 2433 denique,
1659 2366 1803 2434 quod

240 2448 442 2503 certius
487 2460 734 2514 autumo,
762 2452 960 2508 litnbos
988 2454 1391 2522 poutifieiarum
1421 2458 1653 2511 vestium
1702 2461 1803 2513 ho-

240 2540 394 2594 noris
452 2543 623 2611 gratia
672 2543 872 2599 soleret
903 2559 932 2599 e
996 2555 1136 2600 terra
1186 2549 1395 2610 tollere,
1425 2550 1566 2618 quod
1610 2566 1806 2604 munus

240 2633 382 2700 apud
407 2649 505 2688 nos
528 2636 869 2703 utagnatibus
898 2654 925 2691 a
955 2640 1129 2693 servis
1172 2642 1466 2710 puerisque
1488 2643 1804 2697 bonorariis

242 2733 548 2790 praestatur,
577 2727 660 2781 cui
680 2728 842 2780 etiam
870 2732 1221 2798 essequenlo
1246 2731 1484 2786 ofticium
1510 2735 1808 2786 caudatarii

242 2818 465 2869 nomine
514 2817 753 2883 pontifex
791 2834 1039 2875 summus
1061 2832 1115 2875 et
1173 2822 1480 2878 cardinales
1515 2824 1806 2879 voluerunt

242 2903 297 2956 in
326 2903 566 2959 Bonnana
598 2908 748 2961 curia
785 2908 1119 2964 institutum.
1178 2911 1562 2980 Cunjecturam
1618 2928 1809 2983 appro-

242 2998 396 3053 bavit
432 3000 701 3055 Antonius
732 3000 909 3057 Cralis
934 3012 1290 3066 memoratus,
1322 3003 1390 3057 ab
1422 3005 1578 3058 altari
1627 3014 1806 3059 tamen

243 3100 298 3143 ct
334 3091 487 3160 162
508 3093 733 3147 ecclesia
758 3093 1119 3147 ministerium
1159 3093 1281 3162 ejus
1339 3097 1592 3155 semovit,
1633 3105 1687 3150 et
1715 3112 1809 3164 per

1906 1909 2150 1962 nominat
2173 1909 2537 1979 ὲξυπνιαστὴν
2571 1925 2663 1963 seu
2727 1909 3080 1978 ἑξυπνίστην,
3107 1913 3473 1971 excitatum»,

1902 2002 2059 2063 cujus
2116 2010 2237 2051 erat
2301 2000 2354 2052 in
2380 2000 2578 2068 vigiliis
2610 2009 2667 2053 et
2730 1999 3065 2069 ἀγρυπνίαις
3120 2002 3358 2055 circuire
3422 2010 3480 2051 et.

1902 2091 2278 2145 somnolentos
2299 2092 2543 2145 excitare
2575 2091 2598 2144 ?

1975 2180 2176 2237 Pra-ter
2201 2183 2302 2237 bos
2334 2197 2579 2239 recenset
2613 2185 2823 2241 Citrins
2859 2187 3063 2239 theoros
3091 2200 3185 2240 seu
3206 2186 3475 2259 custodes,

1904 2284 1957 2327 et
1983 2275 2289 2343 deputatus,
2310 2278 2375 2329 de
2401 2276 2603 2345 quibus
2628 2277 2805 2345 capite
2848 2278 3133 2344 superiore
3163 2292 3178 2341 ;
3240 2277 3479 2342 itemque

1906 2366 2214 2420 camisatos.
2286 2368 2389 2420 Sed
2452 2368 2602 2421 addit
2662 2370 2773 2423 lucc
2812 2386 2825 2420 :
2870 2369 2982 2420 Οὐκ
3027 2369 3168 2419 εἰσὶν
3220 2367 3475 2435 ὀφφίκια,

1905 2458 2039 2507 ἀλλὰ
2065 2457 2328 2509 διακονίαι
2362 2460 2486 2527 περὶ
2510 2460 2569 2511 τὸ
2602 2460 2754 2523 ἅγιον
2786 2459 2957 2527 βῆμα.
2986 2459 3144 2523 Quod
3195 2461 3479 2512 camisoto-

1906 2563 2020 2598 rum
2058 2549 2128 2600 sit
2150 2547 2415 2610 oflietutn,
2448 2549 2531 2602 liis
2555 2549 2737 2602 verbis
2762 2549 2919 2602 docet
2950 2564 2965 2602 :
2999 2548 3259 2603 Camisati
3305 2549 3478 2616 [ereu-

1907 2640 1988 2693 dis
2029 2641 2097 2693 ad
2129 2641 2296 2692 altare
2318 2640 2629 2694 carbonibus
2679 2652 2726 2693 et
2771 2642 2938 2694 sacris
2993 2641 3242 2695 lebetibus
3281 2643 3478 2712 calefa-

1907 2728 2102 2781 ciendis
2161 2729 2403 2794 occupati
2466 2737 2612 2789 sunt,
2669 2738 2723 2779 ut
2776 2730 2889 2781 illic
2956 2745 3099 2781 more
3131 2729 3295 2783 solito
3333 2747 3474 2796 aqua

1910 2820 2108 2887 feruens
2162 2820 2328 2872 sacris
2406 2819 2661 2872 calicibus
2758 2820 3058 2886 tempestive
3133 2820 3479 2891 infundatur.

1912 2909 2100 2962 Solent
2130 2909 2274 2962 enim
2334 2898 2533 2969 Crzcci.
2604 2918 2662 2963 ut
2712 2909 2898 2963 videre
2956 2910 3114 2963 estin
3149 2911 3367 2978 liturgia
3418 2912 3481 2965 Β.

1909 3001 2280 3071 Chrysostomi
2314 3012 2367 3055 et
2399 3004 2451 3055 in
2486 3001 2719 3056 Tlieoria
2752 3018 2931 3057 rerum
2965 3004 3473 3060 ecclesiasticarum

1912 3091 2166 3147 Germani
2201 3094 2331 3147 etin
2367 3092 2720 3161 Expositione
2752 3096 2985 3164 litnrgize
3035 3094 3322 3160 Cabasilae,
3384 3110 3480 3150 ca-

246 3184 364 3237 vias
411 3195 619 3238 tantum
667 3186 894 3254 locaque
946 3187 1229 3255 gressibus
1279 3186 1525 3241 difﬁcilia
1591 3190 1805 3243 monuit
1837 3190 1877 3243 C
1910 3186 1997 3239 lici
2035 3185 2328 3256 Isaiam
2357 3194 2678 3238 consecrato
2704 3187 2805 3238 sub
2852 3186 3028 3252 ipsum
3075 3188 3480 3243 communionis

244 3274 491 3331 adhiberi
523 3287 867 3331 consuetum.
910 3275 1110 3348 Gesn]

316 3365 489 3437 [Ἶσθι
518 3367 587 3420 δὲ
608 3368 702 3422 καὶ
734 3368 928 3422 τοῦτο.
955 3370 1028 3423 Τὸ
1060 3369 1334 3423 συνοδικόν
1363 3371 1456 3424 καὶ
1488 3372 1520 3441 ή
1567 3372 1785 3436 ἀνάγνω

248 3476 333 3522 at;
359 3462 564 3524 ἃπασα,
605 3462 631 3512 6
664 3462 1011 3531 lup-copulae
1058 3463 1424 3528 ἀναγινώσκιι
1457 3466 1620 3519 αὑτά.
1662 3467 1724 3518 El
1757 3468 1813 3519 δὲ

250 3550 349 3601 οὐκ
381 3550 498 3603 ἔστι
525 3553 894 3622 χαρτοφύὶαξ,
950 3548 1058 3617 οἷος
1091 3556 1361 3621 πρωτεύει
1416 3556 1521 3608 τῶν
1572 3557 1814 3625 ἀξιωμά-

250 3661 357 3696 των
365 3688 377 3698 .

324 3739 431 3790 Καὶ
456 3736 961 3807 διερμηνευσόμεθα
984 3739 1076 3791 καὶ
1098 3738 1162 3790 τὰ
1190 3740 1365 3807 μήνεα
1387 3739 1492 3790 τῶν
1512 3739 1810 3808 κληρωτῶν.

265 3828 328 3881 Ἦ
351 3827 542 3898 πρώτη
577 3828 773 3890 πεντὰς
824 3830 890 3880 τὰ
920 3829 1100 3891 διπὶᾱ,
1134 3830 1166 3898 ὴ
1227 3828 1454 3897 δευτέρα
1502 3830 1700 3890 πεντὰς
1755 3830 1813 3881 ἒν

254 3924 345 3976 καὶ
378 3924 570 3992 ἥμισυ.
611 3923 644 3991 ἡ
675 3921 833 3989 τρξτη
861 3913 1144 3983 πεντὰςέν
1170 3920 1262 3975 καὶ
1291 3921 1570 3988 τέταρτον.
1614 3922 1814 3990 Ἀρχε·

254 4031 343 4066 ται
372 4014 464 4065 οὖν
488 4014 580 4065 καὶ
600 4016 626 4066 ὁ
647 4015 1023 4081 πρωτοπαπᾶς
1055 4015 1134 4074 sl;
1178 4013 1244 4065 τὰ
1274 4013 1436 4065 διπλᾶ
1464 4013 1578 4067 τοῦ.

324 4103 473 4171 Αὕτη
501 4108 647 4155 ἐστὶν
675 4106 706 4171 ὴ
731 4104 974 4167 διάταξις
1007 4105 1105 4172 τῆς
1144 4106 1304 4169 ἁγίας
1332 4105 1423 4156 τοῦ
1450 4104 1585 4157 θεοῦ
1621 4105 1815 4177 ἐκκλη-

256 4195 395 4256 σίας,
459 4194 633 4263 ἦνπιρ
666 4195 1061 4261 ἐνομοθέτησαν
1122 4196 1171 4246 οἱ
1204 4194 1498 4260 ἁγιώτατοι
1545 4198 1817 4265 πατριάρ-

255 4301 345 4353 χαι
380 4286 475 4337 καὶ
501 4285 551 4336 οι
583 4285 948 4352 οἰκουμενικοὶ
991 4285 1230 4353 ΙΙατέρες
1289 4288 1438 4355 παρὰ
1490 4288 1597 4339 τῶν
1646 4290 1817 4355 ἁγίων

255 4376 509 4436 συνόδων.
538 4377 631 4429 καὶ
663 4374 926 4445 ἐνέϐησαν
958 4378 1095 4446 αὐτῇ
1131 4381 1194 4446 τῇ
1231 4378 1493 4449 ἐκκλησίᾳ
1516 4380 1608 4431 τοῦ
1642 4383 1817 4432 ποιεῖν

252 4471 425 4530 οὕτως
450 4469 523 4531 ὡς
552 4469 779 4539 ἔφημεν.
814 4466 913 4538 Μ.)

324 4559 718 4613 Porrosicutin
740 4559 914 4627 primo
932 4558 1183 4627 quinario
1225 4558 1465 4613 Codinns
1496 4562 1639 4628 poni:
1690 4576 1806 4623 sex,

256 4654 328 4707 ita
360 4654 411 4706 in
428 4654 526 4706 boe
544 4652 733 4705 ultimo
750 4651 977 4705 collocat
994 4651 1258 4703 duntaxat
1276 4663 1526 4717 quatuor.
1546 4652 1729 4706 Ταῦτα
1748 4655 1817 4704 τὰ

254 4745 487 4810 (aestus:
509 4743 576 4795 τὰ
604 4742 1047 4810 ὶκκληοιαστικὰ,
1073 4742 1244 4809 inquit
1270 4741 1531 4805 Codinns,
1562 4745 1671 4795 lia'c
1696 4753 1818 4796 sunt

255 4839 438 4907 ofﬁcia
466 4836 837 4889 ecclesiastica.
871 4834 999 4900 Quae
1016 4836 1175 4888 etiam
1215 4834 1264 4886 in
1298 4837 1461 4901 epist.
1504 4834 1815 4887 ϐτωουτυιιι

256 4934 322 4985 sd
354 4929 674 4999 Gregorium
706 4926 753 4981 Χ
786 4942 975 4996 papam
1012 4942 1075 4979 ex
1118 4937 1270 4995 parte
1294 4936 1815 4979 commemorantur.

256 5023 475 5093 Magnus
496 5020 1176 5087 ccanomus,protrcdicus,
1212 5017 1491 5084 logot/te'a,
1520 5017 1810 5079 castrisz'us,

259 5111 681 5181 referendarius;
716 5111 803 5178 qui
850 5126 1005 5176 super
1032 5108 1264 5176 judicia,
1295 5108 1383 5176 qui
1419 5122 1571 5173 super
1600 5119 1813 5170 secreta,

256 5208 345 5275 qui
369 5219 526 5272 super
556 5219 762 5257 sacrum
793 5212 840 5255 et
864 5204 1001 5253 «tona
1022 5201 1329 5263 apostolica,
1372 5200 1459 5267 qui
1491 5199 1815 5265 primicerius

257 5295 697 5359 potriarchalium
731 5295 1054 5345 notariorum
1082 5308 1096 5353 ;
1130 5293 1217 5359 qui
1273 5293 1514 5359 princeps
1570 5290 1819 5342 ecclesia.

260 5405 400 5448 rum,
448 5386 538 5453 qui
557 5399 711 5450 super
773 5384 1074 5448 petitiones,
1110 5383 1196 5450 qui
1239 5382 1677 5433 rememoratorii.
1729 5385 1819 5447 qui

258 5478 489 5537 ostiarii,
544 5476 632 5545 qui
690 5474 1070 5543 patriarchales
1115 5474 1331 5532 notarii,
1383 5473 1472 5540 qui
1518 5483 1818 5541 protopnpu:

258 5586 373 5620 cum
410 5576 520 5620 toto
561 5565 881 5633 presbyterio
935 5565 1405 5617 archidiaconutus
1448 5563 1815 5621 ecclesiastici,

259 5673 303 5710 et
331 5658 421 5727 qui
451 5656 717 5709 domestici
737 5671 852 5707 cum
885 5656 1121 5706 omnibus
1143 5654 1429 5721 psalmistis
1456 5662 1502 5705 et
1522 5652 1816 5704 lectoribus.

264 5747 561 5815 Gregorius
623 5761 757 5814 papa
816 5745 868 5798 iu
906 5746 1061 5813 cpiSI.
1119 5745 1183 5798 ad
1236 5742 1452 5797 Ct'arcos
1485 5744 1817 5795 surcllurium

262 5840 430 5892 addit.
464 5836 666 5893 Gnc'rs.

1916 3292 2130 3346 tempus
2184 3277 2474 3331 infundi-re
2530 3291 2727 3346 aquam
2788 3278 3203 3344 calidissimam,
3260 3293 3478 3348 quama

1917 3370 2133 3425 fervore
2187 3380 2382 3424 vocant
2437 3370 2609 3435 ζέσιν,
2652 3383 2703 3423 et
2729 3371 2907 3439 ipsum
2958 3372 3241 3425 vasculum
3276 3372 3327 3426 in
3369 3389 3480 3441 quo

1916 3461 2155 3515 adfertur
2194 3462 2336 3526 ζέον,
2393 3472 2452 3515 ιιι
2505 3461 2970 3529 quemadmodum
3004 3477 3069 3516 es
3111 3463 3276 3518 latere
3313 3462 3480 3517 Chri-

1915 3554 1981 3609 Sli
2024 3558 2073 3606 in
2118 3570 2280 3607 cruce
2332 3553 2618 3622 pendentis
2671 3564 2904 3623 utraque
2930 3555 3181 3624 (Sanguis
3214 3564 3269 3609 et
3299 3557 3481 3625 aqua)

1916 3647 2249 3713 θερμότητος
2283 3646 2694 3713 πεπληρωμένα
2718 3646 3119 3712 profluxerunt,
3152 3648 3224 3699 ita
3261 3658 3479 3714 tempo-

1917 3753 1972 3792 re
2012 3738 2419 3791 communionis
2474 3736 2943 3792 communicantes
2998 3748 3051 3791 et
3081 3740 3402 3805 sanguinem
3426 3749 3481 3792 et

1915 3846 2137 3899 aquam,
2184 3838 2237 3883 ct
2287 3830 2503 3897 quidem
2565 3832 2793 3898 utraque
2845 3828 3094 3888 calentia.
3155 3829 3477 3899 percipiant,

1916 3922 1991 3985 ὼς
2022 3923 2159 3992 αὗτῇ
2190 3924 2252 3991 τῇ
2289 3923 2627 3992 ξωοπαρόχῳ
2678 3921 2892 3991 πλευρᾷ
2923 3922 3229 3991 ψαυόντων.
3270 3921 3341 3977 De
3370 3938 3483 3992 qua

1917 4014 2334 4073 consuetudine,
2379 4028 2542 4080 quam
2579 4012 2780 4065 rationi
2811 4022 3182 4067 consentanea
3218 4015 3305 4075 sit,
3347 4014 3488 4067 nihil

1917 4117 2054 4168 Opus
2090 4102 2337 4169 pluribus
2369 4104 2453 4155 hic
2486 4102 2810 4171 disquirere.
2844 4102 2978 4155 lluic
3011 4117 3138 4171 ergo
3170 4118 3324 4170 aqua:
3383 4118 3479 4156 ca:-

1918 4188 2233 4243 lefacit-ndae
2285 4192 2550 4243 vncabant
2600 4192 2868 4255 cantisati,
2929 4201 2987 4245 ut
3039 4200 3094 4245 et
3152 4192 3481 4248 carbonibus

1920 4295 2015 4348 pro
2039 4281 2216 4335 suilitn
2244 4279 2547 4336 ferendiset
2584 4281 2860 4347 fovendis;
2886 4284 2967 4337 sic
2997 4283 3126 4337 dicti
3165 4300 3193 4336 a
3220 4286 3480 4338 camisiis.

1916 4372 2115 4426 Junius
2145 4372 2300 4424 vertit
2334 4372 2546 4426 induia
2577 4371 2669 4426 fol.
2706 4373 2793 4427 86.
2816 4373 2921 4427 Nec
2951 4384 3035 4428 est
3065 4375 3210 4441 quod
3236 4376 3357 4442 quis
3378 4374 3481 4428 du-

1921 4462 2054 4516 bitet
2077 4463 2297 4515 ramisiu
2328 4463 2477 4517 Italis
2503 4479 2625 4517 esse
2652 4464 2884 4517 imlusia.
2923 4461 3027 4517 Sed
3063 4466 3109 4519 si
3142 4465 3479 4520 ecclesiasti-

1918 4567 1979 4605 ca
2036 4554 2298 4607 vocabula
2349 4554 2723 4609 ecclesiastico
2766 4570 2916 4609 more
2967 4556 3271 4622 intelligere
3303 4564 3357 4611 et
3399 4557 3485 4609 in-

1919 4644 2204 4710 terpretari
2238 4644 2486 4707 velimus,
2527 4648 2839 4699 necrssario
2886 4648 3173 4700 dicendum
3206 4655 3309 4709 est,
3337 4650 3480 4715 apud

1917 4732 2187 4786 Codinutn
2226 4750 2319 4799 per
2377 4737 2599 4787 camisia
2634 4736 2859 4805 intelligi
2887 4737 2937 4789 id
2973 4737 3118 4806 quod
3156 4736 3479 4791 Germanice

1916 4838 2176 4877 vni-amns
2213 4825 2309 4877 den
2340 4826 2603 4881 Cltorroclc
2626 4842 2723 4881 seu
2751 4827 3047 4882 Chor/remi
3074 4847 3087 4882 :
3121 4844 3244 4882 nam
3279 4828 3347 4882 de
3399 4830 3478 4881 le-

1916 4916 2158 4968 ctoribus
2185 4931 2347 4985 agens
2375 4917 2618 4972 Codinns
2660 4919 2735 4972 ait
2777 4936 2873 4975 eos
2919 4920 3136 4974 starein
3179 4921 3357 4973 medio
3382 4922 3488 4974 tris

1916 5009 2081 5061 clinio
2110 5024 2231 5061 cum
2270 5010 2510 5064 vestibus
2546 5018 2599 5064 et
2627 5010 2991 5080 cpit'riptariis
3033 5012 3170 5075 suis,
3215 5012 3481 5067 habentes

1917 5098 2135 5149 camisia
2162 5097 2341 5149 ἐπάνω
2364 5097 2470 5148 τῶν
2498 5098 2747 5165 ἱματίων.
2779 5098 2869 5153 Sic
2896 5114 2946 5153 c.
2975 5098 3008 5150 Ἰ
3042 5098 3110 5152 de
3137 5115 3325 5155 mensa
3373 5101 3478 5154 im-

1920 5188 2186 5255 peratoris
2208 5189 2487 5242 Codinns:
2521 5191 2900 5258 ingrediuntur
2914 5192 3102 5258 psaltis
3122 5203 3219 5246 nu
3235 5204 3477 5247 cantores

1919 5294 2033 5330 cum
2090 5280 2199 5330 suis
2234 5281 2589 5346 epirriptariis
2619 5290 2667 5334 et
2718 5283 2977 5345 camisiis,
3006 5284 3109 5337 hoc
3142 5292 3229 5338 est
3256 5287 3363 5337 mit
3378 5286 3479 5338 den

1918 5370 2307 5432 (.‘horhemden;
2338 5388 2458 5439 qua:
2494 5372 2679 5425 nullus
2732 5374 3237 5428 ecclesiasticarum
3293 5392 3473 5429 rerum

1923 5462 2125 5529 ιιρειὶιυς
2155 5474 2309 5515 vorat
2342 5464 2575 5517 iiutnsia.
2631 5459 2809 5533 vulgo
2867 5474 3031 5519 vestes
3075 5468 3478 5533 supcrpellicea

1921 5558 2196 5607 (Lilillﬂllll'.
2219 5558 2298 5608 Ab
2318 5558 2400 5608 bis
2418 5571 2546 5625 ergo
2562 5559 2795 5609 camisiis
2816 5558 3058 5610 camisati
3078 5573 3272 5611 nomen
3294 5562 3474 5613 venit:

1923 5663 2058 5713 quos
2092 5646 2272 5699 forsan
2322 5663 2426 5699 non
2456 5649 2636 5716 inepte
2669 5650 2947 5701 vocaveris
2996 5650 3266 5704 linteatus.

1996 5736 2193 5789 Przcter
2263 5738 2359 5791 bos
2417 5749 2544 5792 sunt
2610 5740 2747 5807 apud
2798 5740 3029 5792 (litt-iuni
3090 5738 3483 5807 patriam/talos-

1928 5829 2194 5881 u'wttcstiri
2220 5846 2232 5883 ;
2261 5829 2353 5881 καὶ
2391 5830 2546 5883 τοῦτο
2600 5830 2654 5882 δὲ
2687 5830 2745 5881 τὸ
2786 5829 3038 5899 ὀφφξκιον
3090 5830 3195 5884 τῶν
3231 5830 3476 5897 ἀναγνω-
