4252 6444
772 360 872 426 179

765 574 860 627 τοῦ
915 579 1258 649 πατριάρχου
1327 584 1512 654 λέγειν
1575 593 1653 656 εἰς
1713 597 1883 650 πολλὰ
1924 599 2016 668 ἔτη
2075 603 2329 658 δέσποτα.

763 664 878 729 Qua
953 670 1346 730 acclamatione
1407 681 1805 752 mirumquam
1845 688 2015 746 Graeci
2082 693 2331 749 delectati

764 759 987 817 iuerint.
1030 761 1166 820 [line
1192 768 1326 823 nihil
1360 774 1608 829 crebrius
1636 779 1774 843 apud
1833 782 1957 839 illos
2012 801 2176 854 quain
2242 789 2330 841 illa

760 852 1226 924 πολυχρονιάζειν,
1257 862 1684 935 πολυχρόνισμα,
1709 873 2082 942 πολυχρόνιον.

829 946 984 1010 Quod
1039 952 1227 1004 attinet
1285 954 1352 1006 ad
1432 954 1652 1014 Gra'cos
1721 969 2077 1034 recentiores,
2134 983 2329 1040 pra-ter

757 1038 923 1092 nmlta
962 1043 1459 1101 ecelesiasticorum
1496 1053 1796 1110 oﬂiciorum
1859 1071 2040 1116 vetera
2076 1067 2325 1129 nomina,

758 1126 958 1182 habent
991 1144 1088 1184 sua
1121 1143 1176 1186 et
1238 1141 1481 1207 propria.
1533 1160 1654 1209 qua:
1685 1165 1782 1203 nec
1815 1153 1864 1205 in
1914 1153 2086 1209 Citrio
2145 1173 2242 1212 nec
2273 1159 2325 1213 in

755 1216 965 1272 Codino
987 1237 1246 1292 apparent
1267 1247 1282 1294 ;
1317 1247 1434 1298 qua:
1457 1237 1971 1300 ex'aneo-Graecia
1991 1248 2170 1319 colligi
2201 1266 2328 1321 pos-

757 1321 903 1375 sunt,
939 1324 998 1368 ut
1038 1327 1121 1371 est
1149 1321 1175 1370 ὀ
1215 1324 1521 1393 νομοφύλαξ
1573 1329 1671 1398 τῆς
1719 1336 1963 1405 μεγάλης
2006 1341 2322 1410 ἐκκλησίας,

753 1406 1204 1476 πρωτοσύγγε).ος
1236 1417 1333 1483 τῆς
1371 1417 1615 1489 μεγάλης
1655 1425 1973 1492 ἐκκλησίας,
2027 1406 2324 1500 ἐφημέριος

750 1497 847 1564 τῆς
883 1500 1130 1570 μεγάλης
1147 1505 1464 1576 ἐκκλησίας,
1491 1511 1855 1581 lampadarius
1879 1537 2083 1591 magna:
2096 1497 2326 1579 ecclesia:

752 1584 900 1653 (nam
925 1589 952 1640 ὁ
982 1588 1166 1659 ἄρχων
1195 1593 1304 1647 τῶν
1332 1595 1529 1662 φώτων
1558 1602 1774 1658 vidtur
1800 1584 2143 1665 fuisse'alius
2181 1617 2321 1682 apud

748 1674 1066 1748 Codiuum),
1132 1698 1352 1750 magnus
1415 1688 1682 1757 legat/icta
1743 1713 1946 1766 magna
1998 1702 2247 1767 ecrlesiw,
2297 1707 2324 1759 ὀ

750 1767 924 1835 μέγας
971 1772 1176 1842 ῥήτωρ.
1205 1775 1452 1833 Meminit
1495 1783 1715 1850 quidem
1778 1779 2020 1848 Codinus
2057 1794 2319 1857 rhetoris.

746 1859 838 1910 sed
870 1858 1075 1929 absque
1102 1864 1196 1918 τοῦ
1225 1868 1461 1936 μεγάλου
1496 1874 1792 1930 additione.

1375 1982 1599 2039 CAPUT
1627 1985 1738 2044 XV.

749 2061 821 2114 De
847 2063 1033 2133 ofﬁciis
1066 2070 1431 2150 ecclesiasticis
1487 2079 1624 2150 aula:
1650 2078 1959 2147 Cpolitana',
1986 2086 2312 2150 potissimum

1275 2146 1335 2196 dc
1390 2147 1777 2201 archidiacouo.

815 2224 889 2279 Ex
946 2227 1161 2286 clericis
1211 2235 1347 2286 aula:
1393 2237 1709 2291 nominatim
1759 2242 2015 2306 exprimit
2063 2260 2182 2316 cap.
2220 2251 2307 2311 i7,

743 2317 983 2373 Codinus
1019 2340 1030 2374 :
1074 2322 1120 2388 1)
1156 2327 1541 2393 prolopsaltett.
1575 2345 1734 2397 quem
1758 2333 1919 2386 simul
1947 2336 2024 2389 ait
2055 2351 2176 2392 esse
2210 2341 2311 2392 itit-

744 2414 1002 2478 peratorii
1036 2416 1166 2469 eleri
1200 2423 1519 2476 exarchum.
1547 2423 1600 2493 ἓ)
1641 2426 2005 2494 domesticum,
2037 2447 2197 2498 quem
2236 2435 2312 2486 ait

742 2518 862 2556 esse
919 2508 1214 2561 exarehum
1275 2512 1403 2565 eleri
1457 2515 1737 2583 Auguste,
1791 2525 2154 2591 eamdemque
2210 2527 2312 2578 ali-

740 2586 959 2661 quando
999 2597 1158 2652 simul
1183 2616 1301 2654 esse
1323 2604 1679 2660 domesticum
1708 2612 1986 2675 ecclesiae;
2011 2616 2306 2682 aliquando

742 2698 870 2739 vero
891 2691 1175 2742 ecclesiam
1209 2692 1367 2764 164
1389 2699 1666 2762 proprium
1691 2701 2058 2757 domesticum
2082 2706 2303 2762 habere.

741 2774 871 2832 Erat
901 2782 1437 2840 autemdotnesticus
1464 2803 1606 2843 unus
1633 2806 1695 2843 ex
1734 2795 1925 2860 psaltis
1963 2814 2057 2851 seu
2115 2810 2301 2854 canto-

741 2867 914 2930 ribus,
942 2877 995 2922 et
1026 2884 1054 2921 a
1107 2877 1444 2941 protopsalta
1495 2881 1794 2944 proximus.
1850 2886 1951 2938 Sub
1998 2902 2056 2940 se
2095 2890 2301 2946 habens

739 2959 878 3014 alios
904 2961 1108 3029 psaltas
1127 2981 1220 3017 seu
1247 2977 1518 3035 cantores,
1555 2989 1683 3041 quos
1715 2979 1873 3028 veteri
1904 2985 2300 3050 conuiuii/line,

741 3049 915 3117 inquit
947 3049 1140 3106 Codiu.
1174 3069 1221 3107 c.
1257 3055 1339 3119 l7,
1380 3061 1649 3114 nominant
1677 3077 1904 3132 cractas,
1946 3071 2046 3124 hoc
2103 3083 2210 3137 est,
2245 3086 2301 3128 ιιι

740 3139 998 3194 Germani
1026 3141 1205 3199 dicere
1228 3147 1424 3211 solent,
1468 3155 1774 3225 schrailiug,
1806 3158 1858 3226 5)
1921 3159 2297 3233 ρι-οιοραρηω.
2328 3201 2366 3257 (Ἰ
2405 3183 2794 3244 "pqsmlmum.

740 3230 828 3257 ιιι-ιζ
855 3242 900 3257 ..ι
934 3233 1044 3257 1..--
1082 3235 1146 3257 ,ιε
1175 3253 1254 3257 -.-7-
1325 3240 1364 3257 I,
1617 3256 1621 3257 ,
1660 3249 1669 3257 .
1698 3249 1707 3257 .
1967 3254 1976 3257 _
2358 3241 2370 3256 ι

738 3230 828 3296 qui
854 3242 903 3285 et
934 3233 1045 3301 ipse
1080 3235 1374 3306 aliquando
1403 3258 1542 3297 unus
1577 3256 1629 3298 et
1659 3249 1798 3301 idem
1824 3254 2015 3305 eratin
2070 3257 2300 3310 ecclesia

737 3330 794 3374 et
861 3325 1009 3390 aula,
1073 3327 1369 3396 aliquando
1439 3334 1708 3402 diversus,
1755 3350 1812 3394 ut
1863 3343 1994 3398 dicit
2063 3347 2304 3403 Codinus

737 3412 870 3467 ibid.
901 3415 955 3484 4)
985 3417 1270 3489 μαῖστωρα
1295 3425 1628 3492 magistrum,
1661 3430 1752 3497 qui
1783 3441 1834 3484 et
1865 3434 1978 3501 ipse
2023 3447 2298 3501 cantor,c.

737 3501 788 3557 6.
827 3503 882 3571 5)
931 3506 1324 3565 Canouarchas.
1363 3514 1416 3581 6)
1469 3515 1918 3589 Lampadarium,
1970 3505 2126 3596 cujus
2185 3541 2301 3583 erat

735 3595 1049 3664 imperatori
1075 3601 1377 3672 lampadem
1412 3607 1688 3674 praeferre.
1718 3613 1771 3679 7)
1807 3617 2259 3675 Arehidiaeonnm
2291 3641 2304 3675 :

738 3687 884 3744 hunc
914 3693 1057 3746 enim
1094 3711 1199 3749 non
1231 3699 1458 3753 habebat
1493 3705 1745 3768 ecclesia,
1774 3707 1864 3760 sed
1895 3711 2037 3774 aula,
2071 3720 2128 3764 ut
2176 3714 2306 3766 dicit

733 3777 974 3836 Codinus
1029 3783 1159 3839 ibid.
1201 3785 1272 3839 De
1317 3791 1506 3842 eodem
1543 3795 1710 3847 multa
1746 3809 1864 3864 cap.
1901 3796 1951 3861 8,
1982 3800 2034 3861 9,
2085 3815 2136 3853 et
2175 3803 2300 3855 alibi

734 3871 936 3936 passim
970 3888 986 3938 ;
1019 3884 1074 3926 ut
1112 3886 1164 3928 et
1187 3877 1250 3930 de
1277 3889 1594 3949 protOpapa,
1625 3885 1959 3953 Iampadario
2011 3900 2064 3942 et
2092 3895 2302 3946 caeteris

731 3963 1052 4018 ministeriis
1080 3969 1464 4028 ecclesiaSticis
1508 3975 1559 4027 in
1585 3977 1730 4031 aula.

801 4059 958 4129 Apud
995 4062 1222 4118 Citrium
1248 4082 1628 4137 prepouuntur
1663 4077 1844 4130 multze
1877 4082 2204 4146 quaisﬁoues
2239 4086 2301 4137 de

731 4151 1119 4207 arcltidiacono
1156 4174 1167 4208 :
1207 4156 1280 4209 Τὸ
1329 4161 1766 4228 ἀρ-χιδιακονικὶν
1822 4167 2075 4234 ὁφφξκιοει
2139 4175 2294 4237 ποίαις

728 4245 1066 4309 ὲστὶτάξεως
1089 4249 1179 4300 καὶ
1207 4253 1360 4304 ποίου
1389 4254 1621 4322 βαθμοῦ,
1653 4259 1745 4311 καὶ
1767 4261 1815 4313 εἰ
1845 4264 2168 4330 πριῖσταται
2195 4284 2215 4316 τ
2237 4270 2296 4318 ῖ.ν

730 4336 868 4387 ὅλων
889 4337 1152 4392 διακόνων
1190 4341 1264 4403 ὡς
1302 4345 1701 4412 ἁρχιδιάκονος.
1735 4349 2048 4420 Respondet
2092 4355 2296 4408 Citrius

727 4427 1205 4483 archidiaconicum
1243 4434 1477 4501 ofﬁcium
1518 4454 1618 4491 nou
1654 4457 1762 4494 esse
1797 4444 2140 4512 ἀρχοντικον,
2178 4447 2294 4498 οὐδὲ

725 4517 785 4568 ἐκ
813 4519 1120 4587 φιλοτιμίας
1153 4523 1562 4596 ἀρχιερατικῆς,
1616 4531 1804 4601 ὥσπερ
1851 4535 1916 4585 τὰ
1948 4537 2286 4604 ἀρχοντὶκια.
2329 4525 2365 4575 Π

726 4606 1040 4667 Bonclidius
1101 4619 1309 4670 vertit:
1367 4618 1484 4672 Non
1538 4634 1610 4673 est
1652 4626 1978 4692 magistralc,
2018 4645 2176 4695 neque
2233 4647 2293 4682 rx

726 4685 1046 4753 liberalitate
1072 4704 1388 4770 pontificali,
1415 4715 1470 4757 ut
1501 4685 1907 4777 magisterialia.
1937 4711 2292 4770 Corrcctorcs

727 4803 1128 4844 correxerunt:
1171 4795 1668 4851 Archidiaconicum
1696 4801 1931 4868 ofﬁciunt
1969 4821 2064 4856 non
2100 4819 2174 4858 est
2229 4823 2292 4859 ex

723 4876 1027 4944 ofﬁcialium
1075 4882 1445 4948 dignitatibus,
1472 4903 1562 4940 uec
1589 4876 1842 4942 tribuitur
1872 4908 1935 4944 ra:
1980 4893 2291 4949 liberalitate

721 4971 1114 5036 pontiﬁcali,ut
1160 4976 1470 5042 officia/ium
1517 4983 1824 5051 dignitates.
1875 4985 2049 5038 Prima
2113 4990 2290 5043 versio

722 5061 854 5114 satis
898 5072 984 5118 est
1037 5068 1408 5135 magisterialis
1463 5087 1557 5126 seu
1637 5078 1988 5143 magistralis,
2046 5081 2286 5132 secunda

725 5155 891 5218 paulo
925 5159 1151 5223 pronius
1206 5176 1432 5229 scopum
1475 5166 1668 5233 tangit.
1721 5168 2070 5221 Arebonticia
2100 5169 2280 5225 oltiria

723 5254 777 5297 et
806 5247 1098 5318 ἀξιώματα
1129 5257 1270 5320 apud
1305 5253 1534 5308 Citriqu
1563 5267 1693 5310 sunt
1732 5259 1818 5311 illa
1853 5263 2110 5330 quamuis
2143 5264 2287 5315 obti-

725 5349 814 5391 net
840 5341 926 5392 διὰ
957 5343 1065 5394 τῶν
1099 5347 1477 5414 ἀρχοντικίων,
1515 5350 1617 5405 hoc
1661 5361 1741 5405 est
1808 5370 1898 5419 per
1961 5355 2169 5408 litteras
2235 5364 2282 5407 et

718 5429 990 5484 codicillos
1015 5433 1120 5486 τῶν
1147 5436 1440 5504 ἀρχόντων,
1497 5442 1813 5508 principum,
1864 5444 1975 5497 sive
2015 5445 2050 5497 ii
2103 5455 2286 5500 essent

721 5522 1079 5588 imperatores
1108 5526 1222 5580 sive
1254 5532 1596 5595 patriarchae.
1639 5531 1954 5601 Respondet
2007 5551 2135 5604 ergo
2193 5537 2282 5589 (Li-

720 5612 859 5666 trius
886 5616 1250 5672 archidiaconi
1286 5620 1526 5675 oilleiutn
1559 5639 1663 5677 non
1699 5640 1820 5679 esse
1841 5626 2110 5694 ejusmodi
2137 5631 2281 5697 quod

720 5716 820 5770 per
849 5705 1170 5761 archonticia
1201 5710 1532 5777 conferatur,
1569 5731 1664 5770 seu
1701 5719 1768 5770 ab
1799 5719 2126 5786 imperatore
2185 5736 2278 5774 seu

723 5811 751 5851 ιι
773 5796 1102 5864 patriarcha,
1142 5808 1235 5857 sed
1271 5821 1391 5862 esse
1415 5806 1560 5873 longi
1593 5810 1851 5874 tcuzpm'is
1877 5821 1932 5863 et
1975 5826 2150 5879 operae
2184 5814 2275 5866 diu

1858 383 1937 442 IN
1968 387 2264 451 LIBRUM
2316 395 2407 456 DE
2445 398 2769 462 OFFICIIS
2801 405 2907 465 Cl’.

769 481 913 534 στῶν
949 483 1088 538 ἐστι.
1130 487 1361 543 Functio
1394 492 1557 562 huius
1605 511 1686 553 est
1719 505 1780 554 τὸ
1811 505 1865 555 ἐν
1896 509 2012 568 ταῖς
2053 510 2336 573 προσόδοις
2369 517 2413 571 Α
2444 531 2448 582 ι

1719 505 1780 554 τὸ
1811 505 1865 555 ἐν
1896 509 2012 568 ταῖς
2053 510 2336 573 προσόδοις
2369 517 2413 571 Α
2444 519 2693 583 praestita:
2718 526 2873 588 quasi
2909 537 3395 592 remunerationem

3904 427 4004 495 ιδει

3437 560 3448 594 :
3504 547 3590 595 Διὸ
3626 548 3712 598 καὶ
3761 549 3833 610 ὡς
3877 551 4004 618 χρέ-

2439 623 2528 658 von
2567 610 2658 662 καὶ
2694 612 2823 666 ἰδίου
2858 619 3021 672 τόπου
3047 623 3276 695 δώρημα
3308 633 3334 682 ὁ
3364 632 3735 701 ἀρχιδιάκονος
3767 641 3875 707 ἔχει
3908 645 4001 693 καὶ

2436 700 2532 769 τὴν
2561 705 2834 776 ὑπεροχὴν
2862 711 2948 762 ἐπὶ
2979 715 3195 768 πάντων
3222 719 3328 771 τῶν
3357 723 3637 789 διακόνων,
3665 729 3772 781 εἴτε
3808 733 4002 800 ἀρχον-

2433 795 2626 858 τικέοις
2658 800 2964 856 ὁποιοισοῦν
3000 810 3323 880 τετίμηνται
3352 814 3461 866 εἴτε
3496 819 3587 870 καὶ
3623 820 3714 889 μὴ,
3750 820 3803 872 ἓν
3832 840 3886 876 τε
3921 825 4000 892 τῷ

2438 889 2563 954 ναίῖ),
2601 892 2657 943 έν
2691 893 2768 963 τῷ
2797 896 2936 968 ἁγίῳ
2969 900 3194 970 βήματι,
3228 907 3318 959 καὶ
3345 909 3403 960 ὲν
3434 912 3499 979 τῇ
3544 914 3838 985 μεταλήψει
3889 918 3998 968 τῶν

2436 978 2596 1033 Θεέων
2631 992 2968 1058 μυστηρῐων.

2505 1074 2799 1136 Qumsilnm
2836 1097 3055 1151 quoque
3096 1087 3275 1146 fuerat
3308 1109 3436 1147 num
3485 1097 3786 1165 patriarcha
3815 1113 3997 1168 posset

2431 1174 2525 1228 per
2547 1165 2656 1217 sola
2681 1172 2922 1235 pittacia,
2952 1183 3002 1226 et
3027 1175 3219 1244 brevia,
3240 1192 3292 1234 et
3317 1186 3569 1240 mandato
3594 1203 3712 1250 suo,
3740 1191 3995 1258 praeferre

2429 1253 2642 1321 aliquos
2677 1260 2824 1312 nullo
2849 1261 3030 1318 ofticio
3067 1269 3356 1339 insignitos
3389 1275 3494 1329 illis
3517 1280 3606 1343 qui
3633 1282 3836 1347 priores
3873 1284 3993 1337 fne-

2430 1356 2572 1411 rant,
2608 1350 2755 1402 nullo
2821 1363 2998 1411 tamen
3057 1361 3155 1428 ipsi
3203 1365 3364 1417 etiam
3392 1367 3570 1423 officio
3596 1371 3855 1430 decorati.
3889 1377 3989 1431 Re-

2429 1442 2652 1504 spondet
2700 1441 2904 1501 Citrius
2958 1451 3057 1506 hoc
3096 1455 3252 1522 plane
3299 1475 3420 1514 esse
3477 1463 3895 1530 intolerandum,
3934 1481 3990 1524 ut

2431 1531 2788 1596 prmlerantur
2822 1538 2990 1607 aliqui
3024 1545 3298 1611 prioribus
3345 1566 3439 1618 per
3474 1556 3716 1621 pittacia,
3749 1559 3983 1621 etiamsi,

2427 1622 2519 1687 qui
2563 1624 2947 1694 praeferantur,
2987 1633 3224 1690 habeant
3250 1641 3430 1696 ollicia
3455 1660 3469 1708 ;
3497 1646 3587 1698 sed
3615 1650 3906 1715 quemlibet
3934 1653 3983 1703 iu

2431 1713 2550 1767 loco
2608 1727 2659 1770 et
2697 1723 2934 1777 statione
2988 1743 3107 1789 sua,
3151 1746 3312 1798 quam
3375 1745 3616 1803 tempore
3671 1743 3981 1806 acquisivit,

2435 1805 2846 1876 relinquendum
2891 1832 3047 1872 esse:
3086 1819 3148 1872 Ἢ
3192 1822 3298 1891 γὰρ
3343 1824 3492 1888 τάξις
3521 1833 3612 1880 καὶ
3664 1832 3845 1894 στάσις
3877 1835 3983 1885 τῶν

2427 1895 2687 1951 emam
2715 1902 2790 1968 τῷ
2828 1906 3004 1976 χρόνῳ
3046 1911 3368 1980 ρυθμὶζεται
3401 1920 3486 1969 καὶ
3532 1921 3856 1989 στηρίζεται,
3891 1927 3982 1975 ml.

2429 1985 2576 2036 ἐστιν
2610 1989 3022 2063 ἀμετακίνητος,
3053 1998 3222 2068 inquit
3254 2000 3456 2060 Citrins
3487 1985 3690 2072 ;quiﬂet
3735 2013 3879 2065 addit
3934 2015 3981 2066 ci

2426 2077 2515 2144 qui
2545 2081 2882 2138 archanticiis
2913 2101 3005 2141 seu
3037 2092 3274 2147 brevibus
3318 2097 3631 2162 huiusmodi
3685 2106 3980 2160 honoratus

2425 2177 2528 2229 est.
2556 2172 2690 2225 satis
2718 2189 2839 2228 esse
2873 2188 2930 2231 ut
2975 2184 3195 2248 quando
3254 2189 3558 2252 patriarcha
3614 2209 3703 2247 seu
3740 2197 3975 2262 pontifex

2424 2278 2534 2315 rem
2563 2265 2799 2318 divinam
2833 2267 2981 2333 facit,
3023 2274 3090 2324 sit
3119 2275 3232 2342 ipse
3257 2279 3463 2346 primus
3498 2284 3552 2333 ὲν
3576 2286 3638 2352 τῇ
3679 2287 3886 2352 εἰσόδῳ,
3926 2290 3978 2340 in

2419 2357 2658 2421 ingressu
2717 2359 2783 2412 ad
2845 2361 3034 2424 altare,
3102 2382 3196 2420 seu
3236 2370 3284 2422 in
3345 2372 3420 2425 itu
3449 2385 3502 2427 et
3553 2374 3978 2445 iuperceptiooe

2419 2448 2724 2503 divinorum
2761 2455 3160 2522 mysteriorum.
3198 2460 3251 2513 In
3286 2465 3496 2520 caeteris
3527 2469 3772 2533 quemvis
3816 2486 3972 2524 suum

2416 2538 2594 2592 locum
2631 2550 2816 2596 tenere
2845 2546 3040 2601 debere
3075 2565 3088 2612 ;
3123 2559 3175 2603 et
3206 2554 3453 2620 iniquum
3485 2571 3605 2611 esse
3638 2561 3744 2610 ιιιό
3765 2577 3978 2628 προεισ-

2416 2630 2664 2696 οδεύσαις,
2698 2636 2786 2699 qui
2819 2637 3016 2703 primas
3049 2643 3234 2704 tenuit,
3268 2659 3360 2696 svu
3396 2654 3451 2697 tit
3490 2647 3646 2714 vulgo
3684 2650 3974 2717 loquimur,

2414 2724 2499 2789 qui
2528 2724 2927 2783 iit-(credentium
2971 2729 3178 2795 habuit,
3226 2734 3291 2787 de
3322 2737 3438 2788 loco
3488 2753 3590 2791 suo
3650 2743 3971 2795 deturbatus

2420 2815 2523 2865 allt'
2562 2817 2571 2867 i
2604 2818 2794 2871 cedere
2823 2833 3068 2886 cogatur.
3099 2824 3169 2877 Ex
3207 2826 3405 2892 quibus
3433 2829 3585 2898 165
3607 2842 3745 2884 recte
3770 2834 3974 2887 intelle-

2414 2908 2518 2956 ctis
2545 2908 2809 2974 judicium
2851 2910 3032 2966 facere
3069 2915 3250 2968 licebit
3283 2917 3347 2971 de
3399 2920 3844 2988 interpretatione
3871 2924 3974 2978 Bo-

2417 2999 2593 3050 uetilii
2653 3013 2705 3052 et
2762 3016 3140 3060 correctorum
3199 3010 3337 3077 «jus.
3416 3010 3820 3069 Promotiunttm
3875 3033 3974 3086 per

2415 3091 2635 3152 pittacia
2675 3094 2926 3149 meminit
2957 3097 3121 3151 etiam
3162 3099 3447 3155 Balsatuou
3482 3103 3545 3154 ad
3592 3104 3656 3157 17
3708 3121 3970 3161 eauonem

2483 3270 2617 3334 Quia
2685 3290 2810 3324 vero
2857 3275 2906 3328 in
2958 3277 3042 3332 his
3100 3281 3296 3337 ofﬁciis
3348 3287 3737 3343 ecclesiasticis
3799 3291 3968 3343 multa

2411 3373 2560 3413 ocect
2582 3374 2706 3416 rnttt
2734 3380 3028 3433 cotupos:ta
3067 3388 3128 3423 ex
3162 3375 3442 3430 vocabulis
3476 3381 3615 3447 ἀρχή
3650 3389 3701 3433 ct
3758 3383 3962 3449 ἄρχων,

2412 3451 2611 3518 aliquid
2641 3469 2803 3521 super
2834 3457 2918 3511 bis
2952 3472 3141 3515 notare
3186 3465 3355 3526 lttbet,
3416 3477 3543 3521 ante
3599 3472 3778 3524 onittia
3835 3473 3964 3524 illud

2408 3542 2548 3609 quod
2586 3544 2874 3612 dupliciter
2922 3564 3043 3602 cum
3083 3554 3204 3606 aliis
3242 3556 3575 3621 coalescant,
3609 3561 3782 3627 primo
3835 3565 3962 3628 qni-

2407 3635 2525 3686 dem
2590 3636 2743 3688 initio
2796 3640 2963 3705 vocis,
3001 3645 3533 3711 ttldp,{:sni3xozo;,
3595 3652 3954 3722 ἀρχιποίμην,

2410 3726 2836 3791 archidiaconus,
2889 3734 3324 3803 archistratcgus,
3383 3739 3661 3802 archiduas,
3716 3744 3968 3796 architii-

2407 3815 2594 3876 cliuns,
2678 3819 2998 3886 archiutrus,
3103 3825 3440 3890 architectus,
3494 3832 3964 3901 archipresbyter;

2406 3908 2642 3959 secundo
2673 3908 2725 3961 in
2765 3910 2868 3963 line
2886 3914 3053 3979 vocis,
3090 3924 3146 3968 ιιι
3208 3919 3536 3983 patriarcha,
3588 3922 3963 3986 ccclesiarcha,

2405 3999 2758 4065 cunouarcha,
2794 4005 3100 4064 monarcha,
3136 4011 3408 4074 toparcha,
3433 4015 3714 4073 tetrarcha,
3748 4016 3964 4067 θώπευ’-

2404 4087 2519 4148 cha,
2563 4090 2876 4144 trierarcho.
2910 4094 3034 4148 Inde
3066 4097 3228 4150 etiam
3261 4111 3342 4154 est
3373 4101 3622 4171 ἔξαρχος,
3655 4104 3892 4174 ἔπαρχος
3915 4118 3964 4160 rt

2405 4181 2452 4231 id
2473 4197 2640 4247 genus
2661 4185 2790 4246 alia,
2817 4194 2921 4238 tam
2945 4186 2996 4238 ιιι
3027 4189 3249 4244 ecclesia
3272 4209 3430 4261 quam
3457 4203 3609 4250 extra
3631 4212 3886 4267 usurpata
3912 4209 3960 4251 ct

2403 4272 2620 4326 usitata.
3192 4279 3197 4284 ’

2476 4363 2718 4422 llam-elici
2758 4371 2925 4423 nostri
2966 4375 3250 4441 temporis,
3308 4387 3365 4430 ut
3437 4379 3559 4443 alia,
3621 4381 3690 4434 ita
3742 4393 3796 4434 ct
3847 4384 3962 4452 ipsa

2403 4454 2576 4518 prisca
2608 4458 2867 4512 vocabula
2891 4464 3250 4528 sustulerunt,
3305 4468 3644 4533 potiSsitnnm
3677 4472 3782 4536 illa,
3841 4491 3961 4542 qua:

2397 4560 2458 4595 ex
2521 4548 2659 4614 ἀρχή
2709 4560 2762 4601 et
2818 4550 2999 4620 ἄρχων
3060 4564 3358 4622 compacta.
3412 4557 3544 4612 lline
3594 4562 3960 4628 archiepiscopi

2399 4652 2591 4688 iumen
2624 4641 3005 4704 exterritinant,
3046 4657 3096 4695 ιιι
3135 4650 3544 4714 ριιιςιιι·ἱ;ιι·υἰι;ιι,
3581 4654 3954 4706 archidiaconi

2397 4738 2449 4778 et
2488 4729 2535 4780 id
2575 4746 2742 4797 genus
2780 4734 2907 4794 alia,
2937 4744 3191 4799 tanquam
3218 4743 3454 4805 superba,
3489 4745 3727 4810 [as-tuosa
3757 4755 3801 4796 et
3828 4748 3958 4798 siin-

2395 4820 2624 4885 plicitati
2661 4826 2962 4888 apostolica!
2992 4828 3354 4892 adversantia,
3389 4835 3572 4900 quippe
3624 4853 3740 4902 qua:
3800 4838 3957 4902 impe-

2396 4912 2529 4962 rium
2563 4922 2609 4964 et
2625 4925 2925 4979 potestatem
2944 4918 2995 4968 in
3027 4919 3262 4973 subditos
3289 4923 3554 4989 denatcut,
3608 4942 3706 4978 non
3724 4929 3954 4996 primum

2393 5001 2442 5051 in
2487 5003 2666 5066 aliqua
2736 5003 2999 5068 [unctione
3051 5023 3138 5058 seu
3204 5009 3514 5075 ministerio,
3581 5028 3671 5066 seu
3727 5016 3950 5080 primum

2394 5092 2572 5143 ordine
2597 5095 2646 5144 in
2681 5093 2856 5161 aliquo
2880 5107 3034 5158 coetu,
3070 5101 3258 5165 absque
3291 5109 3460 5152 tamen
3497 5103 3713 5169 imperio
3771 5115 3820 5158 et
3856 5121 3951 5171 po-

2391 5189 2575 5232 testu/8
2608 5182 2662 5232 in
2729 5194 2964 5236 ca’leros.
3027 5185 3158 5237 lltnc
3209 5190 3305 5253 ipsi
3348 5191 3585 5256 gaudent
3633 5197 3950 5260 apostolicis

2392 5269 2495 5321 illis
2527 5283 2596 5336 et,
2631 5280 2688 5323 ut
2719 5271 3031 5340 loquuntur,
3058 5278 3937 5348 mo'eSIissimisappellationibus

2391 5359 2793 5429 πρεπὸυτέρων,
2842 5366 3134 5430 ποιμένων,
3192 5366 3524 5429 ἐπιπκόπων,
3590 5369 3943 5438 λειτουργῶν,

2388 5447 2663 5505 διακόνων.
2699 5450 2914 5502 δούλων.
2941 5451 3131 5504 Verum
3154 5457 3368 5507 ttOutina
3391 5457 3502 5511 iure
3529 5475 3649 5514 esse
3667 5460 3946 5516 retinenda

2392 5537 2481 5591 ubi
2515 5541 2779 5594 hactenus
2815 5543 3129 5609 viguerunt,
3161 5554 3213 5596 et
3237 5550 3556 5601 revocanda
3589 5552 3675 5603 ubi
3698 5551 3946 5604 exoleve-

2387 5641 2531 5693 runt,
2573 5631 2689 5686 fuse
2717 5634 3050 5688 demonstrat
3080 5637 3348 5690 Adrianus
3375 5638 3595 5695 Saravia
3619 5642 3940 5710 Calvinista,

2387 5724 2437 5776 iu
2472 5724 2607 5776 libro
2633 5740 2791 5790 quem
2829 5727 2894 5780 de
2952 5727 3184 5781 diversis
3259 5733 3515 5797 gradibus
3568 5737 3940 5790 ministrorum

2388 5813 2816 5883 etangrlicm'um
2855 5818 3144 5886 t."\ttlga\'it-,
3180 5835 3229 5870 c.
3268 5822 3351 5884 ‘2-‘5,
3397 5828 3471 5877 sic
3525 5837 3699 5881 tamen
3751 5836 3808 5880 ut
3855 5829 3940 5884 bis
